4060 6190
1385 746 2356 892 ΡΗίἘΕΑΤΙΟ.

244 1521 569 1581 Hebrzeum
628 1522 966 1592 Canonem,
1029 1538 1134 1580 seu
1192 1519 1429 1580 Veteris
1484 1519 1870 1580 Testamenti
1920 1519 2269 1580 versionem
2328 1538 2403 1580 ex
2464 1519 2726 1580 Hebraeo
2784 1518 3160 1581 adornatam
3200 1519 3313 1580 abs
3344 1523 3571 1583 Humo-

167 1638 336 1689 zmto,
375 1639 514 1698 quae
545 1619 833 1679 laborum
869 1618 1005 1698 ejus
1038 1637 1109 1678 ac
1140 1617 1494 1696 vigiliarum
1527 1618 1712 1695 longe
1744 1617 2133 1677 nobilissima
2165 1637 2311 1697 pars
2343 1624 2458 1692 est,
2493 1636 2694 1696 eaque
2725 1617 2966 1678 caeteris
2999 1617 3214 1678 utilior
3242 1619 3562 1689 omnibus,

168 1728 329 1780 torno
361 1719 482 1778 isto
514 1736 775 1796 operum
806 1716 938 1795 ejus
970 1734 1136 1776 nono
1169 1716 1668 1794 complectimur.
1705 1717 1825 1775 Sed
1858 1721 2196 1794 antequam
2231 1717 2370 1777 dico
2403 1715 2551 1794 quid
2583 1717 2744 1776 istuc
2776 1716 2863 1776 rei
2893 1715 2991 1788 sit,
3026 1717 3256 1795 quidve
3279 1717 3567 1797 proposi-

167 1825 286 1875 tum
357 1815 539 1874 nobis
593 1815 657 1874 in
716 1815 835 1873 hac
891 1815 1257 1874 adornanda
1281 1814 1602 1892 provincia
1633 1815 1959 1874 fueritaut
1988 1815 2364 1892 praestitum,
2418 1814 2668 1874 lectoris
2698 1816 3208 1893 praeoccupanda
3237 1822 3381 1875 sunt
3409 1815 3564 1875 mihi

159 1914 412 1992 judicia,
451 1920 509 1972 et
540 1931 729 1990 quam
766 1911 946 1972 facile
980 1912 1182 1970 dicam
1210 1911 1587 1990 impingeret
1617 1912 1957 1990 diligentia:
1992 1918 2241 1983 nostrze,
2279 1912 2692 1989 praecavenda
2725 1911 2966 1984 sedulo,
3023 1917 3084 1971 et
3140 1911 3558 1991 deprecanda.

165 2015 383 2090 Neque
442 2011 606 2070 enim
664 2010 884 2069 dubito
941 2009 1073 2068 fore
1104 2009 1458 2087 plerosque,
1521 2015 1745 2070 caetera
1777 2028 1892 2069 nec
1925 2011 2122 2070 malos
2173 2009 2477 2087 homines,
2514 2028 2627 2069 nec
2661 2009 3012 2069 divinarum
3062 2028 3316 2088 prorsus
3347 2029 3555 2070 rerum

173 2111 442 2187 ignaros,
480 2109 588 2186 qui
624 2108 793 2167 hunc
821 2107 1098 2167 laborem
1135 2108 1338 2186 primo
1370 2108 1578 2166 statim
1611 2107 1836 2167 intuitu
1873 2107 2037 2181 libri,
2075 2113 2182 2167 aut
2214 2107 2421 2166 minus
2457 2107 2692 2181 utilem,
2739 2113 2848 2167 aut
2905 2112 3069 2167 certe
3125 2107 3561 2187 Hieronymia-

176 2227 392 2267 narum
429 2207 837 2284 scriptionum
874 2205 1239 2266 Collectioni
1273 2224 1394 2265 non
1427 2205 1887 2265 adcensendum
1915 2205 2220 2284 judicent,
2259 2224 2398 2264 cum
2433 2205 2857 2284 perfunctorie
2897 2205 3178 2264 animum
3236 2205 3570 2268 adverten-

174 2312 281 2377 tes,
319 2304 536 2363 eadem
569 2321 708 2382 quae
742 2303 801 2360 in
835 2303 1103 2379 Vulgata
1139 2302 1351 2360 Latina
1385 2303 1664 2362 versione
1695 2304 2095 2362 continentur
2126 2303 2225 2362 hic
2256 2303 2486 2379 legent,
2523 2303 2811 2380 hancque
2845 2302 2924 2362 ab
2955 2302 3062 2362 illa
3086 2301 3358 2362 editione
3414 2302 3574 2363 nihil

173 2401 632 2481 propemodum
667 2399 918 2460 differre
951 2399 1420 2460 existimabunt.
1456 2404 1652 2460 Porro
1684 2419 2248 2479 supervacaneum,
2283 2405 2392 2460 aut
2421 2401 2498 2460 ad
2550 2401 2955 2480 quaerendam
3014 2400 3382 2460 Collectioni
3437 2419 3571 2461 mo-

173 2498 291 2558 lem
325 2499 679 2558 institutum
715 2498 1050 2575 putabunt,
1087 2515 1223 2556 eam
1260 2497 1446 2556 modo
1480 2497 1986 2576 Hieronymianis
2034 2498 2282 2576 scriptis
2338 2505 2696 2571 annectere,
2755 2517 2896 2577 quae
2955 2498 3097 2558 licet
3156 2516 3232 2558 ex
3281 2499 3576 2559 omnibus

171 2599 408 2658 Latinis
439 2615 759 2657 sacrarum
791 2597 1258 2674 Scripturarum
1291 2597 1918 2676 interpretationibus
1950 2598 2214 2676 probata
2255 2617 2378 2657 una
2409 2598 2509 2671 sit,
2573 2603 2940 2658 caeterarum
2991 2597 3236 2676 optima
3295 2616 3367 2658 ac
3427 2598 3580 2659 ﬁde-

170 2697 430 2768 lissima,
459 2695 538 2755 sit
567 2695 758 2755 etiam
790 2712 978 2772 quam
1014 2694 1123 2772 qui
1155 2695 1425 2755 maxime
1458 2696 1766 2773 genuinus
1805 2696 2273 2774 Hieronymiani
2306 2697 2465 2756 fetus
2496 2696 2752 2774 ingenii,
2789 2715 2864 2756 ex
2896 2714 3023 2774 quo
3073 2695 3386 2774 interpres
3445 2714 3584 2756 om-

173 2795 344 2853 nium
381 2799 663 2866 ἱΒὶᾶὶυῐΠ,
700 2792 1027 2870 omnisque
1062 2793 1380 2852 memoriae
1415 2793 1598 2870 longe
1631 2793 2030 2853 doctissimus
2060 2794 2297 2854 audiit:
2335 2800 2464 2854 tum
2498 2795 2584 2853 ita
2616 2812 2871 2871 quoque
2907 2793 3281 2870 pervulgata
3324 2792 3434 2852 illa
3491 2797 3586 2852 est

176 2899 366 2969 atque
400 2890 611 2961 obvia,
648 2889 853 2959 toties,
890 2896 1107 2968 totque
1139 2889 1313 2960 locis,
1348 2897 1442 2949 tot
1470 2891 1708 2960 formis,
1746 2895 2002 2967 tamque
2033 2891 2220 2949 variis
2262 2890 2394 2968 jam
2428 2890 2572 2950 inde
2630 2891 2708 2949 ab
2765 2891 3024 2949 inventa
3079 2895 3212 2949 arte
3271 2895 3582 2968 typogra-

178 2989 389 3067 phica,
432 2987 628 3047 multo
662 2992 871 3046 autem
906 2986 1104 3064 magis
1131 2993 1272 3065 post
1301 2987 1682 3047 Tridentinze
1718 2987 1940 3066 synodi
1972 2987 2291 3046 decretum
2329 3005 2568 3060 recusa,
2602 2992 2849 3056 ornata,
2905 2992 3096 3064 atque
3155 2987 3464 3064 exposita,
3514 2991 3584 3046 ut

176 3105 319 3146 vere
351 3085 771 3144 bibliothecas
805 3084 970 3144 orbis
1001 3084 1376 3162 impleverit,
1415 3085 1618 3162 sitque
1647 3085 1721 3144 iis
1753 3085 1941 3145 etiam
1972 3084 2036 3143 in
2062 3090 2387 3163 promptu,
2419 3084 2526 3162 qui
2557 3084 2744 3143 aliam
2779 3083 2966 3162 plane
2997 3101 3185 3162 quam
3218 3083 3280 3142 in
3325 3101 3583 3144 versan-

177 3183 266 3241 dis
300 3182 477 3241 libris
510 3181 648 3239 vitae
671 3180 977 3240 rationem
1010 3180 1438 3241 instituerunt.
1475 3184 1605 3240 Nos
1631 3181 1773 3258 ipsi,
1809 3181 1974 3258 quod
2011 3181 2266 3241 minime
2297 3181 2662 3253 difﬁtemur,
2702 3199 2843 3240 cum
2868 3186 3014 3240 ante
3047 3181 3166 3240 hoc
3187 3181 3382 3239 ferme
3405 3181 3587 3260 quin-

175 3279 522 3356 quennium
558 3296 782 3337 novam
817 3278 978 3337 hanc
1011 3296 1272 3356 operum
1308 3278 1936 3357 Hieronymianorum
1963 3278 2305 3338 editionem
2338 3278 2549 3337 animo
2583 3277 2967 3350 moliremur,
3021 3277 3127 3336 diu
3191 3278 3586 3356 multumque

174 3377 628 3452 dubitavimus,
661 3394 809 3435 num
834 3394 866 3436 e
898 3394 963 3435 re
997 3382 1209 3436 nostra
1240 3383 1350 3435 aut
1381 3377 1680 3436 lectorum
1716 3382 1896 3446 esset,
1934 3395 2071 3435 eam
2105 3376 2476 3449 versionem,
2513 3376 2763 3436 tametsi
2795 3375 3036 3454 pridem
3069 3394 3106 3434 a
3161 3377 3586 3436 Benedictinis

175 3474 528 3533 editoribus
562 3473 791 3531 nedum
820 3472 1133 3550 junctam,
1167 3474 1271 3532 sed
1307 3473 1419 3531 toti
1451 3473 1801 3532 collectioni
1839 3473 2262 3552 praepositam,
2301 3473 2607 3533 retinere:
2643 3480 2704 3533 et
2755 3491 2898 3532 cum
2953 3473 3155 3533 multa
3205 3474 3414 3534 animo
3474 3474 3587 3534 ob-

173 3579 605 3641 versarentur,
640 3570 798 3629 illud
831 3571 1202 3648 cumprimis
1231 3571 1532 3631 sollicitos
1565 3590 1676 3631 nos
1709 3571 2004 3640 habebat,
2041 3577 2110 3630 ut
2137 3590 2212 3631 ne
2245 3577 2452 3630 actum
2491 3589 2677 3649 agere
2711 3571 3091 3643 videremur,
3125 3578 3315 3650 atque
3361 3573 3424 3631 in
3483 3590 3590 3632 eo-

175 3688 338 3738 rum,
378 3687 539 3746 quos
573 3668 709 3727 haec
739 3668 855 3727 fert
888 3675 1061 3736 astas,
1097 3669 1315 3727 vitium
1349 3669 1646 3740 incidere,
1681 3669 1786 3746 qui
1818 3687 1928 3746 per
1959 3669 2319 3729 chartarum
2355 3669 2636 3747 plaustra
2670 3669 2748 3728 ad
2809 3669 3351 3729 immortalitatem
3412 3688 3589 3747 gras-

174 3773 426 3826 santur.
465 3772 552 3825 Ac
583 3767 712 3824 fere
745 3766 1136 3843 propositum
1170 3767 1396 3835 fuerat,
1432 3766 1597 3826 solas
1627 3767 1943 3825 variantes
1976 3767 2296 3839 lectiones,
2335 3785 2490 3845 quas
2521 3772 2759 3826 veteres
2814 3785 2959 3826 mss.
3021 3766 3164 3825 libri
3220 3767 3588 3846 suppedita-

174 3865 350 3937 bant,
393 3863 457 3922 in
492 3881 683 3921 unum
718 3863 1035 3940 colligere,
1070 3881 1301 3941 easque
1337 3865 1552 3942 paucis
1584 3864 2099 3923 adnotationibus
2129 3865 2206 3924 de
2248 3882 2419 3923 more
2475 3865 2791 3942 expositas
2849 3882 2992 3923 cum
3049 3863 3288 3942 duplici
3343 3864 3584 3924 Psalte-

173 3963 290 4030 rio,
328 3961 602 4038 aliisque
633 3960 926 4019 nonnulis
957 3960 1131 4019 libris
1163 3961 1268 4038 qui
1300 3961 1360 4020 in
1393 3962 1662 4039 Vulgata
1693 3979 1815 4020 non
1852 3961 2185 4036 habentur,
2221 3962 2724 4040 Hieronymianis
2754 3979 3072 4040 apponere
3103 3969 3162 4020 et
3192 3961 3472 4039 proferre
3519 3962 3584 4020 in

175 4060 415 4120 lucem.
451 4060 680 4118 Verum
715 4076 854 4116 cum
887 4061 948 4118 in
982 4058 1274 4118 editionis
1309 4066 1778 4137 programmate
1811 4059 1928 4119 hac
1958 4059 2097 4138 ipsa
2128 4061 2203 4119 de
2236 4079 2300 4119 re
2337 4060 2661 4119 Publicum
2687 4065 2747 4118 et
2773 4059 3168 4118 doctissimos
3197 4076 3481 4136 quosque
3512 4077 3591 4120 ex

172 4157 356 4215 omni
395 4155 594 4226 ltalia,
630 4153 792 4212 datis
823 4154 1069 4226 litteris,
1105 4155 1596 4227 consuleremus,
1633 4173 1704 4214 ea
1734 4155 1849 4214 fuit
1881 4175 2008 4216 una
2039 4156 2322 4216 omnium
2355 4156 2668 4216 sententia
2699 4155 2777 4214 de
2835 4155 3126 4214 universo
3187 4173 3376 4234 opere
3432 4157 3592 4216 serie

169 4255 431 4330 integra
491 4250 876 4321 recudendo,
942 4257 1009 4310 ut
1057 4251 1286 4328 quibus
1347 4251 1528 4311 aliter
1583 4251 1778 4311 videri
1815 4259 2044 4331 posset,
2079 4253 2380 4331 palmaris
2413 4253 2628 4312 isthch
2661 4251 2982 4329 responsio
3011 4251 3128 4311 sit:
3191 4254 3314 4311 Nos
3344 4253 3597 4331 publico

161 4350 425 4427 judicio
459 4349 596 4418 niti,
631 4353 692 4406 et
749 4348 887 4425 plus
949 4348 1134 4407 malle
1207 4348 1537 4409 doctorum
1598 4349 1922 4408 hominum
1960 4350 2277 4427 suffragiis
2309 4349 2605 4422 tribuere,
2643 4368 2833 4427 quam
2866 4367 3109 4419 eorum,
3143 4350 3195 4408 si
3227 4349 3335 4428 qui
3366 4357 3597 4423 essent,

169 4451 280 4527 qui
348 4447 520 4504 hanc
579 4463 717 4504 cum
777 4445 1046 4521 Vulgata
1105 4446 1576 4505 similitudinem
1639 4453 2074 4519 causarentur,
2133 4447 2437 4506 socordiaa
2469 4447 2983 4507 conccdere.Sed
3015 4447 3267 4506 fuerunt
3297 4453 3602 4525 praeterea

166 4543 602 4621 gravissimae,
667 4561 805 4619 quae
863 4543 941 4601 ad
1003 4541 1165 4601 hanc
1227 4561 1324 4602 me
1354 4561 1609 4621 operam
1671 4563 1876 4604 causa:
1936 4544 2199 4604 invitum
2265 4545 2456 4603 ferme
2513 4544 2938 4617 adduxerunt,
2972 4562 3130 4622 quas
3156 4551 3219 4604 et
3269 4545 3598 4605 cordatum

169 4657 637 4720 quemcunque
668 4639 962 4698 lectorem
996 4640 1376 4716 persuadere
1408 4659 1590 4717 posse
1623 4660 1746 4700 non
1778 4642 2024 4702 dubito.

257 4741 348 4798 Et
383 4755 531 4796 vero
564 4755 688 4795 non
722 4735 853 4795 haec
885 4755 998 4796 nos
1030 4737 1304 4815 primum
1336 4738 1413 4797 ad
1446 4739 1797 4816 augendam
1833 4739 1974 4798 libri
2013 4740 2241 4800 molem
2275 4739 2685 4811 accrevimus,
2723 4739 2830 4799 sed
2862 4739 2940 4798 ab
3001 4738 3348 4798 editoribus
3403 4742 3602 4798 Bene-

170 4833 451 4893 dictiuis
510 4831 809 4909 adjuncta
869 4839 1014 4891 sunt.
1063 4833 1304 4912 pridem
1367 4834 1997 4913 Hieronymianorum
2059 4854 2319 4913 operum
2385 4835 2668 4910 editioni,
2704 4835 2831 4894 imo
2876 4841 3011 4894 tota
3038 4835 3361 4914 auspicato
3393 4835 3472 4894 ab
3505 4835 3601 4894 his

169 4935 454 5007 incepta
481 4929 779 4992 Collectio
811 4936 927 5001 est,
963 4935 1182 5007 utpote
1212 4930 1292 4990 ab
1323 4932 1608 4991 omnium
1641 4933 2030 4992 nobilissima
2061 4933 2571 4992 lucubrationum
2607 4951 2823 4992 earum
2858 4939 3056 5010 parte.
3093 4937 3222 4993 Nos
3279 4932 3437 4992 adeo
3496 4931 3604 5010 qui

178 5035 432 5098 totum,
475 5034 539 5085 ut
592 5027 676 5086 ita
731 5028 958 5103 dicam,
1021 5028 1430 5105 scriptionum
1489 5029 2127 5107 Hieronymianarum
2163 5031 2376 5088 orbem
2413 5028 2598 5107 primi
2632 5029 3133 5108 complectimur,
3169 5034 3400 5108 etquae
3436 5028 3605 5088 haud

177 5144 352 5185 sane
414 5142 620 5202 pauca
676 5125 916 5201 pridem
977 5125 1522 5198 desiderabantur,
1586 5127 1973 5186 monimenta
2033 5126 2422 5204 collegimus,
2484 5133 2552 5184 ut
2610 5126 2746 5185 haec
2805 5127 3057 5186 demum
3120 5127 3367 5204 integra
3423 5131 3612 5203 atque

170 5222 490 5282 absoluta
547 5221 739 5280 editio
795 5223 1060 5298 prodeat
1117 5223 1177 5282 in
1240 5224 1585 5301 publicum,
1650 5224 1698 5282 si
1731 5242 1804 5283 ea
1863 5232 2041 5301 parte
2074 5243 2424 5295 careamus,
2480 5242 2621 5300 quae
2654 5225 2882 5283 veteris
2913 5225 3204 5285 editionis
3238 5225 3348 5284 fuit
3383 5221 3607 5301 potior,

161 5321 320 5396 jam
390 5336 516 5376 non
575 5317 824 5376 auxisse
881 5337 993 5395 pro
1045 5337 1240 5391 more,
1304 5320 1410 5378 sed
1470 5321 1739 5398 priorem
1803 5321 2010 5398 operis
2041 5321 2410 5397 dignitatem
2459 5319 2872 5392 imminuisse,
2909 5321 3212 5381 dicemur.
3247 5325 3370 5380 Suo
3403 5324 3614 5377 autem

172 5417 333 5493 jure
392 5422 702 5494 quantum
763 5415 1117 5488 decesserit,
1181 5417 1372 5477 homo
1433 5419 1508 5476 ad
1569 5419 1946 5494 elegantiam
2007 5419 2294 5478 excultus
2351 5418 2716 5491 desideret;
2781 5438 2927 5478 nam
2981 5438 3120 5479 cum
3184 5419 3457 5496 primum
3507 5416 3620 5476 illa

173 5515 437 5592 prodiit
471 5513 530 5572 in
564 5513 785 5584 lucem,
825 5514 1102 5574 litterato
1133 5516 1296 5587 orbi,
1329 5517 1378 5575 si
1413 5533 1606 5575 unum
1640 5515 1978 5577 Ricardum
2011 5516 2362 5577 Simonium
2398 5515 2697 5594 excipias,
2759 5517 3195 5596 acceptissima.
3247 5514 3617 5593 cumprimis

173 5615 335 5682 fuit,
377 5605 508 5671 non
538 5629 612 5671 ea
633 5613 833 5670 solum
868 5612 943 5670 de
977 5631 1187 5685 causa,
1232 5614 1396 5693 quod
1432 5633 1622 5692 supra
1658 5620 1917 5675 czeteros
1949 5614 2082 5693 ejus
2112 5614 2411 5675 editionis
2470 5620 2676 5675 tomos
2734 5613 3206 5694 diligentissime
3264 5613 3611 5688 elaborata,

533 5747 794 5806 Pyram“
843 5749 1107 5808 XXVllI.
1248 5795 1253 5799 .
3257 5755 3283 5808 t

185 5831 483 6041 3““
