4060 6190
359 331 424 389 η
1841 315 2287 374 ΡΙὶιΕΡΑἸῚΟ.
3697 327 3773 385 12

355 468 416 522 et
444 460 675 521 collato
706 455 1054 521 Martianaei
1087 462 1146 516 et
1175 453 1484 532 Pougetii,
1521 452 1631 531 qui
1663 448 1932 511 multum
1963 447 2057 516 illi
2086 447 2302 509 labore
2335 456 2524 528 atque
2570 451 2923 513 eruditione
2955 469 3068 512 sua
3096 453 3357 530 profuit,
3393 456 3600 517 studio
3632 476 3774 536 per-

354 562 517 620 fecta
546 560 663 629 sit;
700 559 805 617 sed
841 557 1152 635 przecipue
1183 553 1320 632 ipso
1353 559 1630 612 veterum
1665 553 2222 609 monumentorum
2257 549 2498 622 merito,
2527 568 2598 609 ac
2623 551 2831 610 nativa
2856 551 3314 628 propemodum
3339 555 3434 614 sui
3457 555 3770 632 dignitata

356 662 598 718 tantam
657 655 794 714 iniit
850 672 886 712 a
941 651 1236 711 studiosis
1265 650 1555 728 gratiam.
1593 653 1838 708 Testem
1868 646 2032 705 dabo
2064 644 2254 722 hujus
2303 647 2390 706 rei
2423 647 2764 720 hominem,
2798 650 2977 725 cujus
3009 667 3080 709 eo
3112 651 3342 711 certius
3387 652 3506 712 erit
3537 671 3610 713 ac
3674 655 3771 713 lu-

357 754 662 815 culentius
693 749 1139 820 testimonium,
1177 767 1302 824 quo
1336 747 1532 824 magis
1597 747 1730 824 ipse
1785 744 2008 804 studiis
2064 744 2524 805 monachorum
2585 752 3072 825 sanctorumque
3135 751 3392 808 Patrum
3465 750 3765 825 infensus,

361 857 586 912 caetera
616 850 856 920 doctus,
893 853 955 906 et
984 845 1375 905 lacessitusa
1434 843 1825 912 Martianaeo,
1887 841 2045 900 nihil
2101 860 2227 900 non
2288 843 2485 920 egerit
2543 850 2611 903 ut
2668 844 2804 922 ejus
2863 845 3082 920 labori,
3148 853 3402 924 arrepta
3479 867 3766 928 quaqua-

355 965 605 1008 versum
664 943 1015 1014 occasione,
1072 941 1452 1002 detraheret.
1504 941 1653 999 Dico
1712 938 2340 1016 Hieronymianarum
2402 942 2808 1008 Questionum
2842 947 3187 1014 auctorem,
3227 944 3406 1022 cujus
3457 945 3601 1005 odia
3660 966 3765 1007 ex-

356 1051 669 1105 ercentem
701 1042 1040 1113 calamum,
1076 1040 1212 1118 ipsa
1241 1040 1404 1098 inter
1427 1038 1662 1115 jurgia,
1701 1039 1834 1096 haec
1867 1037 1928 1093 in
1961 1035 2303 1094 adversarii
2332 1038 2424 1096 sui
2458 1038 2709 1097 laudem
2775 1039 3078 1118 profiteri,
3143 1041 3234 1099 vis
3293 1041 3576 1102 veritatis
3627 1061 3766 1103 coe-

354 1143 488 1220 git:
525 1165 553 1195 ‹‹
590 1143 726 1200 Non
761 1157 1014 1218 possum
1048 1156 1172 1196 non
1210 1137 1468 1196 laudare
1498 1135 1826 1195 consilium
1864 1134 2214 1193 Martianasi
2252 1134 2329 1193 de
2384 1135 2640 1195 edendis
2699 1137 3063 1216 Hieronymi
3120 1138 3549 1209 Versionibus,
3614 1160 3766 1218 que-

357 1237 768 1298 madmodum
827 1239 1077 1294 exstant
1133 1234 1199 1292 in
1254 1232 1705 1310 antiquissimis
1761 1230 1960 1302 libris,
2023 1230 2156 1289 sine
2214 1232 2690 1305 mutationibus,
2755 1253 2893 1310 quae
2928 1239 3147 1312 postea
3177 1235 3241 1294 in
3271 1235 3344 1295 iis
3375 1237 3556 1296 factae
3589 1244 3758 1310 sunt,

352 1353 552 1414 eoque
582 1333 801 1394 ordine
834 1350 959 1410 quo
988 1331 1398 1390 inveniuntur
1428 1329 1644 1389 iisdem
1679 1330 1742 1388 in
1775 1328 1987 1400 libris;
2023 1346 2146 1387 non
2179 1329 2425 1388 omissis
2463 1331 2738 1408 antiquis
2795 1331 3302 1392 distinctionibus
3361 1353 3502 1412 quae
3556 1334 3622 1394 in
3683 1335 3758 1394 iis

353 1436 714 1493 cernuntur.
748 1429 1051 1492 Videmur
1079 1428 1242 1488 enim
1278 1427 1458 1487 nobis
1487 1427 1698 1486 videre
1729 1444 1834 1486 eas
1863 1425 2218 1498 Versiones,
2253 1427 2470 1504 quales
2501 1447 2532 1487 e
2568 1447 2749 1488 manu
2784 1429 3148 1508 Hieronymi
3189 1432 3582 1510 prodierunt,
3647 1439 3762 1493 aut

352 1537 518 1590 certe
545 1547 736 1608 quam
772 1526 1010 1586 minine
1041 1525 1176 1585 ﬁeri
1210 1525 1436 1602 potuit,
1471 1524 1861 1584 immutatas.
1895 1546 1922 1576 υ
1952 1523 2074 1602 (J0.
2109 1527 2420 1597 CLERICUS,
2455 1533 2680 1602 quaest.
2716 1528 2776 1600 9,
2811 1545 2983 1587 num.
3018 1527 3110 1607 2.)

428 1628 632 1706 Atque
687 1625 824 1685 haec
881 1624 1133 1702 quidem
1208 1623 1373 1682 bona
1429 1622 1581 1681 satis
1638 1625 1731 1680 est
1763 1621 1921 1681 ratio
1954 1620 2155 1680 critici
2188 1622 2544 1682 testimonio
2575 1623 2938 1702 conjuncta,
2973 1627 3081 1686 sed
3114 1644 3256 1704 qua
3308 1645 3405 1687 me
3438 1627 3758 1707 praecipue

351 1744 540 1786 causa
569 1723 902 1802 permovit,
938 1721 1061 1781 alia
1094 1726 1207 1792 est,
1240 1719 1409 1797 quod
1444 1737 1580 1778 meo
1611 1718 1744 1796 ipse
1776 1718 2057 1796 periculo
2116 1724 2412 1796 expertus
2461 1738 2624 1792 sum,
2659 1721 2842 1781 aliter
2869 1722 2968 1782 vix
3028 1723 3167 1782 ﬁeri
3222 1741 3426 1801 posse,
3484 1730 3555 1785 ut
3610 1744 3754 1803 quae

355 1822 629 1883 maxima
672 1826 817 1880 sunt
847 1819 1036 1897 hujus
1062 1817 1204 1878 libri
1235 1817 1592 1888 commoda,
1627 1816 1707 1875 ab
1736 1815 2018 1876 studioso
2051 1815 2546 1894 perciperentur,
2580 1817 2698 1876 nisi
2768 1823 2970 1878 totum
3028 1819 3164 1896 ejus
3219 1819 3755 1899 interpretationis

349 1925 712 1981 contextum
750 1918 1199 1996 digereremus.
1235 1917 1324 1974 Ex
1356 1914 1452 1974 his
1483 1913 1798 1992 quaedam,
1835 1918 1902 1973 ut
1952 1914 2108 1972 ﬁant
2140 1914 2430 1992 exemplo
2487 1915 2939 1984 manifestiora,
3001 1917 3418 1994 proferamus.
3482 1923 3752 1979 Tantam

346 2019 410 2078 in
471 2034 851 2095 unoquoque
908 2015 1068 2074 libro
1127 2013 1509 2073 variantium
1567 2011 1908 2071 lectionum
1967 2012 2214 2084 silvam,
2275 2012 2789 2072 emendationum
2851 2033 3105 2092 quoque
3165 2021 3228 2074 et
3302 2017 3753 2092 glossematum

346 2115 667 2193 ingentem
724 2113 849 2171 vim
911 2118 1021 2171 aut
1078 2110 1252 2171 nullo
1309 2128 1449 2170 cum
1513 2110 1742 2177 fructu,
1779 2114 1889 2168 aut
1920 2127 2045 2168 non
2079 2127 2152 2168 eo
2185 2108 2433 2181 saltem,
2467 2109 2576 2187 qui
2606 2117 2700 2169 est
2727 2109 2892 2170 lectu
2926 2111 3197 2184 debitus,
3231 2113 3498 2190 carptim
3561 2113 3760 2174 oculis

346 2228 648 2291 usurpes:
713 2228 856 2288 quae
911 2209 963 2269 si
1020 2208 1096 2268 ad
1153 2226 1335 2268 suum
1394 2223 1663 2284 quaeque
1696 2210 2027 2266 contextus
2084 2206 2292 2266 locum
2328 2212 2644 2278 notentur,
2680 2207 2932 2267 irritant
2963 2208 3271 2284 animum,
3317 2216 3382 2270 et
3411 2217 3756 2288 provocant

345 2307 617 2386 legentis
670 2306 1040 2379 arbitrium;
1105 2310 1325 2364 contra
1381 2303 1432 2362 si
1483 2303 1562 2362 ad
1621 2321 1807 2380 quem
1870 2303 2056 2363 modo
2112 2321 2361 2362 versum
2421 2304 2792 2376 referantur,
2857 2306 3079 2365 docere
3112 2306 3285 2380 velis,
3337 2312 3396 2366 et
3444 2308 3760 2368 laciniosis

346 2424 514 2484 smpe
575 2403 911 2464 verborum
971 2402 1265 2462 ductibus
1323 2401 1412 2460 uti
1469 2418 1628 2478 opus
1683 2400 1782 2473 sit,
1845 2405 1906 2459 et
1963 2400 2217 2459 taedium
2280 2401 2486 2478 potius
2509 2420 2696 2478 quam
2731 2403 3053 2479 ingenium
3087 2403 3327 2462 homini
3386 2406 3756 2466 eruditionis

347 2503 580 2581 cupido
616 2519 890 2561 moveas.
925 2499 1180 2560 Scholia
1209 2505 1442 2567 autem,
1479 2517 1620 2576 quae
1653 2497 1984 2556 innumera
2014 2497 2473 2575 propemodum
2505 2504 2673 2569 sunt,
2711 2499 2982 2558 maxime
3011 2500 3075 2558 in
3131 2500 3612 2574 Octateuchum,
3675 2521 3753 2562 ne

345 2601 468 2660 hac
501 2599 753 2678 quidem
785 2597 1094 2657 industria
1127 2613 1480 2674 proponere
1510 2601 1603 2655 est
1634 2594 2002 2655 commode:
2041 2613 2180 2654 cum
2214 2595 2384 2654 enim
2416 2594 2574 2654 illud
2606 2595 2909 2674 dunaxat,
2953 2596 3194 2670 laudas,
3262 2599 3434 2676 quod
3491 2600 3754 2660 verbum

345 2697 709 2776 respiciunt,
739 2696 880 2774 ipso
917 2695 1178 2765 monito,
1215 2694 1478 2753 molesto
1510 2692 1748 2752 scilicet
1805 2699 1996 2770 atque
2025 2693 2296 2769 ingrato,
2332 2692 2517 2771 plura
2548 2712 2738 2770 quam
2771 2694 2903 2773 ipse
2935 2700 3266 2756 contextus
3295 2697 3510 2767 habet,
3566 2698 3758 2759 verba

345 2795 736 2874 conjungas:
800 2811 940 2871 quae
999 2791 1272 2852 vicissim
1333 2809 1365 2850 e
1424 2791 1680 2868 regione
1739 2790 1966 2868 posita,
2029 2790 2202 2850 nullo
2260 2791 2535 2867 negotio,
2596 2810 2721 2852 uno
2755 2791 2976 2852 obtutu
3009 2793 3073 2852 in
3102 2793 3320 2853 oculos
3352 2801 3750 2873 mentemque

343 2894 696 2953 incurrunt.
767 2892 939 2951 Idem
997 2889 1332 2949 dicendum
1392 2889 1576 2966 plane
1634 2892 1727 2948 est
1759 2887 1834 2947 de
1866 2886 2061 2947 obelis
2116 2892 2306 2964 atque
2366 2887 2700 2961 asteriscis,
2769 2889 2877 2966 qui
2933 2906 3077 2947 cum
3145 2889 3374 2966 passim
3407 2891 3582 2965 alibi,
3617 2898 3751 2952 tum

341 2991 663 3071 praecipue
719 2989 794 3048 iis
851 2988 914 3047 in
974 2987 1172 3058 libris,
1236 2986 1344 3064 qui
1401 2987 1481 3044 ad
1540 2987 1826 3046 Graecum
1887 2985 2210 3062 exemplar
2267 2985 2582 3044 emendati
2614 2990 2762 3043 sunt
2790 2992 2851 3044 et
2908 2986 3238 3063 recogniti,
3271 2993 3448 3048 tanto
3486 3008 3751 3051 numero

343 3088 716 3158 obveniant,
777 3090 845 3144 ut
901 3083 1028 3144 otio
1086 3084 1385 3143 abutatur
1442 3089 1504 3142 et
1529 3082 1832 3161 patientia
1887 3088 2125 3150 nostra,
2163 3081 2213 3140 si
2273 3081 2412 3158 quis
2444 3081 2506 3139 id
2539 3081 2658 3140 sibi
2689 3082 2995 3159 pensidet,
3034 3089 3102 3143 ut
3132 3085 3388 3161 singula
3419 3094 3750 3148 memoret,

341 3187 575 3246 nedum
612 3190 678 3244 ut
708 3200 929 3246 causas
960 3187 1229 3242 enarret.
1265 3181 1520 3252 Quoties
1549 3198 1698 3239 vero
1730 3179 1949 3239 eadem
1981 3179 2043 3237 in
2077 3178 2241 3238 notis
2275 3179 2615 3256 repetenda
2645 3180 2876 3238 erunt?
2901 3181 3010 3258 qui
3042 3182 3267 3241 modus
3313 3183 3432 3242 erit
3491 3183 3755 3262 legentis

342 3291 455 3346 aut
489 3281 786 3343 dictantis
817 3279 1117 3340 fastidio?
1150 3297 1290 3356 quae
1325 3279 1482 3338 ratio
1514 3278 1977 3338 laudandorum
2010 3276 2294 3337 codicum
2328 3277 2357 3335 ?
2387 3278 2578 3337 Vetus
2611 3282 2821 3337 autem
2879 3278 2992 3337 illa
3047 3297 3342 3340 versuum
3403 3281 3748 3360 distinctio,

343 3401 485 3460 quae
543 3379 700 3440 tanti
759 3395 924 3437 nunc
980 3378 1049 3436 ﬁt
1105 3395 1178 3436 ac
1235 3383 1427 3435 tantae
1487 3376 1674 3436 refert
1731 3374 2127 3453 antiquitatis
2186 3375 2579 3446 memoriam,
2639 3375 2846 3436 verbis
2906 3379 3345 3456 repraesentari
3407 3381 3503 3438 vix
3561 3400 3744 3458 posse

345 3479 652 3541 arbitror:
717 3475 974 3536 omnino
1035 3481 1243 3535 autem
1305 3481 1371 3534 ut
1431 3475 1569 3552 quis
1627 3473 1863 3534 utiliter
1920 3479 2199 3551 praestet,
2262 3491 2340 3532 ne
2398 3474 2501 3533 vix
2561 3474 2837 3552 quidem.
2898 3479 3055 3536 Tum
3088 3475 3222 3554 ipse
3249 3476 3437 3536 etiam
3497 3478 3753 3539 Hebraei

346 3575 616 3637 Canonis
674 3579 1070 3651 conspectus,
1129 3577 1318 3648 atque
1379 3571 1559 3642 ordo,
1621 3589 1808 3648 quem
1845 3576 2175 3648 tantopere
2224 3570 2591 3648 praedicant,
2631 3573 2923 3649 praeverti
2955 3573 3201 3651 penitus
3245 3592 3494 3635 necesse
3524 3577 3622 3636 sit.
3657 3577 3752 3636 Ad

346 3675 483 3734 haec
533 3671 717 3733 solidi
772 3670 1026 3750 quidam
1088 3675 1232 3729 sunt
1290 3669 1451 3728 sacri
1480 3668 1626 3728 libri
1657 3669 1770 3727 abs
1827 3668 2208 3746 Hieronymo
2239 3668 2494 3746 quidem
2527 3669 2588 3728 in
2621 3670 2911 3730 Latinum
2945 3671 3253 3744 conversi,
3280 3691 3404 3733 non
3438 3680 3646 3734 au‘tem
3684 3675 3746 3734 in

340 3772 674 3849 Vulgatam
735 3768 1072 3828 editionem
1131 3766 1386 3844 recepti,
1449 3765 1558 3843 qui
1613 3783 1796 3824 suum
1855 3764 1956 3824 hic
2009 3764 2129 3824 sibi
2185 3765 2505 3826 vindicant
2565 3767 2816 3844 proprie
2873 3767 3102 3828 locum.
3163 3769 3316 3828 Tale
3372 3770 3744 3832 Psalterium

341 3875 435 3929 est
492 3887 567 3928 ex
625 3867 893 3927 Hebraeo
951 3862 1322 3942 archetypo,
1383 3863 1552 3940 quod
1611 3867 1817 3922 vetere
1864 3862 2243 3940 jamdudum
2304 3863 2367 3922 in
2424 3863 2720 3924 Ecclesiis
2749 3865 3072 3925 obtinente
3120 3867 3640 3945 interpretatione
3672 3889 3747 3929 ex

339 3971 581 4037 Graeco,
645 3982 720 4022 ne
778 3961 978 4022 turbae
1038 3960 1100 4020 in
1158 3960 1418 4038 populo,
1479 3961 1670 4037 longa
1719 3961 1854 4037 jam
1913 3959 2284 4021 habitudine
2337 3961 2594 4038 psalmis
2623 3962 2747 4022 illis
2777 3969 3053 4037 assueto,
3087 3964 3425 4035 cierentur,
3457 3966 3749 4027 substitui

337 4083 465 4124 non
525 4062 730 4140 potuit
781 4078 793 4119 :
856 4076 1126 4137 cumque
1185 4058 1264 4117 sit
1319 4057 1600 4117 omnium
1659 4057 2017 4118 fidelissime
2078 4076 2151 4118 ac
2207 4058 2495 4118 doctrina
2524 4059 2879 4120 incredibili
2926 4060 3352 4134 elaboratum,
3387 4062 3590 4123 solum
3617 4065 3748 4126 fere

339 4162 419 4221 ad
479 4161 788 4238 privatam
847 4156 1264 4218 eruditionem
1325 4155 1665 4233 legentium
1714 4162 1990 4233 superat.
2052 4155 2236 4216 Tales
2291 4156 2432 4215 aliae
2491 4162 2638 4216 sunt
2687 4174 3007 4217 sacrorum
3068 4157 3371 4218 librorum
3431 4163 3749 4223 versiones

331 4258 514 4336 juxta
577 4257 728 4316 LXX
791 4259 1192 4332 Interpretes,
1254 4257 1324 4312 ut
1369 4257 1463 4312 est
1523 4251 1723 4312 altera
1777 4251 1921 4312 Jobi
1978 4257 2167 4330 atque
2198 4253 2445 4327 Esther,
2479 4253 2711 4332 duplex
2742 4253 2892 4314 item
2936 4255 3338 4316 Psalmorum
3372 4259 3742 4336 recognitio,

336 4356 466 4415 sive
524 4373 664 4433 qum
723 4358 1013 4414 Romana
1069 4355 1130 4409 et
1180 4369 1322 4428 quae
1353 4349 1678 4410 Gallicana
1711 4348 2016 4409 Psalteria
2045 4349 2329 4423 audiunt,
2394 4369 2535 4427 quae
2566 4349 2628 4408 in
2659 4351 2946 4429 Vulgatae
2979 4353 3365 4428 recensione,
3401 4353 3498 4412 vel
3531 4354 3741 4432 plane,

337 4452 431 4512 vel
467 4451 547 4511 ad
578 4468 722 4511 eum
755 4449 976 4509 saltem
1012 4446 1268 4507 modum
1302 4465 1426 4505 non
1457 4453 1642 4519 sunt;
1677 4446 1950 4523 pretium
1984 4453 2194 4506 autem
2228 4452 2322 4507 est
2352 4465 2668 4506 summum
2702 4465 2910 4526 operae
2942 4448 3329 4525 cognovisse.

413 4548 781 4625 Quicunque
813 4545 948 4604 hzec
979 4543 1198 4602 sedulo
1232 4542 1546 4602 rationum
1579 4549 1900 4602 momenta
1925 4543 2322 4621 expenderit,
2347 4544 2558 4602 nullus
2592 4543 2726 4620 jam
2778 4543 2995 4604 dubito
3049 4543 3201 4621 quin
3254 4544 3419 4622 aaqui
3467 4545 3742 4625 bonique

336 4645 625 4706 consulat
656 4643 1048 4722 propositum
1083 4646 1392 4713 nostrum,
1428 4657 1499 4698 ac
1530 4640 1686 4699 bene
1715 4640 1935 4698 locatae
1967 4639 2027 4698 in
2063 4639 2351 4698 universo
2385 4641 2766 4700 recensendo
2798 4646 2974 4700 textu
3005 4659 3214 4719 operae
3247 4661 3359 4700 nos
3391 4642 3554 4701 sinat
3595 4662 3743 4703 con-

335 4744 593 4805 scientia
623 4743 766 4802 frui.
799 4742 918 4800 Sed
951 4746 1132 4800 erunt
1161 4740 1422 4799 fortasse
1441 4739 1548 4816 qui
1580 4738 1704 4798 alia
1735 4739 1810 4796 de
1833 4756 2023 4797 causa
2055 4739 2506 4811 contradicere,
2541 4746 2752 4817 atque,
2787 4741 2895 4799 illa
2927 4740 3180 4798 vixdum
3216 4739 3466 4800 sublata
3498 4743 3739 4802 calum-

339 4842 462 4913 nia,
498 4841 897 4918 gravioreme
933 4837 1193 4914 vestigio
1225 4835 1523 4895 invidiam
1551 4853 1761 4894 creare
1793 4835 1855 4894 in
1889 4853 2002 4894 nos
2031 4835 2345 4895 studeant.
2372 4836 2777 4914 Compertum
2815 4855 3039 4914 nempe
3072 4855 3214 4895 cum
3249 4836 3348 4907 sit,
3379 4838 3740 4918 Hieronymi

339 4939 615 4999 maxima
644 4937 864 4997 saltem
899 4955 974 4995 ex
1007 4943 1182 5013 parte
1214 4933 1566 4993 versionem
1597 4951 1754 5002 esse,
1789 4951 1929 5010 quae
1964 4932 2234 5010 Vulgata
2264 4933 2538 4993 editione
2581 4935 2959 5004 continetur,
2989 4933 3137 4992 dum
3190 4951 3326 4993 eam
3380 4938 3736 5010 emendare,

335 5057 408 5098 ac
440 5037 717 5115 pristinae
749 5034 1091 5112 integritati
1121 5031 1467 5109 satagimus
1499 5031 1848 5091 restituere.
1880 5035 2076 5102 Tunc,
2113 5031 2353 5110 inquiet
2383 5033 2646 5091 fortasse
2669 5032 2919 5109 aliquis,
2947 5031 3446 5094 recensionehac
3474 5042 3581 5096 tua
3602 5055 3740 5096 eam

336 5135 673 5195 editionem
705 5133 1006 5204 excludis,
1042 5150 1230 5210 quam
1293 5129 1719 5189 remotissimae
1753 5129 2145 5207 antiquitatis
2164 5131 2488 5200 memoria,
2518 5131 2714 5189 multo
2740 5136 2947 5189 autem
2976 5129 3173 5207 magis
3196 5133 3563 5191 meumenici
3598 5135 3740 5192 Tri-

337 5233 574 5293 dentini
606 5231 852 5291 concilii
886 5229 1318 5299 auctoritas,ct
1351 5228 1532 5304 plura
1567 5228 1859 5305 deinceps
1891 5228 2256 5306 pontificum
2293 5227 2546 5287 decreta
2580 5245 2766 5287 unam
2793 5246 2867 5287 ex
2891 5228 3185 5286 omnibus
3211 5247 3526 5288 sacrarum
3543 5231 3744 5311 Scrip-

339 5337 622 5389 turarum
654 5329 1018 5389 Christianis
1051 5326 1411 5386 hominibus
1443 5326 2014 5385 commendarunt?
2047 5324 2198 5384 Mihi
2233 5344 2375 5384 vero
2401 5325 2463 5384 id
2489 5344 2604 5402 neq
2621 5325 2771 5385 uein
2803 5332 3078 5385 mentem
3121 5327 3312 5399 venit,
3375 5345 3488 5385 nec
3535 5328 3584 5387 si
3642 5330 3739 5389 cui

339 5447 618 5502 unquam
651 5427 880 5496 veniat,
915 5426 1022 5492 ille
1054 5424 1207 5483 mihi
1238 5442 1457 5501 sapere
1489 5425 1796 5484 videatur.
1833 5424 1992 5490 Quin
2025 5424 2148 5484 imo
2180 5441 2491 5483 summam
2526 5423 2661 5499 ejus
2692 5423 2986 5483 editionis
3018 5423 3294 5495 laudem,
3347 5423 3494 5483 dum
3552 5428 3737 5504 spiri-

341 5529 440 5584 tus
469 5524 583 5584 hos
614 5531 786 5602 reget
815 5530 1009 5600 artus,
1044 5521 1381 5594 tuebimur,
1417 5527 1481 5581 ut
1512 5523 1591 5580 ad
1624 5522 1768 5582 ﬁdei
1801 5540 1874 5582 ac
1905 5539 2147 5581 morum
2182 5520 2530 5580 doctrinam
2556 5521 2961 5582 imbuendam
2989 5520 3509 5599 tradendamque,
3582 5524 3736 5584 nihil

343 5642 464 5682 non
482 5642 667 5700 grave
681 5630 740 5683 et
753 5619 1334 5701 praestantissimum
1351 5620 1411 5679 in
1426 5638 1499 5680 ea
1511 5638 1642 5681 csse
1655 5619 2084 5699 profiteamur,
2097 5623 2157 5678 et
2170 5635 2357 5695 quam
2376 5617 2532 5679 adeo
2551 5617 2610 5678 in
2631 5619 2797 5680 hisce
2813 5619 2997 5681 rebus
3011 5618 3448 5680 auctoritatem
3465 5620 3636 5681 obtin
3649 5621 3738 5682 uit

3492 5833 3654 5895 ’3.

3583 5904 3742 5962 1““

3661 5965 3729 6008 εδ
