4060 6190
280 321 354 379 13
998 319 1002 322 ἢ
1278 269 1282 275 1
1775 316 1883 375 PR.

2095 315 2218 374 .‘IO.
3623 323 3698 385 14

280 459 520 513 sartam
556 455 914 528 tectamque
945 452 1340 527 praestemus.
1377 448 1793 510 Nihilosecius
1832 449 1881 508 si
1931 467 2074 527 qua:
2125 453 2410 508 veterum
2459 448 2866 510 librariorum
2916 456 3028 512 aut
3079 451 3344 527 incuria,
3398 460 3508 515 aut
3556 475 3701 535 per—

283 569 463 611 versa
493 567 652 610 cura
680 548 1070 626 irrepserunt
1099 546 1164 606 in
1194 565 1331 606 eam
1367 548 1684 622 menda,et
1719 547 2000 626 partibus
2033 546 2311 606 insident
2347 547 2604 607 minime
2639 549 3005 610 necessariis
3037 551 3117 610 ad
3151 551 3297 612 ﬁdei
3328 572 3702 632 morumque

298 651 460 726 leges
492 646 991 725 componendas,
1026 644 1214 706 homo
1246 645 1344 704 cui
1377 645 1550 705 cordi
1571 652 1663 706 est
1696 663 1904 705 rerum
1937 663 2254 705 sacrarum
2290 645 2588 722 dignitas,
2623 665 2697 706 ea
2723 666 2850 726 qua
2879 667 2994 726 par
3023 655 3137 720 est,
3172 651 3600 728 probalititate
3631 672 3704 714 ac

297 746 598 824 religione
634 762 782 804 usus
811 744 1112 821 castiget:
1150 743 1405 803 minime
1435 744 1716 804 omnium
1749 744 1805 802 ei
1837 744 2108 802 arbitror
2138 743 2660 820 succensendum,
2696 743 2822 803 imo
2854 763 2999 804 vero
3044 745 3201 805 bene
3232 747 3406 807 illum
3453 749 3706 826 ingenio

292 864 402 905 suo
433 863 510 904 ac
542 842 872 920 diligentia
893 842 971 901 de
1001 841 1193 901 sacris
1225 842 1475 901 Litteris
1508 841 1826 902 meruisse.
1875 841 1941 900 Id
1975 841 2125 900 olim
2164 840 2277 899 viri
2313 841 2747 918 praestiterunt
2792 860 3036 902 summe
3087 845 3404 920 catholici,
3452 848 3706 908 summi-

291 961 416 1021 que
446 941 665 1002 itidem
700 939 988 1018 Vulgatae
1039 940 1311 1017 patroni,
1355 959 1388 999 e
1431 940 1684 1018 quibus,
1734 945 1803 1000 ut
1850 940 2100 999 interim
2154 939 2490 998 Henricum
2542 939 3047 1018 BuchentOpium
3097 951 3489 1018 praeteream,
3541 965 3706 1004 nun—

297 1059 492 1120 quam
519 1058 647 1099 non
679 1039 932 1099 laudem
966 1038 1315 1117 promeruit
1341 1038 1740 1098 doctissimus
1770 1038 2140 1097 Franciscus
2172 1040 2340 1097 Luca
2389 1039 2748 1116 Brugensis,
2797 1039 2904 1117 qui
2954 1041 3226 1118 amplius
3274 1048 3494 1119 quater
3538 1043 3709 1103 mille

295 1140 464 1210 loca,
497 1157 636 1217 quas
669 1143 810 1215 post
841 1137 1176 1197 Clementis
1206 1138 1347 1197 VIII
1379 1136 1898 1214 recognitionem,
1935 1135 2379 1196 emendatione
2409 1135 2786 1214 indigerent,
2822 1143 2930 1197 aut
2962 1138 3254 1210 correxit,
3281 1145 3390 1198 aut
3411 1139 3590 1200 bonis
3612 1159 3707 1201 ar-

296 1237 615 1316 gumentis
642 1235 1018 1312 corrigenda
1045 1235 1378 1294 indicavit:
1415 1240 1474 1294 et
1507 1235 1679 1294 card.
1715 1234 2155 1306 Bellarminus,
2199 1233 2333 1312 qui,
2366 1234 2528 1294 datis
2559 1235 2636 1294 ad
2668 1253 2809 1295 eum
2844 1234 3090 1308 litteris,
3148 1237 3331 1314 plura
3380 1237 3454 1296 iis
3502 1239 3710 1298 adhuc

295 1351 623 1414 superesse
648 1334 715 1393 in
745 1333 969 1392 melius
1000 1332 1323 1405 mutanda,
1361 1333 1412 1392 si
1440 1333 1492 1392 is
1521 1337 1684 1392 esset
1711 1332 1982 1404 animus,
2013 1331 2285 1409 ingenue
2316 1332 2632 1410 professus
2663 1338 2776 1392 est.
2811 1337 2902 1392 Tu
2939 1338 3184 1394 nostros
3225 1341 3488 1394 conatus
3546 1337 3712 1413 ejus-

295 1434 443 1493 dem
478 1431 786 1492 aestimato
819 1449 952 1491 esse
984 1430 1178 1491 animi
1207 1449 1281 1491 ac
1312 1430 1688 1491 voluntatis:
1725 1449 1798 1490 ac
1830 1431 1879 1490 si
1913 1430 2167 1490 domum
2215 1430 2371 1490 tanti
2401 1436 2566 1502 sunt,
2622 1450 2762 1508 quae
2812 1431 3226 1509 proponimus
3283 1433 3706 1503 emendanda,

297 1531 400 1592 his
432 1533 721 1604 adcense,
755 1548 897 1608 qua
929 1533 1170 1589 tantam
1198 1548 1236 1589 a
1267 1535 1326 1588 te
1358 1547 1436 1588 ex
1464 1528 1732 1588 aliorum
1761 1533 2020 1606 accepta
2049 1527 2257 1587 studio
2289 1528 2560 1604 gratiam
2594 1529 2896 1588 inierunt.

380 1631 621 1689 Tamen
650 1634 714 1688 et
743 1626 794 1687 si
823 1627 950 1687 alia
981 1626 1241 1687 omnino
1272 1626 1598 1704 provincia
1627 1631 1742 1698 est,
1777 1644 1967 1704 quam
1992 1644 2106 1685 nos
2135 1625 2540 1703 sumpsimus,
2578 1644 2782 1704 neque
2813 1627 2874 1686 in
2908 1644 2980 1686 ea
3014 1626 3386 1688 adornanda
3415 1627 3496 1688 ad
3528 1628 3712 1690 nobis

299 1726 664 1807 putavimus
695 1724 929 1802 negotii
959 1725 1119 1797 dari,
1153 1729 1221 1784 ut
1254 1724 1438 1784 tertio
1470 1742 1721 1802 quoque
1753 1723 1966 1798 verbo,
2001 1741 2178 1782 secus
2209 1741 2287 1782 ne
2319 1729 2480 1783 esset
2509 1723 2571 1782 in
2602 1723 2873 1801 Vulgata
2906 1724 3200 1796 editione,
3229 1725 3708 1804 dispiceremus.

303 1827 436 1885 Hac
469 1843 619 1884 sane
649 1824 787 1901 ipsa
816 1824 893 1884 de
925 1841 1116 1884 causa
1146 1823 1450 1883 retinetur
1479 1824 1588 1900 qui
1619 1829 1763 1882 ante
1795 1841 1908 1882 nos
1939 1827 2074 1882 erat
2133 1821 2352 1880 titulus
2412 1821 2683 1880 universi
2740 1823 2947 1900 operis
3003 1821 3399 1882 Bibliotheca
3443 1823 3710 1896 Divina,

308 1939 498 2000 quem
530 1927 757 1980 caetera
788 1920 1131 1998 probamus
1161 1937 1410 1996 parum,
1448 1927 1509 1980 et
1540 1938 1576 1978 a
1607 1922 1669 1979 S.
1717 1923 2066 1996 Interprete
2126 1919 2540 1997 perscriptum
2603 1919 2812 1990 fuisse,
2869 1921 3127 1979 omnino
3186 1939 3312 1979 non
3371 1921 3708 1981 credimus.

293 2019 544 2079 Scimus
574 2036 720 2078 vero
743 2018 989 2096 jamdiu
1022 2018 1172 2078 olim
1204 2017 1549 2077 obtinuisse
1579 2017 1746 2095 apud
1779 2024 2041 2089 veteres,
2075 2035 2232 2095 quos
2261 2017 2670 2077 Martianqu
2703 2017 2942 2090 laudat,
2973 2023 3034 2077 et
3066 2018 3172 2096 qui
3204 2035 3344 2077 eum
3374 2019 3694 2096 fugerunt,

296 2117 669 2194 scriptores;
696 2117 803 2176 sed
838 2135 950 2177 nec
980 2117 1345 2194 ignoramus
1378 2116 1646 2175 vicissim
1681 2116 1757 2174 ab
1789 2115 1928 2174 aliis
1960 2116 2239 2176 diversos
2271 2117 2576 2193 praeferri,
2612 2121 2671 2174 et
2702 2116 2762 2174 in
2796 2134 2943 2175 mss.
2978 2116 3326 2194 praesertim
3377 2116 3698 2175 codicibus

303 2233 420 2293 pro
445 2233 557 2273 suo
588 2231 903 2292 quemque
935 2214 1240 2272 arbitratu
1273 2219 1463 2290 atque
1492 2213 1746 2290 ingenio
1804 2231 2218 2274 amanuenses
2249 2214 2486 2273 lusisse.
2523 2213 2978 2273 Celeberrimus
3007 2214 3158 2273 noni
3181 2214 3392 2274 saeculi
3443 2214 3697 2274 Latino-

297 2329 436 2371 rum
467 2310 812 2370 Bibliorum
848 2310 1232 2387 ςέπανορθωτή
1283 2309 1606 2384 Alcuinus,
1640 2310 1714 2370 de
1747 2329 1872 2388 quo
1905 2310 2090 2388 plura
2121 2311 2379 2371 inferius
2420 2311 2684 2371 dicenda
2729 2311 2909 2371 nobis
2958 2317 3170 2384 erunt,
3220 2311 3464 2372 caeteris
3513 2329 3701 2389 repu-

286 2408 475 2468 diatis
504 2407 796 2468 omnibus
818 2406 1036 2477 titulis,
1069 2405 1426 2466 Pandecten
1457 2408 1796 2486 inscripsit,
1829 2407 2076 2487 hocque
2107 2409 2243 2488 ejus
2261 2409 2599 2489 ‘proprium
2634 2428 2860 2470 nomen
2894 2427 3026 2470 esse
3056 2409 3399 2470 contendit.
3435 2413 3701 2469 Senten-

298 2507 450 2566 tiam
474 2523 654 2565 suam
685 2524 759 2566 eo
789 2510 1133 2583 exaggerat
1163 2505 1642 2584 epigrammate,
1670 2506 1838 2583 quod
1870 2511 1932 2566 et
1952 2507 2118 2566 inter
2147 2507 2282 2584 ejus
2312 2525 2509 2586 opera
2538 2507 2865 2585 vulgatum
2899 2514 3013 2580 est,
3048 2513 3111 2568 et
3141 2507 3220 2568 ad
3251 2507 3492 2568 calcem
3539 2507 3702 2567 sacri

287 2609 502 2663 textus
534 2621 572 2664 a
601 2621 668 2664 se
689 2603 995 2682 recogniti
1026 2609 1215 2679 atque
1246 2604 1562 2665 emendati
1593 2604 1655 2664 in
1686 2603 2099 2665 Vallicellano
2130 2605 2206 2666 de
2239 2606 2402 2667 Urbe
2438 2623 2551 2665 ms.
2591 2605 2896 2667 habetur:

965 2779 1206 2854 Nomine
1237 2782 1550 2837 Pandecten
1585 2781 1819 2854 proprio
1849 2781 2102 2838 vocitare
2134 2789 2429 2841 memento

1038 2853 1152 2908 Hoc
1183 2868 1396 2924 corpus
1430 2869 1686 2923 sacrum,
1718 2854 1918 2916 lector,
1949 2855 2008 2908 in
2041 2871 2138 2909 ore
2157 2859 2278 2910 tuo.

967 2923 1128 2988 Quod
1164 2923 1321 2980 nunc
1345 2943 1377 2980 a
1418 2924 1620 2980 multis
1652 2931 1884 2981 constat
1913 2925 2234 2981 bibliotheca
2265 2926 2421 2981 dicta

1033 2996 1278 3051 Nomine
1310 3013 1423 3052 non
1457 2998 1712 3069 proprio,
1750 3003 1812 3054 ut
1837 2998 2039 3069 lingua
2063 2997 2302 3069 Pelasga
2333 3001 2526 3068 sonat,
2559 3001 2668 3054 etc.

276 3196 515 3253 Verum
549 3193 686 3253 haec
719 3211 794 3254 ex
827 3193 964 3272 ejus
993 3195 1319 3256 occasione
1351 3195 1539 3269 tituli,
1575 3213 1779 3274 neque
1811 3195 1972 3255 enim
2009 3195 2203 3255 nostri
2239 3201 2332 3255 est
2360 3195 2862 3273 institutui,quot
2889 3195 3056 3273 apud
3090 3194 3697 3274 Latinos,quamquc

278 3293 474 3352 variis
499 3292 862 3352 nominibus
893 3293 1216 3371 Scriptura
1246 3295 1568 3372 appellata
1596 3295 1695 3365 sit,
1732 3294 2044 3373 persequi.
2079 3294 2428 3365 Voluimus,
2463 3312 2537 3353 ea
2564 3300 2808 3354 retenta
2854 3293 3281 3372 inscriptione,
3329 3311 3470 3372 quae
3503 3295 3696 3354 etiam

272 3409 404 3468 prae
459 3389 670 3450 ceteris
728 3392 922 3451 ferme
979 3391 1271 3464 obtinuit,
1307 3398 1370 3452 et
1428 3411 1538 3452 nos
1568 3393 1826 3453 lubricas
1859 3392 2269 3471 disputationi
2300 3391 2670 3466 subducere,
2706 3397 2769 3452 et
2799 3410 2984 3469 quam
3010 3391 3192 3468 longe
3217 3409 3254 3450 a
3285 3391 3699 3470 prurientium

275 3489 682 3566 ingeniorum
715 3488 1009 3549 aﬂectata
1037 3489 1313 3550 novitate
1345 3490 1668 3562 absumus,
1704 3490 2083 3567 significare.

365 3587 780 3663 Propositum
813 3592 1023 3645 autem
1055 3605 1252 3646 unum
1284 3592 1377 3647 est
1421 3588 1624 3661 nobis,
1674 3588 2228 3667 Hieronymianam
2277 3587 2862 3666 interpretationem
2913 3585 3264 3646 exscribere
3298 3585 3375 3646 ab
3427 3587 3703 3666 antiquis

282 3683 486 3750 libris,
525 3682 636 3760 qui
667 3682 946 3760 propius,
984 3683 1192 3761 quoad
1224 3684 1360 3762 ejus
1389 3684 1524 3744 fieri
1557 3686 1781 3764 potuit,
1808 3686 1887 3744 ab
1917 3685 2111 3764 ipsius
2141 3685 2504 3764 Interpretis
2531 3689 2713 3743 aetate
2759 3684 3011 3754 absunt,
3051 3689 3393 3760 antequam
3427 3702 3531 3743 eos
3572 3685 3701 3746 sive

286 3781 715 3856 glossatorum
750 3781 1140 3858 pervaserint
1172 3799 1417 3853 manus,
1450 3782 1898 3842 sententiarum
1931 3801 1963 3842 e
1994 3783 2321 3842 vetustiori
2351 3783 2635 3842 versione
2695 3800 2843 3841 usus
2900 3781 3273 3840 immutarit.
3338 3785 3428 3840 Ac
3461 3800 3609 3842 sane
3650 3785 3699 3842 si

283 3877 755 3938 Octateucbum
807 3877 1103 3956 excipias,
1141 3898 1300 3957 quos
1363 3887 1571 3939 tamen
1623 3879 1814 3940 libros
1870 3880 2077 3940 minus
2137 3880 2466 3959 minusque
2524 3879 2844 3958 impendio
2901 3883 3332 3938 correctorum
3395 3879 3700 3953 περιέργεια

291 3976 690 4055 depravavit,
725 3976 1002 4054 reliquos
1032 3995 1250 4036 omnes
1283 3977 1528 4038 llebraai
1560 3979 1827 4038 Canonis
1863 3985 1990 4037 tam
2023 3985 2084 4038 et
2115 3979 2392 4051 vetustis,
2431 3987 2491 4038 et
2520 3978 2776 4038 sinceris
2821 3977 2898 4036 ab
2950 3976 3344 4055 apographis
3393 3973 3696 4034 fontibus-

289 4092 408 4151 que
438 4074 826 4145 derivamus,
862 4081 927 4133 ut
952 4073 1027 4133 de
1058 4092 1272 4133 earum
1306 4074 1649 4134 lectionum
1673 4075 1819 4151 ﬁde,
1855 4094 1927 4135 ac
1960 4076 2434 4155 Hieronymiani
2463 4076 2668 4154 operis
2700 4074 3117 4153 germanitate
3149 4074 3439 4131 dubitare
3472 4070 3579 4128 vix
3623 4069 3698 4128 li-

279 4177 446 4230 ceat.
485 4170 702 4231 Sicubi
738 4189 887 4247 ergo
918 4170 1341 4232 inducendum
1377 4172 1740 4251 quempiam
1770 4192 2020 4232 versum
2052 4174 2319 4234 dicimus
2347 4179 2456 4234 aut
2494 4173 2866 4234 sententiam
2897 4191 2910 4245 ;
2945 4172 2995 4229 si
3053 4172 3287 4231 cubare
3348 4169 3412 4228 in
3471 4168 3701 4227 mendo

286 4269 523 4338 locum,
564 4285 712 4326 vera
742 4266 1011 4326 lectione
1044 4269 1382 4346 proposita,
1422 4269 2026 4330 animadvertimus:
2061 4271 2312 4330 demum
2346 4271 2396 4329 si
2451 4270 2634 4329 aliter
2690 4275 2878 4347 atque
2937 4267 3182 4327 obtinet
3239 4266 3454 4344 vulgo,
3512 4266 3702 4324 necti-

286 4383 465 4424 mus:
508 4365 818 4423 haeremus
851 4364 1039 4424 etiam
1073 4365 1440 4442 aliquando,
1475 4373 1666 4444 atque
1696 4367 1756 4425 in
1791 4367 2038 4426 diversa
2061 4373 2302 4426 veteres
2333 4385 2586 4445 quoque
2618 4366 2869 4425 chartas
2913 4365 3090 4424 abire
3142 4364 3572 4428 observamus,
3627 4380 3703 4421 ex

283 4462 406 4520 fide
443 4468 806 4520 nostrorum
839 4461 1292 4540 exemplarium
1326 4463 1633 4538 facimus;
1669 4483 1783 4524 nec
1813 4466 1937 4524 alio
1967 4483 2155 4542 quam
2190 4465 2268 4524 ad
2299 4464 2805 4542 Hieronymianae
2831 4461 3136 4523 versionis
3168 4461 3542 4538 dignitatem
3601 4479 3699 4519 as-

287 4557 626 4615 serendam
661 4561 767 4615 aut
800 4555 1264 4630 vindicandam,
1301 4557 1661 4636 quicunque
1693 4560 1942 4619 tandem
1977 4560 2079 4618 hic
2112 4559 2292 4620 labor
2317 4564 2430 4630 est,
2467 4560 2588 4618 line
2611 4559 2994 4617 exantlatur.

366 4657 451 4715 Ut
488 4672 636 4714 vero
668 4654 1059 4732 propositum
1093 4655 1214 4714 hoc
1248 4663 1531 4716 nostrum
1568 4657 1762 4735 probe
1792 4663 2029 4729 teneas,
2066 4676 2138 4718 ac
2169 4657 2329 4718 scias
2361 4657 2582 4734 quanti
2612 4655 2792 4715 nobis
2843 4655 3022 4714 labor
3071 4654 3173 4713 hic
3222 4653 3481 4726 steterit,
3527 4671 3700 4731 repe-

279 4753 479 4811 tenda
511 4751 600 4811 rei
633 4751 938 4812 memoria
969 4756 1081 4824 est,
1116 4770 1192 4811 ex
1224 4771 1350 4830 qua
1381 4758 1513 4813 tota
1537 4754 1994 4832 propemodum
2029 4754 2535 4832 Hicronymianze
2581 4753 2881 4812 versionis
2917 4751 3150 4829 pendet
3188 4750 3472 4826 historia,
3499 4751 3702 4830 deque

272 4847 644 4926 ejus,quam
677 4846 1060 4906 vindicatum
1086 4847 1696 4925 imus,germanitate
1717 4850 2325 4926 judicium.Vixdum
2362 4856 2541 4908 crant
2574 4855 2846 4926 quatuor
2877 4847 3091 4925 elapsa
3121 4849 3372 4918 saecula,
3397 4866 3468 4906 ex
3496 4868 3619 4926 quo
3643 4850 3702 4908 in

270 4946 612 5024 publicum
649 4944 854 5003 versio
893 4948 954 5003 S.
991 4945 1276 5004 Doctoris
1307 4947 1653 5023 prodierat,
1687 4966 1758 5007 ac
1793 4950 2021 5024 passim
2056 4948 2492 5006 auclorilatmn
2529 4946 2696 5023 apud
2733 4964 2949 5002 omnes
2993 4946 3118 5001 fure
3167 4944 3510 5015 obtinebat,
3565 4965 3702 5005 cum

277 5044 422 5122 jam
461 5041 760 5101 vilescere
793 5041 923 5100 visa
956 5047 1049 5101 est
1079 5041 1321 5101 mendis
1350 5043 1578 5116 obsita,
1614 5063 1754 5121 quae
1786 5045 1846 5103 in
1879 5051 2056 5104 tanto
2089 5043 2575 5102 describentium
2612 5042 3013 5100 librariorum
3067 5059 3351 5112 numero,
3408 5048 3706 5118 tantaque

287 5139 608 5200 utentium
643 5137 966 5208 varietate,
1003 5155 1223 5197 cavere
1278 5138 1604 5199 hominum
1640 5141 1968 5219 diligentia
1997 5159 2120 5200 non
2156 5145 2424 5218 poterat.
2458 5139 2526 5199 Id
2559 5157 2723 5215 aegre
2756 5141 2961 5198 ferens
2992 5137 3251 5197 Carolus
3284 5139 3542 5214 Magnus
3599 5139 3711 5196 im-

288 5244 579 5317 perator,
613 5236 807 5295 homo
829 5235 908 5294 ad
940 5235 1232 5295 Ecclesia:
1264 5237 1742 5298 aediﬁcationem
1777 5247 1967 5317 atque
1997 5245 2439 5298 ornamentum
2479 5243 2680 5310 natus,
2722 5243 2784 5295 ut
2811 5235 3089 5313 pristinae
3134 5235 3483 5312 integritati
3527 5236 3704 5294 resti-

279 5341 598 5404 tueretur,
637 5339 828 5411 atque
861 5333 1151 5393 omnibus
1183 5335 1497 5411 Ecclesiis,
1534 5337 1806 5397 maxime
1835 5336 2195 5407 Gallicanis,
2233 5333 3104 5401 constarctemcndatissima,
3154 5339 3389 5410 quanto
3433 5335 3706 5390 maximo

279 5432 500 5512 potuit
529 5431 739 5490 studio
771 5437 964 5509 atque
994 5433 1367 5492 auctoritate
1397 5435 1736 5494 contendit.
1789 5433 2110 5503 Volumus,
2145 5433 2349 5510 inquit
2380 5433 2441 5490 in
2472 5429 2962 5509 Capitularibus,
2999 5435 3056 5487 ri
3087 5429 3173 5487 ira
3205 5428 3434 5487 Missis
3466 5431 3704 5488 nostris

287 5529 734 5591 mandavimus
764 5534 822 5587 et
837 5527 1268 5609 precepimus,
1305 5535 1372 5588 ut
1395 5530 1459 5589 in
1489 5529 1798 5591 Ecclesiis
1828 5529 1985 5591 libri
2013 5528 2300 5590 canonici
2330 5543 2571 5588 veraces
2595 5526 2940 5588 habeantur
2969 5525 3322 5605 ;srcutjam
3347 5525 3474 5585 alio
3503 5526 3702 5610 Capi-

287 5628 499 5689 tulari
530 5635 692 5708 sape
733 5627 1189 5686 mandavimus.
1230 5627 1486 5690 Alcuino
1517 5635 1752 5704 autem,
1786 5631 1912 5690 sive
1960 5628 2212 5699 Albino,
2267 5629 2374 5706 qui
2420 5627 2483 5688 in
2530 5646 2760 5706 magna
2798 5623 3194 5705 imperatoris
3242 5623 3702 5688 existimatione
