4060 6190
381 345 447 402 Η
1864 330 1984 388 PR.

2190 329 2310 389 .‘lO.
3719 341 3793 399 42

378 481 439 535 et
467 473 698 535 collato
729 469 1076 534 Martianmi
1110 476 1169 529 et
1198 467 1507 546 Pougetii,
1545 466 1654 546 qui
1687 463 1956 525 multum
1986 461 2081 536 illi
2108 462 2325 523 labore
2357 471 2547 543 atque
2593 466 2946 527 eruditione
2977 483 3090 526 sua
3119 468 3379 545 profuit,
3415 470 3622 532 studio
3654 490 3795 550 per-

377 575 540 634 fecta
569 573 686 642 sit;
723 572 828 630 sed
863 571 1176 648 praacipue
1206 567 1343 645 ipso
1377 573 1654 626 veterum
1689 568 2245 624 monumentorum
2280 563 2522 637 merito,
2550 583 2622 624 ac
2645 566 2853 624 nativa
2878 566 3335 643 propemodum
3361 570 3457 628 sui
3479 569 3793 647 dignitata

379 676 622 731 tantam
679 668 818 728 iniit
873 685 910 726 a
965 665 1259 725 studiosis
1289 663 1578 742 gratiam.
1615 667 1861 722 Testem
1892 661 2056 720 dabo
2087 659 2277 737 hujus
2326 662 2413 720 rei
2445 662 2787 734 hominem,
2821 665 2999 740 cujus
3031 682 3103 724 eo
3135 665 3364 725 certius
3410 667 3527 726 erit
3558 686 3632 727 ac
3697 669 3794 727 lu-

379 767 686 828 culentius
715 763 1162 834 testimonium,
1200 781 1324 838 quo
1359 762 1555 838 magis
1619 761 1753 839 ipse
1809 759 2031 819 studiis
2087 759 2547 820 monachorum
2607 767 3095 840 sanctorumque
3156 766 3414 822 Patrum
3487 765 3787 839 infensus,

383 870 608 925 caetera
638 863 880 933 doctus,
916 867 978 920 et
1007 859 1398 919 lacessitusa
1457 858 1848 927 Martianaeo,
1910 855 2067 914 nihil
2124 875 2250 915 non
2311 857 2507 934 egerit
2566 864 2634 918 ut
2691 859 2826 936 ejus
2885 859 3105 934 labori,
3170 866 3424 938 arrepta
3501 882 3788 942 quaqua-

376 979 627 1021 versum
687 957 1038 1028 occasione,
1096 955 1475 1016 detraheret.
1527 956 1676 1014 Dico
1736 952 2363 1030 Hieronymianarum
2424 957 2830 1022 Questionum
2864 962 3209 1029 auctorem,
3249 958 3429 1035 cujus
3479 960 3624 1020 odia
3683 980 3789 1021 ex-

378 1064 692 1118 ercentem
724 1055 1063 1126 calamum,
1099 1054 1234 1132 ipsa
1265 1054 1427 1112 inter
1450 1051 1684 1130 jurgia,
1723 1053 1857 1110 haec
1890 1051 1950 1108 in
1984 1049 2325 1109 adversarii
2355 1053 2447 1110 sui
2481 1053 2731 1112 laudem
2797 1053 3100 1132 profiteri,
3165 1055 3256 1113 vis
3315 1056 3599 1116 veritatis
3649 1076 3788 1118 coe-

377 1156 510 1233 git:
548 1179 576 1208 «
613 1157 749 1213 Non
784 1171 1038 1231 possum
1071 1169 1196 1210 non
1233 1151 1491 1210 laudare
1521 1150 1849 1209 consilium
1887 1149 2236 1208 Martianaai
2275 1149 2351 1208 de
2407 1149 2663 1209 edendis
2721 1151 3085 1230 Hieronymi
3142 1152 3571 1223 Versionibus,
3636 1174 3788 1233 que-

380 1250 791 1311 madmodum
851 1253 1100 1308 exstant
1155 1248 1221 1306 in
1277 1247 1728 1325 antiquissimis
1785 1245 1983 1316 libris,
2047 1245 2179 1304 sine
2238 1246 2712 1320 mutationibus,
2777 1267 2915 1325 quae
2951 1254 3169 1326 postea
3199 1249 3263 1309 in
3292 1249 3366 1310 iis
3398 1251 3578 1310 factae
3611 1258 3780 1326 sunt,

374 1366 575 1427 eoque
605 1347 824 1407 ordine
857 1364 982 1423 quo
1010 1344 1421 1403 inveniuntur
1451 1344 1667 1403 iisdem
1702 1345 1764 1402 in
1797 1343 2010 1415 libris;
2047 1361 2170 1402 non
2201 1344 2448 1404 omissis
2485 1345 2760 1422 antiquis
2817 1346 3324 1407 distinctionibus
3384 1367 3524 1426 quae
3579 1349 3644 1408 in
3706 1350 3780 1409 iis

375 1450 737 1507 cernuntur.
771 1443 1073 1505 Videmur
1101 1442 1264 1501 enim
1301 1441 1480 1501 nobis
1511 1442 1721 1500 videre
1752 1459 1857 1500 eas
1887 1441 2241 1513 Versiones,
2276 1442 2493 1520 quales
2523 1461 2555 1501 e
2591 1462 2772 1502 manu
2807 1443 3169 1523 Hieronymi
3213 1446 3605 1524 prodierunt,
3669 1454 3784 1508 aut

375 1549 540 1604 certe
568 1560 760 1621 quam
794 1540 1033 1600 minine
1063 1539 1198 1599 ﬁeri
1233 1539 1458 1616 potuit,
1495 1538 1885 1598 immutatas.
1917 1561 1945 1591 ι)
1975 1537 2096 1616 (J0.
2133 1542 2443 1611 CLEBICUS,
2477 1547 2703 1617 quaest.
2738 1542 2798 1615 9,
2834 1559 3004 1602 num.
3041 1542 3132 1622 2.)

450 1642 655 1719 Atque
708 1639 847 1700 haec
903 1638 1156 1716 quidem
1231 1638 1396 1696 bona
1453 1636 1604 1695 satis
1661 1641 1755 1695 est
1786 1635 1944 1696 ratio
1977 1635 2178 1696 critici
2210 1637 2566 1697 testimonio
2598 1639 2961 1717 conjuncta,
2996 1641 3103 1700 sed
3135 1659 3278 1718 quae
3330 1659 3428 1701 me
3461 1642 3781 1721 praecipue

373 1757 564 1799 causa
592 1736 924 1816 permovit,
960 1735 1084 1795 alia
1117 1740 1229 1806 est,
1263 1733 1432 1810 quod
1467 1751 1603 1792 meo
1634 1733 1767 1810 ipse
1799 1733 2079 1810 periculo
2139 1739 2435 1811 expertus
2484 1753 2647 1807 sum,
2681 1736 2864 1796 aliter
2892 1737 2991 1797 vix
3051 1737 3189 1797 ﬁeri
3244 1755 3449 1816 posse,
3507 1745 3577 1799 ut
3633 1759 3776 1817 quae

377 1835 652 1896 maxima
695 1839 840 1894 sunt
870 1833 1059 1911 hujus
1083 1832 1227 1892 libri
1259 1831 1615 1903 commoda,
1651 1830 1730 1889 ab
1759 1830 2040 1890 studioso
2074 1829 2569 1908 perciperentur,
2603 1831 2720 1892 nisi
2790 1837 2993 1894 totum
3051 1833 3186 1911 ejus
3241 1834 3778 1913 interpretationis

372 1939 735 1994 contextum
773 1931 1221 2009 digereremus.
1258 1930 1346 1988 Ex
1379 1928 1475 1987 his
1505 1927 1820 2006 quaedam,
1859 1933 1926 1988 ut
1975 1928 2132 1987 fiant
2163 1929 2452 2007 exemplo
2511 1929 2962 1999 manifestiora,
3024 1932 3440 2009 proferamus.
3504 1938 3773 1994 Tantam

368 2031 433 2092 in
493 2048 873 2109 unoquoque
930 2028 1090 2088 libro
1150 2027 1531 2087 variantium
1590 2025 1932 2086 lectionum
1991 2026 2237 2098 silvam,
2298 2027 2811 2087 emendationum
2874 2048 3128 2107 quoque
3187 2035 3250 2089 et
3324 2031 3775 2107 glossematum

368 2129 689 2206 ingentem
746 2126 872 2184 vim
933 2131 1044 2185 aut
1100 2124 1274 2184 nullo
1331 2141 1472 2184 cum
1535 2124 1765 2191 fructu,
1801 2127 1912 2182 aut
1943 2142 2067 2182 non
2102 2141 2175 2182 eo
2207 2123 2456 2196 saltem,
2489 2124 2598 2202 qui
2628 2131 2722 2184 est
2749 2124 2914 2184 lectu
2948 2126 3219 2198 debitus,
3253 2127 3520 2205 carptim
3583 2128 3782 2189 oculis

369 2241 672 2304 usurpes:
735 2241 878 2301 quae
933 2222 985 2282 si
1042 2221 1118 2280 ad
1175 2240 1358 2281 suum
1417 2238 1686 2298 quaeque
1719 2224 2050 2280 contextus
2106 2220 2315 2280 locum
2351 2225 2666 2292 notentur,
2703 2222 2954 2281 irritant
2985 2223 3292 2299 animum,
3339 2231 3404 2284 et
3433 2232 3778 2303 provocant

367 2320 639 2400 legentis
692 2319 1062 2391 arbitrium;
1127 2324 1347 2378 contra
1404 2316 1454 2376 si
1505 2317 1586 2376 ad
1643 2334 1830 2394 quem
1893 2318 2078 2376 modo
2136 2335 2384 2377 versum
2443 2319 2814 2391 referantur,
2879 2320 3102 2380 docere
3135 2321 3306 2395 velis,
3358 2327 3418 2381 et
3465 2323 3782 2383 laciniosis

367 2437 536 2497 saepe
597 2417 933 2477 verborum
994 2415 1287 2476 ductibus
1345 2415 1434 2473 uti
1492 2432 1650 2491 opus
1705 2414 1805 2487 sit,
1867 2419 1929 2472 et
1985 2415 2240 2474 taedium
2302 2416 2508 2492 potius
2531 2434 2718 2493 quam
2754 2417 3075 2494 ingenium
3109 2418 3349 2477 homini
3408 2421 3778 2481 eruditionis

368 2515 602 2594 cupido
637 2533 912 2574 moveas.
947 2513 1202 2573 Scholia
1232 2518 1465 2581 autem,
1502 2531 1642 2589 quae
1675 2511 2006 2571 innumera
2037 2512 2496 2589 propemodum
2528 2518 2695 2584 sunt,
2732 2514 3004 2573 maxime
3033 2515 3097 2573 in
3153 2515 3634 2589 Octateuchum,
3698 2535 3775 2577 ne

367 2614 490 2673 hac
523 2613 776 2692 quidem
807 2610 1116 2670 industria
1149 2627 1502 2688 proponere
1531 2615 1626 2668 est
1655 2608 2025 2668 commode:
2063 2627 2203 2668 cum
2237 2610 2407 2669 enim
2439 2609 2597 2668 illud
2628 2610 2931 2689 dunaxat,
2975 2611 3217 2685 laudas,
3283 2614 3455 2690 quod
3513 2615 3776 2675 verbum

367 2710 731 2789 respiciunt,
761 2709 903 2788 ipso
940 2708 1200 2778 monito,
1236 2707 1500 2766 molesto
1531 2705 1770 2766 scilicet
1827 2713 2017 2784 atque
2046 2707 2319 2783 ingrato,
2354 2706 2540 2786 plura
2570 2726 2760 2785 quam
2793 2709 2925 2788 ipse
2957 2715 3287 2770 contextus
3318 2710 3532 2783 habet,
3587 2713 3779 2774 verba

367 2809 757 2887 conjungas:
822 2825 962 2884 qua:
1021 2805 1293 2864 vicissim
1355 2823 1387 2863 e
1446 2803 1702 2880 regione
1761 2804 1988 2881 posita,
2051 2803 2224 2864 nullo
2282 2805 2557 2882 negotio,
2619 2825 2743 2866 uno
2777 2806 2998 2866 obtutu
3030 2807 3095 2866 in
3124 2807 3341 2868 oculos
3373 2817 3773 2888 mentemque

364 2907 718 2965 incurrunt.
788 2904 962 2964 Idem
1019 2902 1354 2962 dicendum
1415 2901 1598 2979 plane
1657 2900 1856 2961 estde
1887 2900 2084 2960 obelis
2139 2905 2328 2978 atque
2387 2901 2722 2975 asteriscis,
2791 2903 2898 2980 qui
2954 2920 3098 2962 cum
3166 2905 3395 2980 passim
3429 2905 3604 2980 alibi,
3640 2913 3773 2968 tum

362 3004 684 3083 prmcipue
740 3002 816 3061 iis
873 3001 936 3060 in
996 3000 1194 3072 libris,
1257 2998 1365 3077 qui
1423 2999 1502 3057 ad
1561 3000 1848 3060 Graecum
1908 2998 2232 3076 exemplar
2288 2999 2604 3058 emendati
2636 3004 2783 3058 sunt
2812 3007 2873 3058 et
2930 3001 3258 3078 recogniti,
3294 3008 3470 3063 tanto
3508 3023 3773 3066 numero

365 3100 737 3171 obveniant,
798 3103 867 3157 ut
923 3097 1050 3156 otio
1108 3096 1407 3156 abutatur
1464 3095 1854 3174 etpatientia
1909 3101 2147 3164 nostra,
2185 3096 2236 3154 si
2295 3095 2434 3173 quis
2463 3095 2526 3154 id
2560 3095 2680 3155 sibi
2711 3096 3017 3173 pensidet,
3055 3104 3124 3158 ut
3154 3099 3410 3176 singula
3441 3109 3772 3163 memoret.

363 3199 597 3258 nedum
633 3203 700 3256 ut
729 3212 951 3258 causas
982 3200 1252 3254 enarret.
1287 3194 1542 3265 Quoties
1571 3211 1720 3252 vero
1753 3193 1970 3253 eadem
2003 3194 2065 3251 in
2100 3192 2263 3252 notis
2297 3193 2636 3270 repetenda
2667 3195 2898 3253 erunt?
2923 3195 3031 3272 qui
3063 3197 3289 3256 modus
3335 3198 3454 3258 erit
3512 3199 3777 3277 legentis

364 3304 476 3357 aut
509 3293 808 3355 dictantis
839 3291 1139 3352 fastidio?
1171 3310 1312 3369 quae
1347 3293 1503 3351 ratio
1536 3291 1999 3351 laudandorum
2032 3291 2315 3351 codicum
2350 3291 2379 3350 ?
2409 3293 2600 3351 Vetus
2633 3297 2843 3352 autem
2901 3293 3014 3352 illa
3069 3312 3363 3355 versuum
3425 3297 3770 3375 distinctio,

364 3413 506 3472 qua:
564 3391 720 3452 tanti
780 3408 946 3450 nunc
1002 3390 1072 3448 ﬁt
1127 3407 1200 3449 ac
1257 3395 1449 3448 tantae
1508 3389 1696 3449 refert
1753 3388 2150 3466 antiquitatis
2207 3390 2601 3461 memoriam,
2660 3389 2868 3450 verbis
2928 3394 3366 3470 reprmsentari
3429 3396 3525 3454 vix
3583 3415 3766 3474 posse

366 3492 674 3553 arbitror:
738 3488 996 3548 omnino
1057 3495 1264 3547 autem
1327 3495 1392 3547 ut
1452 3489 1591 3566 quis
1648 3487 1885 3547 utiliter
1942 3493 2221 3565 praestet,
2285 3506 2362 3546 ne
2421 3488 2523 3547 vix
2583 3488 2859 3566 quidem.
2920 3494 3077 3550 Tum
3111 3491 3244 3568 ipse
3271 3491 3459 3551 etiam
3519 3493 3776 3554 Hebrmi

367 3587 638 3648 Canonis
695 3591 1092 3664 conspectus,
1151 3589 1340 3662 atque
1401 3585 1581 3656 ordo,
1643 3603 1830 3662 quem
1867 3589 2197 3662 tantopere
2247 3585 2613 3661 praedicant,
2653 3587 2944 3664 praeverti
2976 3587 3222 3666 penitus
3266 3607 3516 3650 necesse
3545 3592 3645 3651 sit.
3679 3591 3774 3651 Ad

367 3686 505 3746 haec
554 3685 739 3745 solidi
793 3683 1049 3762 quidam
1109 3688 1254 3742 sunt
1311 3682 1472 3742 sacri
1501 3681 1647 3742 libri
1679 3682 1792 3741 abs
1849 3682 2230 3760 Hieronymo
2261 3682 2516 3760 quidem
2549 3684 2610 3742 in
2644 3685 2933 3744 Latinum
2967 3686 3275 3758 conversi,
3301 3706 3425 3747 non
3459 3695 3668 3749 autem
3705 3690 3768 3749 in

361 3784 696 3861 Vulgatam
756 3781 1094 3840 editionem
1153 3780 1408 3858 recepti,
1471 3779 1579 3857 qui
1635 3797 1817 3838 suum
1877 3778 1978 3838 hic
2031 3778 2150 3838 sibi
2206 3779 2528 3840 vindicant
2586 3782 2838 3859 proprie
2894 3782 3124 3842 locum.
3185 3784 3337 3843 Tale
3394 3785 3765 3848 Psalterium

362 3887 457 3941 est
513 3899 589 3940 ex
647 3880 914 3940 Hebrreo
972 3876 1344 3955 archetypo,
1405 3877 1573 3955 quod
1633 3882 1839 3936 vetere
1886 3875 2265 3954 jamdudum
2326 3877 2388 3936 in
2445 3877 2741 3938 Ecclesiis
2770 3879 3093 3940 obtinente
3142 3881 3662 3960 interpretatione
3694 3904 3769 3944 ex

359 3983 602 4050 Graeco,
665 3995 741 4036 ne
800 3975 1000 4036 turbae
1058 3974 1122 4034 in
1179 3974 1439 4052 populo,
1500 3974 1692 4051 longa
1741 3975 1874 4050 jam
1934 3973 2306 4035 habitudine
2358 3975 2616 4052 psalmis
2645 3975 2768 4036 illis
2798 3983 3075 4051 assueto,
3109 3979 3446 4050 cierentur,
3479 3981 3770 4043 substitui

358 4097 485 4138 non
545 4075 751 4154 potuit
802 4093 814 4133 :
877 4090 1147 4152 cumque
1205 4072 1286 4131 sit
1341 4071 1621 4131 omnium
1679 4071 2039 4131 ﬁdelissime
2099 4090 2172 4131 ac
2229 4072 2516 4132 doctrina
2545 4073 2901 4133 incredibili
2947 4073 3374 4149 elaboratum,
3409 4077 3613 4138 solum
3640 4080 3769 4142 fere

360 4175 440 4234 ad
499 4174 809 4252 privatam
869 4171 1285 4232 eruditionem
1346 4168 1686 4246 legentium
1735 4175 2011 4246 superat.
2074 4169 2256 4229 Tales
2313 4169 2452 4229 alim
2512 4176 2659 4230 sunt
2707 4188 3029 4231 sacrorum
3089 4172 3392 4233 librorum
3453 4178 3770 4238 versiones

352 4270 535 4348 juxta
598 4270 750 4329 LXX
812 4272 1214 4345 Interpretes,
1276 4271 1345 4326 ut
1391 4271 1484 4326 est
1545 4265 1744 4325 altera
1798 4265 1942 4325 Jobi
1999 4271 2188 4343 atque
2218 4266 2466 4339 Esther,
2501 4267 2732 4345 duplex
2763 4267 2912 4328 item
2958 4269 3359 4332 Psalmorum
3393 4275 3763 4350 recognitio,

358 4368 487 4428 sive
545 4385 686 4444 quae
745 4370 1035 4427 Romana
1091 4369 1152 4421 et
1202 4383 1342 4441 quae
1374 4363 1700 4423 Gallicana
1733 4361 2036 4422 Psalteria
2067 4362 2350 4436 audiunt,
2415 4381 2556 4441 quae
2587 4363 2649 4423 in
2681 4365 2968 4443 Vulgata:
3001 4367 3386 4442 recensione,
3422 4367 3520 4426 vel
3553 4369 3763 4446 plane,

358 4465 453 4524 vel
488 4463 568 4523 ad
599 4480 743 4523 eum
776 4461 998 4521 saltem
1034 4459 1290 4519 modum
1325 4477 1447 4519 non
1478 4467 1624 4519 sunt
1652 4478 1664 4533 ;
1699 4460 1971 4537 pretium
2005 4466 2215 4520 autem
2250 4466 2343 4520 est
2373 4479 2689 4520 summum
2723 4480 2931 4540 operae
2963 4463 3351 4539 cognovisse.

435 4561 803 4636 Quicunque
833 4557 970 4617 haec
1001 4556 1219 4615 sedulo
1253 4555 1567 4615 rationum
1601 4563 1921 4616 momenta
1947 4556 2344 4635 expenderit,
2370 4557 2580 4616 nullus
2614 4557 2748 4635 jam
2799 4557 3016 4617 dubito
3070 4557 3222 4635 quin
3275 4559 3441 4636 aequi
3487 4560 3764 4640 bonique

357 4657 646 4718 consulat
677 4656 1069 4734 propositum
1105 4659 1413 4726 nostrum,
1448 4670 1520 4711 ac
1552 4653 1706 4712 bene
1737 4653 1956 4711 locatae
1987 4654 2049 4711 in
2084 4653 2373 4712 universo
2406 4654 2788 4714 recensendo
2819 4659 2993 4714 textu
3026 4673 3234 4733 operae
3268 4675 3380 4715 nos
3412 4657 3575 4716 sinat
3616 4677 3764 4718 con-

356 4756 614 4817 scientia
645 4756 786 4815 frui.
821 4755 938 4814 Sed
972 4759 1154 4814 erunt
1183 4753 1443 4811 fortasse
1462 4752 1569 4830 qui
1601 4751 1725 4811 alia
1757 4752 1830 4810 de
1854 4769 2043 4810 causa
2075 4752 2528 4824 contradicere,
2562 4760 2772 4830 atque,
2808 4753 2916 4812 illa
2948 4754 3201 4813 vixdum
3237 4754 3487 4815 sublata
3519 4757 3760 4817 calum-

359 4853 484 4925 nia,
519 4853 918 4930 gravioreme
954 4850 1213 4926 vestigio
1246 4849 1544 4908 invidiam
1571 4866 1782 4908 creare
1814 4849 1874 4906 in
1910 4867 2022 4907 nos
2052 4849 2366 4909 studeant.
2394 4851 2798 4928 Compertum
2837 4869 3061 4929 nempe
3093 4870 3235 4910 cum
3270 4851 3369 4923 sit,
3401 4853 3762 4933 Hieronymi

360 4952 636 5012 maxima
665 4949 886 5010 saltem
919 4969 996 5008 ex
1027 4956 1202 5026 parte
1235 4947 1587 5006 versionem
1618 4964 1774 5016 esse,
1810 4965 1950 5024 quae
1984 4946 2254 5024 Vulgata
2285 4947 2559 5007 editione
2603 4948 2980 5018 continetur,
3010 4948 3159 5007 dum
3211 4967 3348 5008 eam
3401 4953 3757 5026 emendare,

356 5069 428 5110 ac
461 5049 738 5128 pristinae
770 5047 1111 5124 integritati
1142 5045 1488 5123 satagimus
1520 5045 1868 5104 restituere.
1901 5049 2097 5115 'l‘unc,
2133 5045 2374 5123 inquiet
2404 5046 2667 5105 fortasse
2691 5046 2940 5124 aliquis.
2969 5046 3330 5108 recensione
3351 5049 3467 5109 hac
3495 5057 3602 5111 tua
3623 5071 3761 5111 eam

357 5147 694 5208 editionem
727 5145 1026 5217 excludis,
1062 5163 1251 5222 quam
1314 5143 1740 5203 remotissimae
1773 5143 2165 5221 antiquitatis
2185 5144 2510 5212 memoria,
2540 5144 2736 5203 multo
2762 5151 2968 5203 autem
2997 5144 3194 5222 magis
3216 5148 3585 5206 mcumenici
3619 5150 3760 5207 Tri-

357 5245 595 5305 dentini
627 5244 874 5303 concilii
906 5243 1338 5310 auctoritas,et
1371 5241 1552 5318 plura
1588 5241 1880 5319 deinceps
1911 5241 2277 5320 pontiﬁcum
2314 5241 2568 5301 decreta
2602 5260 2787 5301 unam
2814 5261 2888 5301 ex
2913 5243 3206 5302 omnibus
3232 5263 3548 5304 sacrarum
3565 5246 3765 5325 Scrip-

359 5349 642 5402 turarum
675 5341 1038 5401 Christianis
1071 5339 1431 5399 hominibus
1463 5339 2034 5398 commendarunt?
2068 5338 2220 5397 Mihi
2254 5357 2396 5398 vero
2422 5338 2484 5399 id
2510 5339 2793 5417 nequein
2824 5347 3100 5400 mentem
3143 5342 3332 5413 venit,
3396 5361 3508 5400 nec
3555 5344 3605 5402 si
3663 5345 3758 5405 cui

359 5459 639 5515 unquam
672 5439 901 5510 veniat,
936 5438 1042 5496 ille
1075 5437 1227 5496 mihi
1259 5455 1479 5514 sapere
1511 5438 1817 5498 videatur.
1854 5437 2014 5503 Quin
2045 5437 2168 5497 imo
2201 5455 2513 5497 summam
2548 5437 2682 5513 ejus
2713 5437 3006 5498 editionis
3039 5438 3314 5510 laudem,
3368 5437 3516 5498 dum
3573 5443 3757 5520 spiri-

361 5542 460 5596 tus
490 5536 604 5596 hos
634 5543 807 5615 reget
837 5543 1029 5613 artus,
1064 5534 1402 5606 tuebimur,
1437 5541 1502 5594 ut
1533 5535 1613 5594 ad
1645 5535 1789 5594 fidei
1823 5553 1894 5595 ac
1927 5553 2169 5595 morum
2203 5535 2551 5594 doctrinam
2577 5535 2983 5597 imbuendam
3009 5535 3530 5614 tradendamque,
3603 5540 3757 5599 nihil

363 5654 484 5694 non
502 5655 688 5713 grave
703 5633 1356 5714 etpnrstantissimum
1373 5632 1432 5692 in
1447 5650 1520 5692 ea
1533 5651 1663 5694 esse
1678 5632 2105 5712 profiteamur,
2119 5637 2177 5692 et
2191 5650 2378 5710 quam
2397 5633 2554 5693 adeo
2571 5633 2631 5693 in
2653 5633 2818 5695 hisce
2834 5634 3018 5695 rebus
3031 5633 3469 5695 auctoritatem
3484 5635 3658 5697 obtin
3671 5637 3759 5698 uit
