4060 6190
259 329 319 388 13
936 325 939 328 ”
1714 322 1862 381 ΡΩΑ

2034 321 2156 381 .‘IO.
3562 331 3637 392 M

257 465 466 522 sanam
500 461 852 534 lectamque
883 458 1279 533 praestemus.
1317 454 1732 516 Nihilosccius
1771 455 1820 514 si
1870 473 2012 533 quas
2062 460 2348 514 veterum
2399 454 2804 517 librariorum
2855 463 2966 518 aut
3018 459 3282 534 incuria,
3337 468 3448 522 aut
3495 482 3640 542 per-

261 575 412 618 versa
439 574 592 616 cura
618 553 1010 632 irrepserunt
1038 552 1103 612 in
1133 571 1270 612 eam
1306 554 1622 628 menda,et
1657 554 1939 632 partibus
1970 552 2249 612 insident
2284 554 2543 613 minime
2577 555 2943 617 necessariis
2975 558 3054 616 ad
3089 558 3234 618 fidei
3267 579 3641 639 morumque

272 657 409 734 leges
437 652 930 731 componendas,
964 651 1152 712 homo
1184 651 1284 711 cui
1315 652 1489 711 cordi
1510 659 1602 712 est
1635 670 1842 711 rerum
1875 669 2193 711 sacrarum
2228 651 2526 728 dignitas,
2562 671 2635 712 ea
2663 673 2788 731 qua
2818 673 2933 732 par
2961 662 3075 726 est,
3112 658 3538 734 probalititate
3569 679 3642 720 ac

272 752 535 830 religione
573 768 722 810 usus
750 750 1051 827 castiget:
1089 750 1344 809 minime
1373 750 1654 809 omnium
1689 749 1744 809 ei
1775 750 2046 808 arbitror
2076 750 2598 826 succensendum,
2634 749 2760 809 imo
2792 770 2938 811 vero
2983 751 3140 812 bene
3171 753 3345 814 illum
3391 756 3644 834 ingenio

267 870 358 912 suo
385 869 453 910 ac
483 847 811 926 diligentia
832 848 910 907 de
940 847 1132 906 sacris
1164 848 1413 907 Litteris
1445 847 1765 908 meruisse.
1813 848 1880 907 1d
1913 847 2064 906 olim
2102 846 2216 905 viri
2251 847 2685 925 praestiterunt
2731 867 2975 908 summe
3026 851 3343 926 catholici,
3390 855 3644 915 summi-

267 968 369 1028 que
396 947 602 1007 itidem
640 945 926 1023 Vulgata:
979 945 1250 1023 patroni,
1293 965 1327 1006 e
1370 947 1623 1025 quibus,
1672 952 1742 1006 ut
1789 946 2038 1005 interim
2092 945 2428 1004 Henricum
2481 945 2984 1025 Buchentopium
3035 957 3428 1025 praeteream,
3480 972 3645 1011 nun-

270 1065 434 1126 quam
459 1064 584 1105 non
617 1045 871 1105 laudem
903 1044 1253 1123 promeruit
1279 1043 1678 1104 doctissimus
1708 1044 2080 1104 Franciscus
2111 1047 2279 1104 Luca
2328 1045 2686 1122 Brugensis,
2735 1046 2843 1123 qui
2892 1047 3165 1124 amplius
3213 1055 3433 1125 quater
3477 1050 3648 1110 mille

268 1147 408 1215 loca,
438 1162 572 1222 quae
607 1149 750 1222 post
781 1142 1115 1202 Clementis
1145 1143 1285 1203 VIII
1319 1143 1836 1220 recognitionem,
1874 1142 2317 1202 emendatione
2347 1141 2725 1220 indigerent,
2760 1150 2867 1204 aut
2900 1145 3193 1217 correxit,
3219 1152 3328 1206 aut
3349 1146 3530 1206 bonis
3551 1166 3646 1207 ar-

270 1242 549 1322 gumentis
578 1240 956 1318 corrigenda
985 1241 1317 1300 indicavit:
1353 1246 1412 1300 et
1445 1241 1617 1300 card.
1653 1241 2094 1313 Bellarminus,
2138 1240 2271 1318 qui,
2304 1240 2466 1300 datis
2497 1241 2575 1300 ad
2606 1260 2747 1302 eum
2782 1241 3028 1315 litteris,
3085 1243 3269 1321 plura
3318 1243 3392 1303 iis
3440 1245 3648 1305 adhuc

269 1357 557 1419 superesse
583 1340 654 1399 in
685 1338 906 1398 melius
939 1338 1261 1411 mutanda,
1299 1339 1350 1398 si
1379 1339 1430 1397 is
1460 1343 1622 1398 esset
1649 1339 1920 1409 animus,
1951 1338 2223 1416 ingenue
2255 1339 2570 1416 professus
2601 1345 2714 1398 est.
2750 1343 2841 1399 'I‘u
2877 1344 3122 1400 nostros
3163 1347 3426 1401 conatus
3484 1344 3651 1420 ejus-

269 1439 390 1498 dem
419 1437 725 1498 mstimato
758 1455 890 1497 esse
923 1436 1116 1497 animi
1145 1455 1219 1496 ac
1250 1436 1627 1497 voluntatis:
1664 1455 1736 1496 ac
1769 1437 1818 1496 si
1851 1436 2104 1497 demum
2154 1436 2310 1495 tanti
2339 1442 2504 1508 sunt,
2560 1456 2700 1515 quae
2750 1437 3164 1516 proponimus
3221 1439 3644 1510 emendanda,

271 1536 354 1596 his
379 1538 660 1609 adcense,
693 1554 836 1614 quae
867 1540 1108 1595 tantam
1136 1554 1174 1594 a
1205 1541 1264 1595 te
1297 1552 1374 1594 ex
1402 1535 1670 1594 aliorum
1699 1539 1958 1612 accepta
1987 1534 2196 1594 studio
2227 1534 2499 1611 gratiam
2533 1534 2834 1595 inierunt.

337 1636 554 1694 Tamen
585 1640 652 1694 et
681 1633 733 1693 si
762 1633 887 1693 alia
920 1632 1179 1693 omnino
1211 1632 1535 1711 provincia
1566 1638 1680 1704 est,
1715 1651 1905 1710 quam
1931 1650 2044 1692 nos
2073 1631 2478 1710 sumpsimus,
2516 1650 2720 1710 neque
2750 1633 2814 1692 in
2846 1651 2919 1692 ea
2953 1633 3324 1694 adornanda
3354 1633 3434 1694 ad
3466 1635 3651 1696 nobis

272 1732 601 1811 putavimus
634 1731 867 1808 negotii
898 1730 1056 1802 dari,
1093 1735 1159 1790 ut
1193 1730 1376 1790 tertio
1409 1749 1659 1808 quoque
1691 1730 1904 1804 verbo,
1939 1748 2116 1789 secus
2147 1748 2225 1788 ne
2257 1736 2418 1789 esset
2447 1729 2509 1788 in
2541 1730 2812 1807 Vulgata
2844 1731 3139 1803 editione,
3167 1731 3646 1810 dispiceremus.

274 1832 383 1890 Hac
411 1848 553 1889 sane
583 1830 725 1906 ipsa
754 1829 831 1890 de
863 1847 1054 1890 causa
1084 1828 1388 1889 retinetur
1417 1831 1526 1907 qui
1557 1834 1702 1889 ante
1733 1847 1846 1888 nos
1877 1833 2012 1888 erat
2070 1827 2290 1887 titulus
2349 1827 2621 1886 universi
2678 1829 2885 1906 operis
2941 1827 3337 1888 Bibliotheca
3381 1829 3648 1903 Divina,

278 1945 438 2004 quem
468 1932 695 1986 cmlera
725 1925 1069 2004 probamus
1099 1943 1348 2003 parum,
1386 1933 1448 1986 et
1478 1945 1514 1985 a
1545 1929 1607 1986 S.
1653 1929 2004 2003 Interprete
2064 1925 2478 2003 perscriptum
2542 1925 2750 1997 fuisse,
2807 1927 3065 1986 omnino
3124 1945 3250 1986 non
3309 1928 3646 1988 credimus.

267 2024 482 2084 Scimus
508 2041 658 2083 vero
681 2025 927 2102 jamdiu
960 2024 1110 2084 olim
1142 2023 1487 2083 obtinuisse
1517 2023 1684 2101 apud
1718 2030 1978 2096 veteres,
2013 2041 2170 2101 quos
2199 2023 2609 2084 Martianaaus
2640 2024 2880 2097 laudat,
2913 2029 2972 2084 et
3004 2024 3111 2102 qui
3143 2043 3282 2084 eum
3312 2025 3633 2103 fugerunt,

269 2122 606 2198 scriptores;
635 2123 741 2182 sed
775 2141 888 2182 nec
918 2123 1283 2200 ignoramus
1315 2122 1584 2181 vicissim
1619 2122 1696 2180 ab
1727 2121 1866 2181 aliis
1898 2121 2177 2181 diversos
2209 2123 2514 2199 praeferri,
2550 2129 2609 2181 et
2640 2122 2700 2180 in
2734 2140 2882 2181 mss.
2916 2122 3264 2201 praesertim
3315 2123 3636 2182 codicibus

275 2237 370 2296 pro
391 2237 494 2278 suo
523 2237 842 2298 quemque
873 2220 1179 2279 arbitratu
1212 2225 1402 2297 atque
1430 2219 1684 2296 ingenio
1742 2237 2156 2280 amanuenses
2188 2219 2425 2279 lusisse.
2461 2219 2916 2280 Celeberrimus
2946 2221 3096 2280 noni
3118 2221 3329 2281 saeculi
3381 2220 3636 2281 Latino-

270 2333 384 2374 rum
413 2316 750 2375 Bibliorum
786 2316 1170 2393 ςέπανορθωτὴ
1221 2315 1544 2389 Alcuinus,
1578 2316 1653 2375 de
1685 2335 1810 2394 quo
1843 2317 2028 2394 plura
2059 2317 2317 2377 inferius
2359 2317 2622 2378 dicenda
2667 2318 2847 2378 nobis
2897 2323 3109 2390 erunt,
3157 2318 3402 2379 caeteris
3450 2336 3640 2396 repu-

262 2411 420 2472 diatis
446 2413 734 2474 omnibus
756 2412 975 2484 titulis,
1008 2411 1364 2472 Pandacten
1396 2413 1734 2492 inscripsit,
1768 2414 2013 2492 hocque
2044 2415 2181 2494 ejus
2199 2415 2537 2495 'proprium
2572 2434 2799 2476 nomen
2832 2434 2964 2476 esse
2994 2416 3337 2476 contendit.
3373 2420 3640 2476 Senten-

271 2510 398 2569 tiam
419 2529 590 2570 suam
623 2529 697 2572 eo
728 2517 1070 2589 exaggerat
1101 2511 1580 2589 epigrammate,
1608 2512 1775 2589 quod
1808 2518 1870 2572 et
1892 2513 2055 2572 inter
2085 2513 2220 2590 ejus
2251 2532 2447 2592 opera
2475 2514 2803 2592 vulgatum
2837 2521 2951 2586 est,
2985 2521 3049 2575 et
3079 2513 3158 2575 ad
3189 2514 3429 2575 calcem
3477 2515 3640 2574 sacri

264 2612 446 2668 textus
473 2627 509 2669 a
537 2627 604 2670 se
624 2609 933 2687 recogniti
964 2615 1153 2684 atque
1184 2610 1500 2671 emendati
1531 2610 1593 2669 in
1625 2609 2037 2672 Vallicellano
2069 2611 2144 2672 de
2176 2612 2341 2673 Urbe
2375 2629 2489 2672 ms.
2529 2611 2834 2673 habetur:

903 2784 1144 2860 Nomine
1175 2787 1488 2842 Pandeclen
1523 2787 1757 2860 proprio
1787 2787 2040 2844 vocitare
2072 2794 2367 2847 memento

977 2859 1090 2914 Hoc
1121 2874 1335 2930 corpus
1369 2859 1856 2928 saerum,lector.
1889 2861 1945 2914 in
1979 2877 2076 2915 ore
2096 2865 2216 2917 tuo.

905 2929 1066 2993 Quod
1102 2929 1259 2986 nunc
1283 2949 1315 2986 a
1356 2931 1558 2986 multis
1590 2937 1822 2987 constat
1851 2931 2172 2988 bibliotheca
2203 2932 2360 2988 dicta

971 3002 1216 3057 Nomine
1247 3019 1361 3058 non
1395 3004 1651 3075 proprio,
1687 3009 1750 3060 ut
1775 3004 1977 3075 lingua
2001 3003 2239 3076 Pelasga
2271 3008 2464 3074 sonat,
2497 3008 2606 3060 etc.

259 3197 456 3257 Verum
485 3198 622 3259 haec
655 3217 732 3259 ex
764 3198 902 3277 ejus
931 3201 1257 3261 occasione
1290 3201 1477 3276 tituli,
1513 3220 1717 3281 neque
1749 3201 1911 3262 enim
1946 3201 2142 3261 nostri
2176 3207 2269 3261 est
2299 3201 2800 3280 institutni,quot
2827 3202 2994 3280 apud
3027 3200 3634 3280 Latinos,quamquc

261 3296 420 3356 variis
441 3298 800 3358 nominibus
830 3299 1154 3377 Scriptura
1185 3300 1506 3378 appellata
1535 3301 1633 3371 sit,
1669 3301 1982 3379 persequi.
2017 3300 2366 3371 Voluimus,
2401 3318 2474 3359 ea
2501 3306 2745 3360 retenta
2792 3299 3219 3378 inscriptione,
3267 3318 3408 3378 quae
3441 3301 3634 3360 etiam

256 3410 360 3468 prze
408 3395 605 3456 zeteris
665 3397 860 3457 ferme
917 3397 1209 3470 obtinuit,
1246 3404 1308 3458 et
1365 3417 1476 3458 nos
1507 3399 1764 3459 lubricae
1797 3398 2207 3477 disputationi
2238 3398 2608 3473 subducere,
2644 3403 2706 3458 et
2736 3416 2922 3475 quam
2949 3397 3130 3475 longe
3155 3415 3190 3456 a
3223 3397 3636 3477 prurientium

259 3488 617 3567 ingeniorum
651 3493 947 3555 aﬂectata
975 3495 1251 3556 novitate
1284 3496 1606 3568 absumus,
1642 3496 2020 3574 significare.

330 3590 718 3668 Propositum
751 3598 960 3651 autem
993 3611 1190 3652 unum
1222 3599 1315 3653 est
1359 3594 1562 3666 nobis,
1612 3594 2166 3673 Hieronymianam
2215 3593 2798 3672 interpretationem
2850 3591 3202 3652 exscribere
3235 3591 3313 3652 ab
3365 3594 3641 3672 antiquis

266 3682 431 3755 libris,
464 3688 569 3766 qui
602 3687 884 3766 propius,
922 3689 1130 3766 quoad
1162 3689 1298 3768 ejus
1327 3691 1462 3750 ﬁeri
1495 3691 1719 3770 potuit,
1747 3692 1825 3750 ab
1857 3691 2048 3770 ipsius
2078 3692 2442 3770 lnterpretis
2469 3696 2650 3749 aetate
2696 3690 2948 3760 absunt,
2988 3695 3330 3767 antequam
3364 3708 3469 3750 eos
3509 3692 3638 3752 sive

269 3782 650 3855 glossatorum
687 3787 1077 3864 pervaserint
1110 3805 1355 3859 manus,
1388 3789 1835 3848 sententiarum
1869 3807 1900 3848 e
1932 3788 2259 3848 vetustiori
2288 3789 2572 3848 versione
2633 3806 2781 3847 usus
2839 3787 3211 3846 immutarit.
3277 3791 3366 3847 Ac
3398 3806 3546 3849 sane
3587 3791 3636 3848 si

266 3882 693 3944 Octatenchum
745 3883 1041 3961 excipias,
1079 3903 1236 3963 quos
1301 3893 1510 3944 tamen
1560 3885 1752 3945 libros
1808 3886 2014 3945 minus
2073 3885 2403 3965 minusque
2461 3885 2782 3964 impendio
2838 3891 3269 3944 correctorum
3333 3885 3636 3960 περιέργεια

272 3976 625 4056 depravavit,
663 3982 940 4060 reliquos
970 4001 1188 4042 omnes
1221 3983 1466 4044 Hebraei
1497 3985 1765 4045 Canonis
1801 3991 1926 4042 tam
1960 3990 2022 4044 et
2053 3985 2330 4057 vetustis,
2368 3993 2429 4044 et
2457 3984 2714 4044 sinceris
2758 3983 2836 4042 ab
2887 3982 3281 4061 apographis
3331 3980 3634 4040 fontibus-

271 4092 365 4150 que
389 4079 764 4151 derivamus,
799 4086 866 4139 ut
890 4079 965 4139 de
996 4098 1210 4139 earum
1244 4080 1587 4140 lectionum
1611 4081 1756 4156 ﬁde,
1792 4100 1865 4141 ac
1898 4082 2371 4161 Hieronymiani
2401 4082 2606 4160 operis
2637 4081 3054 4159 germanitate
3087 4080 3377 4138 dubitare
3411 4076 3516 4135 vix
3559 4076 3636 4135 li-

264 4180 396 4232 ceat.
428 4177 638 4236 Sicubi
675 4195 824 4253 ergo
856 4176 1279 4238 inducendum
1315 4178 1677 4257 quempiam
1708 4197 1957 4239 versum
1989 4180 2256 4240 dicimus
2284 4186 2394 4240 aut
2431 4179 2802 4240 sententiam
2834 4197 2847 4250 ;
2883 4179 2932 4236 si
2990 4178 3224 4237 cubare
3285 4175 3349 4234 in
3409 4175 3639 4234 mendo

269 4267 460 4344 locum,
499 4291 648 4333 vera
679 4272 948 4332 lectione
981 4275 1320 4352 proposita,
1360 4275 1963 4336 animadvertimus:
1998 4278 2250 4337 demum
2283 4278 2333 4336 si
2389 4276 2571 4335 aliter
2627 4281 2816 4352 atque
2874 4274 3120 4334 obtinet
3177 4273 3392 4351 vulgo,
3449 4272 3640 4331 necti-

270 4383 410 4426 mus:
445 4370 756 4429 haeremus
788 4370 976 4429 etiam
1011 4371 1378 4449 aliquando,
1413 4379 1604 4450 atque
1633 4373 1694 4431 in
1729 4373 1975 4432 diversa
1999 4380 2240 4432 veteres
2271 4391 2524 4451 quoque
2556 4372 2806 4431 chartas
2850 4371 3028 4430 abire
3079 4371 3510 4439 observamus,
3565 4387 3640 4428 ex

268 4461 362 4522 ﬁde
392 4474 743 4527 nostrorum
775 4467 1230 4546 exemplarium
1264 4469 1570 4544 facimus;
1607 4489 1721 4530 nec
1751 4471 1874 4530 alio
1905 4489 2092 4548 quam
2127 4471 2204 4530 ad
2236 4469 2742 4548 Hieronymianee
2766 4468 3073 4529 versionis
3106 4468 3480 4544 dignitatem
3539 4485 3636 4526 as-

271 4563 558 4620 serendam
593 4566 705 4620 aut
737 4561 1202 4636 vindicandam,
1239 4563 1598 4643 quicunque
1628 4567 1880 4625 tandem
1915 4565 2016 4625 hic
2049 4565 2229 4626 labor
2253 4571 2368 4637 est,
2405 4566 2525 4624 ﬁne
2548 4565 2931 4624 exantlatur.

329 4658 398 4716 Ut
427 4677 568 4720 vero
601 4659 996 4738 propositum
1031 4660 1152 4720 hoc
1185 4667 1468 4721 nostrum
1505 4663 1700 4741 probe
1730 4668 1967 4734 teneas,
2003 4682 2075 4724 ac
2106 4663 2266 4723 scias
2298 4663 2518 4741 quanti
2549 4662 2729 4721 nobis
2779 4661 2959 4720 labor
3009 4660 3110 4720 hic
3159 4660 3418 4733 steterit,
3465 4678 3637 4737 repe-

265 4754 419 4814 tenda
448 4757 532 4816 rei
566 4757 875 4817 memoria
907 4763 1019 4829 est,
1054 4775 1130 4817 ex
1163 4777 1288 4836 qua
1318 4764 1451 4819 tota
1473 4761 1931 4838 propemodum
1966 4760 2472 4838 Hieronymianze
2517 4759 2818 4819 versionis
2853 4758 3087 4836 pendet
3126 4757 3409 4832 historia,
3436 4757 3640 4836 dequo

261 4846 578 4928 ejus,quam
613 4852 997 4911 vindicatum
1025 4854 2262 4933 imus,germanitatejudicium.Vixdum
2300 4862 2478 4915 erant
2511 4861 2783 4932 quatuor
2814 4854 3029 4931 elapsa
3059 4855 3310 4925 szeeula,
3335 4873 3407 4913 ex
3433 4857 3640 4933 quoin

260 4946 545 5020 publicum
582 4951 791 5009 versio
830 4954 891 5009 S.
927 4951 1214 5010 Doctoris
1245 4953 1590 5029 prodierat,
1625 4972 1696 5014 ac
1730 4956 1959 5030 passim
1993 4954 2429 5012 auctoritatmu
2467 4953 2634 5030 apud
2669 4971 2886 5009 onities
2931 4953 3055 5008 fere
3104 4951 3447 5022 obtinebat,
3502 4972 3640 5012 eum

267 5041 374 5117 jam
405 5047 696 5106 vilescere
730 5047 860 5106 visa
893 5053 987 5106 est.
1018 5047 1258 5107 mendis
1287 5049 1515 5122 obsita,
1551 5069 1691 5127 quae
1722 5051 1783 5109 in
1817 5057 1992 5110 tanto
2027 5050 2512 5109 describentinm
2549 5048 2951 5107 librariorum
3005 5065 3288 5118 numero,
3345 5053 3642 5125 tantaque

273 5142 543 5203 utentium
577 5143 904 5214 varietate,
941 5161 1161 5203 cavere
1215 5144 1542 5205 hominum
1578 5147 1905 5225 diligentia
1934 5165 2057 5206 non
2093 5152 2362 5224 poterat.
2395 5145 2464 5206 Id
2497 5163 2659 5221 {egre
2694 5147 2898 5204 ferens
2929 5143 3188 5203 Carolus
3220 5147 3478 5221 Magnus
3536 5146 3647 5203 im-

274 5247 515 5313 perator,
548 5242 744 5301 homo
767 5241 848 5299 ad
878 5241 1170 5302 Ecclesia:
1202 5243 1680 5304 aediﬁcationem
1714 5253 1904 5323 atque
1935 5251 2376 5304 ornamentum
2416 5249 2618 5317 natus,
2659 5249 2722 5301 ut
2748 5242 3026 5320 pristinae
3073 5241 3421 5319 integritati
3463 5243 3641 5300 resti-

267 5339 534 5408 tueretur,
574 5345 765 5416 atque
799 5339 1089 5399 omnibus
1124 5340 1435 5417 Ecclesiis,
1472 5343 1743 5403 maxime
1773 5342 2132 5412 Gallicanis,
2170 5346 2486 5400 constaret
2508 5339 3041 5406 emendatissima,
3091 5346 3326 5416 quanto
3369 5341 3643 5396 maximo

270 5434 444 5505 potuit
471 5437 676 5496 studio
709 5442 901 5515 atque
931 5439 1304 5498 auctoritate
1334 5440 1674 5499 contendit.
1726 5439 2048 5510 Volumus,
2082 5439 2286 5516 inquit
2317 5440 2378 5497 in
2409 5437 2898 5515 Capitularibus,
2936 5442 2993 5494 ct
3024 5436 3111 5494 ita
3142 5435 3371 5494 Missis
3403 5437 3641 5495 nostris

274 5531 673 5593 mandavimus
702 5539 760 5593 et
771 5533 1206 5615 praecepimus,
1242 5535 1396 5594 utin
1427 5534 1735 5596 Ecclesiis
1765 5535 1922 5596 libri
1950 5535 2238 5596 canonici
2267 5550 2509 5594 vcmccs
2533 5532 2877 5595 lzabcam‘ur
2907 5538 3120 5610 ;sccut
3119 5531 3260 5611 jam
3285 5531 3411 5591 alio
3440 5533 3640 5616 Capi-

275 5627 446 5688 !ulari
475 5639 632 5712 saepe
673 5632 1126 5693 mandavimus.
1167 5633 1424 5695 Alcuino
1454 5640 1690 5709 autem,
1723 5637 1850 5696 sive
1897 5635 2149 5705 Albino,
2204 5635 2313 5713 qui
2356 5634 2420 5695 in
2467 5652 2697 5713 magna
2735 5631 3131 5712 imperatoris
3179 5630 3638 5695 existimatione
