4060 6190
361 355 435 414 i5
1856 348 2298 410 PREFATIO.
3692 347 3770 406 i6

358 487 936 566 consuetudineque
966 491 1100 547 tum
1126 483 1301 557 vixit,
1329 490 1549 564 utpote
1577 484 1886 559 omnium,
1922 501 2081 563 quos
2109 501 2184 545 ea
2211 482 2357 545 tulit
2387 489 2560 559 aetas,
2594 484 3038 561 eruditissimo,
3100 489 3355 547 tantum
3404 483 3769 544 instauran-

361 588 457 648 dae
488 587 830 665 Scriptura:
860 601 1017 662 opus
1047 581 1498 643 demandatum
1531 588 1645 643 est.
1678 588 1769 644 Ac
1800 588 1946 643 sunt
1974 581 2253 660 quidem,
2288 581 2397 661 qui
2426 600 2568 643 eum
2614 585 2866 645 tradant
2896 583 3248 645 vernaculis
3296 580 3769 662 interpretatio-

361 684 548 745 nibus
578 703 701 743 non
735 686 1120 758 contentum,
1154 680 1551 740 addiscendis
1595 680 2009 759 originalibus
2038 679 2289 757 linguis,
2326 680 2649 741 Hebraicaa
2672 687 2735 741 et
2765 683 3019 755 Griecae,
3056 699 3319 760 Operam
3360 679 3771 760 impendisse-

362 784 563 861 iisque
593 799 723 841 esse
753 781 817 838 in
848 779 967 838 hoc
1004 778 1216 837 labore
1248 778 1511 838 feliciter
1541 779 1923 838 exantlando
1958 796 2160 838 usum.
2193 779 2421 837 Verum
2450 797 2592 857 quae
2624 779 2744 839 tria
2775 777 2828 857 ej
2844 798 2911 838 us
2942 779 3184 858 peritiae
3214 779 3278 838 in
3310 777 3616 838 Hebraico
3640 782 3769 837 tex-

363 887 429 940 tu
462 876 790 938 tractando
824 876 1060 953 profert
1090 882 1463 953 argumenta
1494 894 1772 955 nuperus
1803 876 1938 952 ejus
1967 876 2262 935 laudator
2292 874 2547 955 Hodyus
2575 895 2648 936 ex
2669 877 3280 938 Commentariorum
3304 875 3503 948 libris,
3535 876 3601 934 in
3632 873 3770 952 qui-

362 973 1044 1053 busHieronymianam
1078 973 1449 1046 versionem,
1483 993 1608 1052 qua
1641 975 2051 1047 utebatur,ex
2083 974 2351 1034 Hebraeo
2380 974 2693 1034 interdum
2728 975 3167 1045 correxisse,et
3192 990 3649 1053 nonnunquam
3673 971 3769 1032 di—

362 1080 525 1134 serte
554 1072 916 1152 repudiasse
944 1076 1256 1143 autumat,
1292 1070 1448 1130 nihil
1479 1074 1760 1149 profecto
1794 1076 1959 1144 sunt,
1997 1089 2202 1150 neque
2229 1072 2391 1132 enim
2426 1071 2637 1133 Albini
2670 1072 2780 1133 illa
2809 1078 2977 1145 sunt,
3030 1072 3138 1133 sed
3186 1072 3517 1151 ipsiusmet
3560 1074 3773 1130 Hiero-

365 1171 563 1250 nymi,
596 1190 634 1232 a
662 1188 787 1250 quo
817 1170 923 1229 ille
952 1168 1304 1246 descripsit,
1343 1168 1605 1231 totidem
1640 1169 1850 1229 verba.
1885 1172 2044 1230 Sunt
2070 1187 2220 1230 vero
2249 1170 2505 1230 isthaac;
2544 1173 2612 1230 In
2668 1188 2805 1249 cap.
2868 1172 3021 1232 Gen.
3080 1186 3229 1242 xxv,
3289 1172 3372 1230 8:
3443 1167 3773 1247 Quomodo

364 1269 647 1329 convenit
674 1266 945 1328 Abrahae
988 1273 1111 1326 tam
1143 1272 1360 1327 sancto
1389 1267 1523 1327 viro
1555 1267 1724 1348 quod
1749 1267 2011 1345 dicitur,
2044 1269 2122 1328 Et
2150 1267 2445 1328 deﬁciens
2475 1273 2761 1328 mortuus
2790 1271 2931 1329 est?
2961 1267 3350 1349 Respondeo,
3385 1267 3451 1326 in
3504 1264 3775 1327 Hebrwo

368 1385 489 1425 non
521 1364 800 1437 habetur,
839 1363 1172 1438 deﬁciens;
1206 1363 1319 1423 sed
1346 1384 1385 1422 α
1412 1362 1832 1444 Septuaginta
1861 1363 2315 1444 Interpretibus
2344 1363 2636 1424 additum
2664 1370 2777 1424 est.
2814 1367 2892 1425 Et
2921 1364 2985 1424 in
3012 1365 3250 1426 Eccles.
3276 1382 3340 1425 Ix
3366 1381 3379 1424 :
3406 1362 3774 1425 Notandum

368 1468 481 1535 est,
514 1462 816 1543 quodper
846 1466 1040 1521 totum
1072 1459 1309 1521 librum
1333 1460 1682 1541 ubicunque
1729 1461 1992 1534 dicitur,
2027 1461 2169 1522 Filii
2200 1462 2549 1535 hominum,
2585 1461 2648 1521 in
2678 1460 2944 1522 Hebraeo
2975 1461 3264 1533 habetur,
3298 1462 3441 1523 Filii
3471 1460 3773 1535 hominis,

369 1564 482 1621 hoc
510 1566 623 1636 est,
656 1560 800 1621 Filii
830 1560 1032 1620 Adam
1061 1576 1074 1618 :
1109 1565 1168 1618 et
1197 1559 1399 1618 omnis
1407 1568 1571 1640 pene
1598 1559 1930 1641 Scriptura
1960 1558 2075 1618 hoc
2104 1559 2403 1619 idiomate
2414 1558 2608 1640 plena
2633 1566 2747 1638 est,
2782 1559 3138 1619 universum
3172 1579 3376 1640 genus
3434 1561 3777 1619 humanum

367 1658 581 1719 Adam
612 1656 796 1730 ﬁlios
827 1677 1073 1717 vocans.
1108 1657 1393 1735 Denique
1425 1658 1489 1716 in
1520 1675 1659 1736 cap.
1697 1673 1822 1718 xu:
1865 1655 2303 1717 Obmutescere
2331 1678 2590 1738 quoque,
2624 1657 2773 1736 sive,
2809 1662 2878 1717 ut
2907 1658 3132 1719 melius
3187 1657 3450 1720 habetur
3508 1657 3572 1717 in
3631 1654 3769 1716 He-

369 1755 551 1830 brxo,
585 1754 968 1826 surdescere,
1002 1773 1186 1812 aures
1215 1753 1579 1833 significat.
1613 1756 1783 1832 Haec,
1812 1754 2098 1833 inquam,
2132 1755 2345 1816 omnia
2376 1774 2529 1834 pura
2564 1763 2842 1835 putaque
2871 1761 3017 1817 sunt
3060 1756 3425 1836 Hieronymi
3474 1754 3665 1816 verba
3702 1755 3769 1815 in

370 1852 849 1934 commentariis
878 1853 957 1913 ad
986 1870 1061 1913 ea
1089 1851 1560 1930 Scripturarum
1592 1852 1765 1913 loca:
1804 1852 1973 1931 quod
2007 1852 2198 1913 miror
2229 1853 2429 1931 magis
2459 1853 2777 1914 eruditum
2809 1853 3010 1914 virum
3044 1854 3241 1916 latere
3273 1853 3573 1934 potuisse,
3625 1869 3768 1913 cum

369 1930 556 2013 nemo
580 1952 713 2028 jam
745 1949 983 2011 nesciat
1015 1949 1316 2028 pleraque
1346 1949 1559 2010 omnia
1589 1930 1890 2010 Albinum
1922 1968 2001 2011 ex
2029 1950 2533 2030 Hieronymianis
2562 1950 2842 2011 fontibus
2875 1951 3206 2013 delibasse.
3252 1930 3473 2030 Igitur,
3529 1969 3655 2011 non
3705 1955 3774 2010 ut

374 2048 739 2129 quamdam,
774 2048 823 2107 si
855 2047 1025 2119 libet,
1060 2046 1472 2107 Orientalium
1504 2047 1854 2107 litterarum
1887 2047 2175 2108 aurulam
2208 2048 2413 2127 Magni
2443 2048 2651 2109 Caroli
2674 2049 2975 2127 magistro
3005 2049 3339 2121 invideam,
3377 2048 3487 2108 sed
3519 2053 3587 2108 ut
3629 2046 3771 2126 qui-

374 2148 493 2206 bus
522 2144 627 2205 ille
654 2145 994 2205 instructus
1024 2143 1318 2203 subsidiis
1346 2143 1683 2204 editionem
1718 2162 1896 2204 suam
1928 2144 2269 2219 adornarit,
2304 2145 2695 2207 innotescat:
2731 2146 2818 2207 sic
2850 2152 3079 2220 statuo,
3129 2146 3387 2207 minime
3415 2145 3592 2206 illum
3650 2144 3773 2206 hoc

369 2243 487 2306 sibi
518 2241 754 2321 negotii
781 2240 1050 2314 dedisse,
1083 2241 1189 2301 sed
1222 2259 1426 2319 neque
1457 2259 1596 2301 eam
1640 2241 1730 2302 illi
1759 2242 1949 2303 fuisse
1981 2249 2256 2304 mentem
2286 2248 2357 2303 nt
2377 2243 2714 2321 originales
2759 2249 2963 2305 textus
3013 2244 3390 2318 consuleret,
3444 2248 3507 2305 et
3554 2260 3645 2304 se
3677 2260 3776 2304 ar-

370 2342 654 2420 chetypis
684 2340 949 2400 Hebraeo
979 2344 1042 2399 et
1067 2342 1288 2400 Graeco
1318 2340 1763 2401 conformaret.
1822 2343 1983 2402 Tota
2028 2342 2149 2403 fuit
2193 2341 2330 2421 ejus
2373 2341 2685 2403 industria
2730 2342 2795 2402 in
2844 2341 3292 2421 conquirendis
3340 2342 3768 2421 undequaque

369 2438 875 2519 Hieronymianas
905 2438 1208 2499 versionis
1237 2437 1578 2512 codicibus,
1608 2431 2055 2518 iisque'sedulo
2086 2441 2251 2501 inter
2279 2459 2344 2501 se
2375 2440 2788 2514 conferendis,
2826 2446 2893 2501 ut
2924 2460 3065 2519 quae
3098 2440 3428 2520 probanda
3455 2439 3576 2501 sibi
3610 2444 3772 2500 esset

365 2537 578 2613 lectio,
612 2554 690 2597 ex
720 2553 937 2596 eorum
968 2536 1115 2608 ﬁde,
1147 2535 1257 2613 qui
1282 2534 1554 2596 melioris
1585 2536 2042 2598 emendationis
2073 2542 2135 2597 et
2165 2542 2330 2598 notae
2364 2537 2744 2610 viderentur,
2778 2537 3179 2599 decerneret:
3217 2536 3347 2598 sive
3377 2536 3554 2598 illam
3603 2555 3767 2616 prae-

364 2640 537 2696 terea
566 2632 647 2694 ad
680 2632 944 2693 sanioris
970 2631 1200 2693 critica:
1232 2631 1506 2711 regulas,
1538 2632 1667 2694 sive
1692 2633 1771 2694 ad
1800 2633 2129 2712 ipsiusmet
2158 2634 2523 2715 Hieronymi
2553 2634 2912 2695 testimonia
2942 2634 3338 2714 expenderit.

444 2772 614 2848 Opus
640 2767 980 2845 integrum,
1015 2769 1206 2827 Vetus
1234 2766 1472 2828 scilicet
1500 2785 1573 2827 ac
1616 2771 1869 2828 Novum
1899 2772 2395 2841 Testamentum,
2455 2787 2620 2830 novo
2679 2770 2800 2830 hoc
2855 2768 3107 2849 pumice
3162 2768 3512 2848 expolitum
3571 2773 3767 2848 atque

368 2866 774 2927 emendatum
799 2864 935 2943 jam
967 2882 1180 2938 senex,
1215 2882 1357 2925 cum
1389 2882 1623 2924 annum
1656 2865 1797 2944 plus
1826 2866 2034 2926 minus
2063 2866 2517 2945 octogesimum
2548 2867 2895 2927 secundum
2925 2872 3163 2945 ageret,
3195 2866 3260 2926 in
3311 2866 3624 2937 cmnobio,
3665 2877 3776 2938 cui

369 2969 660 3043 praeerat,
696 2964 761 3022 S.
796 2960 1048 3022 Martini
1076 2962 1245 3040 apud
1275 2962 1490 3023 Gallos
1521 2963 1915 3024 Turonenses
1944 2964 2237 3037 absolvit,
2268 2964 2601 3043 eidemque
2628 2964 2996 3041 imperatori
3025 2964 3250 3024 Carolo
3310 2965 3540 3042 Magno
3591 2963 3774 3024 obtu-

371 3060 465 3120 lit.
499 3062 717 3120 Exstat
747 3059 1211 3136 nuncupatoria
1239 3059 1377 3137 ipsa
1405 3059 1689 3137 Epistola
1718 3078 1885 3119 nunc
1915 3061 2078 3120 inter
2103 3061 2509 3121 Alcuinianas
2540 3061 2833 3121 vicesima
2862 3079 2938 3121 ex
2966 3064 3187 3121 eadem
3218 3064 3283 3122 S.
3336 3060 3597 3122 Martini
3645 3078 3773 3121 cm-

370 3156 561 3216 nobio
592 3155 763 3231 data,
804 3154 909 3214 ubi
939 3155 1016 3215 de
1046 3154 1143 3215 sui
1176 3155 1421 3215 ratione
1450 3155 1658 3233 operis
1682 3173 1893 3232 regem
1926 3156 2278 3236 alloquens,
2308 3155 2558 3230 Sacros,
2591 3157 2819 3236 inquit,
2850 3156 3051 3217 libros
3084 3157 3149 3217 in
3181 3157 3373 3217 unius
3424 3156 3777 3217 clarissimi

369 3252 651 3334 corporis
681 3251 1074 3311 sanctitatem
1103 3271 1406 3312 connexos
1427 3258 1610 3332 atque
1638 3252 1989 3332 diligenter
2017 3254 2372 3314 emendatos
2425 3252 2654 3314 Vestrae
2708 3253 3114 3315 Clarissimar
3158 3254 3550 3315 Auctoritati
3603 3253 3771 3314 diri-

367 3371 520 3430 gere
558 3349 797 3410 curavi.
831 3350 989 3410 Tum
1023 3349 1148 3409 alia
1169 3351 1248 3410 ad
1277 3350 1515 3410 Gislam
1546 3350 1812 3427 epistola
1840 3357 2017 3412 sexto
2048 3369 2305 3411 suorum
2337 3352 2945 3412 Commentariorum
2978 3352 3044 3413 in
3072 3353 3383 3414 Joannem
3425 3352 3585 3412 libro
3608 3370 3771 3431 prm-

369 3449 516 3523 iixa,
551 3447 658 3507 ubi
688 3466 752 3507 se
783 3447 893 3523 ait,
928 3455 1255 3528 occupasse
1282 3447 1527 3507 domini
1555 3447 1732 3527 regis
1771 3454 2152 3529 praeceptum
2180 3449 2252 3508 in
2308 3449 2736 3509 emendatione
2779 3447 3017 3509 Veteris
3065 3448 3353 3530 Novique
3393 3449 3766 3509 testamenti.

368 3545 551 3606 Paria
580 3545 679 3604 his
710 3544 899 3604 habet
928 3544 1193 3623 ipsemet
1222 3546 1503 3617 Carolus,
1525 3543 1940 3625 Iampridem,
1974 3546 2286 3623 inquiens,
2320 3546 2644 3605 universos
2689 3543 2926 3606 Veteris
2975 3566 3049 3606 ac
3087 3545 3256 3606 Novi
3295 3546 3649 3606 testamenti
3693 3545 3773 3606 li-

364 3641 507 3702 bros
537 3639 948 3701 librariorum
982 3641 1297 3721 imperitia
1327 3641 1716 3721 depravatos,
1750 3639 1908 3720 Deo,
1943 3661 2056 3702 nos
2087 3641 2153 3701 in
2181 3640 2467 3702 omnibus
2516 3641 2871 3721 abjuvante,
2926 3643 3304 3703 examussim
3359 3644 3767 3704 correximus.

367 3739 650 3817 Denique
680 3744 742 3799 et
770 3738 1135 3816 Sigebertus
1163 3739 1634 3800 Gemblacensis
1663 3740 1726 3799 in
1756 3739 2067 3800 Chronico
2097 3740 2179 3800 ad
2219 3758 2454 3801 annum
2513 3743 2631 3802 790
2685 3741 3032 3801 correxisse
3076 3742 3412 3802 Alcuinum
3464 3740 3770 3800 Divinam

369 3834 736 3896 Historiam
747 3834 946 3914 jussu
979 3836 1181 3917 ipsius
1211 3836 1389 3917 regis
1418 3857 1441 3913 ;
1473 3842 1536 3897 et
1562 3836 1725 3897 libro
1746 3837 1823 3896 de
1849 3836 2279 3917 Scriptoribus
2308 3836 2803 3917 Ecclesiasticis,
2838 3857 2975 3918 cap.
3011 3840 3111 3911 83,
3131 3837 3331 3917 jussu
3378 3839 3774 3920 imperatoris

368 3933 713 3994 correxisse
740 3931 1043 3993 Divinam
1074 3931 1561 4009 Bibliot/zecam,
1595 3935 1804 3995 tradit.
1842 3938 1993 4006 Quae
2025 3953 2139 3995 nos
2170 3935 2531 3996 testimonia
2578 3935 2701 3996 huc
2749 3936 2938 3996 etiam
2994 3936 3349 4009 retulimus,
3415 3944 3484 3996 ut
3545 3936 3775 3998 certius

372 4039 637 4107 constet,
672 4033 842 4112 quod
872 4032 1260 4107 dicebamus,
1294 4051 1421 4093 non
1452 4033 1650 4093 videri
1680 4034 1761 4093 ad
1790 4034 2166 4095 Hebraicum
2194 4036 2606 4113 Grmcumque
2635 4040 2876 4095 textum
2915 4053 3052 4095 eam
3085 4036 3428 4096 editionem
3480 4037 3769 4114 recogni-

372 4137 527 4204 tam,
561 4150 832 4209 quorum
863 4148 979 4191 nec
1009 4130 1200 4192 verbo
1234 4137 1415 4192 tenus
1446 4130 1786 4191 meminere
1818 4130 1926 4208 qui
1955 4149 2094 4190 eam
2127 4131 2392 4209 posteris
2423 4132 2968 4192 commendarunt.
3002 4135 3202 4193 Porro
3234 4132 3524 4193 nonnulli
3558 4133 3778 4193 etiam-

366 4246 518 4287 num
550 4228 794 4287 codices
825 4227 958 4304 ejus
988 4229 1368 4290 recensionis
1398 4233 1723 4309 superant,
1753 4246 2025 4307 quorum
2051 4228 2209 4287 duos
2239 4228 2564 4306 prmgandi
2598 4230 2782 4299 mole,
2818 4246 2960 4290 cum
2994 4233 3217 4291 Romae
3248 4247 3605 4308 ageremus,
3640 4236 3771 4290 tra-

363 4324 671 4385 ctavimus
703 4343 814 4385 nos
840 4325 979 4404 ipsi,
1016 4327 1333 4387 interdum
1366 4334 1428 4387 et
1458 4326 1912 4389 consuluimus.
1949 4327 2251 4398 Alterum,
2282 4344 2471 4405 quem
2503 4332 2565 4386 et
2593 4326 2906 4387 Victorius
2935 4346 3102 4407 saepe
3135 4320 3373 4401 laudat,
3409 4333 3667 4386 servant
3702 4330 3768 4386 S.

362 4422 543 4484 Pauli
570 4428 748 4484 extra
778 4442 991 4484 muros
1022 4425 1295 4485 armaria
1321 4441 1334 4496 ;
1369 4426 1640 4486 alterum
1670 4424 2077 4485 Vallicellana
2112 4423 2521 4496 bibliotheca,
2555 4443 2741 4503 quem
2765 4426 3070 4486 Baronius
3100 4443 3215 4503 pro
3248 4423 3520 4501 ingentis
3567 4422 3775 4501 praelii

362 4522 658 4583 thesauro
689 4522 932 4594 habuit,
964 4528 1186 4600 utpote
1219 4540 1342 4601 quo
1373 4523 1490 4601 usi,
1524 4541 1649 4582 non
1680 4523 1813 4584 sine
1844 4522 2067 4599 grandi
2101 4521 2334 4582 laboris
2364 4522 2759 4600 compendio,
2793 4522 3024 4581 fuerint
3056 4519 3286 4580 eruditi
3308 4517 3456 4592 viri,
3489 4519 3597 4597 qui
3632 4524 3775 4598 post

361 4620 707 4681 Tridentini
738 4620 989 4680 concilii
1018 4620 1362 4692 decretum,
1396 4620 1816 4681 reformandae
1837 4620 2125 4696 Vulgata:
2155 4620 2418 4679 editioni
2446 4618 2844 4678 insudarunt.
2879 4619 3143 4678 Exstant
3172 4622 3235 4678 et
3281 4616 3579 4695 quendam
3631 4617 3768 4694 epi-

362 4723 720 4795 grammata
746 4718 828 4778 ad
857 4718 1094 4779 calcem
1128 4718 1483 4789 voluminis,
1518 4735 1552 4777 e
1582 4717 1811 4796 quibus
1840 4716 1991 4776 satis
2022 4716 2273 4776 abunde
2302 4716 2511 4790 fuerit,
2544 4732 2780 4794 paucos
2823 4716 2936 4777 hos
2991 4734 3207 4775 versus
3264 4732 3378 4793 pro
3436 4713 3572 4791 ejus
3627 4715 3774 4776 licet

363 4816 575 4876 saeculi
603 4815 755 4878 vitio
784 4815 1090 4890 inﬂcetos,
1124 4817 1232 4895 qui
1262 4815 1361 4877 vel
1390 4820 1737 4883 auctorem,
1772 4813 1872 4874 vel
1904 4811 2314 4891 impulsorem
2346 4813 2553 4892 operis
2575 4813 2927 4886 nominant,
2961 4814 3364 4892 exscripsisse
3390 4828 3404 4871 :

1105 5064 1334 5142 Codicis
1353 5064 1527 5142 istius
1550 5065 1863 5142 quot__sunt
1892 5062 1955 5142 in
1986 5076 2228 5142 corpore
2257 5065 2465 5118 sancto

1176 5132 1654 5208 Depictmgformis
1687 5132 2187 5208 litterulaevariis,
2426 5158 2441 5177 ι

1108 5204 1403 5287 Mercedes
1434 5206 1664 5287 habeat,
1692 5205 1920 5287 Chr-isto
1943 5204 2228 5287 donante,
2262 5218 2369 5287 per
2397 5220 2582 5260 aevum

1174 5280 1283 5335 Tot
1302 5278 1541 5335 Carolus
1562 5295 1680 5346 rex,
1713 5277 1814 5350 qui
1846 5275 2098 5333 scribere
2119 5275 2304 5346 jussit
2332 5291 2488 5331 eum.

436 5429 592 5489 Item
626 5447 641 5490 :

1105 5572 1215 5628 Pro
1245 5586 1359 5639 me,
1390 5569 1644 5643 quisque
1669 5568 1833 5642 legas
1862 5582 2099 5643 versus,
2132 5581 2300 5643 orare
2330 5571 2649 5638 memento,

1171 5588 1215 5628 ιο
1245 5587 1359 5639 me,
1435 5587 1644 5643 meque
1670 5587 1833 5642 regas
1862 5587 2099 5635 versus,
2132 5587 2300 5622 orare

1171 5642 1376 5701 Alcuin
1390 5587 1562 5699 (dicor
1586 5657 1727 5715 ego;
1759 5646 1824 5697 tu
1854 5639 1981 5696 sine
2010 5638 2124 5694 fine
2153 5637 2300 5694 vale.
