4060 6190
303 340 374 396 17
1779 343 1906 401 ΡΒΛ

2105 343 2228 405 .‘IO.
2331 315 2333 320 ’
3632 351 3708 411 Is

373 472 516 535 Jam
547 489 695 534 vero
726 473 1017 551 persequi
1059 473 1231 534 haud
1262 480 1467 550 vacat,
1499 494 1689 555 quam
1736 477 1923 556 longe
1982 479 2233 558 lateque
2287 480 2351 540 in
2408 482 2699 543 Ecclesiis
2751 483 2940 545 editio
2997 484 3117 545 ista
3170 484 3532 560 obtinuerit,
3589 488 3705 548 ob-

304 577 601 649 sequente
632 571 1035 650 imperatoris
1066 574 1428 634 auctoritati
1453 575 1604 636 orbe
1637 578 2100 654 propemodum
2128 580 2444 640 universo.
2477 581 2590 641 Vix
2623 588 2833 642 tamen
2895 583 3062 643 dictu
3127 590 3239 656 est,
3304 603 3454 663 quo,
3511 587 3705 647 semel

310 671 446 729 data
477 670 644 729 sacri
676 675 884 731 textus
914 671 1289 731 emendandi
1322 673 1642 744 facultate,
1679 675 2098 734 studiosorum
2133 676 2440 737 industria
2462 679 2747 738 evaserit.
2786 682 2941 740 Tum
2991 680 3247 740 scholiis
3303 683 3546 743 onerati
3604 703 3705 743 sa-

311 786 555 827 crorum
588 768 876 828 codicum
914 769 1251 847 margines,
1281 771 1572 849 notisque
1603 771 1978 832 variantium
2018 773 2352 834 lectionum
2389 783 2497 836 aut
2528 777 3038 838 emcndationum
3093 798 3165 838 ex
3229 779 3517 851 Hebraeo,
3579 800 3704 841 non

301 866 404 927 illo
440 866 696 944 quidem
731 869 1104 946 archetypo,
1135 869 1243 928 sed
1275 875 1385 928 aut
1421 869 1558 929 aliis
1589 889 1704 947 pro
1735 871 1954 931 dubitu
1989 873 2241 951 punctis
2274 874 2599 947 instructo,
2663 882 2772 934 aut
2828 894 2901 934 ex
2965 876 3261 936 neoterici
3317 878 3705 939 Judaizantis

302 964 552 1042 ingenio
609 963 672 1023 in
729 963 1022 1024 Latinum
1085 982 1408 1025 converso.
1469 965 1840 1045 Hujusmodi
1899 969 2090 1028 ferme
2146 989 2327 1029 usum
2363 971 2524 1031 libro
2553 973 2843 1033 existimo
2906 973 3232 1033 Hebraeum
3292 973 3695 1051 scholiastcn,

301 1080 483 1141 quem
514 1068 768 1141 vocant,
803 1067 865 1122 et
893 1081 1229 1142 supparem
1263 1063 1501 1124 faciunt
1536 1065 1793 1126 Rabano
1826 1070 2074 1139 Mauro,
2109 1069 2218 1146 qui
2248 1074 2382 1129 taut
2415 1070 2524 1130 illa
2556 1069 2962 1149 glossemata,
2997 1090 3136 1151 qua:
3170 1078 3231 1131 et
3262 1091 3374 1132 nos
3430 1072 3698 1133 retinui-

306 1177 438 1218 mus
467 1160 547 1218 ad
577 1158 723 1220 libri
754 1177 952 1232 oram,
990 1161 1326 1238 congessit,
1363 1166 1424 1220 et
1472 1160 1579 1239 qui
1640 1160 1786 1222 licet
1841 1163 2070 1241 saepius
2103 1165 2490 1226 contentiosa
2523 1168 2721 1246 magis
2753 1187 2942 1247 quam
2980 1187 3120 1229 vere
3149 1169 3548 1247 interpretari
3606 1170 3695 1230 vi—

300 1255 543 1331 deatur,
573 1257 893 1318 interdum
925 1258 1112 1318 etiam
1144 1259 1302 1319 falsa
1332 1258 1465 1336 ipse
1495 1258 1760 1320 lectione
1794 1259 2020 1340 decipi,
2055 1267 2164 1322 aut
2191 1264 2468 1324 melioris
2492 1266 2939 1344 penitiorisque
2999 1265 3388 1344 signiﬁcatus
3442 1266 3695 1344 ignora-

296 1354 456 1414 tione
488 1355 638 1425 labi,
667 1373 849 1415 suum
877 1360 1088 1416 tamen
1122 1356 1398 1416 studium
1430 1355 1518 1416 ita
1552 1356 1686 1434 ejus
1719 1359 1920 1418 aetatis
1953 1360 2312 1422 hominibus
2339 1363 2736 1441 approbavit,
2775 1370 2842 1424 ut
2873 1365 3316 1424 vendibiliores
3346 1363 3556 1424 nullos
3587 1365 3696 1424 ha-

297 1450 515 1512 berent
545 1452 788 1512 librarii
815 1453 1084 1527 codices,
1119 1471 1307 1532 quam
1337 1454 1565 1532 quibus
1596 1461 1777 1516 notas
1805 1455 1948 1516 illas
1977 1458 2440 1537 apposuissent.
2476 1461 2635 1531 Quid
2686 1461 2854 1540 quod
2915 1461 3335 1541 Hieronymus
3389 1461 3525 1540 ipse
3585 1462 3689 1521 diu

299 1551 500 1626 potuit
559 1556 743 1611 terrae
798 1551 906 1612 ille
963 1551 1129 1611 ﬁlius
1186 1551 1550 1612 Martianaeo
1602 1553 1823 1626 videri,
1858 1573 1929 1614 ex
1965 1573 2089 1633 quo
2121 1561 2297 1616 tanta
2327 1575 2466 1616 eum
2498 1557 2662 1618 inter
2691 1564 2750 1618 et
2781 1558 3128 1619 Simonium
3164 1560 3236 1618 lis
3268 1559 3383 1618 fuit
3412 1559 3440 1618 ?
3487 1563 3690 1622 Taceo

302 1664 462 1707 nunc
494 1647 653 1708 alios
684 1666 747 1709 se
781 1648 1073 1727 quiorum
1107 1653 1489 1727 temporum,
1524 1650 1631 1729 qui
1663 1669 1804 1710 cum
1837 1651 2075 1730 aliquid
2106 1653 2221 1712 sibi
2253 1654 2611 1714 viderentur
2641 1656 2701 1714 in
2758 1656 3060 1717 Hebraica
3118 1658 3334 1735 lingua
3391 1658 3691 1718 eruditio-

292 1743 382 1802 nis
409 1746 753 1816 consecuti,
794 1746 873 1805 ad
904 1745 1225 1824 reﬁgenda
1252 1754 1476 1824 suopte
1506 1748 1757 1825 ingenio
1788 1749 2014 1809 Latina
2044 1751 2431 1828 exemplaria
2461 1771 2719 1831 operam
2752 1772 2928 1812 suam
2992 1754 3422 1826 conferebant,
3485 1773 3686 1834 eoque

289 1843 424 1922 plus
455 1861 523 1904 se
561 1843 872 1923 putabant
901 1843 1062 1903 bene
1092 1843 1168 1904 de
1199 1845 1391 1904 sacris
1419 1845 1672 1904 Litteris
1704 1846 2021 1918 meruisse,
2058 1867 2182 1926 quo
2215 1849 2502 1927 pluribus
2531 1850 2684 1910 locis
2717 1850 2796 1910 ab
2859 1858 3112 1929 recepta
3170 1851 3438 1911 lectione
3498 1853 3683 1912 ablu-

289 1942 522 2002 derent.
583 1941 854 2020 Insignis
873 1941 935 2001 in
969 1940 1136 2001 hanc
1165 1961 1296 2002 rem
1329 1943 1609 2021 Hugonis
1638 1943 1714 2003 de
1747 1945 1808 2004 S.
1842 1945 2110 2018 Victore,
2149 1946 2257 2025 qui
2287 1946 2660 2006 duodecimo
2692 1948 2950 2008 ineunte
2982 1948 3213 2008 sazculo
3245 1948 3478 2020 ﬂoruit,
3507 1950 3681 2010 locus

288 2044 371 2098 est
401 2038 508 2098 lib.
543 2039 622 2098 de
651 2039 854 2098 sacris
889 2039 1245 2119 Scripturis
1296 2058 1434 2119 cap.
1471 2043 1530 2116 9,
1565 2041 1696 2116 ubi,
1739 2041 1999 2120 Octavo,
2033 2043 2260 2122 inquit,
2293 2043 2425 2103 loco
2480 2044 2911 2113 Hieronymus
2941 2046 3202 2104 accessit
3250 2066 3370 2104 non
3403 2067 3548 2124 Jam
3605 2047 3682 2106 de

284 2134 544 2196 Hebrao
605 2137 671 2194 in
733 2138 1039 2212 G’rwcum,
1100 2136 1267 2196 sicut
1309 2138 1588 2218 priores,
1649 2139 1760 2198 sed
1814 2139 1891 2198 de
1950 2139 2214 2201 Hebraeo
2247 2141 2310 2200 in
2343 2141 2632 2202 Latinum
2665 2144 3052 2208 transferens
3084 2163 3461 2203 sermonem:
3496 2143 3681 2222 cujus

285 2235 636 2313 translatio,
672 2236 823 2316 quia
855 2235 1187 2297 Hebraicw
1217 2237 1469 2296 veritati
1496 2238 1877 2298 concordare
1907 2240 2116 2319 magis
2131 2240 2402 2322 probata
2460 2247 2572 2321 est,
2636 2243 2872 2302 idcirco
2915 2242 3201 2302 Ecclesia
3265 2241 3524 2303 Christi
3563 2252 3684 2323 per

286 2334 628 2393 universam
685 2333 1088 2393 latitudinem
1135 2343 1269 2415 prae
1326 2335 1564 2396 caeteris
1612 2336 1897 2396 omnibus
1956 2339 2506 2410 translationibus,
2567 2360 2722 2419 quas
2773 2341 2999 2400 vitiosa
3058 2341 3510 2422 interpretatio,
3558 2341 3688 2400 sive

283 2432 480 2497 prima
508 2431 590 2490 de
616 2430 882 2491 Hebrwo
916 2432 981 2491 in
1021 2431 1334 2512 Gracum,
1369 2434 1498 2493 sive
1527 2435 1806 2494 secunda
1840 2436 1917 2494 de
1954 2436 2178 2497 Graeco
2202 2439 2267 2496 in
2297 2437 2588 2497 Latinum
2612 2442 2821 2518 facta,
2856 2444 3260 2520 corruperat:
3293 2437 3455 2497 hanc
3483 2438 3684 2497 solam

289 2529 610 2609 legendam
644 2536 703 2588 et
735 2530 802 2589 in
823 2530 1196 2590 auctoritate
1225 2530 1570 2592 habendam
1600 2533 1951 2593 constituit.
1996 2534 2129 2595 Usu
2161 2541 2363 2595 autem
2388 2545 2583 2617 pravo
2615 2537 3045 2616 invalescente,
3072 2537 3184 2616 qui
3241 2557 3685 2615 nonnunquam

286 2626 466 2686 solita
524 2628 737 2708 magis
795 2648 977 2708 quam
1032 2649 1172 2688 vera
1230 2631 1479 2710 appetit,
1512 2633 1766 2706 factum
1821 2636 1914 2690 est
1947 2638 2015 2691 ut
2043 2632 2328 2692 diversas
2357 2633 2629 2693 diversis
2660 2633 3057 2714 sequentibus
3089 2634 3560 2712 translationes,
3596 2633 3684 2692 ita

290 2727 524 2785 tandem
557 2726 768 2786 omnia
798 2729 1058 2802 confusa
1087 2727 1240 2798 sint,
1278 2733 1346 2786 ut
1359 2735 1520 2808 pene
1549 2749 1714 2788 nunc
1742 2729 1900 2808 quid
1929 2731 2034 2789 cui
2063 2729 2462 2791 tribuendum
2494 2733 2601 2810 sit,
2629 2732 2981 2811 ignoretur.
3043 2733 3200 2792 Hinc
3230 2751 3420 2811 porro
3463 2738 3684 2792 exorta

285 2823 386 2884 illa
441 2825 842 2897 correctoria,
903 2829 971 2884 ut
1027 2830 1279 2899 vocant,
1336 2827 1465 2886 sive
1521 2827 1964 2905 castigatoria,
2021 2847 2144 2906 que
2175 2830 2424 2888 tametsi
2453 2829 2781 2889 hominum
2825 2836 3054 2890 caetera
3110 2830 3440 2890 doctorum
3473 2829 3682 2889 studio

289 2922 654 2982 concinnata
713 2928 882 2994 sunt,
942 2922 1162 2982 iisdem
1221 2929 1431 2983 tamen
1487 2923 1766 3001 vestigiis
1823 2924 2108 2985 insistere
2165 2925 2333 2985 haud
2393 2931 2766 3004 potuerunt:
2804 2944 3000 2986 novas
3027 2931 3238 2985 autem
3272 2943 3452 2985 sacro
3475 2925 3677 2985 textui

289 3020 659 3081 mutationes
687 3021 1074 3080 intulerunt:
1109 3021 1258 3080 dum
1291 3021 1615 3099 appositas
1647 3021 1914 3099 margini
1944 3021 2248 3082 librorum
2284 3029 2463 3083 notas
2493 3023 2600 3083 alii
2631 3042 2743 3102 pro
2799 3024 2964 3083 veris
3020 3023 3392 3083 lectionibus
3448 3021 3677 3083 substi-

280 3121 474 3190 tuunt,
510 3124 622 3178 aut
650 3117 837 3178 simul
870 3137 996 3178 una
1025 3117 1324 3192 inferunt,
1351 3137 1424 3178 ac
1454 3137 1569 3198 pro
1601 3138 1713 3179 suo
1762 3121 2027 3198 quisque
2058 3121 2362 3180 arbitratu
2422 3121 2618 3194 addit,
2681 3121 2872 3195 delet,
2933 3122 3246 3183 immutat.
3307 3119 3683 3198 Hujusmodi
3767 3141 3772 3144 ·

290 3216 609 3295 exemplar
636 3223 852 3276 narrat
884 3235 949 3276 se
979 3215 1204 3276 vidisse
1235 3217 1552 3276 Lindanus
1587 3223 2010 3297 pervetustum
2043 3219 2104 3278 in
2135 3219 2469 3279 Carthusia
2505 3219 2939 3280 Zeelhemensi
2989 3220 3176 3297 juxta
3228 3219 3678 3283 Diestbamiam

282 3309 416 3384 sita,
451 3313 623 3390 quod
655 3312 856 3373 Biblia
886 3313 963 3373 ad
998 3312 1244 3373 codices
1265 3314 1472 3374 Caroli
1502 3314 1712 3392 Magni
1742 3315 2189 3394 perdiligenter
2220 3317 2558 3395 castigatos
2583 3317 2845 3378 notabat
2877 3316 3273 3378 emendanda
3323 3316 3478 3378 locis
3535 3337 3686 3379 sane

285 3415 348 3466 ut
399 3427 528 3469 non
586 3409 832 3488 paucis,
890 3410 978 3470 ita
1038 3410 1293 3471 minime
1350 3410 1753 3489 pmnitendis.
1812 3412 2095 3473 Alterum
2153 3414 2481 3474 Bessarion
2513 3414 2850 3474 cardinalis
2889 3414 3360 3476 Commentario
3389 3416 3451 3475 in
3483 3416 3679 3476 illud:

285 3504 386 3565 Sic
413 3526 551 3568 eum
582 3507 718 3568 volo
747 3527 1013 3587 manere,
1074 3513 1296 3569 contra
1354 3511 1577 3588 Georg.
1637 3510 2122 3589 Trapezuntium
2183 3511 2424 3584 laudat,
2485 3513 2655 3590 quod
2712 3517 2857 3572 ante
2889 3530 3089 3572 annos
3151 3531 3342 3591 supra
3370 3517 3686 3574 trecentos

289 3605 524 3680 Roma,
582 3607 886 3668 Nicolaus
942 3610 1004 3667 S.
1065 3606 1318 3668 Damasi
1373 3607 1696 3680 diaconus,
1755 3613 1818 3668 et
1874 3608 2228 3682 Vaticanus,
2287 3615 2355 3670 ut
2409 3609 2544 3688 ipse
2599 3611 2712 3682 ait,
2770 3609 3181 3670 Bibliotheca:
3223 3609 3680 3688 suﬁ'raganeus,

286 3703 723 3777 adornaverat,
758 3705 939 3783 cujus
969 3703 1103 3765 hac
1135 3704 1356 3766 recitat
1389 3705 1614 3765 verba:
1649 3704 1959 3765 Lustrans
1992 3707 2271 3766 armoria
2303 3706 2632 3788 nequibam
2664 3706 2778 3767 hoc
2805 3707 3101 3788 adipisci,
3143 3707 3384 3766 veracia
3440 3708 3685 3768 scilicet

286 3802 654 3884 exemplaria
685 3802 983 3875 invenire,
1016 3803 1166 3882 quia
1221 3809 1280 3861 et
1333 3822 1467 3882 quae
1522 3824 1558 3861 a
1617 3803 2008 3864 doctissimis
2062 3805 2221 3865 viris
2251 3804 2624 3865 dicebantur
2663 3815 2962 3880 correcta,
3023 3824 3386 3884 unoquoque
3445 3806 3510 3865 in
3567 3827 3679 3867 suo

285 3917 458 3959 sensu
517 3899 897 3978 abundante,
944 3901 1094 3960 adeo
1143 3899 1600 3980 discrepabant,
1665 3906 1733 3960 ut
1777 3907 2077 3981 quotquot
2132 3903 2399 3981 codices,
2436 3908 2525 3962 tot
2550 3903 2924 3983 exemplaria
2973 3903 3324 3983 reperirem.
3359 3905 3514 3964 Vere
3546 3911 3676 3964 tum

285 3998 396 4058 dici
444 3999 524 4059 de
558 3998 1048 4078 Hieronymiana
1103 3999 1392 4059 versione
1450 4004 1719 4078 poterat,
1766 4001 1934 4078 quod
1967 4001 2044 4061 de
2081 4001 2406 4061 hominum
2439 4001 2839 4062 valetudine:
2877 4003 3046 4080 quod
3079 4002 3336 4079 gravius
3369 4008 3680 4080 aegrotant

285 4093 344 4168 ii,
373 4096 478 4176 qui
510 4114 658 4157 cum
687 4095 911 4157 morbo
942 4096 1132 4157 levati
1157 4095 1538 4171 viderentur,
1565 4096 1626 4156 in
1660 4115 1803 4158 eum
1834 4098 1910 4158 de
1941 4097 2184 4177 integro
2211 4088 2591 4160 incidérunt.

358 4295 511 4356 Puto
571 4299 785 4355 autem
845 4311 920 4354 ex
981 4293 1078 4353 his
1136 4293 1332 4355 lector
1389 4293 1708 4373 intelligit,
1767 4296 1937 4375 quod
1994 4296 2387 4368 volebamus,
2441 4313 2568 4374 quo
2600 4313 2715 4355 nos
2744 4295 3066 4374 proposito
3098 4295 3266 4355 hanc
3295 4297 3682 4374 provinciam

287 4391 679 4462 subierimus,
744 4397 805 4452 et
859 4391 1080 4469 quanti
1138 4391 1320 4452 labor
1373 4392 1476 4452 hic
1533 4393 1797 4453 steterit.
1857 4396 2102 4473 Nempe
2159 4413 2302 4454 cum
2334 4391 2698 4473 Hieronymi
2727 4393 3075 4453 versionem
3103 4391 3233 4470 jam
3266 4393 3413 4454 inde
3443 4395 3521 4454 ab
3569 4413 3684 4457 VIII

281 4491 498 4551 saeculo
560 4507 750 4551 omne
805 4507 1005 4567 genus
1062 4488 1217 4549 vitia
1275 4489 1703 4568 depravarint,
1765 4490 1901 4570 ejus
1933 4497 2066 4551 erat
2126 4491 2234 4570 qui
2290 4490 2478 4551 vellet
2535 4490 2813 4550 nativam
2870 4490 3040 4550 illius
3071 4491 3554 4568 germanitatem
3580 4513 3679 4553 re-

280 4596 675 4665 praesentare,
734 4593 977 4648 tantam
1039 4587 1243 4647 aetatis
1301 4589 1671 4650 memoriam
1733 4589 2122 4668 supergredi,
2186 4589 2250 4648 in
2309 4606 2575 4667 eamque
2606 4606 2737 4648 rem
2774 4588 2978 4667 primo
3009 4587 3395 4663 incumbere,
3432 4597 3498 4650 ut
3535 4610 3677 4670 quae

281 4687 567 4747 saeculum
624 4685 783 4746 illud
841 4689 1333 4758 anteverterent,
1397 4686 1784 4765 exemplaria
1841 4687 2373 4759 nanciscerentur,
2437 4691 2546 4746 aut
2604 4705 2744 4763 qua:
2803 4691 2970 4746 certe
3005 4685 3363 4746 criticorum
3395 4687 3458 4747 id
3489 4695 3551 4749 et
3581 4708 3676 4750 se-

283 4784 509 4861 quioris
570 4783 874 4863 temporis
932 4801 1156 4844 manus
1213 4784 1572 4858 evasissent,
1633 4785 1981 4845 manifestis
2035 4785 2280 4846 iudiciis
2337 4784 2756 4863 dignosceret.
2819 4787 2983 4844 Nam
3015 4784 3077 4843 in
3121 4786 3362 4845 caeteris
3420 4787 3675 4864 quidem

284 4884 562 4943 omnibus
595 4882 948 4942 litterarum
983 4880 1388 4942 monimentis
1419 4882 1814 4942 recensendis
1845 4883 2383 4961 expoliendisque,
2419 4881 2799 4960 exemplaris
2830 4899 2866 4940 a
2897 4899 3022 4958 quo
3052 4886 3371 4959 petuntur,
3434 4891 3544 4945 aut
3598 4886 3680 4946 ad

282 4979 448 5058 cujus
503 4980 848 5058 exiguntur
905 4979 1120 5052 ﬁdem,
1166 4979 1468 5040 momenti
1517 4980 1861 5059 plurimum
1905 4985 2056 5040 aetas
2087 4979 2299 5051 habet,
2335 4979 2385 5038 si
2417 4979 2712 5058 propiore
2743 4977 2820 5037 ab
2851 4977 3130 5038 auctoris
3162 4981 3551 5058 temporibus
3579 4983 3676 5043 in-

278 5081 534 5141 tervallo
567 5079 770 5141 absit:
806 5078 940 5139 ﬁeri
973 5083 1182 5139 tamen
1217 5085 1444 5158 potest,
1477 5085 1666 5159 atque
1694 5080 2012 5139 interdum
2049 5099 2164 5139 usu
2196 5079 2390 5151 venit,
2426 5083 2492 5138 ut
2524 5077 2886 5138 recentioris
2919 5076 3036 5136 aevi
3065 5080 3506 5158 apographum
3564 5100 3677 5142 an-

280 5177 527 5258 tiquiori
561 5179 747 5255 longe
779 5178 1075 5256 praeferas
1105 5177 1197 5237 sui
1230 5177 1451 5238 merito
1483 5185 1672 5257 atque
1702 5178 2162 5251 emendatione,
2198 5182 2418 5256 utpote
2449 5176 2618 5255 quod
2648 5175 2746 5234 vel
2778 5193 2814 5234 a
2844 5175 3178 5236 sinceriore
3237 5178 3380 5251 alio,
3443 5181 3538 5239 vel
3596 5180 3675 5240 ab

279 5275 638 5337 amanuensi
672 5281 734 5336 et
764 5275 1158 5352 diligentiore
1188 5281 1250 5335 et
1278 5275 1482 5353 magis
1510 5276 1757 5337 erudito
1789 5276 2172 5353 descriptum
2205 5276 2304 5334 sit.
2367 5274 2510 5335 Alia
2568 5279 2660 5334 est
2717 5272 2956 5333 Latinae
3013 5272 3203 5352 hujus
3258 5275 3558 5335 versionis
3609 5278 3672 5337 in

281 5391 416 5434 mss.
451 5372 779 5434 codicibus
808 5372 992 5444 ratio,
1026 5372 1104 5432 de
1135 5372 1364 5451 quibus
1392 5373 1493 5433 vix
1528 5379 1680 5452 puto
1709 5373 1772 5433 id
1805 5374 1930 5434 fere
1963 5392 2242 5452 unquam
2276 5378 2346 5434 ut
2374 5371 2641 5444 eveniat,
2670 5369 2836 5449 quod
2872 5388 2996 5429 non
3030 5371 3106 5430 ad
3165 5372 3473 5448 privatam
3533 5392 3673 5434 eru-

279 5470 596 5544 ditionem,
629 5470 737 5532 sed
769 5470 849 5531 ad
881 5470 1100 5550 populi
1129 5489 1311 5531 usum
1345 5472 1869 5547 describerentur,
1926 5477 2116 5549 utque
2167 5487 2378 5531 eorum
2439 5469 2738 5530 continuo
2795 5467 2997 5526 labem
3033 5473 3381 5547 temporum
3443 5471 3667 5549 ferant,

276 5570 500 5648 quibus
527 5568 771 5631 exarati
799 5573 966 5630 sunt.
999 5571 1144 5630 Non
1174 5568 1367 5648 igitur
1395 5570 1473 5630 ad
1507 5589 1642 5631 eam
1676 5569 1955 5651 pristinae
1985 5568 2330 5648 integritati
2364 5567 2814 5627 restituendam
2861 5565 3012 5626 satis
3050 5570 3183 5624 erat
3242 5583 3385 5624 mss.
3446 5567 3665 5646 libros,

278 5675 342 5727 ut
368 5671 498 5730 fors
528 5667 670 5729 tulit
697 5666 939 5740 obvios,
971 5671 1100 5742 aut,
1138 5666 1247 5746 qui
1277 5686 1428 5730 sane
1461 5668 1640 5730 multi
1670 5672 1971 5748 superant
1998 5666 2060 5726 in
2095 5665 2517 5740 bibliothecis,
2546 5665 2865 5743 elegantes
2893 5661 3194 5724 adhibere
3223 5661 3287 5722 in
3309 5666 3660 5746 consilium,
