4060 6190
361 373 434 433 19
1835 367 2277 426 ΡΒᾸΕΡΑΤΙΟ.
3688 364 3767 424 20

357 502 466 563 sed
495 500 932 581 conquirendi,
967 505 1203 579 quanta
1231 499 1512 560 maxima
1543 499 1609 559 id
1642 499 1774 560 fieri
1804 499 2060 560 solertia
2101 499 2328 578 potuit,
2391 497 2795 559 vetustissimi
2856 515 2930 558 ac
2989 514 3153 576 pene
3209 495 3470 557 exsoleti
3494 515 3511 571 ;
3567 495 3769 575 iisque

360 606 492 660 tota
523 600 861 660 deferenda
891 597 1254 674 auctoritas,
1290 597 1518 675 quibus
1550 598 1970 675 glossatorum
2005 615 2229 656 manus
2260 596 2670 676 peperceriut.

438 698 764 775 Ejusmodi
814 696 1007 757 libros
1064 701 1133 757 ut
1191 697 1382 774 longo
1439 697 1658 757 labore
1716 703 1906 774 atque
1960 695 2258 772 indagine
2317 713 2390 755 ex
2452 694 2647 754 Italiae
2705 692 3127 764 bibliothecis,
3191 697 3348 772 quot
3379 692 3572 753 ferme
3601 711 3763 771 opus

357 802 536 855 erant
566 797 646 856 ad
679 813 808 854 rem
840 800 1143 866 nostram,
1177 794 1795 874 comparaverimus:
1834 795 2116 872 profecto
2161 810 2351 872 quem
2412 790 2785 853 Veronensis
2843 791 2978 851 haec
3038 796 3254 851 nostra
3310 790 3766 869 suppeditavit,

359 913 610 954 omnem
671 899 738 953 ut
797 900 1073 966 aetatem,
1133 895 1222 954 ita
1281 902 1342 954 et
1399 894 1761 972 opinionem
1815 893 1995 953 facile
2023 899 2399 971 exsuperat:
2435 910 2622 970 quem
2657 899 2717 952 et
2749 896 3004 970 praestat
3037 891 3252 968 paucis
3283 889 3362 948 ad
3418 888 3768 967 periculum

357 992 711 1052 faciendum
743 991 1118 1064 describere,
1157 999 1222 1052 ut
1253 999 1313 1053 et
1343 993 1500 1053 alios
1532 993 1610 1053 ab
1643 1012 1715 1053 eo
1747 993 2038 1052 aestimes.
2092 991 2383 1052 Continet
2442 991 2642 1051 codex
2685 991 2801 1050 iste
2832 995 3077 1066 Regum
3110 988 3326 1060 libros,
3362 1006 3501 1065 quae
3561 987 3773 1065 potior

358 1109 429 1150 ac
458 1090 849 1152 nobilissima
880 1092 1221 1170 Scripturm
1255 1112 1398 1170 pars
1429 1100 1542 1162 est,
1579 1097 1707 1152 tam
1733 1093 1920 1152 certis
1952 1099 2206 1170 tamque
2238 1091 2555 1168 germanis
2583 1091 2838 1150 intactae
2887 1088 3392 1166 Hieronymianae
3451 1087 3770 1147 Versionis

360 1189 546 1259 notis,
609 1193 677 1247 ut
735 1190 975 1248 cmteris
1025 1196 1324 1267 praestare
1381 1190 1696 1264 omnibus,
1755 1195 1908 1267 quot
1967 1208 2042 1250 ex
2101 1193 2370 1267 Europae
2431 1186 2827 1248 bibliothecis
2877 1185 3179 1246 hactenus
3233 1185 3589 1260 innotuere,
3641 1203 3769 1244 non

360 1285 663 1345 dubitem.
733 1287 1099 1347 Membrana
1156 1294 1524 1367 compactus
1583 1293 1678 1348 est
1735 1304 2040 1366 perquam
2099 1287 2294 1358 tenui,
2354 1285 2613 1359 in-folii,
2675 1291 2744 1345 ut
2800 1289 3051 1356 vocant,
3103 1281 3210 1343 sed
3244 1282 3439 1343 ferme
3479 1281 3777 1359 quadrati

358 1384 665 1443 formam:
729 1383 954 1444 litteris
1009 1391 1218 1445 autem
1282 1385 1651 1464 majoribus,
1705 1385 1923 1462 quales
1983 1385 2044 1444 in
2079 1384 2530 1462 antiquissimis
2588 1383 2870 1444 omnium
2918 1380 3295 1441 monmentis
3326 1379 3772 1457 conspicimus,

361 1487 656 1541 cxaratus
713 1500 777 1542 es
830 1488 1025 1542 totus.
1088 1483 1410 1543 Interdum
1497 1483 1692 1543 ﬂavas
1773 1489 1964 1561 atque
2041 1483 2238 1542 aciem
2314 1482 2640 1542 oculorum
2716 1481 3088 1558 effugientes
3146 1479 3383 1538 litteras
3443 1478 3759 1555 posterior

364 1597 588 1638 manus
646 1579 827 1657 nigro
879 1580 1064 1658 juxta
1121 1586 1360 1641 veteres
1421 1581 1646 1641 ductus
1700 1585 2056 1641 atramento
2125 1580 2376 1651 infecit,
2463 1598 2534 1639 ac
2586 1597 2746 1658 pene
2813 1577 3154 1638 exsoletam
3241 1581 3431 1654 atque
3513 1593 3774 1634 evanes-

365 1684 610 1736 centem
670 1682 846 1738 tanta
905 1683 1216 1738 vetustate
1272 1678 1646 1756 scripturam
1705 1678 2052 1739 renovavit.
2120 1678 2443 1737 Interdum
2501 1682 2564 1736 et
2609 1676 2840 1737 clarius
2897 1673 3225 1752 expressit,
3310 1671 3582 1733 maxime
3668 1673 3778 1733 ubi

367 1780 723 1835 transversa
781 1793 1050 1853 superne
1098 1776 1328 1836 lineola
1383 1778 1432 1837 T
1494 1777 1765 1838 litteram
1833 1778 2142 1849 efformat,
2179 1795 2320 1855 quae
2351 1775 2413 1835 in
2448 1775 2654 1853 priore
2688 1781 2838 1854 typo
2871 1772 3041 1834 haud
3075 1771 3342 1831 multum
3375 1771 3454 1831 ab
3484 1772 3508 1832 Ι
3541 1771 3772 1832 differt.

366 1872 746 1951 Exemplum
777 1873 857 1933 ad
888 1873 1019 1933 veri
1048 1873 1400 1935 faciendam
1433 1874 1620 1935 fidem
1654 1873 1774 1935 hoc
1804 1875 2079 1935 habeto:

509 2130 1088 2275 CXVI)???
1124 2159 1622 2266 CdCill‘i
1662 2132 1961 2287 mal
2007 2183 2112 2275 re

1924 2132 2248 2277 Ῐῖὲιῖτίὶ
2291 2133 2468 2286 σῖ)
2497 2143 2715 2282 [ἔξω
2805 2163 2949 2279 ω
2988 2176 3170 2274 oe
3200 2166 3233 2258 Β
3269 2147 3527 2256 {iiii

512 2303 2115 2522 Ῐὶὲἕέίίδκίλδῖλῖῖβὲεῖΐῖ(

2042 2389 2229 2488 ica
2323 2365 3631 2522 ισΗίςΡέξΟΡῑϊῐλωςςςςτ

907 2514 1064 2707 (:R
1090 2524 1160 2616 R
1194 2520 1342 2707 λς
1394 2488 2248 2707 ὶσῐξῡῖῃέῖῖρκ
2275 2488 2654 2707 (ξςηῆ
3169 2518 3614 2707 lSRabc’l'.

912 2701 1231 2821 firm
1266 2663 1326 2805 ll
1366 2706 1431 2809 Β
1463 2715 1606 2826 C’R
1660 2663 1952 2832 Sam
1979 2663 2323 2844 utdel.-
2372 2663 2428 2678 ν
2467 2663 3028 2863 ῐέκῖῗβῐῖἱδω
3060 2699 3600 2880 ωιλςὺῐίη

444 3036 658 3098 Oratio
689 3033 939 3095 tametsi
967 3033 1172 3093 omnis
1201 3033 1566 3094 continuata
1595 3051 1804 3093 rerum
1837 3033 1995 3094 serie
2027 3033 2406 3104 continetur,
2442 3033 2682 3093 nullum
2716 3037 2787 3092 ut
2817 3037 3032 3111 pateat
3072 3033 3504 3108 interstitium,
3565 3051 3770 3111 neque

365 3135 428 3194 in
462 3132 672 3212 capita
701 3136 804 3192 aut
839 3149 1054 3191 versus
1083 3130 1450 3190 distributa:
1490 3129 1596 3190 ubi
1623 3137 1831 3189 tamen
1863 3130 2174 3190 sententia
2204 3135 2314 3189 aut
2345 3129 2644 3208 periocha
2675 3130 2981 3208 insignior
3011 3131 3260 3202 desinit,
3320 3149 3518 3210 parvo
3576 3130 3771 3190 inter—

363 3231 530 3292 vallo
564 3236 630 3290 ut
660 3229 1000 3307 plurimum
1034 3228 1466 3306 intercipitur:
1503 3228 1670 3306 quod
1703 3228 1978 3304 sequiori
2007 3227 2372 3288 amanuensi
2402 3228 2607 3288 locum
2645 3228 2785 3288 fecit
2815 3227 3229 3308 depingendaa
3259 3228 3351 3288 ibi
3377 3228 3770 3308 interpunc-

363 3329 572 3404 tionis,
612 3333 680 3387 ut
709 3327 914 3399 libuit,
948 3331 1136 3386 notae.
1171 3324 1642 3404 Orthographia
1674 3343 1925 3403 quoque
1958 3325 2224 3402 priscam
2261 3326 2498 3386 redolet
2528 3327 2879 3386 Latinitatis
2914 3327 3219 3386 rationem
3254 3333 3317 3386 et
3375 3327 3642 3386 formam
3706 3325 3768 3385 in

362 3425 569 3486 verbis
627 3425 899 3484 maxime
958 3421 1342 3499 compositis.
1402 3423 1462 3480 in
1519 3423 1747 3499 quibus
1793 3422 2036 3499 integra
2093 3424 2454 3502 praepositio
2488 3431 2794 3494 servatur,
2830 3432 2897 3483 ut
2927 3431 3041 3496 est,
3080 3423 3440 3504 subputare,
3475 3423 3761 3502 adloqui,

363 3531 555 3603 atque
588 3522 683 3582 his
714 3521 962 3581 similia.
997 3521 1372 3580 Emendatio
1402 3528 1610 3580 autem
1646 3528 1706 3580 et
1736 3522 1884 3580 satis
1916 3522 2280 3598 diligentem
2317 3523 2741 3600 antiquarium
2805 3523 3052 3601 probat,
3110 3531 3300 3601 atque
3357 3523 3432 3582 iis
3485 3523 3767 3582 seri-ben-

363 3629 489 3682 tem
527 3621 936 3698 temporibus,
971 3638 1111 3697 quae
1145 3619 1379 3678 Latinae
1413 3619 1619 3678 adhuc
1651 3620 1881 3696 linguae
1912 3620 2178 3697 gloriam
2213 3621 2648 3680 sustinebant:
2685 3621 2736 3680 si
2791 3621 2946 3679 illud
3009 3621 3307 3698 excipias,
3373 3619 3542 3697 quod
3602 3637 3768 3698 saepe

367 3718 708 3780 accusandi
737 3735 949 3777 casum
984 3735 1095 3795 pro
1125 3723 1320 3789 sexto,
1357 3723 1547 3795 atque
1582 3716 1746 3776 hunc
1776 3717 2047 3776 vicissim
2082 3737 2194 3795 pro
2226 3718 2333 3777 illo
2365 3718 2658 3778 adhibet:
2698 3718 2866 3796 quod
2936 3718 3142 3796 ipsum
3200 3723 3412 3777 tamen
3471 3717 3763 3777 verendas

367 3815 761 3895 antiquitatis
817 3813 1117 3874 indicium
1177 3833 1332 3887 esse,
1389 3821 1675 3874 notatum
1731 3822 1825 3875 est
1881 3815 2081 3875 doctis
2140 3816 2286 3874 viris
2333 3834 2410 3876 ex
2441 3824 2722 3876 veterum
2755 3816 3327 3876 Grammaticorum
3366 3815 3762 3887 testimoniis,

366 3921 556 3994 atque
588 3912 744 3973 alias
771 3911 972 3983 nobis,
1009 3911 1117 3988 qui
1147 3911 1352 3971 locum
1386 3911 1563 3970 illum
1597 3929 1671 3970 ex
1703 3912 2024 3972 domestici
2063 3913 2341 3973 Musaeoli
2373 3914 2568 3973 nostri
2604 3915 2795 3975 veteri
2824 3913 3074 3974 etbnico
3110 3914 3294 3974 titulo
3358 3912 3760 3986 adduximus,

366 4013 578 4073 SINE.
611 4009 1159 4070 ALTERITRUM.
1192 4010 1441 4068 ANIMI.
1483 4011 1919 4070 LESIONEM.
1957 4011 2095 4069 Uno
2130 4010 2318 4070 verbo
2352 4015 2589 4070 tantam
2622 4011 2768 4072 huic
2800 4011 2960 4072 libro
3020 4010 3354 4070 tribuimus
3412 4009 3764 4088 antiquita-

305 4167 310 4172 .
364 4117 516 4182 tem,
578 4115 647 4170 ut
700 4109 867 4168 inter
925 4105 1448 4185 Hieronymianos
1504 4116 1719 4184 parem
1781 4126 1914 4167 esse
1972 4107 2234 4168 vilemus
2286 4109 2339 4169 ei
2400 4109 2751 4179 neminem;
2789 4115 2978 4188 atque
3008 4108 3097 4168 illi
3127 4109 3316 4168 etiam
3348 4109 3762 4186 praeferamus

366 4208 597 4285 saepius
626 4206 909 4279 laudato,
945 4205 1053 4284 qui
1087 4205 1295 4266 Vitam
1356 4209 1416 4264 S.
1453 4205 1632 4264 Pauli
1691 4205 1980 4265 Eremitae
2013 4206 2310 4276 continet,
2346 4213 2408 4266 et
2437 4214 2684 4267 constat
2715 4225 2789 4267 ex
2822 4205 3138 4267 consulari
3170 4205 3414 4285 epocha
3456 4205 3534 4266 ab
3595 4223 3769 4265 ama-

364 4322 600 4364 nuense
677 4304 1000 4375 adnotata,
1062 4302 1318 4362 vixdum
1379 4307 1628 4363 centum
1661 4321 1793 4364 esse
1825 4303 2004 4364 annis
2044 4303 2423 4384 Hieronymo
2457 4305 2904 4367 recentiorem:
2943 4310 3012 4364 ut
3042 4303 3208 4364 hunc
3239 4304 3422 4373 adeo,
3457 4321 3641 4380 quem
3677 4301 3768 4361 illi

367 4409 550 4462 aetate
582 4400 997 4480 praeferimus,
1031 4401 1324 4478 propiore
1348 4402 1554 4462 adhuc
1579 4401 1910 4462 intervallo
1969 4420 2006 4462 a
2063 4404 2125 4461 S.
2183 4403 2468 4464 Doctoris
2499 4422 2632 4464 aevo
2667 4420 3122 4465 removeamus.
3155 4401 3332 4469 Quod
3403 4416 3594 4477 porro
3625 4415 3765 4475 ger-

368 4515 620 4557 manam
680 4495 974 4556 exhibeat
1031 4495 1393 4574 Hieronymi
1454 4499 1968 4572 translationem,
2031 4498 2378 4560 innumeris
2431 4501 2890 4578 propemodum
2947 4496 3336 4576 argumentis
3392 4493 3762 4565 evincimus,

368 4613 636 4675 quorum
699 4593 1044 4671 insigniora
1103 4593 1420 4670 quaedam,
1477 4614 1617 4674 quae
1674 4616 1750 4654 ex
1781 4596 1916 4673 ipso
1949 4603 2244 4657 contextu
2278 4595 2544 4668 elucent,
2583 4597 2644 4654 in
2677 4596 2841 4655 notis
2873 4594 3285 4673 proponimus
3330 4589 3764 4662 observanda;

371 4710 538 4752 nunc
568 4692 724 4752 illud
758 4691 927 4768 quod
961 4690 1196 4769 petitur
1224 4709 1300 4751 ex
1331 4698 1463 4752 tota
1495 4693 1728 4753 codicis
1758 4699 2098 4764 structura,
2131 4693 2501 4751 indicemus.
2536 4696 2621 4752 Ac
2653 4692 2924 4771 primum
2958 4692 3020 4751 in
3053 4693 3210 4753 duos
3241 4697 3486 4752 tantum
3547 4688 3763 4764 libros,

369 4809 636 4869 quorum
673 4790 832 4849 alter
860 4787 1114 4848 Samuel
1143 4789 1525 4860 inscribitur,
1565 4791 1723 4849 alter
1753 4788 2127 4859 Malae/lim,
2165 4794 2364 4848 totam
2403 4794 2755 4868 Regnorum
2788 4790 3113 4850 historiam
3164 4789 3406 4863 tribuit,
3467 4787 3764 4847 nimirum

366 4895 436 4948 ut
471 4888 588 4948 fert
619 4887 999 4948 Hebraicum
1033 4881 1380 4967 exemplar,
1414 4888 1583 4966 quod
1615 4888 2032 4968 Hieronymus
2063 4888 2422 4960 affectabat,
2458 4893 2792 4967 monetque
2823 4889 2886 4948 in
2921 4888 3289 4967 praefatione
3323 4906 3360 4948 a
3389 4904 3454 4946 se
3512 4883 3766 4964 praesti-

365 4993 544 5046 tum:
611 5005 735 5046 non
792 4991 862 5046 ut
917 4985 1190 5063 Vulgata
1249 4987 1309 5045 in
1371 4992 1666 5064 quatuor,
1727 4987 1896 5064 quod
1928 4992 2114 5046 antea
2145 5005 2220 5046 ex
2248 4997 2354 5046 τῶν
2394 4989 2544 5047 LXX
2607 4986 2944 5064 partitione
2974 4985 3321 5046 obtinebat.
3356 4983 3593 5045 Deinde
3623 4999 3764 5042 cum

365 5084 591 5145 veteris
623 5090 768 5143 ante
799 5085 1248 5162 Hieronymum
1283 5083 1604 5144 divisionis
1641 5103 1892 5144 monere
1915 5083 2308 5162 antiquarius
2338 5084 2559 5156 voluit,
2597 5084 2715 5144 hoc
2745 5085 2881 5163 ipso
2931 5084 3175 5143 monuit
3233 5088 3622 5159 testatusque
3676 5083 3771 5138 est

365 5183 739 5251 luculenter,
830 5201 1019 5261 quam
1109 5182 1561 5260 perscribebat,
1645 5182 2198 5262 Ilieronymianam
2285 5183 2632 5243 versionem
2721 5201 2874 5243 esse.
2957 5181 3140 5242 Initio
3227 5181 3371 5241 libri
3430 5178 3597 5257 apud
3656 5193 3770 5236 nos

364 5280 648 5351 secundi,
724 5280 971 5339 infectis
1032 5280 1228 5340 minio
1307 5281 1621 5358 prioribus
1676 5281 1902 5354 verbis,
1989 5279 2247 5340 Fadum
2307 5287 2418 5354 est,
2485 5300 2518 5342 c
2586 5280 2839 5357 regione
2918 5280 3270 5353 adnotavit,
3349 5278 3425 5338 In
3483 5273 3769 5353 antiquis

365 5375 820 5458 cxmzﬂarz’bus
879 5375 982 5434 Ιιιέ
1043 5377 1267 5457 incipit
1322 5372 1482 5436 liber
1538 5378 1868 5437 secundus.
1932 5381 2153 5455 Neque
2212 5398 2358 5439 vero
2391 5380 2673 5456 antiqua,
2709 5378 2824 5436 nisi
2853 5379 2930 5436 ad
2961 5397 3138 5438 novae
3192 5374 3496 5437 versionis
3552 5389 3768 5450 respe-

365 5484 558 5548 ctum,
595 5475 982 5554 exemplaria
1042 5475 1318 5533 diceret:
1381 5495 1583 5553 neque
1641 5477 1762 5535 alia
1810 5482 1944 5535 tum
2003 5483 2297 5554 poterant
2353 5485 2461 5536 aut
2519 5476 2778 5553 antiqua
2809 5475 3138 5554 appellari,
3174 5475 3291 5534 nisi
3349 5489 3486 5550 qum
3523 5469 3767 5549 pridem

368 5574 792 5647 obtinuerant,
856 5592 928 5632 ex
993 5574 1207 5631 Graeco
1268 5573 1572 5646 derivata,
1638 5581 1744 5633 aut
1802 5574 1928 5633 alia
1984 5593 2167 5649 nova,
2225 5593 2413 5653 quam
2476 5593 2617 5651 quae
2667 5573 2903 5634 dudum
2935 5591 3011 5633 ex
3043 5572 3308 5633 Hebraeo
3339 5573 3402 5630 S.
3439 5573 3627 5630 Pater
3656 5584 3768 5626 ex-

363 5669 648 5732 cuderet.
713 5671 988 5751 Idipsum
1049 5669 1128 5730 ad
1158 5669 1361 5732 locum
1427 5671 1531 5731 ubi
1589 5677 1851 5749 quartus
1909 5671 2068 5732 liber
2121 5671 2340 5751 incipit
2372 5673 2434 5732 in
2489 5672 2792 5750 Vulgatis,
2829 5671 3092 5732 fortasse
3137 5674 3346 5730 autem
3379 5663 3766 5727 manifestius
