4060 6190
314 320 372 377 2t
1776 315 2211 375 PR/EF‘A'I‘IO.
3619 325 3695 383 22

312 453 520 525 docuit,
585 451 700 511 hac
760 451 839 510 ad
897 468 1078 512 oram
1141 451 1374 512 codicis
1432 450 2047 513 adnotatione:Hie
2086 451 2258 529 ﬁnit
2315 451 2475 513 liber
2532 453 2758 512 tertius
2814 455 3150 515 secundum
3207 457 3406 519 LXX.
3437 458 3688 541 Nempe

315 570 432 629 qua:
485 549 770 626 superius
825 548 1087 626 antiqua
1145 549 1393 609 dixerat
1450 549 1860 629 exemplaria,
1925 568 1999 610 ea
2059 568 2224 610 nunc
2283 556 2468 610 vocat
2499 551 2574 610 de
2607 551 2882 625 nomine,
2916 571 3055 630 quae
3087 573 3124 614 a
3170 557 3686 636 Septuagintavi-

315 648 406 707 rali
458 645 863 706 translatione
917 646 1254 724 ﬂuxerunt,
1288 647 1601 725 infertque
1631 646 1788 706 adeo
1823 646 1985 724 quod
2025 666 2154 724 prae
2189 647 2478 707 manibus
2509 648 2804 722 habebat,
2856 669 2989 711 esse
3023 653 3100 712 ad
3138 655 3425 716 Hebraici
3479 663 3689 717 textus

314 763 567 806 normam
619 744 1020 816 adornatum,
1056 746 1222 822 quod
1258 745 1547 804 Hebraici
1581 750 1804 816 textus,
1843 764 1966 804 non
2013 746 2214 804 (trunci
2247 746 2648 824 partitionem
2709 752 2958 824 teneat;
3012 768 3078 808 re
3125 753 3290 811 enim
3340 773 3489 815 vera
3521 756 3694 816 nulla

310 849 386 902 est
424 843 480 901 in
537 842 752 902 codice
783 841 907 901 alia
937 842 1287 920 inscriptio,
1322 861 1513 920 quam
1546 843 1763 902 isthmc
1795 843 1872 902 ad
1905 844 2090 902 tinem
2128 843 2268 902 libri
2300 844 2364 902 in
2397 845 2667 921 Vulgata
2698 846 2957 904 secundi
2984 865 2996 904 :
3032 846 3212 906 Finit
3231 849 3391 909 liber
3411 850 3688 912 Samuel.

309 939 514 1020 Incipit
544 939 707 998 liber
736 939 1108 998 Malae/tim.
1144 941 1239 999 Ad
1272 941 1405 1000 haec
1437 959 1683 1000 summa
1729 959 1867 999 cum
1902 941 2165 1001 Hebraeo
2216 948 2389 1000 textu
2451 943 2859 1002 conformitas
2908 942 3062 1004 locis
3110 946 3304 1007 ferme
3365 950 3684 1025 omnibus,

308 1037 599 1116 quibusin
628 1036 875 1097 diversa
933 1037 1063 1096 abit
1089 1037 1385 1114 Vulgata,
1419 1037 1547 1097 sive
1579 1056 1720 1097 cum
1752 1038 2207 1112 additamenta,
2244 1057 2385 1117 quae
2436 1058 2513 1098 ex
2567 1040 2892 1100 vetustiori
2952 1043 3361 1105 translatione
3416 1047 3686 1125 irrepse-

309 1141 434 1194 runt
460 1135 713 1196 omnino
745 1135 964 1196 reticet
993 1135 1121 1197 sive
1183 1135 1289 1194 ubi
1354 1137 1675 1196 meliorem
1737 1136 1933 1196 multo
1993 1138 2231 1214 profert
2293 1138 2625 1197 lectionem
2685 1155 2759 1198 ac
2806 1157 3057 1198 sensum
3089 1140 3258 1216 (quae
3289 1142 3349 1200 in
3382 1143 3564 1212 notis,
3620 1150 3690 1204 ut

305 1232 565 1305 diximus,
605 1251 720 1312 pro
752 1252 818 1293 re
848 1239 997 1293 nata
1027 1236 1453 1311 exponuntur)
1485 1239 1851 1314 γνησιότητος
1885 1233 2396 1312 Hieronymianaa
2430 1236 2744 1295 Versionis
2803 1254 2877 1296 eo
2941 1237 3330 1298 manifestius
3380 1238 3682 1300 indicium

306 1337 402 1402 est,
434 1349 551 1408 quo
585 1331 965 1390 Iuculentius
997 1331 1330 1410 profitetur
1360 1335 1422 1391 S.
1461 1333 1776 1410 Interpres
1803 1332 1863 1390 in
1897 1331 2194 1408 Prologo,
2229 1332 2386 1391 nihil
2419 1333 2535 1391 sibi
2567 1332 2827 1392 omnino
2860 1333 3177 1393 conscium
3214 1352 3369 1406 esse,
3418 1342 3689 1395 mutasse

303 1447 358 1485 se
381 1427 697 1506 quidpiam
729 1428 806 1486 de
826 1427 1145 1486 Hebraica
1177 1429 1453 1488 veritate.
1489 1433 1647 1489 Sunt
1682 1436 1894 1488 autem
1932 1436 2240 1507 praeterea
2268 1449 2408 1507 quae
2441 1429 2577 1507 ejus
2609 1431 3045 1508 praestantiam
3079 1431 3221 1491 libri
3245 1435 3687 1494 commendent

305 1526 507 1586 notulze
538 1526 832 1604 quaedam
865 1527 1068 1605 prima
1099 1527 1315 1587 eadem
1352 1547 1538 1587 manu
1575 1535 1633 1587 et
1663 1527 2045 1587 characteris
2077 1529 2302 1599 forma,
2343 1528 2540 1587 multo
2574 1528 2712 1588 licet
2748 1529 3189 1588 minutioribus
3220 1530 3462 1603 litteris,
3515 1549 3682 1591 mar-

301 1624 411 1701 gini
439 1625 665 1703 passim
691 1626 1022 1704 appositae,
1047 1645 1159 1686 nec
1192 1645 1341 1686 sane
1376 1626 1880 1696 contemnendae,
1915 1632 2024 1685 aut
2056 1626 2229 1696 locis,
2266 1645 2422 1704 quos
2457 1623 2824 1704 explanant,
2858 1627 3149 1686 inutiles:
3185 1647 3547 1707 quanquam
3577 1647 3683 1689 eas

305 1721 473 1781 satius
502 1722 800 1782 duximus
832 1730 1048 1802 utpote
1079 1724 1295 1783 devias
1325 1724 1650 1802 proposito
1685 1730 1896 1784 nostro
1927 1724 2431 1801 praetermittere.
2469 1723 2795 1800 Specimen
2829 1743 2902 1783 ex
2943 1725 3166 1803 prima,
3202 1745 3342 1804 quae
3408 1727 3683 1786 occurrit

303 1819 369 1879 ad
395 1839 602 1880 vocem
637 1819 948 1882 Ramatha
964 1821 1192 1882 habeto
1209 1841 1230 1896 ;
1265 1820 1421 1880 Haec
1449 1827 1540 1880 est
1562 1821 1809 1898 civitas,
1843 1841 1974 1900 qua:
2007 1822 2070 1880 in
2103 1820 2458 1899 Evangelia
2489 1821 2852 1880 Arimatlzia
2882 1822 3143 1899 dicitur,
3179 1824 3342 1882 unde
3370 1830 3428 1882 et
3443 1823 3676 1904 foseph

303 1917 526 1978 decurio
556 1919 707 1983 fuit.
741 1919 1031 1998 Capitula
1062 1939 1334 1998 quoque,
1374 1922 1502 1980 sive
1533 1922 1927 1980 Lemmatum
1961 1920 2207 1992 seriem,
2243 1938 2384 1996 quae
2417 1919 2562 1978 licet
2590 1919 2702 1978 abs
2763 1921 3142 1999 Hieronymo
3199 1941 3324 1980 non
3387 1923 3678 1981 videntur

294 2015 614 2087 elaborata,
649 2017 1085 2096 antiquissima
1110 2024 1320 2078 tamen
1351 2025 1518 2091 sunt,
1553 2025 1614 2078 et
1643 2024 1788 2079 ante
1819 2017 2174 2078 Cassiodori
2210 2035 2435 2089 aevum,
2475 2036 2635 2077 unus
2666 2018 2781 2077 iste
2813 2019 3186 2078 Veronensis
3219 2038 3334 2078 ms.
3369 2026 3669 2098 postven.

293 2113 440 2173 card.
469 2113 793 2175 Thomasii
822 2121 885 2176 et
912 2116 1461 2177 Benedictinorum
1496 2117 1801 2177 editiones
1831 2117 2075 2195 integra
2107 2121 2537 2194 repraesentat,
2573 2115 2992 2194 restituitque,
3014 2134 3086 2176 ac
3109 2117 3323 2177 solidis
3351 2117 3670 2177 interdum

292 2210 463 2271 titulis
491 2212 766 2292 supplet.

353 2312 536 2370 Tanto
571 2311 775 2390 igitur
799 2316 1055 2388 tamque
1086 2311 1252 2371 bono
1281 2312 1626 2390 exemplari
1659 2311 1717 2370 in
1753 2313 2139 2372 restituenda
2169 2312 2304 2390 ejus
2339 2311 2476 2371 libri
2510 2311 3003 2390 Hieronymiana
3034 2311 3552 2392 interpretatione
3585 2312 3680 2372 usi

294 2423 502 2482 sumus,
535 2415 608 2468 ut
631 2409 687 2468 si
721 2409 877 2468 nihil
910 2410 1129 2468 fuisset
1161 2415 1465 2488 praeterea
1496 2410 1868 2488 praestitum,
1903 2417 2065 2470 esset
2097 2417 2305 2469 tamen
2335 2427 2448 2469 cur
2473 2407 2608 2487 ejus
2643 2409 2914 2469 nominis
2945 2415 3136 2488 atque
3158 2409 3529 2470 eruditionis
3552 2417 3678 2470 stu—

295 2503 429 2563 diosi
458 2506 742 2567 homines
775 2507 1041 2566 multum
1073 2526 1135 2566 se
1165 2507 1348 2567 nobis
1378 2507 1604 2567 debere
1639 2508 2104 2586 profiterentur.
2139 2510 2366 2567 Verum
2399 2514 2460 2567 et
2491 2507 2552 2566 in
2587 2507 2842 2586 reliquis
2876 2507 3051 2566 libris
3081 2508 3376 2568 omnibus
3407 2527 3531 2568 non
3564 2509 3676 2568 ini-

296 2620 400 2678 qua
427 2604 676 2664 fortuna
708 2605 944 2664 utimur
977 2625 990 2678 ;
1028 2624 1197 2677 nam,
1244 2607 1359 2666 etsi
1390 2624 1501 2666 nec
1523 2613 1715 2666 tantm
1748 2607 2098 2679 vetustatis,
2134 2625 2247 2666 nec
2279 2607 2483 2684 pretii,
2521 2607 2816 2685 antiquos
2849 2613 3058 2666 tamen
3094 2626 3238 2666 mss.
3274 2607 3548 2680 codices,
3601 2625 3676 2668 ac

293 2697 445 2759 bonae
474 2703 846 2781 cumprimis
875 2709 1039 2763 notua
1072 2704 1244 2764 nacti
1273 2723 1512 2780 sumus,
1539 2709 1600 2764 et
1630 2723 2143 2784 unamquamque
2177 2705 2518 2782 Scripturae
2550 2711 2793 2782 partem
2827 2705 2907 2766 ad
2960 2705 3144 2765 unius
3193 2711 3262 2766 ut
3311 2706 3668 2779 minimum,

292 2799 492 2875 passim
528 2818 678 2860 vero
710 2801 790 2860 ad
821 2801 1089 2861 duorum
1125 2807 1234 2861 aut
1267 2802 1456 2861 trium
1493 2821 1640 2862 mss.
1673 2801 1864 2862 fidem
1891 2801 2338 2862 recensuimus.
2376 2801 2669 2861 Pluribus
2701 2801 2791 2861 uti
2847 2803 3294 2881 potuissemus,
3353 2803 3404 2862 si
3453 2821 3671 2863 recen-

290 2896 492 2957 tiorum
524 2899 838 2960 rationem
872 2899 1108 2960 habere
1138 2900 1438 2978 aliquam,
1479 2900 1692 2960 fuisset
1723 2918 1756 2960 θ
1787 2918 1851 2959 re
1885 2906 2098 2959 nostra
2126 2915 2142 2958 :
2178 2906 2240 2959 et
2262 2918 2386 2960 non
2419 2917 2525 2959 eos
2558 2899 2744 2960 modo
2775 2899 3169 2978 propositum
3210 2906 3373 2960 esset
3429 2900 3669 2960 utiliter

293 2994 564 3057 adhibere
595 2997 661 3056 in
694 2997 1050 3070 consilium,
1082 2999 1189 3076 qui
1221 3004 1330 3057 aut
1359 2997 1542 3057 bonis
1572 2998 1960 3075 argumentis
1991 3002 2239 3056 aetatem
2271 2997 2478 3057 Caroli
2510 2995 2742 3075 Magni,
2778 3003 2839 3058 et
2869 3015 3059 3076 quam
3115 2997 3387 3058 diximus
3415 2997 3664 3058 Alcuini

298 3095 760 3172 recognitionem
795 3096 1165 3156 antecedere
1196 3095 1578 3163 viderentur,
1614 3102 1722 3155 aut
1751 3102 1917 3156 certe
1950 3113 2073 3155 non
2098 3094 2444 3155 admisisse.

355 3194 475 3252 Hoc
503 3212 653 3254 vero
679 3212 862 3272 opus,
895 3193 997 3253 hic
1030 3193 1240 3253 labor:
1272 3211 1345 3254 ea
1367 3195 1532 3253 enim
1566 3195 1814 3269 estejus
1837 3193 1952 3252 mvi
1983 3193 2268 3252 codicum
2321 3191 2619 3264 charitas,
2681 3198 2936 3270 tamque
2990 3197 3237 3254 maturo
3294 3201 3483 3274 atque
3541 3194 3670 3256 acri

293 3305 432 3367 opus
458 3298 547 3350 est
576 3291 658 3351 ad
690 3291 1068 3370 posteriores
1099 3310 1280 3351 curas
1312 3291 1825 3351 internoscendas
1858 3291 2112 3366 judicio,
2148 3298 2215 3350 ut
2244 3291 2351 3369 qui
2385 3297 2628 3350 tantum
2660 3291 2780 3350 sibi
2809 3291 3050 3368 peritiae
3082 3293 3339 3370 tribuat,
3374 3311 3672 3371 arrogan-

292 3386 399 3446 tius
427 3388 684 3448 fortasse
716 3394 904 3467 atque
938 3389 1350 3458 ambitiosius,
1386 3408 1578 3467 quam
1601 3389 1806 3448 verius
1839 3389 2042 3448 facere
2075 3389 2384 3448 videatur.
2419 3390 2550 3447 Hoc
2580 3387 2786 3467 ipsum
2821 3393 3030 3450 tamen
3063 3408 3462 3469 summopere
3510 3390 3670 3450 inte-

292 3490 457 3558 rerat,
489 3487 747 3564 quando
776 3487 897 3565 ipsi
930 3488 1182 3548 minime
1215 3487 1561 3548 diffitentur
1590 3487 1977 3547 Benedictini
2008 3487 2277 3547 editores
2307 3487 2369 3546 in
2403 3487 2625 3561 altero,
2655 3492 2722 3546 ut
2751 3494 3002 3560 vocant,
3037 3489 3485 3566 prolegomeno
3516 3507 3666 3548 num

286 3585 337 3654 5,
368 3602 437 3643 ne
464 3585 720 3644 unicum
753 3585 1008 3664 quidem
1034 3586 1539 3665 Hieronymianae
1573 3585 1875 3646 versionis
1908 3585 2232 3663 exemplar
2262 3585 2528 3645 inveniri
2559 3586 2620 3644 in
2651 3585 2790 3645 aliis
2839 3592 3018 3646 extra
3072 3588 3343 3646 Galliam
3403 3587 3669 3664 regioni-

292 3678 392 3740 bus
417 3683 711 3760 potuisse.
745 3684 840 3743 Ab
869 3683 944 3744 iis
973 3684 1234 3758 scilicet,
1268 3704 1425 3763 quos
1455 3684 1571 3743 sibi
1604 3703 1756 3762 gens
1788 3703 1914 3744 una
1953 3690 2064 3743 aut
2104 3683 2276 3744 natio
2325 3684 2796 3762 Scripturarum
2857 3684 3103 3744 codices
3158 3690 3660 3764 comparaverat,

288 3783 400 3838 tota
427 3798 640 3840 eorum
668 3781 862 3842 editio
887 3781 1286 3842 describitur.
1321 3785 1396 3842 Et
1427 3801 1609 3842 nemo
1641 3787 1732 3842 est
1761 3788 1975 3842 tamen
2005 3781 2069 3840 in
2101 3782 2344 3841 Latium
2366 3781 2556 3860 hujus
2591 3781 2893 3842 versionis
2917 3781 3177 3841 historia
3196 3784 3499 3861 tantisper
3529 3801 3666 3842 eru-

287 3874 431 3936 ditus
456 3878 560 3956 qui
595 3879 854 3949 nesciat,
891 3898 926 3940 a
959 3881 1280 3958 regionum
1317 3899 1388 3940 ac
1421 3881 1700 3958 gentium
1731 3879 1920 3939 variis
1949 3879 2111 3939 inter
2141 3899 2206 3938 se
2238 3879 2452 3939 usibus
2481 3885 2544 3938 et
2574 3880 3048 3951 consuetudine,
3075 3879 3451 3939 variantium
3484 3879 3545 3938 in
3570 3898 3667 3939 sa-

285 3973 387 4033 cris
414 3976 612 4036 Libris
644 3976 980 4037 lectionum
1011 3995 1232 4038 causas
1266 3996 1398 4038 esse
1428 3978 1822 4056 repetendas.
1861 3977 2227 4037 Econtrario
2261 3996 2403 4055 quae
2434 3977 2642 4046 unius,
2680 3983 2747 4038 ut
2775 3977 2864 4037 ita
2895 3978 3121 4037 dicam.
3160 3977 3442 4036 Ecclesiae
3485 3977 3662 4036 coeti-

293 4068 390 4129 bus
415 4071 850 4146 inservierunt,
887 4075 1188 4154 pleraque
1219 4076 1432 4136 omnia
1461 4076 1844 4153 exemplaria
1879 4075 2027 4134 labii
2057 4075 2242 4135 unius
2272 4082 2463 4154 atque
2494 4076 2860 4135 eorumdem
2893 4092 3254 4135 sermonum
3288 4091 3440 4133 esse.
3488 4073 3662 4134 Adeo

296 4186 400 4228 non
429 4172 575 4231 satis
609 4179 776 4232 recte
807 4173 886 4232 ab
917 4173 1197 4251 ejusdem
1230 4174 1465 4252 ingenii
1495 4173 1881 4253 apographis
1912 4173 1988 4233 de
2018 4174 2281 4252 pristina
2321 4173 2529 4252 operis
2577 4174 2938 4251 integritate
2984 4173 3230 4233 videtur
3260 4171 3422 4230 sumi
3469 4190 3662 4249 argu-

289 4275 545 4329 mentum
575 4286 590 4330 :
623 4269 909 4349 illudque
940 4290 1129 4350 porro
1158 4272 1364 4351 ipsum
1399 4273 1478 4333 ad
1509 4291 1647 4333 eam
1680 4271 2021 4332 editionem
2052 4271 2329 4332 numeris
2358 4271 2651 4330 omnibus
2703 4270 3151 4330 absolvendam
3203 4270 3439 4343 deerat,
3493 4269 3663 4348 quod

284 4382 399 4437 nos,
430 4368 675 4428 collatis
706 4368 985 4447 undique
1016 4371 1350 4448 suffragiis,
1386 4376 1687 4449 praestare
1719 4370 1929 4430 conati
1959 4388 2196 4429 sumus.
2232 4373 2387 4429 Nam
2421 4373 2481 4428 et
2499 4368 2552 4428 si
2581 4367 2828 4428 codices
2859 4387 2935 4428 ex
2969 4367 3150 4428 Italia
3174 4368 3426 4446 quidem
3446 4384 3663 4427 omnes

279 4465 640 4542 accepimus,
674 4484 880 4545 neque
910 4466 1031 4527 hoc
1059 4467 1267 4545 ipsum
1299 4469 1434 4529 leve
1464 4474 1598 4528 erat
1629 4469 1707 4528 ad
1740 4468 2127 4546 propositam
2154 4467 2582 4526 recensionem
2616 4472 2758 4544 post
2785 4466 3145 4526 Gallicanos
3175 4465 3482 4525 duntaxat
3511 4464 3660 4524 sub-

277 4559 503 4635 sidium,
538 4564 787 4624 accedit
817 4565 987 4643 quod
1019 4585 1093 4626 ex
1129 4567 1279 4626 orbe
1309 4567 1766 4645 propemodum
1813 4565 2102 4626 universo
2134 4564 2195 4624 in
2229 4565 2622 4637 Vaticanum,
2657 4584 2799 4643 quae
2832 4564 3012 4625 nobis
3043 4581 3170 4623 una
3200 4569 3293 4623 est
3323 4581 3436 4641 pro
3467 4579 3657 4622 cunc-

281 4657 348 4717 tis
375 4660 845 4735 bibliothecam,
880 4669 1184 4742 quantum
1210 4665 1651 4726 eratcodicum
1684 4663 2343 4743 praestantissimorum
2390 4661 2786 4722 concesserit.
2819 4663 2910 4721 Ad
2958 4662 3096 4721 haec
3138 4679 3265 4721 non
3308 4678 3414 4720 eos
3472 4659 3659 4720 modo

277 4752 464 4832 libros,
499 4760 611 4838 qui
670 4780 918 4822 sacrum
983 4768 1223 4823 textum
1280 4769 1587 4842 perpetua
1646 4764 1805 4822 serie
1863 4763 2137 4837 exibent,
2199 4761 2684 4832 advocavimus;
2747 4759 2855 4819 sed
2913 4765 2975 4820 et
3029 4760 3135 4838 qui
3191 4757 3660 4819 commentariis

281 4855 762 4936 Hieronymianis
794 4865 1109 4933 constant,
1142 4877 1286 4921 cum
1323 4861 1539 4939 primis
1567 4878 1716 4920 vero
1745 4860 1807 4919 in
1832 4859 2176 4939 prophetas
2206 4877 2446 4931 omnes,
2481 4858 2544 4916 in
2577 4857 2804 4936 quibus
2835 4856 2938 4916 ille
2969 4857 3361 4917 continenter
3377 4874 3553 4916 suam
3584 4873 3660 4916 ex

282 4951 520 5016 Hebrzeo
552 4957 1139 5036 interpretationem
1167 4959 1463 5038 proponit
1494 4959 1763 5037 primum
1799 4963 1987 5035 atque
2020 4957 2310 5036 explicat,
2349 4957 2473 5016 huc
2498 4955 2823 5034 jussimus,
2858 4955 2964 5014 ubi
2998 4974 3156 5034 opus
3187 4960 3342 5030 erat,
3394 4951 3660 5033 proferri

273 5054 458 5125 testes,
489 5055 1107 5135 adstipulatoresque
1139 5057 1649 5118 emendationum
1675 5063 2030 5117 nostrarum
2064 5054 2382 5115 accedere.

340 5151 546 5211 Dicam
582 5173 794 5232 porro,
831 5155 1000 5233 quod
1027 5155 1115 5215 rei
1148 5161 1339 5234 caput
1369 5161 1479 5226 est,
1517 5173 1703 5232 quam
1739 5153 1874 5213 haec
1905 5152 2218 5230 religiose,
2253 5152 2517 5211 fortasse
2545 5149 2734 5210 etiam
2769 5154 2835 5209 ut
2865 5149 3002 5209 aliis
3032 5147 3369 5220 videbitur,
3404 5165 3649 5225 supers-

271 5245 460 5318 titiosa
493 5269 637 5310 cum
671 5253 1052 5314 abstinentia
1075 5253 1518 5313 tractavimus:
1552 5258 1620 5312 ut
1664 5251 1908 5312 etiamsi
1939 5257 2071 5311 tota
2104 5250 2461 5328 promiscue
2493 5248 2874 5308 variantium
2909 5247 3251 5308 lectionum
3311 5246 3403 5304 vis
3447 5245 3668 5320 ingens

278 5343 405 5405 albo
428 5367 538 5426 per
568 5369 682 5410 nos
726 5351 968 5412 calculo
1000 5352 1368 5422 donaretur,
1401 5369 1525 5410 non
1561 5356 1722 5410 esset
1754 5356 1962 5410 tamen
1995 5367 2108 5408 cur
2135 5349 2211 5408 de
2243 5353 2487 5407 mutato
2519 5353 2754 5406 temere
2782 5346 3039 5424 inquam
3076 5351 3255 5406 textu
3305 5343 3446 5421 jure
3493 5341 3666 5418 quis-

276 5442 431 5518 piam
464 5448 676 5510 dolere
706 5455 920 5530 posset
949 5457 1058 5510 aut
1087 5452 1288 5530 queri.
1323 5449 1630 5528 Equidem
1663 5449 1742 5508 ob
1774 5449 1992 5509 oculos
2023 5467 2189 5526 saepe
2220 5447 2392 5506 illam
2429 5445 2766 5506 habuimus
2797 5447 2982 5507 cedro
3013 5446 3267 5521 dignam
3329 5440 3664 5518 Augustini

274 5547 629 5607 sententiam
663 5548 821 5609 libro
854 5565 895 5609 ll
926 5547 1002 5608 de
1031 5548 1343 5609 Doctrina
1372 5547 1775 5626 Christiana,
1810 5566 1946 5626 cap.
1988 5549 2058 5605 14
2088 5568 2099 5607 :
2144 5545 2494 5606 Codicibus
2521 5545 2927 5604 emendandis
2948 5542 3257 5624 primitus
3288 5537 3464 5597 debet
3494 5539 3658 5598 invi-

276 5639 473 5717 gilare
503 5644 759 5705 solertia
789 5665 1020 5724 eorum,
1054 5647 1165 5727 qui
1193 5647 1556 5728 Scriptura:
1580 5645 1831 5706 divinas
1865 5664 2043 5704 nosse
2063 5643 2468 5720 desiderant;
2501 5643 2604 5704 sed
2641 5648 2702 5703 et
2732 5642 2998 5702 vicissim
3031 5637 3187 5699 illud
3221 5637 3413 5698 menti
3443 5637 3658 5699 obser-
