4060 6190
322 309 403 370 23
1812 300 2252 361 PREFATIO.
3657 310 3734 368 24

329 440 602 500 vabatur
631 439 1076 517 magistrorum
1110 436 1513 496 Hebraeorum
1550 440 1961 513 praeceptum,
1996 451 2145 493 sane
2172 452 2472 513 perquam
2505 440 2863 512 opportune
2884 436 2962 496 ad
2994 437 3512 498 sufﬁaminandos
3543 439 3734 517 iuge-

321 537 412 599 nii
440 556 628 598 ausus
658 537 1079 616 excogitatum
1108 553 1120 593 :
1155 545 1361 593 ΓιἾέοὩ
1411 542 1548 592 nun
1587 517 1788 606 911125,
1823 531 1922 592 Ex
1949 531 2305 610 conjectura
2337 531 2506 590 nihil
2535 538 2626 590 est
2667 534 3136 612 corrigendum.
3196 538 3326 596 Hac
3379 543 3589 597 autem
3640 557 3737 598 ra-

327 636 500 696 tione
528 636 874 715 proposita,
913 632 1216 713 quidquid
1249 651 1286 692 a
1319 637 1574 712 recepta
1607 632 1792 708 vulgo
1825 629 2090 690 lectione
2122 630 2442 689 dissonum
2480 649 2662 690 manu
2705 638 2978 691 exarata:
3035 632 3273 692 chartas
3347 635 3732 709 sufﬁcerent,

323 753 434 795 seu
454 735 644 796 verbo
675 741 854 794 tenus
885 739 945 792 et
973 732 1306 811 scriptura,
1341 751 1450 792 seu
1481 749 1664 792 sensu
1699 731 1835 808 ipso
1869 735 1928 788 et
1957 729 2344 805 signiﬁcatus
2377 735 2607 799 ἐκτάσει.
2642 730 2884 802 sedulo,
2947 732 3382 810 expendimus.
3432 738 3509 794 Et
3561 736 3730 814 quod

324 832 458 893 sola
490 834 742 911 quidem
773 830 1281 891 dissimilitudine
1325 830 1496 890 vocis
1528 829 1880 900 abluderet,
1915 828 2045 887 sine
2077 828 2220 886 boni
2257 846 2434 906 aeque
2466 847 2682 887 sensus
2713 829 3064 906 dispendio,
3122 830 3171 889 si
3226 832 3418 905 nulla,
3459 833 3556 892 vel
3607 853 3729 894 non

322 929 639 988 sufﬁciens
660 929 826 989 hanc
857 947 988 1006 prae
1020 929 1129 988 illa
1158 927 1504 1005 adoptandi
1541 926 1698 986 ratio
1730 925 2129 1004 suppetebat,
2162 925 2308 983 satis
2340 925 2457 983 fuit
2489 925 2580 984 vel
2615 943 2646 984 e
2680 927 2930 1001 regione
2963 931 3352 1005 apposuisse,
3379 931 3471 988 vel
3501 931 3551 989 si
3577 931 3734 990 tanti

317 1047 418 1088 res
449 1028 805 1102 videbatur,
835 1028 900 1087 in
933 1027 1228 1088 subnexis
1261 1025 1806 1094 adnotationibus,
1841 1025 2058 1084 addita
2099 1024 2390 1083 brevibus
2437 1042 2649 1096 causa,
2705 1025 3030 1084 indicasse.
3102 1027 3351 1087 Miseret
3408 1029 3732 1089 enimvero

323 1143 426 1184 me
456 1131 862 1204 praepostera:
894 1123 1030 1202 ejus
1060 1143 1250 1198 curm,
1285 1143 1409 1202 qua
1443 1123 1600 1182 nihil
1632 1131 1786 1201 puto
1817 1116 2124 1199 ingratius
2155 1139 2335 1198 posse
2367 1121 2582 1180 lecturi
2613 1122 2857 1180 erudito
2890 1123 3194 1198 accidere,
3232 1143 3372 1184 cum
3407 1145 3580 1187 mera
3634 1147 3738 1186 ve-

318 1224 470 1284 teris
491 1223 1032 1302 pronuntiationis
1064 1227 1174 1282 aut
1205 1221 1563 1301 scriptionis
1592 1221 1767 1292 vitia,
1803 1239 1944 1298 quae
1975 1219 2037 1278 in
2070 1219 2245 1278 libris
2276 1219 2568 1278 omnibus
2590 1219 2866 1298 antiquis
2896 1229 3222 1294 occurunt,
3260 1224 3444 1283 tertio
3478 1243 3734 1303 quoque

321 1321 516 1381 verbo
545 1321 947 1399 ingeruntur:
975 1321 1143 1398 quod
1175 1320 1412 1380 factum
1447 1319 1509 1378 in
1541 1337 1779 1398 nupera
1814 1318 2034 1378 vetusti
2065 1316 2350 1376 Psalterii
2384 1316 2655 1376 editione
2687 1317 2876 1376 risum
2910 1319 3202 1379 omnibus
3229 1321 3446 1392 movit,
3473 1322 3580 1380 ubi
3607 1341 3733 1382 nnn

323 1418 462 1478 aliis
491 1418 686 1478 ferme
717 1423 865 1478 sunt
893 1417 1058 1478 notis
1092 1417 1336 1478 onerati
1370 1418 1685 1494 margines
1717 1415 1880 1488 libri,
1916 1433 2103 1493 quam
2139 1414 2366 1492 quibus
2400 1420 2712 1489 monetur,
2747 1413 2807 1474 Β
2835 1433 2949 1494 pro
2983 1416 3059 1494 V,
3091 1422 3281 1496 atque
3312 1417 3370 1476 E
3402 1437 3514 1498 pro
3547 1419 3601 1496 Ι,
3675 1417 3738 1479 et

324 1515 601 1575 vicissim
631 1516 692 1575 in
718 1515 976 1576 vocibus
997 1534 1094 1575 ex.
1131 1534 1224 1593 gr.
1261 1513 1432 1574 brebi
1458 1520 1518 1575 et
1549 1513 1750 1587 bobes,
1785 1533 1899 1592 pro
1931 1512 2102 1572 brevi
2130 1518 2191 1572 et
2222 1511 2418 1585 boves,
2453 1518 2515 1572 et
2547 1512 2865 1592 intellege,
2901 1515 3067 1592 quod
3101 1521 3338 1575 rectum
3373 1522 3578 1578 tamen
3635 1519 3733 1597 ip-

327 1631 466 1673 sum
501 1631 755 1692 quoque
777 1619 892 1686 est,
927 1631 1042 1693 pro
1075 1612 1388 1691 intellige,
1423 1612 1647 1691 hisque
1679 1611 1914 1672 similes
1944 1611 2184 1670 litteras
2214 1610 2403 1669 fuisse
2435 1610 2514 1669 ab
2546 1611 2902 1689 antiquario
2935 1612 3326 1672 substitutas.

408 1712 594 1772 Cordi
625 1712 880 1772 fuerunt
909 1710 1266 1770 econtrario
1299 1710 1483 1770 nobis
1513 1729 1652 1787 qua:
1685 1708 1938 1787 proprie
1968 1727 2174 1781 sensu,
2212 1725 2410 1784 eoque
2433 1708 2495 1767 in
2526 1708 2812 1785 Vulgatis
2843 1709 2938 1767 vel
2971 1709 3327 1782 imminuto,
3391 1713 3489 1772 vel
3536 1713 3733 1773 inter-

324 1810 566 1888 polato,
601 1810 851 1870 diversa
880 1809 944 1868 in
977 1827 1123 1868 mss.
1149 1808 1363 1880 verba,
1411 1814 1520 1868 aut
1549 1814 1864 1867 commata
1885 1805 2022 1884 ipsa
2053 1804 2428 1864 invenimus.
2464 1811 2551 1864 Ac
2581 1805 2852 1883 primum
2885 1806 2936 1865 si
2969 1806 3242 1884 plurium
3277 1810 3733 1888 exemplarium

332 1908 650 1985 suffragiis
681 1908 1049 1980 niterentur,
1085 1907 1330 1966 cautius
1360 1905 1776 1984 investigare:
1814 1904 1956 1966 dein
1989 1904 2271 1964 conferre
2315 1901 2650 1979 diligenter
2680 1903 2802 1963 alia
2833 1923 2973 1963 cum
3008 1905 3166 1978 aliis,
3203 1924 3343 1966 cum
3379 1913 3595 1969 nostro
3632 1911 3735 1969 In-

340 2010 615 2084 terprete
646 2004 934 2084 singula;
970 2009 1104 2064 tum
1135 2004 1214 2064 ad
1237 2003 1562 2064 Hebraicac
1596 2001 1876 2062 veritatis
1905 2001 2173 2080 Lydium
2207 2000 2480 2079 lapidem
2512 2001 2791 2079 exigere;
2825 2001 3028 2080 ipsum
3060 2021 3314 2082 quoque
3361 2005 3738 2067 Hebraicum

332 2101 748 2181 archetypum
781 2101 1186 2180 perscrutari,
1223 2119 1374 2162 num
1406 2119 1617 2162 errore
1645 2100 1993 2161 scribarum
2025 2105 2264 2178 peccet,
2301 2117 2372 2159 ac
2403 2099 2600 2178 possit
2629 2099 2835 2178 ipsum
2869 2099 2949 2160 ad
2982 2102 3207 2161 veteris
3260 2103 3738 2182 Interpretatio-

325 2200 423 2260 nis
453 2200 718 2277 vestigia
747 2200 1014 2272 restitui,
1047 2218 1121 2260 ac
1148 2199 1419 2260 vicissim
1445 2217 1459 2258 :
1497 2199 1698 2260 multo
1728 2203 1939 2258 autem
1972 2197 2410 2271 verosimilius,
2444 2216 2597 2257 num
2629 2215 2703 2258 ex
2728 2216 2802 2258 eo
2824 2197 3004 2258 facile
3035 2206 3342 2278 appareat
3370 2202 3737 2264 Latinorum

329 2298 394 2359 in
427 2297 862 2378 permutandis
891 2297 1117 2358 litteris
1147 2297 1380 2378 lapsus,
1407 2317 1533 2376 quo
1567 2295 1983 2358 ratiocinandi
2014 2295 2200 2356 modo
2233 2315 2358 2356 non
2391 2295 2582 2355 semel
2615 2314 2744 2356 rem
2795 2315 2911 2357 acu
2969 2298 3245 2376 tetigisse
3294 2299 3408 2358 visi
3478 2319 3734 2363 sumus:

335 2395 588 2455 demum
623 2401 685 2455 et
713 2399 966 2456 Graecos
996 2397 1150 2456 LXX
1183 2399 1560 2474 Interpretes
1590 2393 1918 2467 sciscitari,
1951 2399 2112 2453 esset
2141 2411 2336 2454 necne
2367 2392 2690 2472 proposita
2719 2393 2904 2454 lectio
2934 2400 3112 2454 vetus
3141 2395 3250 2455 illa
3271 2415 3303 2456 e
3324 2397 3594 2475 Vulgata
3628 2417 3741 2458 an-

332 2499 393 2553 te
426 2493 880 2572 Hieronymum
912 2493 1206 2566 editione,
1243 2511 1434 2572 quam
1466 2500 1576 2553 aut
1603 2493 1809 2553 denuo
1841 2491 1966 2552 huc
2000 2497 2230 2552 temere
2261 2491 2578 2551 studiosus
2610 2509 2733 2550 non
2766 2511 2950 2552 nemo
2981 2493 3322 2570 revocavit,
3371 2501 3480 2555 aut
3527 2496 3592 2556 S.
3645 2498 3738 2556 ln-

334 2596 598 2669 terpres,
634 2597 855 2670 utpote
887 2609 1011 2651 non
1042 2591 1373 2668 incongrui
1403 2608 1641 2662 sensus,
1678 2590 1812 2668 ipse
1842 2590 2190 2649 retinuerit.
2225 2589 2520 2648 Animum
2549 2595 2855 2666 prmterea
2901 2589 3286 2650 intendimus
3330 2592 3409 2651 ad
3459 2593 3738 2672 reliquos

331 2689 745 2750 translatores
774 2689 1092 2768 Aquilam,
1127 2687 1604 2767 Symmachum,
1636 2687 2158 2758 Theodotionem,
2184 2693 2372 2764 atque
2403 2686 2580 2758 alios,
2641 2687 3007 2764 cumprimis
3065 2706 3210 2748 vero
3257 2691 3732 2768 Symmachum,

338 2787 520 2865 cuius
552 2787 777 2847 mirum
835 2786 899 2846 in
933 2786 1188 2848 modum
1222 2787 1476 2864 ingenio
1507 2791 1694 2865 atque
1726 2784 2074 2845 eruditione
2105 2783 2451 2844 delectatus
2480 2789 2596 2844 est.
2631 2785 2692 2843 S.
2721 2787 2926 2845 Pater.
2956 2785 3142 2846 Nulla
3164 2794 3373 2848 autem
3407 2795 3500 2849 est
3558 2789 3740 2850 nobis

332 2885 759 2964 prmtermissa
788 2885 1034 2958 vocula,
1070 2885 1171 2945 cui
1199 2884 1589 2946 difﬁcultatis
1620 2883 1858 2962 aliquid
1892 2882 2146 2942 subesse
2177 2881 2446 2960 suspicio
2477 2883 2660 2954 foret,
2694 2883 2869 2942 nulla
2899 2882 3122 2954 intata,
3184 2885 3484 2964 nullaque
3532 2887 3733 2946 indic-

331 2987 418 3043 ta.
453 2985 736 3061 Cumque
767 2982 981 3044 omnia
1011 2983 1091 3043 ad
1123 2983 1288 3043 hanc
1318 2983 1644 3042 obrussam
1679 2981 2124 3059 exegissemus,
2160 2998 2230 3039 ac
2264 2986 2459 3040 staret
2505 2980 2691 3040 etiam
2757 2999 2793 3039 a
2856 2999 2999 3040 mss.
3063 2983 3348 3060 partibus
3401 2983 3737 3062 judicium,

330 3081 424 3140 rei
456 3081 709 3158 quidem
743 3099 964 3141 causas
991 3081 1053 3140 in
1088 3080 1604 3140 adnotationibus
1635 3097 1970 3157 exponere,
1999 3085 2061 3138 et
2090 3078 2151 3137 in
2183 3096 2372 3156 quam
2410 3077 2589 3138 facile
2619 3078 2994 3138 sententiam
3028 3081 3536 3154 concederemus,
3561 3083 3742 3142 novis

332 3178 722 3256 argumentis
752 3179 1148 3253 conﬁrmare,
1183 3179 1379 3238 satius
1411 3177 1609 3238 multo
1640 3176 1956 3249 duximus,
1983 3194 2172 3253 quam
2208 3175 2436 3235 inferre
2465 3175 2664 3235 textui
2697 3195 2940 3249 manus,
2964 3177 3206 3238 etiamsi
3235 3197 3358 3238 non
3387 3181 3572 3240 modo
3596 3199 3737 3241 cum

327 3275 606 3337 melioris
638 3276 1029 3354 signiﬁcatus
1061 3276 1434 3355 compendio
1465 3275 1702 3348 liceret,
1734 3275 1842 3334 sed
1875 3274 2058 3334 etiam
2095 3279 2300 3333 tutum
2332 3279 2514 3334 esset.
2547 3275 2723 3341 Quod
2764 3276 2815 3335 si
2865 3281 3074 3336 tamen
3127 3277 3358 3337 alicubi
3407 3279 3733 3352 audemus,

329 3373 617 3453 profecto
647 3373 783 3452 ejus
813 3374 1056 3435 sincera
1085 3374 1206 3434 loci
1237 3372 1617 3442 emendatio.
1641 3389 2106 3451 germanusque
2135 3370 2489 3431 intellectus
2521 3389 2630 3449 per
2661 3389 2725 3431 se
2756 3371 2886 3450 ipse
2921 3379 3135 3452 patere
3175 3375 3343 3433 visus
3390 3382 3482 3435 est
3532 3376 3733 3436 nobis.

334 3477 397 3530 et
427 3471 851 3531 communitus
886 3471 972 3531 ita
1001 3477 1116 3550 est,
1150 3477 1218 3531 ut
1248 3470 1515 3531 convelli
1545 3471 1840 3549 deinceps
1872 3470 2045 3530 nulla
2077 3469 2136 3528 vi
2168 3469 2361 3547 possit
2390 3469 2731 3548 criticaque
2763 3487 3049 3530 censura.
3082 3475 3324 3532 Czetera
3352 3473 3469 3532 nisi
3492 3492 3590 3534 res
3605 3475 3729 3534 cla-

335 3573 538 3628 maret
567 3568 728 3647 ipsa,
761 3569 1162 3648 originalium
1188 3587 1439 3648 quoque
1472 3569 1772 3628 librorum
1808 3587 1881 3628 ea
1913 3568 2068 3627 ﬁdes
2097 3573 2280 3639 esset,
2315 3567 2584 3644 denique
2615 3567 2855 3627 aditum
2888 3569 3256 3647 animosque
3288 3571 3580 3631 fecissent
3610 3590 3736 3632 ma-

334 3665 442 3743 gni
472 3665 744 3726 nominis
773 3666 912 3740 viri,
946 3666 1236 3744 religiose
1267 3665 1685 3728 abstinuimus
1711 3684 1724 3737 ;
1758 3665 2052 3743 ipsasque
2086 3665 2384 3736 maculas,
2422 3666 2710 3724 verendas
2741 3665 3134 3743 antiquitatis
3164 3667 3418 3737 indicia,
3453 3686 3592 3728 cum
3619 3669 3734 3730 ho-

323 3761 497 3822 noris
527 3763 919 3840 praefatione,
955 3763 1256 3824 eluendus
1286 3770 1656 3837 monstrare,
1692 3763 1849 3831 aliis,
1887 3762 2038 3821 satis
2071 3762 2205 3822 fuit.
2244 3765 2416 3822 llanc
2445 3763 2727 3822 omnium
2762 3764 3066 3841 optimam
3101 3765 3259 3825 sacri
3293 3766 3524 3826 codicis
3559 3786 3734 3828 reco-

336 3861 680 3938 gnoscendi
711 3862 1016 3923 rationem
1052 3862 1369 3935 duximus,
1405 3880 1604 3939 eaque
1635 3861 1686 3919 si
1716 3859 1870 3918 nihil
1903 3860 2096 3935 aliud,
2133 3860 2249 3919 hoc
2294 3867 2459 3921 certe
2483 3879 2810 3938 speramus
2862 3872 3307 3924 consecuturos
3348 3885 3464 3925 nos
3503 3866 3730 3938 laudis,

335 3958 507 4036 quod
540 3965 602 4019 et
631 3961 908 4020 maximo
940 3959 1308 4021 Christianm
1341 3959 1660 4037 religionis
1693 3959 2080 4018 monimento
2129 3958 2315 4018 ﬁdem
2368 3959 2779 4032 servavimus,
2829 3965 2888 4019 et
2942 3961 3446 4041 Hieronymiana:
3495 3964 3737 4042 glorias,

334 4057 597 4137 ejusque
628 4057 923 4118 studiosis
953 4057 1276 4117 consulere
1307 4055 1517 4116 conati
1546 4074 1782 4115 sumus.

418 4155 649 4216 Videar
677 4173 866 4232 porro
899 4173 1067 4214 nunc
1099 4160 1310 4215 actum
1345 4170 1554 4230 agere,
1589 4152 1638 4212 si
1671 4171 1812 4230 qum
1837 4152 1912 4212 ad
1945 4151 2265 4230 hujusmet
2287 4151 2846 4231 interpretationis,
2876 4159 2944 4213 ut
2966 4154 3052 4214 ita
3075 4155 3306 4230 dicam,
3328 4164 3616 4220 naturam
3640 4169 3736 4222 at-

335 4269 457 4330 que
489 4251 812 4313 historiam
847 4257 1158 4330 spectant,
1183 4251 1260 4312 de
1290 4251 1538 4329 integro
1558 4250 1743 4310 velim
1777 4250 2059 4328 proferre
2091 4250 2153 4309 in
2187 4250 2460 4310 medium
2487 4255 2676 4330 atque
2707 4250 3069 4314 edisserere.
3103 4256 3491 4334 Jampridem
3517 4277 3734 4320 eorum

331 4349 662 4422 desiderio,
698 4348 807 4428 qui
837 4349 972 4408 haec
1003 4367 1190 4410 nosce
1214 4349 1498 4428 cupiunt,
1535 4349 1973 4409 satisfecerunt
2004 4367 2206 4427 neque
2237 4347 2486 4408 indocte
2517 4349 2903 4411 Benedictini
2934 4352 3226 4425 editores,
3261 4353 3358 4414 his
3388 4354 3560 4432 ipsis,
3596 4374 3735 4433 quae

335 4447 694 4528 praefationi
726 4446 870 4506 huic
902 4453 1132 4508 nostrae
1165 4444 2116 4526 subnectimusprolegomenis:
2153 4451 2285 4506 tum
2321 4446 2425 4506 alii
2455 4465 2604 4508 sane
2653 4467 2956 4528 perquam
3017 4451 3242 4510 eruditi
3304 4451 3440 4522 viri,
3503 4453 3739 4512 Natalis

334 4545 714 4618 Alexander,
745 4545 1075 4623 Dupinius,
1107 4547 1500 4617 Frassenius,
1541 4544 1885 4619 Simonius,
1924 4545 2267 4617 Calmetus,
2299 4545 2531 4623 aliique
2561 4564 2792 4623 magno
2824 4565 3085 4607 numero
3118 4547 3473 4608 criticorum
3509 4548 3641 4622 ﬁlii,
3679 4555 3740 4610 et

338 4643 445 4722 qui
476 4643 820 4721 principem
855 4643 916 4701 in
953 4642 1070 4703 hac
1102 4641 1469 4702 eruditionis
1501 4647 1678 4722 parte
1711 4641 1913 4701 locum
1947 4642 2212 4718 obtinet,
2257 4642 2632 4701 Humfredus
2692 4643 2947 4722 llodyus
2983 4692 2999 4722 ,
3035 4645 3193 4706 libro
3249 4646 3326 4704 de
3377 4645 3735 4706 Bibliorum

333 4739 602 4800 textibus
633 4739 1092 4820 originalibus.
1130 4741 1206 4800 Et
1257 4757 1620 4818 quanquam
1655 4744 1796 4797 sunt
1829 4739 2120 4816 quaedam
2153 4738 2213 4796 in
2247 4730 2508 4815 singulis
2554 4740 2823 4800 maxime
2871 4741 2933 4800 in
2980 4742 3404 4819 antiquiorum
3459 4743 3730 4822 scriptis,

332 4858 475 4918 qua:
508 4838 687 4898 nobis
717 4856 940 4917 parum
973 4844 1084 4898 aut
1115 4836 1271 4896 nihil
1305 4836 1692 4916 probantur:
1729 4835 1898 4894 haud
1933 4835 2130 4894 visum
2165 4840 2374 4894 tamen
2408 4841 2499 4894 est
2529 4836 2798 4913 pretium
2833 4855 3062 4914 operm,
3125 4838 3352 4916 quibus
3399 4838 3508 4899 illa
3555 4859 3738 4918 argu-

332 4937 559 4997 mentis
589 4936 961 5007 refutentur,
999 4935 1100 4996 hic
1131 4934 1253 4995 loci
1284 4951 1624 5013 exponere,
1661 4932 1825 5012 quod
1887 4932 2003 4991 nisi
2059 4933 2415 4993 universam
2466 4951 2538 4992 ac
2589 4933 2778 5011 vulgo
2827 4935 3195 4996 tralatitiam
3243 4937 3732 5016 disputationem

331 5034 523 5112 longa
551 5034 837 5093 oratione
869 5038 1211 5092 retractare
1244 5051 1358 5110 pro
1393 5031 1477 5090 rei
1511 5030 1818 5108 dignitate
1851 5029 2202 5104 instituam,
2239 5030 2417 5090 facile
2449 5030 2576 5089 suis
2608 5049 2874 5109 qumque
2914 5031 3068 5092 locis
3115 5033 3377 5093 edocere
3427 5035 3559 5114 ipse
3610 5055 3731 5096 non

332 5132 589 5210 possim.
625 5133 783 5189 Sunt
811 5130 997 5189 etiam
1037 5129 1508 5188 lucubrationes
1539 5129 1660 5187 illae
1695 5127 1986 5187 omnibus
2018 5127 2076 5185 in
2113 5135 2406 5205 promptu
2443 5145 2456 5185 :
2494 5147 2650 5206 quas
2680 5128 3014 5188 siinvicem
3043 5130 3408 5205 contendas,
3444 5138 3633 5210 atque
3655 5131 3735 5191 ad

332 5249 467 5290 eam
499 5227 733 5306 exigas,
770 5245 957 5305 quam
991 5227 1359 5306 nosmetipsi
1393 5227 1471 5286 ab
1507 5225 1896 5285 Alcuinianm
1932 5224 2310 5286 recensionis
2341 5227 2581 5303 epocha
2625 5226 2902 5286 historia":
2959 5228 3335 5305 particulam
3385 5230 3730 5306 attigimus,

328 5328 432 5385 vix
465 5325 581 5386 erit
612 5344 722 5384 cur
753 5330 1034 5383 nostram
1071 5324 1130 5382 in
1170 5324 1288 5383 hoc
1317 5343 1572 5403 operam
1612 5323 1770 5381 ultra
1805 5323 2141 5382 desideres.
2176 5324 2444 5382 Pcccant
2474 5323 2636 5382 enim
2671 5323 3044 5402 plerumque
3077 5325 3336 5384 nimium
3373 5325 3618 5403 prolixa
3667 5327 3729 5385 in

335 5426 396 5485 S.
429 5426 836 5502 lnterpretem
877 5421 1228 5481 voluntate:
1271 5427 1448 5480 utest
1474 5420 1651 5493 illud,
1685 5419 1850 5499 quod
1886 5420 2061 5480 aiunt
2105 5420 2415 5492 nonnulli,
2466 5440 2604 5481 eum
2636 5419 2933 5481 Ecclesiae
2987 5423 3180 5482 totius
3229 5423 3473 5482 nomine
3496 5424 3728 5484 versio-

337 5541 481 5583 nem
509 5540 684 5582 suam
720 5539 793 5580 ex
824 5519 1090 5581 Hebrch
1122 5519 1308 5579 fuisse
1341 5519 1668 5594 molitum;
1705 5524 1814 5578 aut
1845 5518 2010 5597 quod
2047 5518 2151 5577 alii
2186 5518 2464 5589 tradurt,
2501 5537 2637 5577 eam
2699 5519 2886 5580 fuisse
2933 5519 3012 5580 ab
3061 5521 3195 5599 ipso
3241 5524 3511 5581 Damaso
3561 5539 3727 5600 papa

335 5616 630 5682 Ecclesiae
664 5618 966 5680 universae
999 5617 1528 5688 commendatam,
1557 5615 1808 5678 Platina
1839 5617 1901 5676 in
1932 5616 2068 5696 ejus
2089 5615 2404 5695 pontiﬁcis
2434 5617 2613 5677 Vita:
2649 5615 2910 5677 Primus
2942 5618 3296 5696 (Damasus)
3344 5615 3728 5696 Hieronymi
