4060 6190
323 315 410 372 25
1825 312 2264 373 PRIEFATIO.
3676 317 3754 376 26

327 446 601 506 scribtis
633 447 1064 504 auctoritatem
1097 445 1294 517 dedit,
1330 465 1466 504 eum
1491 447 1675 526 prius
1705 444 2122 524 Septuaginta
2153 443 2567 524 Interpretum
2627 445 2860 525 scripta
2918 445 3344 505 tantummodo
3417 446 3483 504 in
3546 447 3754 526 pretio

325 549 562 602 essent.
603 543 766 602 Nam
797 549 855 602 et
878 542 1096 603 Biblia
1127 542 1506 616 Hieronymi
1536 543 1671 623 legi
1699 551 1887 624 empta
1935 549 2048 621 est,
2081 549 2138 602 et
2169 543 2414 623 psalmi
2467 542 2603 620 ejus
2643 542 2943 620 ﬁde/iter
3002 565 3074 602 ex
3129 543 3395 604 Hebraeo
3451 544 3750 624 traducti,

327 660 466 697 eum
501 647 684 699 antea
715 641 883 721 apud
917 640 1147 701 Gallos
1166 642 1571 722 potissimum
1609 643 2004 722 incomposite
2035 641 2416 720 legerentur.
2452 645 2647 707 Quam
2684 641 2959 701 fabulam
2996 647 3054 701 et
3079 643 3351 702 Joannes
3379 643 3750 702 Franciscus

335 739 696 810 Brixianus,
725 745 792 797 ut
822 740 978 799 alios
1009 739 1255 798 interim
1292 746 1556 811 taceam,
1592 740 1858 816 epistola
1890 739 1967 798 ad
2002 739 2357 816 Pagninum
2391 739 2650 816 probat:
2689 737 2977 812 Damasi,
3010 738 3615 819 inquit,patroeinio
3647 760 3755 798 eu-

328 854 529 913 raque
557 841 616 893 et
643 836 960 914 castigata
998 835 1221 895 Graeca
1253 836 1401 896 olim
1415 845 1534 916 per
1563 835 2041 911 Hieronymum,
2076 842 2134 894 et
2167 856 2457 895 conversa
2495 842 2555 893 in
2587 834 2876 894 Latinum
2909 834 3173 895 Hebraa
3205 856 3526 895 sacrarum
3577 835 3752 895 litte-

330 953 558 991 rarum
594 940 1115 995 monumenta.....
1151 940 1210 992 et
1237 933 1507 993 Damasi
1539 935 1879 994 redivivam
1937 955 2171 1006 curam,
2225 940 2284 993 et
2334 933 2714 1008 Hieronymi
2761 941 3003 1014 operam
3046 932 3309 992 subinde
3337 940 3749 994 renascentem

325 1040 753 1110 saepenumero
783 1032 1169 1092 desiderant.
1205 1033 1538 1105 Dixissent,
1575 1033 1797 1092 favisse
1828 1037 2164 1092 Damasum
2195 1032 2514 1092 Hebraicis
2546 1032 2909 1110 Hieronymi
2941 1031 3186 1104 studiis,
3219 1049 3358 1091 cum
3411 1051 3476 1092 se
3538 1035 3750 1093 Romae

329 1129 571 1206 pariter
601 1130 1016 1202 continerent,
1054 1135 1121 1190 ut
1151 1149 1226 1190 ex
1258 1131 1576 1208 ἀμοιϐαίαις
1609 1149 1825 1190 eorum
1858 1130 2138 1209 epistolis
2171 1130 2403 1208 liquet:
2441 1129 2516 1190 ad
2552 1129 2909 1207 Scripturas
2939 1129 3103 1189 enim
3136 1147 3209 1188 ex
3239 1129 3501 1189 Hebraeo
3558 1129 3749 1190 inter-

329 1225 675 1302 pretandas
708 1226 1014 1296 nondum,
1050 1226 1159 1286 illo
1189 1225 1545 1299 advivente,
1584 1245 1840 1287 manum
1873 1230 1937 1286 S.
1973 1229 2162 1286 Pater
2193 1227 2582 1287 admoverat.
2617 1227 2847 1285 Verum
2884 1225 3016 1286 haec
3047 1225 3342 1304 persequi
3401 1227 3616 1301 nostri,
3680 1230 3752 1285 ut

331 1320 633 1393 diximus,
665 1323 936 1382 instituti
974 1343 1094 1382 non
1125 1329 1239 1384 est.

411 1419 572 1484 Quin
606 1421 793 1479 etiam
827 1419 946 1479 hac
975 1421 1109 1499 ipsa
1141 1420 1217 1479 de
1249 1439 1460 1492 causa,
1497 1427 1565 1480 ut
1597 1440 1674 1481 ne
1706 1426 1765 1480 te
1808 1420 2044 1480 scilicet
2074 1419 2308 1480 diutius
2344 1419 2595 1490 morari,
2631 1426 2691 1480 et
2722 1439 2863 1499 quae
2895 1420 3001 1480 alii
3051 1419 3292 1499 pridem
3352 1417 3552 1479 multa
3608 1437 3747 1478 cum

328 1513 523 1575 laude
555 1517 1028 1590 elucubrarunt,
1066 1519 1300 1596 scripta
1333 1519 1677 1596 compilare
1709 1519 1948 1588 videar,
1981 1518 2272 1578 omittere
2295 1518 2490 1577 satius
2521 1517 2695 1589 duxi,
2730 1537 2871 1596 qua:
2905 1517 2982 1578 de
3013 1519 3423 1579 Hebraeorum
3458 1516 3631 1596 poesi
3669 1517 3749 1578 ad

325 1615 792 1674 enucleandum
823 1616 1398 1695 vindicandumque
1431 1617 1509 1677 ab
1541 1617 2044 1677 adversariorum
2078 1615 2410 1676 calumniis
2468 1619 2530 1675 S.
2595 1617 2799 1676 Patris
2855 1617 3252 1687 sententiam,
3313 1616 3746 1696 expositurum

331 1730 427 1770 me
464 1731 851 1790 receperam,
888 1733 959 1773 ac
995 1733 1363 1792 paraveram
1395 1715 1674 1793 quidem,
1708 1721 1898 1792 atque
1929 1713 2004 1773 ad
2041 1714 2406 1774 umbilicum
2441 1714 2566 1773 fere
2600 1716 3041 1790 perduxeram.
3076 1714 3473 1793 Experientia
3529 1720 3744 1774 autem

329 1810 818 1887 comprobatum
851 1818 944 1871 est
967 1811 1119 1872 illud
1163 1813 1422 1873 llomani
1454 1813 1741 1884 oratoris,
1775 1812 2062 1873 Nimium
2093 1811 2258 1890 quod
2286 1821 2400 1884 est,
2428 1811 2697 1891 offendit
2727 1810 3160 1889 vehementius,
3187 1831 3369 1892 quam
3392 1811 3559 1892 quod
3571 1811 3746 1870 vide-

331 1913 440 1964 tur
457 1915 713 1987 parum.
741 1909 1015 1983 Accedit,
1051 1910 1217 1988 quod
1254 1910 1509 1989 proprio
1542 1928 1730 1988 opere
1762 1909 1924 1969 hanc
1953 1910 2070 1969 sibi
2102 1927 2302 1987 nuper
2331 1909 2737 1969 excolendam
2803 1909 3128 1970 materiam
3183 1910 3550 1988 susceperit,
3608 1914 3741 1969 stu-

322 2005 560 2082 diaque
594 2006 781 2066 etiam
813 2007 874 2066 in
911 2007 1028 2067 hoc
1063 2014 1276 2067 nostra
1308 2008 1696 2086 prmverterit
1729 2008 1914 2086 longe
1938 2007 2336 2068 doctissimus
2367 2007 2607 2069 amicus
2638 2013 2872 2079 noster,
2904 2005 3084 2084 cujus
3125 2008 3490 2086 propediem
3545 2006 3740 2068 eden-

318 2101 439 2160 dus
472 2103 533 2161 in
568 2103 768 2163 lucem
804 2104 1001 2176 liber;
1038 2111 1345 2182 quantum
1379 2124 1530 2183 ergo
1563 2106 1858 2184 opinione
1888 2124 2186 2183 auguror,
2224 2111 2413 2182 atque
2444 2123 2518 2164 ex
2550 2123 2649 2178 eo,
2701 2106 2864 2184 quod
2929 2124 3172 2166 mecum
3225 2104 3733 2177 communicavit,

311 2200 613 2278 exemplo
644 2200 858 2279 didici,
895 2203 1081 2262 faciet
1111 2204 1501 2264 eruditorum
1537 2203 1866 2263 hominum
1899 2203 2208 2263 desiderio
2239 2203 2411 2263 satis.

398 2303 484 2357 At
519 2317 642 2358 non
679 2299 763 2358 ita
795 2301 1305 2377 praetereundum
1337 2302 1583 2362 silentio
1624 2307 1781 2375 erat,
1816 2302 1867 2360 si
1896 2301 2044 2380 quid
2078 2301 2138 2360 in
2172 2300 2633 2380 chronologicis
2661 2301 2803 2362 libri
2837 2301 3331 2381 uniuscujusque
3362 2301 3526 2363 notis
3581 2319 3735 2362 con-

309 2402 414 2454 tra
449 2396 741 2469 aliorum,
779 2397 884 2475 qui
913 2400 1160 2458 easdem
1195 2399 1469 2460 rationes
1500 2400 1794 2470 inierunt,
1828 2400 2166 2460 sententias
2198 2399 2384 2459 fuerit
2411 2400 2940 2462 animadversum.
2999 2401 3276 2461 Pertinet
3335 2401 3453 2462 hoc
3509 2417 3736 2480 nempe

312 2499 398 2558 ad
431 2499 1062 2577 Hieronymianarum
1098 2520 1302 2561 rerum
1339 2503 1559 2562 seriem
1592 2503 1786 2582 probe
1818 2503 2287 2573 instituendam,
2325 2504 2824 2581 nectendamque
2855 2504 3118 2564 invicem
3153 2522 3343 2582 quam
3375 2503 3572 2564 sicubi
3607 2509 3734 2563 tra-

305 2595 595 2674 jectione
627 2598 841 2677 aliqua
870 2618 1131 2677 peccare
1163 2601 1350 2673 sinas,
1383 2601 1565 2660 facile
1597 2607 1727 2661 tota
1763 2601 2195 2661 labefactetur.
2223 2603 2298 2660 Et
2329 2619 2476 2661 vero
2508 2619 2647 2662 cum
2676 2602 2957 2661 minister
2987 2601 3391 2680 diffiteamur,
3419 2603 3588 2682 quod
3612 2619 3736 2662 uno

314 2712 549 2754 omnes
582 2714 688 2755 ore
719 2700 1141 2769 consentiunt,
1175 2704 1546 2778 constatque
1578 2717 1717 2758 rum
1754 2699 1911 2768 aliis,
1949 2705 2080 2759 tum
2116 2699 2234 2760 hoc
2266 2701 2633 2778 praesertim.
2671 2700 3034 2779 Hieronymi
3068 2700 3426 2760 testimonio
3468 2700 3531 2760 in
3592 2717 3739 2779 pro-

325 2791 481 2868 logo
513 2791 800 2866 Galeato,
836 2792 997 2873 Lege
1026 2815 1177 2875 ergo
1201 2796 1477 2876 primum
1507 2796 1761 2855 Samuel
1790 2802 1849 2854 et
1880 2795 2228 2856 Malaehim
2258 2817 2478 2857 meum.
2513 2800 2749 2875 Regum
2794 2798 2986 2856 libros
3038 2797 3320 2856 omnium
3383 2798 3621 2875 primos
3678 2795 3740 2854 in

329 2889 547 2948 lucem
583 2891 926 2968 prodiisse:
965 2892 1168 2970 placet
1199 2912 1305 2952 eos
1337 2893 1524 2953 etiam
1559 2895 1636 2953 ad
1670 2912 1904 2953 annum
1938 2894 2183 2954 circiter
2209 2898 2327 2956 390
2358 2895 2565 2972 potius
2596 2913 2787 2973 quam
2820 2895 2898 2954 ad
2937 2896 3054 2954 392
3111 2900 3220 2954 aut
3279 2895 3739 2973 insequentem,

325 2992 401 3046 ut
433 2987 625 3064 vulgo
659 2993 904 3066 putant,
942 2991 1178 3050 referri.
1217 2990 1395 3050 Ratio
1427 3009 1500 3051 ex
1534 3009 1608 3051 ea
1639 3009 1826 3069 quam
1860 2991 2160 3051 continuo
2191 2992 2652 3066 subnectemus,
2687 2991 2844 3051 serie
2875 2991 3223 3052 constabit:
3261 3009 3406 3050 nam
3439 3009 3546 3050 eos
3575 3007 3738 3068 pone

319 3086 510 3163 sequi
540 3085 934 3164 psalterium,
969 3094 1028 3148 et
1060 3089 1405 3168 prophetas
1438 3106 1560 3148 una
1593 3107 1809 3148 omnes
1835 3088 2161 3161 sentimus,
2199 3107 2358 3167 quos
2388 3089 2581 3148 libros
2613 3105 2779 3148 anno
2808 3091 2947 3160 392,
2984 3108 3106 3166 quo
3134 3089 3505 3166 Catalogum
3537 3088 3734 3166 scrip-

319 3189 540 3242 torum
573 3183 1134 3246 ecclesiasticarum
1170 3187 1568 3247 concinnavit
1600 3187 1662 3246 S.
1696 3187 1903 3260 Pater,
1943 3186 2130 3246 fuisse
2155 3186 2288 3264 jam
2323 3187 2399 3247 de
2431 3187 2652 3247 Latino
2683 3187 2746 3246 in
2783 3191 3072 3248 Graecum
3105 3186 3216 3246 abs
3259 3185 3616 3265 Sophronio
3647 3203 3745 3244 re-

317 3280 526 3350 fusos,
561 3281 838 3359 capitulo
869 3283 978 3343 illo
1009 3283 1085 3343 de
1117 3284 1474 3364 Sophronio
1507 3290 1808 3345 testatur:
1843 3284 1919 3343 In
1961 3283 2273 3363 ereum,
2306 3285 2533 3364 inquit,
2566 3284 2845 3365 eleganti
2875 3305 3154 3345 sermone
3183 3283 3518 3344 transtulit
3545 3281 3742 3343 Psal-

319 3379 558 3436 terium
589 3399 830 3458 quoque
860 3386 917 3438 et
928 3379 1294 3461 prophetas,
1327 3402 1480 3461 quos
1511 3403 1626 3441 nos
1656 3382 1733 3441 de
1761 3381 2027 3442 Hebraeo
2062 3383 2127 3442 in
2156 3383 2447 3442 Latinum
2480 3383 2801 3452 yertimus.
2837 3384 3020 3444 Haud
3053 3387 3218 3444 recte
3248 3383 3441 3462 igitur
3472 3381 3741 3459 Martia-

321 3495 512 3535 naens
544 3476 776 3554 aliique
809 3485 948 3556 post
977 3497 1078 3540 an.
1115 3481 1231 3539 393
1264 3480 1550 3540 Psalterii
1582 3481 1929 3541 versionem
1963 3480 2282 3554 differunt,
2317 3501 2504 3560 quam
2539 3481 2748 3541 adhuc
2777 3481 3050 3543 armario
3082 3481 3360 3542 clausam
3410 3484 3475 3540 S.
3529 3481 3737 3540 Inter-

319 3580 570 3652 pretem
611 3575 880 3636 tenuisse
914 3581 1270 3650 autumant,
1304 3596 1378 3638 ex
1409 3577 1503 3637 his
1534 3597 1676 3657 quae
1709 3580 1785 3638 ad
1818 3579 2297 3640 Pammaéhium
2332 3579 2628 3658 espistola
2659 3583 2757 3653 49,
2793 3599 2933 3658 quae
2967 3579 3101 3658 ejus
3127 3579 3378 3658 quidem
3412 3583 3505 3639 est
3561 3577 3737 3651 anni,

319 3671 586 3731 scribit:
625 3671 844 3734 Libros
873 3673 1135 3733 sedecim
1169 3674 1622 3756 Prophetarum
1652 3676 1852 3755 {nulla
1882 3678 2274 3738 Psalmorum
2313 3678 2625 3738 mentione
2661 3678 2854 3752 facta)
2881 3698 3035 3756 quos
3067 3677 3132 3736 in
3164 3679 3458 3735 Latmum
3489 3675 3566 3735 de
3610 3673 3741 3735 He-

323 3767 495 3829 brzo
527 3789 804 3829 sermone
833 3772 1011 3846 verti,
1044 3772 1104 3831 si
1131 3772 1389 3853 legeris,
1424 3779 1483 3832 et
1509 3773 1810 3834 delectari
1839 3780 1895 3832 te
1921 3773 2033 3834 hoc
2062 3783 2237 3856 opere
2266 3783 2633 3855 eomperero,
2680 3773 3054 3856 provocabis
3111 3794 3223 3833 nos
3278 3774 3462 3832 etiam
3520 3779 3736 3832 caetera

318 3867 548 3927 clausa
577 3869 856 3928 armario
888 3890 1008 3929 non
1039 3876 1260 3932 tenere.
1299 3876 1531 3952 Nempe
1563 3873 1915 3950 significare
1949 3873 2070 3933 hoc
2100 3873 2347 3933 silentio
2383 3874 2585 3952 potuit
2616 3873 3056 3952 Hieronymus,
3089 3891 3229 3933 eum
3263 3872 3428 3932 intra
3485 3871 3731 3931 domes-

321 3967 482 4027 ticos
540 3967 810 4046 parietes
867 3969 1185 4030 continere
1243 3989 1308 4031 se
1362 3970 1616 4045 librum,
1682 3991 1868 4050 quem
1904 3971 2120 4032 tandiu
2156 3976 2342 4031 antea
2370 3970 2726 4049 Sophronio
2757 3971 3149 4050 inscriptum,
3183 3971 3440 4050 propria
3472 3969 3550 4029 ad
3592 3987 3731 4028 eum

317 4065 694 4143 przefatione
744 4066 1096 4128 munierat:
1159 4086 1285 4146 quo
1320 4067 1562 4128 nullum
1597 4075 1748 4147 puto
1781 4069 2071 4129 editionis
2105 4068 2494 4128 manifestius
2525 4067 2825 4128 indicium
2869 4077 2984 4128 est.
3014 4071 3237 4146 Neque
3271 4067 3392 4126 hoc
3420 4084 3610 4146 porro
3641 4084 3734 4126 so-

328 4163 488 4235 lum,
523 4163 632 4224 sed
663 4169 724 4224 et
753 4169 993 4238 Graece,
1026 4167 1194 4244 quod
1228 4165 1401 4244 longi
1431 4167 1589 4227 adeo
1621 4173 1714 4228 est
1744 4168 1970 4247 operis.
2006 4168 2388 4246 explicatum
2422 4167 2500 4226 ab
2530 4166 2640 4227 illo
2674 4185 2799 4226 una
2856 4185 2995 4226 cum
3060 4165 3382 4244 prophetis
3438 4163 3731 4225 omnibus

323 4261 481 4320 satis
508 4261 850 4338 eleganter,
889 4262 1342 4341 vulgatumque
1373 4263 1539 4342 apud
1576 4263 1709 4343 ejus
1740 4265 1971 4343 linguae
2007 4264 2309 4338 homines,
2347 4265 2425 4324 ab
2459 4263 2778 4340 superiore
2812 4264 2943 4339 jam
3002 4281 3167 4323 anno
3225 4266 3509 4323 noverat.
3570 4262 3729 4329 Quin

321 4359 518 4419 etiam
553 4358 718 4418 hunc
750 4359 1076 4439 prophetis
1106 4360 1337 4421 librum
1370 4362 1720 4441 praeponit:
1756 4381 1833 4422 ex
1863 4383 1986 4442 quo
2019 4362 2395 4423 recensionis
2426 4361 2668 4436 ordine,
2701 4360 2992 4421 editionis
3050 4379 3302 4440 quoque
3357 4359 3729 4440 praerogati-

323 4475 466 4516 vam
503 4457 798 4535 colligere
856 4458 1273 4518 verosimilius
1306 4458 1489 4520 licet:
1526 4460 1859 4521 subsecuta
1891 4465 2099 4521 autem
2130 4464 2223 4519 est
2253 4459 2460 4518 statim
2497 4457 2643 4519 Jobi
2675 4458 2900 4532 versio,
2937 4477 3126 4537 quam
3185 4477 3250 4519 se
3305 4465 3499 4538 nuper
3550 4457 3735 4518 ador-

325 4572 532 4628 nasse,
568 4553 828 4634 ejusque
860 4556 1097 4617 misisse
1127 4557 1206 4616 ad
1242 4557 1599 4617 Marcellam
1634 4559 1976 4637 exemplar,
2012 4557 2077 4618 in
2107 4557 2365 4618 laudata
2390 4558 2578 4618 modo
2611 4557 2878 4636 epistola
2908 4557 2995 4617 ait
3024 4561 3064 4617 S
3111 4559 3324 4617 Pater:
3357 4574 3432 4616 ex
3464 4573 3590 4634 quo
3621 4555 3735 4613 ite-

327 4670 469 4710 rum
504 4651 636 4710 falli
669 4653 1072 4732 perspicuum
1106 4661 1199 4715 est
1232 4661 1369 4734 post
1401 4657 1839 4717 Mareianaeum
1868 4657 2049 4730 alios,
2083 4656 2190 4735 qui
2221 4656 2538 4735 praeivisse
2568 4655 2800 4716 Jobum
2831 4655 3160 4734 prophetis
3215 4654 3575 4734 opinantur.
3627 4653 3737 4712 His

321 4749 514 4826 vulgo
547 4750 790 4812 addunt
819 4759 940 4812 tres
969 4752 1162 4813 libros
1191 4754 1566 4827 Salomonis,
1602 4751 1759 4834 quos
1785 4774 1900 4834 ego
1932 4755 2184 4834 quidem
2217 4754 2413 4814 serius
2443 4753 2820 4814 differendus
2862 4772 2936 4814 ex
2993 4752 3241 4832 prologi
3286 4751 3366 4812 ad
3425 4751 3730 4811 Chroma-

323 4847 482 4906 tium
516 4853 707 4926 atque
736 4849 1140 4912 Heliodorum
1172 4852 1377 4913 verbis
1408 4852 1737 4915 existimo:
1772 4854 2011 4914 interea
2040 4859 2252 4914 tamen
2285 4853 2452 4912 haud
2485 4843 2984 4930 ausim'receplae
3017 4851 3182 4931 apud
3215 4867 3436 4912 omnes
3479 4854 3730 4909 sentcn-

318 4945 427 5005 tize
463 4946 786 5023 refragari.

393 5045 606 5121 Atque
663 5043 726 5104 hi
782 5045 1031 5106 demum
1094 5046 1239 5107 libri
1294 5067 1512 5109 omnes
1570 5055 1736 5122 sunt,
1799 5069 1956 5129 quos
2012 5048 2243 5110 scimus
2299 5047 2588 5110 editionis
2647 5047 2874 5108 honori
2924 5047 3058 5127 jam
3095 5047 3430 5128 permissos
3470 5065 3544 5106 eo
3576 5052 3730 5106 tem-

315 5160 493 5221 pore,
534 5161 660 5218 quo
692 5143 767 5202 de
797 5162 858 5203 se
891 5145 1310 5224 Hieronymus
1343 5152 1605 5207 testatus
1633 5147 1722 5208 ita
1753 5154 1846 5208 est
1874 5147 1939 5208 in
1983 5148 2309 5225 Catalogo,
2343 5145 2532 5206 Fetus
2602 5145 3052 5206 Vestamentum
3095 5145 3288 5225 juxta
3345 5142 3730 5204 Hebraieum

306 5238 670 5297 transtuli:
734 5242 900 5318 quod
961 5242 1316 5303 criticorum
1375 5244 1487 5304 filii
1545 5245 1633 5304 ita
1692 5253 2054 5322 σχηματικῶς
2110 5246 2345 5305 dictum
2405 5244 2745 5323 accipiunt,
2780 5249 2848 5304 ut
2892 5263 3014 5304 non
3071 5245 3428 5305 universam
3479 5238 3731 5320 proprie

301 5337 735 5415 Scripturam,
772 5339 878 5398 sed
913 5359 1068 5417 quas
1099 5341 1414 5402 duntaxat
1444 5342 1868 5403 recensuimus
1897 5342 2084 5404 modo
2116 5349 2326 5422 partes
2348 5361 2459 5422 per
2489 5343 2550 5402 id
2585 5342 2887 5420 temporis
2918 5343 3311 5402 transtulisse
3342 5357 3482 5400 eum
3507 5337 3722 5398 velint.

305 5438 473 5497 Vere
505 5453 627 5512 ego
659 5435 886 5496 dixisse
919 5439 980 5497 S.
1015 5440 1344 5498 Doetorem
1377 5439 1690 5519 existimo,
1725 5444 2057 5520 totumque
2081 5440 2214 5520 jam
2249 5441 2328 5501 ab
2360 5459 2433 5502 eo
2467 5440 2777 5502 redditum
2839 5439 3056 5502 Latine
3113 5441 3302 5502 Vetus
3358 5440 3722 5498 Testamen-

303 5542 478 5607 tum,
514 5532 636 5592 nisi
666 5533 930 5612 siquam
963 5534 1227 5596 fortasse
1259 5536 1551 5615 exiguam
1580 5536 1717 5616 ejus
1747 5543 1991 5616 partem
2025 5541 2311 5620 excipere
2341 5540 2547 5612 liceat,
2584 5538 2762 5618 cujus
2820 5538 2908 5600 ibi
2963 5539 3283 5618 sigillatim
3345 5534 3722 5608 meminisse,

297 5631 473 5694 nihil
509 5629 838 5692 intererat.
873 5635 952 5694 Et
981 5638 1153 5695 certa
1185 5653 1308 5714 que
1342 5641 1624 5716 tempore
1652 5635 1796 5698 Jobi
1824 5635 2174 5700 versionem
2208 5639 2419 5710 refert,
2447 5637 2581 5719 jam
2613 5643 2676 5699 et
2704 5642 2922 5699 extera
2952 5635 3164 5698 clauso
3193 5633 3469 5694 armorio
3527 5638 3730 5694 tenere
