4060 6190
344 331 423 389 2⁸7
1514 326 1840 388 PATRUM
1884 324 2587 388 BENEDICTINORUM
3676 328 3760 388 28

343 479 413 524 se
444 460 535 524 ait
569 480 584 523 :
615 479 759 542 quae
788 458 1038 523 tametsi
1068 458 1255 521 variis
1284 458 1552 521 subinde
1600 459 1783 521 annis
1811 457 1876 519 in
1905 457 2112 519 lucem
2144 457 2515 538 prodierint,
2550 458 2630 520 ab
2660 475 2732 521 eo
2760 463 2973 520 tamen
3012 477 3138 538 quo
3187 463 3621 521 memorantur
3646 476 3758 519 ex-

345 559 528 622 ordio
557 578 690 621 esse
721 559 1100 639 repetenda:
1135 563 1327 637 atque
1358 558 1517 620 adeo
1543 558 1677 637 jam
1709 556 1858 618 inde
1891 575 1929 617 a
1956 556 2294 635 conscripti
2324 555 2610 634 Catalogi
2665 575 2832 618 anno
2889 556 3079 618 fuisse
3133 557 3465 634 adornata,
3526 557 3761 637 perspi—

348 676 538 719 cuum
571 662 688 719 est.
721 657 1099 719 Prodierunt
1124 674 1273 717 vero
1306 675 1381 716 ex
1430 655 1527 715 his
1559 655 1748 735 primi
1795 654 2021 716 Esdras
2048 659 2112 714 et
2140 654 2506 727 Nehemias,
2541 654 2707 714 circa
2736 672 2971 714 annum
3003 656 3141 727 394,
3176 654 3349 734 quod
3380 673 3456 715 ex
3493 655 3759 733 prologo

339 755 561 836 liquet,
597 754 703 816 ubi
732 754 932 815 multa
960 773 1101 833 quae
1130 753 1195 814 in
1226 754 1580 832 Evangeliis
1616 753 1979 825 laudantur,
2032 751 2213 830 quasi
2258 752 2336 812 de
2382 751 2590 813 Veteri
2633 752 3057 831 Testamento,
3091 758 3155 813 et
3195 752 3365 832 apud
3416 754 3568 815 LXX
3630 771 3754 812 non

340 853 696 925 habentur,
758 851 1173 931 expendenda
1223 870 1287 912 se
1351 852 1439 912 ait
1518 850 1741 911 latiori
1823 848 1997 931 operi
2063 867 2407 911 reservare.
2486 853 2608 911 Per
2689 850 2879 911 latius
2962 851 3128 910 enim
3204 869 3365 929 opus
3421 850 3753 930 epistolam

339 949 408 1010 in
466 954 681 1009 nostra
738 949 1104 1010 recensione
1157 952 1236 1011 37
1297 949 1426 1011 sive
1480 948 1764 1010 libellum
1823 948 1901 1007 de
1964 946 2223 1029 Optimo
2279 967 2507 1027 genere
2583 948 3063 1029 interpretandi,
3134 966 3321 1027 quem
3402 967 3517 1009 nos
3590 965 3756 1008 anno

339 1047 743 1127 ascripsimus
797 1049 936 1121 395,
999 1052 1239 1109 certum
1293 1054 1386 1109 est
1442 1046 1780 1126 designari.
1847 1049 1978 1107 Hos
2060 1044 2381 1124 excipiunt
2448 1046 2978 1125 Paralipomena,
3038 1047 3103 1106 in
3181 1064 3451 1125 quorum
3530 1063 3757 1125 nempe

339 1144 614 1224 Prologo
659 1144 826 1206 idem
875 1144 982 1205 ille
1028 1145 1105 1205 de
1161 1143 1418 1228 Optimo
1445 1165 1673 1226 genere
1729 1143 2187 1226 interpretandi
2240 1142 2492 1204 libellus
2548 1151 2744 1226 nuper
2810 1144 3014 1205 editus
3071 1143 3300 1205 dicitur
3342 1160 3357 1203 :
3410 1148 3480 1204 ut
3534 1144 3755 1204 eodem

339 1248 532 1321 atque
586 1241 707 1304 isto
763 1260 929 1304 anno
985 1243 1121 1321 395,
1185 1243 1390 1306 lucem
1457 1243 1776 1323 aspexisse
1831 1242 2185 1304 videantur.
2243 1241 2360 1313 Qui
2428 1242 2622 1321 igitur
2676 1248 2996 1322 postremo
3070 1242 3353 1303 omnium
3420 1241 3559 1303 loco
3614 1260 3759 1321 pro-

340 1340 527 1401 diisse
601 1340 739 1402 haec
821 1341 1178 1415 afﬁrmant,
1243 1342 1553 1422 Dupinius
1609 1348 1673 1404 et
1739 1341 2166 1419 Martianmus,
2224 1358 2264 1400 a
2321 1357 2469 1401 vero
2544 1358 2737 1419 quam
2815 1338 3181 1419 longissime
3257 1339 3554 1400 aberrant
3608 1356 3622 1398 :
3684 1357 3758 1399 ac

226 1437 233 1447 “
342 1438 555 1500 doceri
607 1438 861 1519 quidem
919 1457 1065 1501 cum
1122 1439 1245 1501 hoc
1301 1441 1438 1520 ipso
1496 1438 1857 1501 testimonio
1913 1443 2230 1518 poterant,
2262 1442 2402 1498 tum
2431 1437 2542 1498 illo
2572 1438 2638 1497 in
2684 1438 2953 1515 epistola
2982 1440 3081 1512 71,
3118 1438 3198 1498 ad
3230 1437 3580 1511 Lucinium,
3616 1444 3759 1516 post

342 1536 539 1596 ferme
568 1535 908 1597 triennium
939 1537 1109 1611 data,
1144 1536 1253 1597 ubi
1281 1555 1501 1598 omnes
1530 1544 1675 1598 ante
1704 1535 2162 1598 Octateuchum
2194 1535 2435 1595 Veteris
2465 1535 2852 1596 Testamenti
2884 1535 3076 1595 libros
3128 1536 3192 1596 S.
3250 1536 3386 1614 ipse
3442 1536 3761 1614 lnterpres

342 1634 543 1695 editos
572 1652 609 1695 a
641 1652 706 1695 se
735 1635 1090 1714 proﬁtetur.
1133 1634 1476 1712 Canonem,
1509 1635 1738 1715 inquit,
1771 1632 2109 1694 Hebraicw
2140 1632 2449 1711 veritatis,
2483 1638 2724 1714 excepto
2778 1631 3186 1712 Octateucho,
3248 1652 3424 1713 quem
3473 1652 3638 1692 nunc
3694 1632 3759 1692 in

343 1730 634 1793 manibus
665 1731 878 1805 habeo,
894 1733 1123 1814 pueris
1152 1733 1282 1793 tuis
1310 1739 1372 1793 et
1399 1733 1671 1794 notariis
1699 1732 1851 1792 dedi
1878 1729 2379 1792 describendum.
2415 1732 2522 1792 His
2547 1731 2760 1811 itaque
2791 1732 3320 1810 recognoscendis
3349 1737 3491 1791 octo
3551 1730 3749 1802 libris,

342 1830 451 1909 qui
482 1830 755 1910 priorem
788 1849 865 1891 ex
891 1831 1113 1892 ordine
1143 1833 1309 1892 sacri
1343 1837 1551 1892 textus
1579 1831 1788 1892 locum
1817 1829 2130 1902 obtinent,
2162 1828 2242 1889 ab
2274 1847 2442 1889 anno
2472 1831 2591 1890 398
2620 1829 2959 1889 insudabat
2986 1846 3001 1889 :
3034 1847 3400 1909 quanquam
3462 1829 3746 1890 Genesim

344 1944 419 1988 eo
441 1928 623 1989 citius
671 1928 927 2003 editam,
982 1929 1167 1990 facile
1215 1928 1497 1990 adducor
1545 1935 1615 1989 ut
1661 1929 1938 2000 credam,
2001 1945 2142 1987 cum
2204 1926 2431 2005 reliqui
2457 1926 2705 1987 interim
2740 1927 2921 1988 Mosis
2947 1926 3092 1986 libri
3122 1928 3185 1987 in
3216 1933 3517 2006 quartum
3565 1927 3757 2006 quin-

344 2029 558 2086 tumve
586 2044 825 2087 annum
856 2031 1311 2105 premerentur.
1348 2029 1540 2087 Josue
1569 2031 1780 2103 autem
1812 2024 2064 2086 nonnisi
2094 2029 2235 2104 post
2261 2029 2489 2085 sanctae
2518 2024 2737 2084 PaulaD
2768 2025 3203 2085 dormitionem
3230 2025 3294 2085 in
3318 2024 3520 2085 lucem
3542 2024 3752 2085 venit:

345 2141 541 2202 quam
572 2123 801 2184 obiisse
830 2121 1123 2184 Honorio
1150 2124 1455 2205 Augusto
1483 2141 1543 2187 γι
1563 2129 1623 2183 et
1648 2123 2030 2184 Aristwneto
2061 2141 2218 2183 coss.
2226 2168 2246 2198 ,
2279 2122 2340 2181 id
2376 2126 2470 2183 est
2498 2142 2601 2202 ap.
2634 2125 2775 2195 404,
2809 2142 2883 2184 ex
2914 2121 3199 2201 ejusdem
3226 2122 3551 2203 epitaphio
3577 2141 3750 2184 com-

350 2225 602 2300 pertum
634 2226 750 2282 est.
783 2220 1080 2281 Omnium
1112 2221 1382 2301 denique
1414 2227 1769 2302 postremus
1798 2221 1957 2281 liber
1983 2219 2211 2282 Esther
2238 2219 2568 2299 prodierit,
2602 2220 2913 2300 siquidem
2944 2240 3087 2282 eum
3121 2223 3184 2283 S.
3224 2223 3414 2282 Pater
3469 2224 3761 2282 Octateu-

354 2317 458 2379 chi
491 2336 755 2379 numero
788 2319 1292 2399 comprehendit,
1353 2337 1428 2380 ex
1477 2319 1893 2380 Hebraeorum
1942 2336 2116 2379 more
2156 2318 2408 2380 Iudices
2438 2324 2501 2379 et
2532 2318 2699 2379 Ruth
2742 2318 2936 2380 libros
2982 2318 3048 2379 in
3099 2337 3299 2379 unum
3344 2317 3761 2397 conjungens,

360 2431 488 2494 qua
533 2414 791 2476 demum
834 2415 900 2476 in
945 2433 1035 2490 re,
1085 2434 1158 2477 ac
1189 2417 1491 2497 temporis
1538 2421 1690 2478 nota
1737 2416 2006 2478 aliorum
2054 2414 2253 2495 probe
2298 2414 2469 2476 initis
2515 2415 2867 2478 rationibus
2898 2415 3057 2476 nihil
3086 2434 3221 2477 esse
3259 2415 3559 2476 duximus
3589 2432 3770 2495 repo-

360 2513 665 2574 nendum.

942 2772 1070 2879 S.
1146 2770 1284 2877 P.
1364 2766 2387 2881 ΙΝΝΟΟΕΝΤΙΟ
2468 2770 2545 2880 Ἃ

1571 2766 2387 2881 NOCENTIO
2468 2769 2719 2880 ΧΠ
2794 2768 2931 2877 Ρ.
3009 2769 3174 2878 Μ.

431 3092 885 3170 Hieronymus,
922 3095 1172 3160 Christi
1197 3101 1419 3156 vestem
1468 3097 1536 3156 in
1580 3094 1865 3159 Romana
1903 3095 2055 3156 urbe
2109 3095 2482 3177 suscipiens,
2541 3095 2853 3158 cathedra
2890 3096 3073 3156 Petri
3130 3096 3436 3157 inviolata
3490 3116 3768 3158 commu-

360 3192 549 3253 nione
599 3196 1012 3275 consociatus,
1071 3194 1346 3255 Damasi
1391 3203 1566 3277 papae
1621 3194 1944 3255 oraculum
2000 3196 2313 3275 quondam
2368 3216 2441 3256 ac
2483 3195 2751 3272 deliciae,
2784 3195 2870 3256 ad
2899 3201 3020 3256 tuae
3049 3196 3424 3258 Sanctitatis
3471 3196 3766 3276 vestigia,

316 3306 327 3317 ‘
358 3289 712 3352 beatissime
740 3297 957 3373 Pater,
971 3293 1262 3370 festinus
1290 3300 1449 3364 voto,
1483 3293 1774 3373 obsequio
1804 3293 1986 3354 lwtus
2029 3293 2289 3354 accedit.
2332 3292 2710 3374 Quanquam
2741 3297 2904 3355 enim
2937 3294 3035 3355 tui
3063 3315 3199 3354 eum
3257 3300 3487 3355 terreat
3519 3294 3776 3375 magni-

362 3390 538 3469 tudo,
601 3392 829 3451 invitat
876 3397 1076 3452 tamen
1134 3391 1519 3453 humanitas.
1581 3390 1874 3471 Recedat,
1937 3391 2166 3473 inquit,
2228 3390 2503 3454 Romani
2557 3392 2858 3452 culminis
2905 3392 3185 3471 ambitio,
3246 3412 3383 3452 cum
3415 3412 3773 3453 successore

365 3486 723 3549 Piscatoris
752 3496 812 3549 et
839 3490 1155 3573 discipulo
1185 3491 1393 3551 crucis
1424 3490 1648 3570 loquor
1675 3488 1914 3571 (Epist.
1949 3489 2077 3569 57.)
2107 3488 2304 3550 Novit
2322 3490 2544 3550 etenim
2576 3489 2820 3551 Doctor
2840 3489 3137 3552 Ecclesia:
3167 3491 3498 3569 maximus,
3560 3491 3771 3551 socius

362 3587 741 3665 angelorum
775 3588 841 3648 in
871 3589 1042 3669 calo,
1075 3589 1244 3670 quod
1270 3589 1331 3649 si
1359 3588 1673 3672 apostolos
1704 3587 1936 3647 honore
1965 3588 2268 3668 sequeris,
2301 3588 2585 3669 sequaris
2611 3594 2671 3647 et
2702 3589 2944 3650 merito.
3016 3587 3156 3649 Tuae
3213 3589 3424 3670 igitur
3478 3588 3772 3649 Beatitu-

361 3682 539 3744 diuis
554 3684 830 3766 pedibus
851 3687 1225 3768 provolutus
1254 3706 1536 3747 summus
1567 3685 1679 3745 ille
1707 3685 1827 3764 vir,
1862 3684 2317 3746 Bibliothecam
2346 3706 2523 3746 suam
2554 3686 2884 3766 Divinam,
2946 3706 3080 3767 qum
3125 3693 3310 3768 caput
3354 3692 3448 3746 est
3495 3686 3770 3746 omnium

355 3781 719 3844 studiorum
748 3784 910 3865 eius,
947 3786 1292 3846 redivivam
1323 3805 1487 3845 nunc
1507 3792 1689 3865 opera
1711 3789 1949 3856 nostra,
1986 3783 2276 3845 manibus
2307 3805 2547 3866 quoque
2593 3784 2831 3845 nostris
2879 3785 3111 3865 offerre
3155 3786 3374 3865 gestit,
3406 3790 3475 3845 ut
3524 3784 3636 3865 qui
3689 3783 3774 3844 ad

356 3879 580 3941 Sedem
634 3882 1069 3964 Apostolicam
1123 3904 1246 3944 uno
1303 3883 1636 3962 eodemque
1687 3882 1919 3961 aﬂectu
1968 3883 2320 3943 reverentia
2369 3882 2668 3964 propensi
2694 3902 2935 3961 sumus,
2946 3881 3198 3960 junctis
3211 3882 3466 3963 pariter
3502 3881 3769 3961 ofﬁciis,

360 3979 634 4041 secunda
693 3981 936 4041 cunctis
992 3980 1336 4041 virtutibus
1391 3980 1489 4040 tui
1538 3979 1965 4062 pontificatus
2024 3980 2212 4041 initia
2273 3980 2606 4041 individuo
2681 3979 2941 4041 honoris
3007 3980 3223 4041 studio
3278 3978 3772 4041 concelebremus

356 4073 592 4157 (Epist.
624 4079 756 4158 58.)

438 4173 654 4254 Neque
708 4196 849 4236 vero
906 4176 1058 4255 erit,
1119 4176 1513 4238 sanctissime
1557 4175 1773 4254 Pater,
1835 4175 2005 4256 quod
2054 4176 2296 4256 aﬂatus
2349 4181 2491 4237 tuos
2548 4177 2734 4237 etiam
2785 4176 3038 4238 minimi
3048 4186 3415 4259 paveamus,
3439 4199 3576 4239 cum
3600 4176 3778 4240 nobis

357 4271 749 4332 audientiam
804 4277 1131 4342 facturum
1188 4277 1277 4336 sit
1330 4274 1680 4337 immortale
1735 4273 1906 4337 illud
1963 4273 2290 4354 ingenium
2346 4295 2484 4335 cum
2513 4295 2627 4335 suo
2658 4295 2985 4337 sacrarum
3031 4277 3614 4359 interpretationum
3644 4296 3780 4336 am-

353 4370 650 4451 plissimo
706 4392 978 4454 munere,
1037 4377 1206 4456 quod
1260 4396 1373 4436 nos
1431 4374 1853 4436 venerabundi
1891 4374 2133 4435 nomini
2162 4378 2267 4436 tuo
2324 4395 2779 4438 consecramus.
2823 4376 3007 4454 Quid
3032 4377 3198 4436 enim
3211 4377 3514 4457 piissimo
3553 4374 3783 4435 Chris-

360 4469 679 4530 tianorum
729 4472 926 4532 Patri
980 4479 1294 4555 acceptum
1345 4474 1554 4555 magis
1588 4479 1919 4554 gratumve
1945 4474 2181 4553 fuerit,
2219 4494 2405 4555 quam
2455 4479 2750 4536 restituta
2796 4476 2861 4534 in
2894 4494 3103 4534 omnes
3131 4472 3430 4533 Ecclesiae
3461 4471 3776 4531 utilitates

353 4565 599 4628 Divina
628 4566 1011 4646 Hieronymi
1060 4570 1482 4651 Bibliotheca,
1543 4572 1893 4632 caelestium
1951 4571 2197 4632 scilicet
2250 4572 2685 4633 mandatorum
2745 4571 3101 4648 thesaurus,
3155 4570 3318 4631 unde
3350 4573 3775 4651 proferuntur

361 4683 519 4724 nova
547 4670 606 4724 et
635 4671 860 4747 vetera,
894 4667 1124 4749 quibus
1154 4689 1285 4729 sese
1313 4688 1387 4729 ac
1414 4668 1836 4729 concreditum
1858 4667 1987 4727 sibi
2007 4688 2269 4750 gregem
2300 4668 2467 4728 alere
2495 4673 2682 4748 queat
2730 4673 2951 4748 pastor
3006 4665 3202 4727 bonus
3256 4672 3315 4726 et
3371 4665 3776 4748 dispensator

361 4762 586 4834 ﬁdelis
612 4763 639 4824 ἔ
676 4765 930 4843 Quidni
946 4766 1228 4843 jucunda
1250 4787 1416 4829 nunc
1433 4766 1677 4837 fuerint
1709 4764 2067 4828 Innocentio
2097 4785 2279 4824 sacra
2300 4764 2777 4846 Scripturarum
2808 4764 3148 4841 volumina,
3180 4783 3316 4845 quae
3368 4769 3555 4824 castae
3597 4769 3777 4824 erant

364 4860 608 4922 deliciae
629 4864 837 4924 sancti
848 4865 1191 4946 pontiﬁcis
1216 4865 1510 4944 Damasi,
1542 4864 1727 4944 cujus
1759 4863 2049 4944 insignia
2084 4862 2214 4925 haec
2242 4868 2393 4923 sunt
2422 4863 2609 4924 verba
2637 4865 2724 4924 ad
2754 4864 2956 4944 ipsum
2987 4862 3443 4939 Hieronymum
3489 4862 3725 4944 scripta
3752 4861 3780 4922 ἰ

360 4959 576 5039 Neque
605 4979 753 5023 vero
789 4963 982 5024 ullam
1013 4970 1167 5043 puto
1197 4964 1547 5043 digniorem
1582 4962 2027 5043 disputationis
2052 4968 2284 5024 nostrae
2315 4962 2917 5035 confabulationem,
2955 4980 3143 5042 quam
3190 4961 3243 5021 si
3299 4961 3376 5021 de
3430 4960 3777 5041 Scripturis

358 5058 859 5120 sermocinemur
887 5061 1052 5123 inter
1083 5081 1218 5135 nos,
1255 5062 1318 5122 id
1351 5068 1466 5135 est,
1504 5067 1570 5122 ut
1597 5079 1715 5140 ego
1744 5061 2150 5139 interrogem,
2185 5066 2253 5121 tu
2310 5062 2719 5140 respondeas.
2780 5061 2915 5133 Qua
2969 5061 3099 5121 vita
3154 5059 3315 5121 nihil
3370 5065 3526 5140 puto
3561 5061 3625 5120 in
3658 5060 3777 5121 hac

355 5155 495 5217 luce
544 5155 933 5237 jucundius:
999 5179 1125 5240 quo
1182 5160 1410 5221 animae
1467 5159 1701 5240 pabulo
1757 5158 1971 5221 omnia
2000 5158 2188 5219 mella
2216 5165 2619 5238 superantur.
2677 5160 2881 5233 Quam
2914 5157 3145 5232 dulcia,
3179 5157 3389 5239 inquit
3435 5157 3769 5238 propheta,

359 5254 601 5333 gutturi
634 5274 775 5317 meo
806 5257 1060 5337 eloquia
1092 5259 1241 5320 tua!
1277 5276 1467 5338 super
1495 5257 1617 5319 mel
1650 5258 1744 5318 ori
1776 5275 1915 5318 meo
1944 5255 2181 5339 (Epist.
2216 5257 2388 5337 124.)

441 5351 659 5414 Multa
704 5353 955 5435 quidem
991 5355 1305 5437 praeclare
1333 5358 1520 5433 facta
1571 5360 1701 5428 tua,
1736 5354 1930 5414 Pater
1985 5354 2403 5428 sanctissime,
2453 5354 2602 5415 dum
2654 5354 2824 5437 apud
2852 5354 3063 5435 duces,
3096 5374 3299 5436 reges,
3336 5353 3771 5435 imperatores-

363 5469 479 5530 que
533 5452 914 5514 internuntii
968 5453 1121 5515 olim
1177 5454 1398 5532 ofﬁcio
1452 5453 1838 5534 fungereris,
1899 5452 2140 5513 divinis
2197 5458 2255 5512 te
2302 5451 2558 5533 legibus
2614 5453 2962 5533 addictum,
2994 5474 3068 5514 ac
3114 5457 3469 5514 sanctorum
3500 5450 3765 5512 Patrum

363 5548 751 5611 documentis
792 5550 993 5634 probe
1048 5552 1342 5633 aﬂectum
1398 5550 1948 5613 demonstrabant:
2010 5571 2176 5611 nunc
2205 5555 2410 5611 autem
2440 5571 2697 5613 summa?
2712 5552 3053 5634 potestatis
3071 5550 3410 5633 particeps,
3478 5548 3767 5611 Christi-

358 5664 476 5727 que
530 5647 807 5710 viearius
862 5650 1144 5732 eﬂ'ectus,
1187 5654 1279 5711 tot
1332 5669 1405 5711 ac
1460 5654 1635 5710 tanta
1676 5648 1943 5731 pietatis
1983 5648 2227 5732 prxbes
2285 5655 2684 5730 argumenta,
2737 5654 2809 5711 ut
2863 5668 3074 5713 omnes
3120 5647 3511 5710 Christiana
3551 5645 3763 5730 plebes
