4060 6190
321 349 407 409 29
1512 346 1895 408 EPISTOLA
1941 346 2579 410 NUNCUPATORIA.
3674 351 3752 410 3O

331 479 468 541 sibi
514 480 949 561 gratulentur,
997 480 1168 561 quod
1213 480 1279 541 in
1329 486 1386 540 te
1434 478 1700 540 habeant
1745 477 2015 540 scribam
2063 478 2313 542 doctum
2365 479 2432 539 in
2476 499 2674 560 regno
2716 480 3031 555 caelorum,
3079 481 3265 561 cujus
3322 482 3614 543 voluntas
3666 482 3755 542 sit

318 582 391 641 in
420 580 570 660 lege
594 579 865 641 Domini
894 580 1009 640 diu
1039 585 1344 660 noctuque
1374 579 1760 640 meditando.
1796 578 1961 639 Nam
1993 579 2156 639 unde
2184 577 2305 639 tibi
2333 598 2448 638 vox
2478 578 2595 638 illa
2636 584 2761 640 toto
2808 580 2938 655 iam
2995 580 3140 642 orbe
3160 580 3559 663 percelebris,
3620 584 3748 643 Do-

322 697 464 738 mus
498 679 775 740 Romani
801 677 1145 754 Pontiﬁcis,
1179 678 1406 739 domus
1446 684 1543 738 est
1574 696 1921 755 egenorum
1941 677 1971 736 ?
1998 676 2084 737 Et
2114 677 2337 737 iterum
2368 676 2452 736 ad
2486 677 2653 758 ipsos
2667 686 2974 759 pauperes
3004 680 3206 740 oculis
3229 686 3462 761 captos.
3500 683 3641 741 Non
3669 681 3748 740 li-

324 776 646 836 bertatem
678 776 853 837 vobis
883 776 1104 854 eripio,
1132 776 1242 836 sed
1274 776 1399 836 dux
1430 775 1545 836 vias
1576 792 1650 836 ac
1680 784 1884 836 vester
1908 775 2128 836 oculus
2157 793 2291 835 esse
2346 775 2514 837 volo.
2555 776 2750 849 Unde,
2786 777 3061 856 inquam,
3094 778 3443 839 Sanctitati
3471 784 3597 839 tuae
3635 777 3754 840 hu-

316 871 611 943 iusmodi
640 894 835 953 voces,
868 894 1003 953 quae
1030 873 1401 934 dulcissime
1427 878 1655 933 sonant
1684 873 1751 933 in
1781 872 2045 933 auribus
2072 871 2369 933 Ecclesia
2391 874 2691 953 virginis,
2725 874 2852 934 nisi
2880 895 2952 934 ex
2980 876 3191 951 adytis
3220 883 3278 936 et
3335 876 3590 937 oraculo
3659 876 3752 937 di-

320 972 621 1031 vinarum
648 971 1149 1054 Scripturarum,
1181 993 1213 1031 e
1240 992 1361 1052 quo
1389 991 1730 1032 sermonem
1765 970 1957 1031 istum
1987 969 2198 1051 eloqui
2226 970 2590 1031 didiceras:
2624 972 2855 1032 Oculus
2888 972 2976 1032 fui
3006 992 3196 1048 cmco,
3232 979 3294 1035 et
3324 994 3433 1053 pes
3490 973 3744 1048 claudo,

322 1075 511 1145 pater
538 1086 713 1129 eram
748 1087 1099 1148 pauperum
1132 1068 1271 1149 (Job
1299 1086 1475 1142 xxxx,
1512 1070 1643 1148 15.)
1681 1068 1875 1146 Quod
1893 1068 2055 1128 enim
2087 1067 2163 1129 ab
2196 1068 2429 1135 inclyta
2461 1068 2577 1129 illo
2610 1068 2774 1129 inter
2803 1066 3167 1131 Orientales
3197 1071 3509 1151 quondam
3558 1070 3747 1151 prin-

321 1164 460 1245 cipe
486 1164 724 1225 sciebat
748 1165 1076 1227 actitatum
1105 1166 1418 1247 religioso
1448 1165 1869 1227 humanitatis
1897 1166 2152 1246 aﬂectu,
2187 1166 2257 1226 id
2287 1167 2489 1248 ipsum
2537 1166 2860 1227 Sanctitas
2916 1172 3024 1227 tua
3082 1166 3221 1228 orbi
3260 1166 3403 1246 jam
3452 1166 3747 1228 universo

312 1262 654 1342 conspicua
686 1263 1065 1324 imitandum
1094 1262 1223 1324 sibi
1226 1264 1586 1346 proposuit,
1608 1264 2038 1346 plurimorum
2068 1263 2419 1345 largitione
2447 1285 2770 1326 munerum
2793 1264 3063 1326 membra
3099 1264 3360 1328 Christi
3374 1267 3739 1341 confovens;

324 1377 646 1439 vagosque
677 1360 980 1422 inducens
1014 1362 1079 1421 in
1110 1362 1328 1422 domos
1355 1362 1760 1443 pontiﬁcias.

410 1454 548 1517 Nec
576 1478 700 1518 uno
731 1464 974 1519 tantum
1005 1458 1423 1521 humanitatis
1452 1480 1525 1520 ac
1553 1460 2005 1521 misericordiae
2035 1458 2336 1537 beneficio
2373 1458 2724 1522 Ecclesiam
2804 1460 2935 1522 Dei
2987 1460 3343 1523 sublevasse
3392 1465 3745 1537 contentus,

320 1553 500 1628 Papa
529 1555 930 1635 venerabilis,
964 1578 1173 1618 omnes
1202 1559 1390 1618 etiam
1420 1557 1653 1619 divites
1684 1577 1807 1618 mre
1826 1566 2125 1639 percusso
2149 1565 2528 1639 prwmonere
2558 1558 2843 1637 voluisti,
2877 1577 2953 1619 ne
3005 1564 3326 1641 sperarent
3381 1558 3448 1618 in
3507 1557 3744 1618 incerto

321 1650 728 1732 divitiarum,
765 1653 975 1715 aliena
1005 1656 1525 1737 concupiscentes,
1544 1656 1815 1737 propria
1845 1675 1968 1716 non
1997 1660 2354 1735 erogantes,
2387 1655 2645 1735 suisque
2674 1657 2741 1716 in
2761 1657 3090 1738 propriam
3104 1657 3451 1739 perniciem
3482 1654 3747 1725 abuten-

328 1752 420 1806 tes
440 1770 466 1823 ;
496 1749 668 1810 dicis
695 1752 860 1811 enim
884 1774 901 1812 :
925 1754 1203 1815 Pecunia
1232 1754 1354 1815 ista
1398 1773 1523 1815 non
1554 1754 1636 1815 sit
1664 1754 1990 1816 nobiscum
2023 1754 2087 1814 in
2117 1753 2490 1832 perditione.
2533 1752 2715 1831 Quid
2726 1753 2927 1836 plura
2955 1753 2981 1814 ἰ
3017 1753 3105 1815 Ut
3122 1754 3466 1816 exsultaret
3493 1774 3525 1813 e
3546 1751 3745 1814 Chri-

326 1845 543 1906 stiana
573 1849 892 1931 republica
920 1852 1409 1913 simulacrorum
1438 1852 1708 1913 servitus
1739 1853 2035 1931 avaritia,
2067 1858 2126 1911 et
2153 1851 2525 1933 cupiditatis
2555 1852 2744 1912 radix
2772 1853 3048 1912 omnium
3096 1852 3428 1929 malorum,
3495 1852 3739 1911 decreto

322 1942 663 2023 singulari
688 1948 918 2008 statuit
943 1949 1314 2031 Apostolica
1341 1956 1450 2010 tua
1488 1949 1883 2025 sollicitudo,
1916 1970 1991 2010 ne
2018 1950 2307 2031 deinceps
2338 1948 2585 2009 venalia
2612 1953 2821 2022 forent
2846 1950 3145 2029 judicum
3203 1948 3577 2025 tribunalia,
3635 1946 3752 2007 sed

338 2041 365 2099 i
363 2044 584 2121 gratis
613 2044 1043 2107 tribuerentur
1063 2047 1283 2130 probis
1313 2046 1694 2126 hominibus,
1727 2048 1839 2129 qui
1849 2048 2046 2128 juxta
2057 2052 2439 2130 praeceptum
2469 2047 2867 2128 legislatoris
2881 2046 3203 2131 prophetae
3256 2046 3606 2124 constituti,
3637 2044 3747 2124 ju-

332 2137 545 2203 dicent
573 2144 884 2224 populum
906 2145 1082 2227 justo
1106 2146 1379 2228 judicio,
1411 2166 1526 2209 nec
1554 2147 1619 2209 in
1652 2147 1918 2209 alteram
1949 2153 2194 2228 partem
2226 2146 2544 2207 declinent
2575 2142 2836 2208 munera
2884 2148 3284 2227 accipientes,
3344 2164 3487 2226 quas
3543 2162 3744 2206 excae-

327 2244 477 2299 cant
504 2241 724 2304 oculos
754 2244 1135 2324 sapientum,
1168 2250 1232 2306 et
1266 2251 1517 2307 mutant
1545 2245 1738 2307 verba
1760 2245 2081 2325 justorum
2111 2243 2329 2325 (Deut.
2364 2244 2518 2325 xw.)
2549 2244 2837 2305 Maxima
2868 2245 3079 2326 utique
3108 2243 3223 2306 hoc
3272 2244 3453 2306 modo
3466 2247 3739 2325 praestas

322 2330 663 2415 largitatis
691 2361 767 2401 ac
795 2342 1242 2421 munificentia?
1270 2364 1559 2405 munera:
1590 2363 1949 2425 summoque
1978 2342 2045 2403 in
2065 2342 2383 2420 Pontiﬁce
2411 2342 2717 2424 digniora
2747 2344 2851 2405 vix
2878 2343 3237 2404 desiderari
3255 2346 3523 2426 possunt
3549 2340 3733 2420 faci-

318 2448 501 2512 nora,
537 2436 671 2496 nisi
677 2440 862 2515 forte
885 2440 950 2499 in
979 2439 1342 2502 Innocentio
1371 2439 1530 2521 XII,
1563 2441 1675 2522 qui
1701 2440 1968 2522 quodam
1982 2441 2361 2517 futurorum
2394 2439 2691 2502 bonorum
2723 2441 3043 2521 vaticinia,
3079 2441 3323 2502 numeri
3350 2437 3733 2501 duodenarii

313 2531 587 2592 sortitus
616 2540 711 2594 est
739 2556 978 2617 nomen,
1014 2543 1084 2598 ut
1112 2538 1179 2598 in
1208 2559 1275 2599 eo
1303 2539 1561 2599 virtutis
1590 2538 1971 2621 Apostolicav
2000 2538 2186 2618 quasi
2219 2537 2679 2619 plenitudinem
2727 2547 2977 2621 sperare
3006 2537 3185 2599 nobis
3215 2539 3454 2599 liceret.
3489 2534 3725 2617 Ecquis

314 2624 477 2685 vivit
532 2629 649 2691 illo
702 2631 890 2694 hodie
933 2636 1340 2715 moderatius,
1376 2637 1508 2717 qui,
1543 2636 1841 2697 Ecclesia:
1862 2634 2263 2717 proventibus
2296 2656 2327 2695 e
2356 2635 2754 2697 nobilissima
2783 2636 3145 2717 Pignatelli
3152 2635 3422 2711 familia
3458 2642 3729 2717 prorsus

312 2723 655 2809 abdicatis,
679 2731 957 2794 debitum
970 2734 1347 2817 parantibus
1368 2736 1602 2796 amoris
1620 2736 1911 2817 aﬂ'ectum
1936 2735 2001 2795 in
2013 2742 2317 2817 pauperes
2339 2740 2532 2796 totum
2553 2756 2627 2795 ex
2646 2736 2887 2796 decreto
2910 2739 3257 2807 transferre
3274 2733 3554 2796 curavit?
3576 2732 3732 2791 Per-

322 2842 586 2887 suasum
619 2838 830 2912 nempe
856 2832 985 2914 ipsi
990 2835 1219 2910 fuerat
1245 2832 1323 2893 ab
1352 2830 1764 2913 Hieronymo,
1796 2833 2076 2915 gloriam
2103 2832 2373 2916 episcopi
2403 2833 2470 2894 in
2500 2854 2568 2896 eo
2597 2835 2862 2895 maxime
2888 2833 3274 2907 collocatam,
3307 2833 3369 2893 si
3380 2840 3731 2915 pauperum

321 2919 551 3003 inopiae
576 2927 947 3007 providerit,
978 2949 1087 2990 nec
1105 2930 1390 3013 propriis
1418 2930 1692 2991 studerit
1718 2930 1969 2991 divitiis
2000 2929 2231 3012 (Epist.
2265 2932 2351 3011 2).

400 3017 608 3101 Ergo,
644 3024 711 3086 in
741 3030 820 3105 te,
855 3025 1209 3088 beatissime
1237 3028 1454 3108 Pater,
1469 3028 1678 3106 factis
1717 3027 2064 3111 aequalibus
2117 3037 2407 3110 expressa
2462 3029 2931 3111 dignoscuutur
2983 3047 3357 3111 quascunque
3423 3025 3729 3107 egregius

318 3113 594 3193 Doctor,
626 3121 843 3184 divino
865 3125 1083 3206 potius
1112 3145 1297 3206 quam
1326 3124 1639 3187 rethorico
1669 3126 1939 3205 afﬂatus
1968 3126 2226 3209 spiritu,
2259 3126 2336 3187 de
2364 3126 2760 3207 abnegandis
2779 3135 2897 3209 pro
2935 3125 3203 3187 Christo
3232 3122 3579 3208 Nepotibus
3636 3122 3733 3184 vel

316 3212 725 3299 Nepotianis,
759 3242 869 3281 nec
895 3222 1115 3284 seculi
1141 3224 1342 3285 lucris
1374 3225 1439 3283 in
1466 3222 1596 3284 Dei
1624 3224 1860 3284 militia
1889 3225 2264 3305 quaerendis,
2279 3225 2842 3302 familiarissimos
2872 3244 3021 3285 suos
3047 3224 3283 3285 litteris
3314 3242 3558 3284 monere
3586 3240 3735 3281 con-

322 3314 536 3373 tendit
560 3315 799 3398 (Epist.
836 3322 893 3399 i,
925 3321 1011 3400 2).
1044 3321 1209 3381 Nam
1239 3322 1629 3393 Hieronymo
1659 3343 1796 3381 cum
1825 3321 2190 3383 Innocentio
2221 3343 2403 3404 quam
2434 3322 2578 3383 bene
2629 3323 2972 3402 conveniat,
3031 3321 3179 3382 hinc
3228 3320 3503 3404 epistola:
3551 3319 3739 3380 illinc

320 3408 575 3471 decreta
605 3421 937 3478 testantur.
970 3418 1187 3479 Solum
1202 3420 1472 3501 pietatis
1499 3437 1704 3500 genus
1732 3440 1866 3481 esse
1895 3420 2132 3497 volunt,
2150 3430 2279 3503 per.
2298 3421 2605 3482 calcatum
2624 3427 2874 3503 patrem
2905 3422 2990 3481 ad
3018 3420 3313 3481 vexillum
3344 3420 3553 3480 crucis
3596 3438 3738 3478 evo-

319 3505 463 3566 lare
495 3530 519 3585 ;
549 3517 611 3569 et
638 3513 705 3573 in
734 3516 1038 3576 exstincto
1049 3523 1387 3599 parentum
1420 3518 1650 3599 aﬂectu
1680 3518 1965 3579 crudeles
1992 3519 2129 3579 dici
2148 3518 2540 3598 gloriantur.
2587 3518 2845 3580 Tantam
2876 3539 3083 3579 rerum
3116 3518 3557 3598 verborumque
3583 3536 3734 3576 con-

320 3609 687 3670 sonantium
718 3612 1115 3674 mirabantur
1141 3615 1263 3676 alii
1292 3616 1358 3675 in
1388 3616 1656 3677 maximo
1686 3615 1959 3677 Doctore
1986 3621 2046 3676 et
2074 3616 2140 3676 in
2170 3637 2408 3677 summo
2437 3618 2790 3695 Pontiﬁce:
2826 3618 2996 3699 apud
3025 3637 3136 3678 nos
3194 3616 3441 3698 quidem
3483 3614 3730 3693 justam

324 3702 511 3764 habet
539 3710 991 3772 venerationem
1020 3712 1338 3794 quidquid
1363 3713 1614 3774 excellit
1638 3735 1660 3791 ;
1694 3715 1805 3775 sed
1832 3714 2310 3775 admirationem
2344 3735 2464 3775 non
2491 3715 2712 3776 habuit
2740 3716 3001 3796 antiqua
3030 3735 3103 3775 ac
3130 3715 3450 3796 explorata
3481 3717 3732 3773 sancto-

326 3822 470 3862 rum
492 3804 771 3867 virorum
792 3811 1136 3872 consensio.
1161 3810 1527 3873 Innocentio
1546 3811 1692 3873 XII
1695 3813 1907 3891 fidem
1927 3813 2161 3874 scimus
2183 3814 2588 3895 praedicatam
2607 3814 3031 3888 familiariter
3051 3812 3127 3874 ab
3146 3812 3557 3889 Hieronymo,
3582 3810 3731 3870 dum

325 3900 466 3978 ejus
485 3911 919 3983 praecessorem
948 3907 1062 3969 hoc
1090 3911 1336 3970 nomine
1360 3912 1632 3980 primum
1660 3910 2098 3972 Demectriadi
2139 3910 2405 3992 Virgini
2432 3913 2808 3992 sequendum
2842 3912 2932 3972 ita
2947 3912 3252 3994 proponit
3277 3932 3289 3971 :
3327 3909 3487 3971 Illud
3520 3914 3580 3969 te
3626 3908 3730 3985 pio

326 3997 656 4064 charitatis
686 4005 915 4067 affectu
945 4009 1461 4086 prmmonendam
1497 4016 1672 4089 puto,
1706 4016 1778 4071 ut
1801 4009 2002 4071 sancti
2030 4010 2404 4083 Innocentii,
2439 4011 2547 4090 qui
2576 4009 2940 4090 apostolicae
2988 4009 3333 4082 cathedrae,
3394 4012 3458 4067 et
3513 4021 3733 4083 supra-

325 4094 478 4158 dicti
506 4101 625 4160 viri
655 4120 979 4166 successor
1006 4111 1070 4167 et
1099 4106 1265 4167 ﬁlius
1292 4113 1408 4177 est,
1443 4113 1659 4169 teneas
1685 4108 1871 4168 ﬁdem
1908 4125 1922 4167 :
1957 4124 2074 4169 nec
2105 4108 2523 4187 peregrinam,
2552 4108 2839 4187 quamvis
2877 4107 2991 4168 tibi
3038 4107 3315 4186 prudens
3369 4102 3729 4181 callideque

326 4192 616 4270 videaris,
649 4198 1002 4263 doctrinam
1038 4204 1327 4284 recipias.
1354 4204 1579 4286 (Epist.
1603 4206 1691 4285 8).
1725 4204 1856 4266 Nec
1884 4205 2113 4265 mirum
2144 4206 2311 4286 quod
2338 4205 2692 4266 Innocentii
2703 4206 3055 4287 praedicata
3084 4204 3173 4265 sit
3181 4202 3366 4281 ﬁdes
3396 4199 3473 4261 ab
3517 4220 3586 4260 eo
3614 4198 3729 4280 qui

303 4290 511 4367 ﬁlius
542 4314 680 4373 ejus
706 4298 1070 4361 declaratur
1099 4301 1166 4362 in
1194 4302 1461 4365 concilio
1491 4302 1889 4377 Milevitana,
1926 4301 2035 4364 ubi
2064 4324 2220 4364 nova
2248 4309 2308 4363 et
2336 4303 2599 4364 nimium
2631 4303 2997 4385 perniciosa
3055 4299 3331 4380 haeresis,
3375 4297 3726 4381 peregrina

319 4387 446 4449 illa
473 4391 742 4474 Pelagii
770 4396 1063 4459 doctrina
1093 4405 1389 4460 aeternum
1420 4399 1719 4460 damnata
1748 4405 1903 4461 erat.
1937 4402 2385 4463 Verumtamen
2419 4400 2616 4463 multo
2647 4400 2885 4481 plures,
2918 4399 3128 4481 inquit
3155 4397 3432 4467 synodus
3462 4393 3725 4460 Mileyi-

321 4491 475 4546 tana
503 4490 683 4571 epist.
714 4493 801 4553 ad
827 4494 1260 4557 Innocentium
1274 4506 1533 4580 papam,
1566 4498 1677 4577 qui
1706 4498 1841 4577 ejus
1870 4516 2088 4559 sensus
2116 4498 2482 4577 diligentius
2509 4498 2812 4578 indagare
2841 4503 3211 4578 potuerunt,
3245 4496 3541 4559 adversus
3581 4510 3727 4553 eum

320 4603 442 4663 pro
477 4588 709 4652 Christi
738 4594 945 4670 gratia
964 4600 1027 4656 et
1054 4595 1398 4657 Catholicae
1428 4597 1578 4658 ﬁdei
1606 4597 1867 4658 veritate
1897 4596 2281 4676 conﬂigunt;
2319 4596 2427 4658 sed
2458 4597 2777 4678 praecipue
2807 4602 3062 4658 sanctus
3092 4595 3258 4658 filius
3305 4599 3471 4667 tuus,
3535 4593 3731 4653 frater

319 4688 383 4743 et
415 4689 890 4769 compresbyter
917 4699 1133 4754 noster
1160 4694 1601 4774 Hieronymus.

403 4781 609 4844 Plura
638 4789 900 4868 congeri
911 4791 1297 4872 potuissent,
1332 4792 1730 4853 sanctissime
1756 4791 1973 4872 Pater,
2032 4798 2103 4853 ut
2158 4813 2230 4852 ex
2268 4793 2419 4871 ﬁde
2473 4813 2611 4872 sua,
2676 4799 2922 4853 tuorum
2963 4791 3483 4875 praedecessorum
3512 4788 3724 4865 laude,

323 4898 397 4937 ac
425 4879 716 4945 Romanae
742 4888 912 4948 sedis
941 4890 1330 4950 veneratione
1332 4896 1635 4973 perpetua
1673 4890 2141 4972 acceptissimus
2195 4891 2365 4974 apud
2419 4898 2476 4951 te
2525 4891 2955 4967 Hieronymus
3011 4889 3363 4953 haberetur.
3421 4888 3517 4950 At
3570 4886 3728 4967 quid

323 4978 394 5037 in
426 4979 508 5039 iis
540 4986 934 5046 recensendis
980 4987 1230 5048 diutius
1288 4989 1709 5070 immoremur,
1767 5009 1904 5049 cum
1957 4989 2175 5050 audito
2232 4990 2366 5050 solo
2421 4990 2700 5051 doctoris
2755 4989 2961 5051 sancti
3015 4989 3263 5050 nomine
3315 4986 3724 5048 exsultantem

322 5082 381 5134 te
395 5085 741 5158 prasentes
796 5085 1239 5166 conspiciant?
1300 5086 1604 5148 Oblatum
1661 5088 1823 5147 enim
1889 5086 2166 5169 Operum
2223 5087 2606 5159 Hieronymi
2661 5094 2876 5149 nostro
2932 5086 3145 5148 labore
3194 5087 3564 5147 adornatam
3612 5104 3726 5144 no-

314 5195 455 5235 vam
486 5178 819 5241 editionem
849 5187 974 5242 tam
1032 5181 1300 5264 benigne
1354 5191 1607 5267 tamque
1653 5190 1840 5267 grate
1895 5186 2231 5268 suscepisti
2287 5192 2357 5247 ut
2437 5207 2574 5247 cum
2633 5187 2924 5247 restituto
2985 5207 3021 5245 a
3076 5184 3256 5246 nobis
3311 5184 3721 5257 Hieronymo,

311 5270 667 5337 Damasum
699 5277 764 5336 in
795 5284 902 5339 tua
945 5279 1294 5341 Sanctitate
1334 5282 1685 5344 redivivum
1717 5284 2030 5344 invenisse
2060 5284 2325 5345 multum
2354 5284 2769 5365 gaudeamus.
2804 5284 3037 5366 Accipe
3093 5283 3304 5364 igitur
3318 5276 3722 5364 pretiosissi-

312 5391 483 5431 mum
539 5374 947 5455 antiquitatis
1000 5398 1195 5441 sacrae
1244 5387 1726 5461 monumentum,
1784 5380 2050 5443 Eusebii
2097 5381 2477 5451 Hieronymi
2531 5382 2836 5444 Divinam
2919 5379 3378 5443 Bibliothecam
3460 5374 3723 5436 antehac

311 5469 624 5532 ineditum
651 5494 674 5548 ;
706 5480 766 5533 et
792 5476 981 5555 quasi
1004 5477 1273 5551 ﬂorente
1297 5477 1506 5539 adhuc
1534 5485 1709 5541 (etate
1746 5479 1824 5540 de
1886 5479 2115 5542 Gallia
2175 5481 2437 5544 Romam
2484 5482 2837 5542 redeuntem
2867 5480 3301 5542 doctissimum
3358 5475 3562 5535 virum
3616 5473 3721 5535 hi-

305 5566 445 5627 lari
473 5567 651 5629 vultu
707 5572 1091 5654 amplectere.
1139 5574 1420 5636 Multam
1477 5596 1683 5638 secum
1743 5577 1948 5654 defert
2016 5578 2602 5663 interpretationum
2658 5579 3001 5662 Scriptura
3027 5594 3220 5639 sacrae
3247 5573 3716 5656 supellectilem,

302 5684 448 5748 qua
480 5670 818 5750 temporum
850 5670 1095 5750 injuria
1138 5670 1318 5734 nobis
1369 5674 1623 5738 omnino
1663 5674 1931 5759 periisse
1985 5676 2419 5740 credebantur.
2476 5677 2609 5740 Nec
2661 5679 2799 5740 sine
2852 5681 3007 5737 nutu
3064 5672 3280 5734 divino
3345 5675 3581 5741 factum
3628 5678 3722 5732 est
