4060 6190
353 353 427 412 31
1516 350 1841 411 PATRUM
1886 349 2586 413 BENEDIC’I‘INORUM
3284 310 3293 315 ’
3685 354 3763 411 32

357 488 529 570 quod
547 489 636 552 ad
660 493 939 550 nostram
978 492 1215 549 aetatem
1246 505 1440 568 usque
1494 487 1619 551 ista
1674 506 1706 545 e
1761 485 2031 546 tenebris
2086 507 2208 547 non
2250 485 2618 568 prodierint
2672 486 2739 547 in
2795 485 3016 547 lucem.
3084 485 3463 567 Congruum
3540 486 3764 570 quippe

352 580 565 648 fuerat
611 584 682 639 ut
733 577 850 639 sub
901 582 1073 637 tanto
1108 576 1440 658 pontiﬁce,
1496 575 1687 637 solita
1742 575 2002 636 maximi
2054 575 2495 658 Sripturarum
2554 575 2913 658 interpretis
2968 573 3351 645 Hieronymi
3404 576 3761 637 ministeria

354 683 771 760 repeterentur
799 676 1000 757 (Dist.
1038 677 1135 755 15,
1166 684 1299 757 cap.
1335 676 1564 737 Sancta
1596 677 1879 736 Romana
1907 674 2233 755 Ecclesia).
2265 673 2507 734 Lubens
2539 673 2784 735 docebit
2815 675 2880 735 in
2909 674 3117 736 Israel
3129 680 3504 757 praeceptum
3541 680 3600 735 et
3635 697 3761 755 Ju-

360 775 621 854 dicium,
653 775 715 834 si
741 780 797 833 te
825 771 1177 852 adjutorem
1208 793 1281 832 ac
1292 778 1637 855 patronum
1670 771 1892 832 habere
1917 772 2239 850 meruerit,
2271 772 2634 851 Pontiﬁciae
2664 773 2831 832 vocis
2860 778 2966 832 tuo
2996 772 3250 833 oraculo
3264 771 3576 854 probatus
3606 794 3759 834 con-

340 873 798 952 ﬁrmatusque.
830 871 963 932 Nec
989 876 1393 952 exsurgentes
1423 870 1617 944 huius
1648 869 1941 952 temporis
1971 870 2273 951 quosdam
2302 869 2535 948 Ruﬁni
2562 870 2863 951 gregales
2893 870 3243 931 morabitur
3260 871 3758 953 supralaudatus

357 969 711 1030 Innocentii
720 969 949 1049 ﬁlius,
981 969 1043 1029 si
1071 975 1129 1030 te
1155 970 1622 1030 sanctissimum
1653 989 1836 1029 suum
1865 968 2119 1029 Patrem
2148 967 2428 1028 audierit
2453 988 2592 1029 cum
2631 966 2894 1030 Gelasio
2923 975 2983 1028 et
3010 967 3279 1029 concilio
3307 967 3590 1030 Romano
3619 976 3758 1036 pro-

357 1064 765 1127 clamentam:
798 1068 916 1129 Illa
943 1067 1265 1145 sentimus,
1301 1085 1443 1147 quae
1470 1068 1725 1129 beatum
1757 1066 2208 1147 Hieronymum
2240 1067 2471 1128 sentire
2499 1068 2974 1146 cognoscimus;
3008 1072 3070 1129 et
3100 1085 3226 1128 non
3255 1066 3461 1127 solum
3509 1065 3587 1127 de
3638 1068 3760 1127 Ru-

355 1162 512 1239 ﬁno,
543 1165 654 1226 sed
676 1164 867 1228 etiam
897 1166 976 1226 de
1006 1166 1331 1238 universis,
1361 1183 1520 1244 quas
1552 1165 1646 1226 vir
1674 1165 1905 1245 saepius
1938 1170 2343 1239 memoratus,
2375 1165 2508 1227 zelo
2539 1164 2649 1226 Dei
2677 1170 2740 1226 et
2769 1164 2915 1225 ﬁdei
2944 1163 3251 1243 religione
3274 1162 3705 1243 reprehendit.

434 1261 596 1324 Post
621 1262 884 1324 multam
914 1270 1158 1346 operam
1188 1269 1489 1339 nostram,
1524 1283 1709 1345 quam
1732 1263 1798 1323 in
1828 1283 1927 1323 res
1956 1261 2253 1324 obscuras
2279 1268 2462 1343 atque
2489 1261 2804 1340 dit/iciles
2834 1260 3246 1341 contulimus,
3276 1267 3448 1322 tuum
3478 1265 3588 1340 est,
3624 1260 3760 1320 Pa-

355 1365 450 1421 ter
479 1360 857 1437 beatissime,
888 1361 1278 1439 Hieronymo
1305 1361 1771 1444 evangeli{anti
1798 1361 2059 1423 multam
2091 1362 2156 1423 in
2185 1361 2472 1423 Ecclesia
2499 1361 2790 1422 virtutem
2820 1360 3117 1422 tribuere.
3148 1358 3383 1442 (Epist.
3416 1359 3544 1431 58).
3563 1358 3666 1419 Ita
3690 1359 3756 1419 in

352 1457 518 1520 solio
546 1479 684 1521 cum
713 1459 1039 1521 duodecim
1053 1460 1477 1540 judicaturus
1518 1459 1772 1520 sedeas:
1824 1459 1912 1519 ita
1931 1459 2383 1542 municipatum
2411 1459 2551 1521 cali
2579 1479 2717 1520 cum
2747 1459 2955 1520 Paulo
2995 1458 3419 1539 consequaris.
3486 1455 3756 1518 Felicem

333 1564 613 1639 prorsus
636 1578 709 1618 ac
719 1558 1066 1640 providum
1097 1558 1369 1620 laborem
1399 1563 1683 1618 nostrum
1715 1557 2094 1618 litterarium
2123 1557 2571 1641 reputabimus,
2606 1559 2668 1619 si
2678 1560 3011 1640 profectus
3040 1563 3252 1618 noster
3277 1561 3337 1617 et
3377 1562 3487 1617 tua
3539 1555 3759 1636 gloria

346 1655 581 1720 fuerit:
614 1676 871 1738 cumque
899 1677 1011 1718 nos
1042 1677 1272 1737 omnes,
1306 1677 1460 1738 quos
1474 1664 1601 1739 pro
1631 1657 1851 1734 ofﬁcio
1881 1656 2224 1718 sacerdotii
2235 1655 2545 1734 ﬁliorum
2577 1655 2711 1717 loco
2736 1655 3058 1716 Sanctitas
3078 1660 3186 1716 tua
3205 1654 3459 1735 diligit,
3482 1654 3758 1736 Aposto-

296 1822 303 1831 κ
347 1750 476 1813 lica
505 1753 692 1815 etiam
723 1753 1145 1816 benedictione
1170 1775 1287 1816 sua
1295 1759 1736 1837 prosequetur.

670 1897 1004 1960 Sanctitati
1033 1904 1183 1960 tuae.

588 2030 954 2093 Oﬂ'erebant
981 2030 1324 2093 humillimi
1353 2029 1647 2093 Monacbi
1675 2030 2066 2092 Benedictini
2093 2030 2613 2110 Congregationis
2641 2030 2858 2093 Sancti
2886 2029 3108 2093 Mauri.

1236 2175 1271 2197 κ

1246 2373 2861 2504 PROLEGOMENA

1728 2618 1843 2704 ΙΝ
1901 2617 2219 2706 DIVIN
2226 2618 2382 2706 AM

516 2817 685 2984 S.
814 2817 1967 2986 HIERONYMI
2079 2814 3596 2984 BIBLIOTHECAM

1505 3094 1610 3154 EX
1650 3094 2019 3155 EDITIONE
2061 3093 2613 3155 BENEDICTINA.

2022 3256 2094 3269 _

1688 3375 2423 3473 PRO(EMIUM.

440 3690 578 3769 Qui
605 3698 872 3757 veterum
902 3694 1279 3778 scriptorum
1308 3716 1499 3757 novas
1531 3696 2010 3777 aggrediuntur
2036 3694 2364 3774 editiones,
2397 3694 2475 3756 de
2501 3698 2782 3775 suscepto
2811 3692 2887 3755 ab
2919 3691 3077 3775 ipsis
3107 3698 3283 3773 opere
3311 3688 3596 3752 lectorem
3600 3699 3764 3774 pau-

355 3788 450 3849 cis
478 3790 696 3851 docere
708 3797 984 3873 possunt
1017 3814 1030 3854 :
1078 3813 1215 3854 cum
1244 3794 1407 3855 enim
1439 3795 1505 3854 in
1535 3793 1923 3854 restituenda
1953 3798 2157 3853 textus
2185 3792 2495 3854 librorum
2528 3791 2917 3871 integritate,
2952 3810 3024 3849 ac
3056 3787 3470 3849 illustrandis
3491 3789 3757 3850 nonnul.

349 3885 437 3947 lis
465 3886 624 3948 locis
654 3887 1147 3968 obscurioribus,
1183 3890 1442 3952 illorum
1459 3891 1778 3973 pracipue
1806 3896 2084 3951 versetur
2114 3898 2296 3972 opera
2317 3910 2340 3967 ;
2374 3910 2498 3949 una
2528 3887 2625 3949 vel
2648 3887 2851 3948 altera
2883 3887 2949 3947 in
2986 3885 3058 3947 id
3084 3890 3524 3965 argumentum
3570 3886 3761 3947 insti-

353 3988 491 4045 tuta
520 3985 972 4068 disputatione,
1006 3988 1317 4050 studiosis
1346 3987 1704 4050 hominibus
1713 3989 1978 4066 faciunt
2001 3988 2183 4048 satis.
2209 3986 2413 4048 Nobis
2443 4007 2582 4047 vero
2611 3984 2680 4046 S.
2731 3983 3112 4060 Hieronymi
3156 3979 3462 4042 Divinam
3505 3981 3763 4045 Biblio-

353 4079 615 4162 thecam,
649 4083 913 4145 antelzac
942 4085 1267 4165 ineditam,
1301 4085 1577 4148 utilitati
1586 4085 1865 4169 publicae
1883 4086 2353 4168 procurandam
2382 4082 2894 4166 suscipientibus,
2928 4087 3019 4142 tot
3046 4086 3340 4161 tantaque
3397 4080 3768 4143 incumbunt

357 4180 772 4243 maximarum
799 4203 1009 4244 rerum
1039 4188 1366 4263 momenta,
1402 4189 1471 4244 ut
1498 4183 1875 4265 magnitudo
1895 4184 2102 4266 operis
2133 4182 2415 4265 impositi
2434 4202 2557 4243 non
2585 4180 2790 4242 solum
2839 4179 3104 4241 cervices
3143 4183 3418 4260 premat,
3477 4180 3592 4240 sed
3624 4185 3766 4240 ante

358 4275 476 4337 sub
486 4281 677 4354 fasce
703 4281 1012 4344 ruendum
1041 4282 1151 4357 sit,
1175 4302 1360 4363 quam
1389 4281 1743 4345 levandum.
1783 4281 1952 4361 Quis
1973 4281 2137 4343 enim
2157 4302 2279 4342 non
2301 4280 2701 4363 pertimescat
2729 4278 2990 4340 maximi
3015 4276 3491 4359 Scripturarum
3521 4278 3769 4339 divina-

357 4395 499 4435 rum
520 4374 893 4460 Interpretis
917 4388 1070 4462 opus
1087 4380 1471 4463 praecipuum
1501 4381 1837 4464 expendere
1868 4380 1935 4441 in
1964 4401 2119 4459 eam,
2147 4400 2332 4463 quam
2362 4384 2727 4442 consecutus
2755 4384 2871 4457 est,
2922 4377 3164 4458 lingua
3212 4374 3545 4435 Hebraicz
3584 4375 3765 4456 peri-

359 4471 512 4534 tiam
548 4474 868 4556 inquirere
890 4497 913 4553 ;
947 4482 1185 4561 tempus
1214 4478 1627 4559 scriptionum
1657 4499 1796 4559 ejus
1837 4477 2845 4560 translationumquepraeﬁgere;
2872 4476 3102 4538 dubias
3122 4497 3195 4537 ac
3221 4473 3471 4558 spurias
3515 4492 3553 4531 a
3601 4471 3767 4532 veris

358 4576 419 4631 et
444 4574 747 4654 genuinis
774 4575 1130 4638 discernere
1157 4574 1703 4638 lucubrationibus
1729 4598 1754 4653 ,'
1770 4576 2041 4659 planum
2044 4579 2265 4654 facere
2293 4575 2534 4656 legenti
2587 4574 2801 4654 qualis
2856 4575 2921 4634 in
2973 4574 3232 4635 ecclesia
3285 4569 3544 4633 Christi
3553 4568 3770 4646 fuerit

359 4668 1008 4745 Hieronymianarum
1040 4675 1385 4736 vertionum
1419 4695 1571 4736 usus
1598 4696 1622 4751 ;
1654 4675 1972 4754 multaque
2001 4673 2104 4734 his
2132 4672 2377 4734 similia
2407 4671 2656 4752 liquido
2687 4671 3138 4751 demonstrare,
3171 4690 3305 4751 qua
3334 4688 3443 4730 nec
3460 4667 3648 4738 facili
3667 4687 3765 4727 ne-

358 4770 539 4850 gotio
568 4771 927 4833 nominibus
954 4772 1092 4833 suis
1122 4770 1637 4833 recenserentur?
1665 4769 2210 4846 Exhorrescimus,
2224 4771 2466 4849 fateor,
2505 4768 2872 4830 immensum
2896 4769 3067 4830 illud
3085 4790 3158 4830 ac
3175 4767 3555 4846 profundum
3578 4766 3766 4847 quasi

358 4867 813 4950 disputationis
835 4868 1131 4950 pelagus,
1166 4870 1233 4930 in
1254 4869 1423 4949 quod
1451 4869 1814 4929 necessitate
1841 4866 2294 4951 compellimur,
2326 4865 2394 4927 S.
2426 4865 2809 4942 Hieronymi
2836 4866 3125 4949 operibus
3154 4866 3414 4928 edendis
3434 4864 3682 4927 addicti
3708 4869 3768 4924 et

359 4967 730 5028 consecrati.
767 4966 895 5027 Sed
912 4987 1148 5048 magna
1169 4987 1283 5028 nos
1302 4976 1440 5049 spes
1462 4967 1586 5027 ista
1616 4972 1778 5027 tenet
1805 4967 1974 5049 apud
1999 4986 2236 5047 aequum
2266 4965 2600 5044 Lectorem,
2633 4965 2873 5025 veniam
2903 4965 3149 5026 scilicet
3175 4962 3355 5025 nobis
3382 4962 3645 5031 facilius
3676 4964 3770 5023 in-

361 5061 779 5143 dulgendam,
810 5062 1018 5124 sicubi
1046 5064 1111 5124 in
1143 5063 1326 5126 rebus
1355 5070 1569 5147 sponte
1595 5085 1710 5126 sua
1740 5063 2233 5144 obscurioribus,
2265 5069 2324 5124 et
2352 5084 2388 5124 a
2419 5063 2661 5124 nemine
2690 5062 2900 5124 adhuc
2927 5064 3202 5138 tentatis,
3237 5061 3422 5123 illius
3451 5059 3767 5121 desiderio

357 5180 480 5221 non
512 5179 705 5241 usque
732 5180 975 5243 quaque
1004 5163 1429 5240 satisfecimus
1457 5183 1481 5240 ;
1513 5163 1610 5225 vel
1636 5169 1798 5224 certe
1823 5164 1886 5225 si
1912 5161 2210 5224 nonnibil
2235 5161 2582 5243 aliquando
2612 5160 3032 5223 scribentibus
3062 5160 3389 5239 exciderit;
3423 5159 3593 5241 quod
3618 5179 3768 5220 ocu-

357 5256 618 5319 latiores
644 5256 1214 5342 diligentioresque
1242 5259 1419 5321 haud
1445 5261 1803 5342 eﬁ’ugisset.
1857 5260 2007 5323 Hac
2027 5259 2403 5343 spectatione
2426 5260 2493 5321 in
2504 5259 2746 5342 primis
2758 5260 3091 5342 provocati
3117 5258 3397 5340 quaedam
3426 5256 3768 5319 emittimus

355 5353 817 5439 Prolegomena
848 5357 913 5418 in
935 5356 1419 5420 elucidationem
1446 5358 1700 5420 Divina?
1729 5357 1923 5438 hujus
1950 5358 2019 5419 S.
2054 5357 2437 5429 Hieronymi
2466 5356 2895 5437 Bibliotheca,
2918 5377 3051 5438 quae
3097 5362 3240 5417 ante
3281 5360 3561 5417 nostram
3609 5360 3766 5416 eta-

356 5459 474 5515 tem
502 5455 721 5517 clausa
747 5460 807 5516 et
836 5455 1136 5538 ignorata
1168 5454 1313 5516 bene
1336 5455 1540 5543 multa
1567 5456 1918 5534 patefaciet,
1953 5456 2334 5538 scriptorum
2364 5476 2437 5515 ac
2465 5453 2774 5516 librorum
2805 5475 3050 5517 errores
3094 5453 3172 5515 ab
3199 5452 3432 5515 animis
3500 5473 3769 5514 remove-

355 5551 468 5631 bit,
500 5554 823 5637 sacrisque
842 5553 1287 5634 voluminibus,
1322 5554 1389 5614 in
1417 5553 1711 5617 Latinum
1740 5575 1880 5618 cum
1908 5575 1941 5616 e
1968 5554 2213 5635 Graeco,
2238 5559 2369 5614 tum
2399 5574 2473 5616 ex
2499 5551 2771 5615 Hebraeo
2799 5553 3115 5617 conversis
3160 5550 3237 5612 ab
3281 5548 3555 5612 Eusebio
3608 5548 3769 5612 Hie-

351 5670 633 5731 ronymo,
662 5651 1011 5717 Ecclesiam
1050 5651 1310 5716 Christi
1337 5651 1594 5717 ditabit.
