4060 6190
289 340 367 400 33
1699 326 2286 393 PROLEGOMENA
2300 371 2315 387 .
3634 337 3710 395 34

1269 603 2240 698 PROLEGOMENON
2299 606 2738 698 PRIMUM

882 784 970 842 De
1001 780 1254 842 nomine
1282 777 1690 839 Bibliothecae
1715 775 1984 850 Divinaa,
2016 779 2077 836 et
2104 774 2182 834 de
2210 773 2400 836 modo
2431 793 2559 855 quo
2603 775 2782 837 nobis
2811 777 2981 840 edita
3011 777 3112 840 sit.

283 1070 332 1128 Ι,
379 1063 567 1142 Quid
594 1061 926 1142 signiﬁcet
945 1054 1754 1142 ΒέᾷΙίοίΙιᾳιςα-ριύἰηα.’ξιζ
1790 1048 2156 1142 consilium
2186 1049 2567 1142 Hieronymi
2703 1055 3016 1142 vertendis
3054 1057 3422 1142 _Scripturis
3477 1061 3702 1123 sacris.

371 1130 486 1206 ΙῩΙ.
522 1130 830 1214 Είιίὲιίίνη
879 1139 1162 1199 studium
1222 1138 1287 1197 in
1337 1137 1568 1216 lingua
1619 1131 1942 1216 Hebra_i_ca_
1963 1130 2404 1216 perdiscenda.
2441 1135 2541 1216 iV.

2583 1132 2762 1221 Quos
2802 1134 3091 1221 habuerit
3127 1132 3522 1221 hortatores,
3555 1162 3708 1221 quos

377 1210 864 1306 oppugnatores,
897 1240 1168 1306 suarum
1189 1210 1677 1306 translationum
1708 1233 1780 1272 ex
1810 1210 2098 1272 Hebraeo.
2135 1213 2206 1271 V.
2241 1211 2319 1271 In
2349 1213 2487 1272 suis
2509 1210 3037 1277 translationibus
3068 1218 3327 1278 nimiam
3349 1210 3586 1280 vitabat
3612 1243 3716 1282 no-

375 1299 652 1381 vitatEm,
686 1307 744 1362 et
775 1299 1310 1382 interpretationis
1341 1300 1700 1374 κακοζηλίαν.

377 1439 566 1519 Apud
613 1439 870 1499 Veteres
940 1433 1353 1496 Bibliotheca:
1409 1431 1648 1492 Divinas
1727 1425 2387 1508 nomenAtotumque
2483 1428 2668 1490 Vetus
2763 1430 3214 1494 Testamentum
3276 1435 3343 1494 in
3402 1452 3481 1496 xx
3553 1436 3712 1497 duos

292 1537 676 1599 obtinebant
725 1552 904 1595 sacra
961 1531 1322 1606 Volumina,
1376 1549 1518 1611 qum
1569 1545 1739 1588 nunc
1785 1532 1948 1586 tem-

289 1636 473 1716 poris
527 1633 729 1694 Biblia
783 1649 1106 1692 vocamus.
1171 1629 1324 1691 Ideo
1395 1627 1564 1708 apud
1642 1625 1954 1703 Hierony-

293 1751 474 1793 mum
547 1732 612 1792 in
681 1730 982 1807 Catalogo
1046 1727 1434 1806 Scriptorum
1495 1722 1954 1785 ecclesiastico-

294 1849 470 1900 rum,
528 1828 835 1889 Eusebius
915 1825 1306 1888 Caeteriensis
1381 1820 1790 1884 Bibliotheca
1848 1818 1956 1878 di-

301 1928 465 1988 vina:
503 1945 645 1988 cum
701 1925 1054 2004 Pamphylo
1113 1929 1388 2002 martyre
1417 1917 1958 2001 diligentissimus

294 2026 766 2108 pervestigator
819 2023 1155 2084 laudatur:
1217 2026 1398 2082 erant
1452 2019 1617 2080 enim
1678 2016 1959 2077 amboin

300 2123 646 2202 Scripturis
677 2122 904 2182 divinis
944 2119 1405 2191 studiosissimi,
1467 2118 1558 2178 ita
1615 2122 1687 2176 ut
1754 2114 1958 2174 Palm-

296 2223 496 2281 stinos
551 2220 899 2281 Bibliorum
963 2219 1228 2288 codices,
1289 2217 1367 2277 ab
1426 2215 1693 2292 Origene
1725 2212 1951 2272 elabo-

301 2327 495 2390 ratos,
539 2319 600 2377 in
658 2317 951 2378 Ecclesiis
1009 2315 1280 2376 Orientis
1337 2311 1688 2391 vulgandos
1745 2327 1956 2370 susce-

302 2417 537 2495 perint.
593 2418 727 2477 Nec
784 2412 1173 2492 exemplaria
1258 2411 1460 2472 solum
1545 2406 1956 2470 Instrumenti

302 2515 546 2574 Veteris
575 2532 651 2574 ac
698 2513 886 2585 Novi,
934 2531 1075 2590 quae
1125 2510 1624 2572 Christianorum
1658 2505 1953 2566 manibus

305 2613 699 2687 terebantur,
778 2609 1188 2672 Bibliothecae
1264 2607 1518 2668 nomine
1593 2604 1958 2683 gaudebant

304 2710 721 2788 antiquitu:
791 2707 901 2768 sed
975 2707 1384 2768 Hebraeorum
1464 2721 1716 2782 quoque
1770 2701 1951 2761 volu-

2068 1523 2268 1586 libros
2298 1527 2651 1606 constituit,
2715 1535 2784 1589 ut
2839 1536 2929 1592 tot
2977 1531 3134 1592 libri
3180 1538 3385 1592 essent
3408 1533 3473 1592 in
3527 1533 3713 1615 Lege,

2068 1630 2218 1704 quot
2272 1623 2657 1687 habebantur
2711 1634 2771 1686 et
2825 1628 3074 1691 litteras.
3137 1632 3230 1691 Ita
3258 1631 3344 1691 ibi
3404 1638 3583 1693 vetus
3611 1633 3717 1694 ille

2070 1727 2363 1801 scrlptor,
2423 1725 2706 1804 quisquis
2762 1727 2973 1788 fuerit.
3033 1728 3271 1790 Eodem
3331 1747 3518 1791 sensu
3577 1732 3719 1794 Hie~

2068 1839 2383 1900 nonymus
2468 1823 2734 1902 epistola
2814 1825 2895 1884 ad
2989 1826 3431 1904 Augustinum,
3522 1831 3714 1891 Vetus

2065 1920 2585 1993 Instrumentum,
2648 1940 2756 1982 seu
2814 1923 3136 1984 volumina
3191 1924 3475 2003 ejusdem
3525 1935 3712 1989 vocat

2068 2016 2488 2077 Ecclesiarum
2589 2018 3013 2081 Bibliothecas
3109 2039 3122 2080 :
3245 2020 3378 2100 Vis,
3480 2024 3706 2101 inquit,

2065 2119 2308 2174 amator
2361 2135 2492 2174 esse
2547 2137 2727 2176 verus
2789 2118 3208 2198 Septuaginta
3256 2122 3714 2201 Interpretum?

2064 2212 2211 2272 Non
2265 2212 2444 2293 legas
2500 2234 2568 2273 ea
2620 2234 2754 2294 qua:
2809 2215 2925 2276 sub
2980 2217 3304 2276 asteriscis
3364 2225 3535 2291 sunt,
3588 2220 3710 2279 imo

2065 2311 2217 2370 rade
2248 2311 2324 2370 de
2372 2312 2817 2387 voluminibus,
2880 2319 2950 2372 ut
2996 2320 3262 2374 veterum
3312 2328 3369 2376 te
3387 2319 3711 2392 fautorem

2048 2407 2301 2489 probes.
2371 2407 2562 2486 Quod
2602 2410 2664 2469 si
2704 2411 2954 2488 feceris,
3010 2433 3218 2473 omnes
3283 2412 3712 2475 Ecclesiarum

2064 2504 2496 2566 Bibliothecas
2551 2508 2851 2568 damnare
2908 2511 3197 2590 cogeris:
3233 2512 3338 2570 vix
3364 2512 3526 2572 enim
3550 2534 3712 2573 unus

2063 2609 2173 2663 aut
2201 2603 2362 2664 alter
2395 2605 2710 2665 invenitur
2731 2606 2916 2686 liber,
2942 2628 3052 2688 qui
3113 2608 3235 2668 ista
3285 2629 3405 2670 non
3465 2609 3708 2672 habeat.

2064 2703 2465 2782 Exemplaria
2521 2704 2710 2764 etiam
2771 2707 2927 2767 Novi
2985 2708 3372 2768 Testamenti
3427 2708 3548 2770 hoc
3593 2728 3708 2771 no-

311 2808 482 2866 mina
584 2806 806 2866 eadem
895 2803 1320 2883 appellatione
1405 2801 1674 2861 efferunt
1754 2796 2232 2861 sanctiBmiue
2291 2801 2478 2861 fuisse
2537 2809 2781 2875 vocata,
2844 2804 3020 2865 testis
3073 2810 3168 2864 est
3223 2805 3406 2884 epist.
3466 2807 3565 2879 52,
3626 2807 3712 2866 ad

315 2908 555 2966 Patres.
589 2903 1014 2982 Hieronymus
1065 2901 1148 2962 ad
1203 2899 1468 2962 Paulam
1520 2897 1839 2977 juniorem
1896 2900 1959 2956 et

311 3002 390 3062 ad
423 3000 836 3062 Eustochium
893 2997 1122 3062 Christi
1177 2997 1472 3075 virgines,
1517 2995 1693 3056 sicin
1727 2994 1957 3054 librum

312 3098 542 3160 Esther
589 3098 892 3177 praefatus
949 3103 1043 3157 est
1094 3113 1108 3154 :
1183 3093 1304 3155 Vos
1353 3099 1578 3172 autem,
1636 3092 1865 3171 inquit,
1925 3111 1959 3151 o

309 3194 520 3255 Paula
570 3201 629 3254 et
683 3193 1114 3267 Eustochium,
1176 3192 1468 3273 quoniam
1515 3197 1573 3250 et
1602 3187 1961 3250 Bibliothe-

308 3314 413 3353 cas
451 3291 867 3353 Hebrzorum
925 3291 1270 3351 studuistis
1336 3289 1596 3364 intrare,
1648 3293 1706 3347 et
1763 3287 1962 3346 inter-

292 3397 553 3472 pretum
657 3390 1000 3449 certamina
1117 3387 1584 3469 comprobastis,
1692 3390 1962 3444 tenentes

309 3489 543 3549 Esther
573 3488 960 3549 Hebraicum
1010 3487 1268 3566 librum,
1293 3495 1406 3568 per
1457 3484 1722 3566 singula
1753 3483 1959 3560 verba,

313 3595 594 3648 nostram
652 3587 1130 3647 translationem
1187 3586 1448 3668 aspicite
1510 3607 1522 3646 :
1588 3589 1656 3644 ut
1688 3583 1962 3665 possitis

308 3706 649 3766 agnoscere
701 3706 794 3744 me
853 3683 1022 3745 nihil
1077 3684 1263 3743 etiam
1320 3688 1760 3763 augmentasse
1844 3681 1963 3741 ad-

313 3785 542 3860 dendo,
576 3783 689 3843 sed
700 3783 907 3861 ﬁdeli
949 3783 1303 3842 testimonio
1343 3781 1740 3862 simpliciter,
1800 3779 1966 3838 sicut

318 3884 384 3942 in
442 3880 710 3942 Hebraeo
794 3879 1075 3950 habetur,
1164 3879 1496 3940 historiam
1581 3877 1964 3938 Hebraicam

317 3979 559 4040 Latinae
589 3978 829 4058 linguae
863 3977 1234 4038 tradidisse.
1269 3976 1696 4038 Bibliothecas
1752 3975 1966 4053 itaque

316 4079 730 4138 Hebraeorum
823 4078 942 4136 hoc
1025 4076 1166 4136 loco
1276 4074 1559 4154 appellat
1643 4073 1967 4134 volumina

315 4176 582 4236 Hebraea
635 4173 879 4235 Veteris
949 4173 1356 4244 Testamenti,
1440 4190 1582 4250 quae
1641 4159 2039 4231 voluminaC

317 4272 517 4333 Paula
601 4277 664 4332 et
742 4270 1117 4332 Eutochium
1203 4271 1440 4330 edoctae
1530 4269 1778 4329 fuerant
1850 4267 1966 4327 sub

318 4369 542 4430 eodem
577 4369 878 4446 magistro
910 4369 1314 4447 Hieronymo.
1355 4370 1487 4427 Hac
1534 4366 1684 4425 item
1745 4366 1967 4444 appel-

316 4468 618 4527 lationem
654 4466 1041 4526 manifestius
1098 4464 1306 4525 adhuc
1361 4465 1718 4523 declaratur
1774 4465 1970 4522 Vetus

316 4570 791 4626 Testamentum
851 4564 957 4624 lib.
1018 4581 1079 4624 γι
1150 4562 1505 4642 Originum
1562 4580 1618 4622 c.
1677 4562 1739 4634 3,
1800 4561 1969 4640 apud

318 4662 652 4736 lsidorum,
716 4661 899 4722 et'in
956 4661 1388 4739 manuscripto
1461 4659 1677 4720 codice
1751 4658 1973 4718 biblio-

323 4761 522 4821 thecas
579 4758 981 4831 Colbertinze,
1042 4758 1150 4836 qui
1209 4758 1448 4836 glossas
1507 4756 1861 4816 divinorum
1893 4755 1968 4814 li-

323 4858 583 4918 brorum
643 4855 1104 4936 complectitur,
1179 4855 1496 4934 habetque
1577 4861 1794 4914 notam
1851 4873 1970 4913 nu-

328 4956 623 5016 mericam
656 4956 836 5014 2852.
871 4955 1030 5014 Nam
1076 4953 1242 5013 circa
1300 4951 1573 5012 medium
1633 4951 1773 5010 libri
1837 4951 1973 5010 haec

324 5052 549 5113 Isidori
603 5052 795 5111 verba
854 5051 932 5111 ab
987 5067 1304 5129 anonymo
1363 5049 1598 5127 scripta
1635 5047 1968 5124 leguntur:

325 5147 785 5210 Bibliothecam
831 5146 1070 5208 Veteris
1105 5145 1478 5207 Testamenti
1499 5144 1746 5205 Esdras
1767 5143 1975 5205 scriba

323 5252 464 5312 post
494 5247 813 5306 incensam
868 5245 1088 5323 Legem
1147 5265 1182 5303 a
1224 5242 1552 5303 Chaldaeis
1584 5242 1733 5301 dum
1771 5241 1978 5308 Iudaei

324 5343 608 5422 ingressi
636 5347 788 5402 sunt
840 5342 1168 5421 (Isidorus,
1226 5339 1509 5420 regressi
1536 5339 1852 5419 fuissent)
1911 5340 1975 5398 in

321 5439 688 5520 Ierusalem,
720 5439 941 5499 divino
997 5440 1267 5517 afflatus
1324 5437 1572 5519 Spiritu
1621 5437 1970 5518 reparavit:

2067 2896 2583 2973 Pammachium;
2645 2899 2750 2960 ubi
2805 2904 2869 2961 S.
2933 2903 3183 2973 Doctor,
3223 2919 3569 2981 provocans
3627 2903 3710 2962 ad

2066 2997 2240 3056 illam
2297 2996 2582 3076 Apostoli
2637 2995 2965 3077 περικοπὴν,
3023 2999 3087 3058 in
3145 3017 3272 3078 qua
3329 2999 3406 3060 de
3451 2999 3714 3078 virgini-

2069 3100 2197 3155 tate
2229 3100 2290 3154 et
2320 3094 2554 3173 nuptiis
2583 3095 2865 3174 disputat
2893 3095 2962 3175 (Ι
2993 3095 3148 3158 Cor.
3202 3097 3333 3176 vn),
3401 3116 3716 3158 commen-

2071 3190 2264 3251 tarios
2323 3194 2578 3251 Patrum
2630 3192 3040 3255 revolvendos
3099 3200 3335 3266 monet,
3393 3199 3452 3253 et
3497 3193 3716 3254 Eccle-

2071 3288 2311 3348 siarum
2370 3287 2786 3348 Bibliothecis
2843 3291 3202 3364 fruendum,
3289 3297 3358 3352 ut
3430 3292 3719 3353 conside-

2071 3390 2225 3449 ratis
2323 3389 2654 3467 diligenter
2767 3391 2970 3452 verbis
3064 3392 3368 3470 Apostoli,
3478 3392 3720 3471 liquido

2073 3493 2378 3566 appareat
2459 3488 2667 3567 ipsum
2734 3495 2996 3568 propter
3071 3489 3453 3549 calumniam
3523 3489 3721 3549 decli-

2074 3584 2374 3656 nandam,
2437 3586 2634 3646 multo
2696 3587 2859 3665 plus,
2919 3605 3108 3666 quam
3141 3587 3375 3647 Paulus
3422 3585 3718 3658 voluerit,

2073 3684 2133 3743 in
2198 3683 2454 3744 maritos
2511 3684 2700 3744 fuisse
2748 3686 3146 3746 clementem.
3206 3684 3446 3744 Dicitur
3498 3684 3716 3763 igitur,

2075 3779 2340 3842 Revolve
2421 3780 2719 3860 omnium,
2814 3802 2968 3862 quos
3065 3790 3256 3862 supra
3360 3782 3716 3860 memoravi,

2075 3879 2568 3957 commentarios,
2653 3885 2712 3938 et
2787 3879 3215 3940 Ecclesiarum
3303 3879 3716 3940 Bibliothecis

2057 3981 2323 4055 fruere;
2375 3981 2434 4035 et
2488 3976 2698 4057 magis
2755 3977 2993 4037 concito
3066 3976 3282 4058 gradu
3355 3977 3440 4036 ad
3507 3981 3716 4057 optata

2075 4081 2382 4158 captaque
2440 4075 2789 4157 pervenies.
2869 4076 3151 4155 Denique
3226 4075 3558 4155 epistolam
3653 4078 3719 4135 S.

2079 4174 2448 4253 Hieronymi
2505 4175 2584 4234 ad
2640 4173 2999 4246 Paulinum,
3036 4173 3099 4233 in
3132 4173 3337 4232 fronte
3393 4173 3718 4232 sacrorum

2075 4272 2420 4332 Bibliorum
2479 4271 2858 4350 appositam,
2919 4270 3006 4331 sic
3070 4270 3422 4331 inscribunt
3499 4288 3722 4329 manu-

2075 4369 2290 4448 scripti
2347 4369 2594 4430 codices
2649 4368 2914 4447 aliquot,
2977 4367 3083 4447 qui
3140 4367 3309 4446 apud
3358 4367 3723 4428 Caelestinos

2077 4472 2141 4527 et.
2193 4466 2646 4526 Praedicatores
2701 4465 3165 4526 Avenionenses
3248 4470 3651 4526 asservantur
3703 4482 3716 4522 :

2077 4563 2313 4644 Incipit
2369 4563 2695 4643 Prologus
2753 4563 3133 4640 Hieronymi
3159 4571 3345 4644 super
3377 4561 3726 4623 Bibliothe-

2078 4682 2234 4722 cam.
2267 4664 2388 4722 Tot
2417 4679 2456 4721 a
2485 4662 2664 4721 nobis
2722 4661 3047 4741 praemissa
3076 4667 3224 4720 sunt
3269 4660 3628 4720 testimonia
3646 4678 3726 4720 ex

2078 4761 2217 4840 ipso
2288 4759 2635 4838 praesertim
2705 4758 3090 4838 Hieronymo
3175 4757 3575 4836 deprompta,
3653 4763 3726 4816 ut

2081 4857 2374 4918 omnibus
2424 4857 2686 4936 planum
2754 4855 2927 4916 ﬁeret
2985 4855 3220 4914 Veteris
3281 4873 3354 4914 ac
3413 4853 3568 4914 Novi
3601 4856 3722 4913 Te-

2082 4955 2378 5015 stamenti
2437 4954 2759 5014 volumina
2816 4953 2895 5014 ab
2956 4951 3176 5013 eodem
3257 4952 3600 5030 interprete
3659 4950 3722 5009 in

2081 5054 2368 5113 Latinum
2431 5070 2784 5111 sermonem
2845 5067 3166 5124 conversa,
3204 5069 3326 5108 non
3379 5049 3724 5126 incongrue

2083 5149 2295 5210 vocari
2377 5147 2679 5208 Divinam
2764 5146 3144 5222 Hieronymi
3242 5144 3724 5206 Bibliothecam.

2084 5248 2260 5315 Quod
2331 5247 2577 5307 facilius
2631 5247 2813 5307 nobis
2871 5246 3217 5306 concedent
3272 5243 3528 5304 litterati
3586 5239 3723 5312 viri,

2086 5363 2228 5405 cum
2270 5344 2558 5404 noverint
2609 5341 3019 5403 Bibliotheca?
3072 5339 3452 5415 Hieronymi
3501 5356 3730 5397 nomen

2087 5442 2167 5502 ab
2215 5441 2491 5520 antiquis
2545 5441 2958 5520 scriptoribus
3007 5443 3382 5518 usurpatum
3435 5434 3622 5494 fuisse
3653 5433 3734 5494 ad

317 5543 664 5618 cunctaque
718 5536 911 5618 Legis
969 5556 1042 5596 ac
1086 5535 1544 5618 Prophetarum
1628 5533 1970 5615 volumina,
2007 5525 2052 5588 Ι)
2085 5539 2506 5617 designandas
2588 5539 2871 5616 ejusdem
2930 5537 3186 5598 Latinas
3243 5548 3564 5591 sacrorum
3624 5531 3730 5593 Bi-

317 5657 455 5719 quav
485 5638 760 5713 fuerant
815 5655 850 5694 a
901 5633 1197 5715 gentibus
1271 5639 1586 5714 corrupta,
1662 5633 1970 5694 correxit:

2085 5637 2356 5698 bliorum
2389 5636 2852 5697 translationes.
2887 5637 3102 5695 Exstat
3134 5631 3194 5690 in
3229 5634 3444 5690 nostra
3495 5629 3728 5692 biblio-
