4060 6190
342 337 421 397 35

1509 326 1827 390 PATRUM
1872 325 2572 392 BENEDICTINORUM

3663 339 3745 401 36

344 469 527 532 theca
583 467 648 528 S.
704 462 1000 527 Germani
1047 460 1336 523 a'Pratis
1368 461 1564 523 codex
1611 460 1984 523 venerandae
2016 460 2366 539 Ajudiciis
2423 483 2547 523 non
2603 464 2764 524 satis
2822 484 3105 526 moveor:
3157 468 3271 547 qui
3316 466 3382 528 in
3413 475 3740 552 utramque

252 596 265 599 -
346 564 741 645 antiquitatis
769 581 942 624 num.
979 564 1076 633 15,
1106 561 1171 621 in
1194 578 1319 639 quo
1349 560 1619 638 scriptor
1666 560 1747 619 ad
1792 559 1982 620 ﬁnem

346 665 642 745 Epistolas
698 663 776 723 ad
835 660 1131 721 Hebraeos
1214 658 1349 719 haec
1406 657 1701 736 apposuit
1749 674 1764 717 :
1822 655 1984 737 Lege

344 784 481 823 cum
502 769 656 843 pace
701 756 1163 819 Bibliothecam
1213 754 1597 824 Hieronymi
1634 753 1985 836 presbyteri

342 859 682 920 Bethleem.
742 855 943 935 Hujus
997 853 1320 933 scriptoris
1376 854 1654 914 studium
1730 852 1981 926 imitati,

340 957 674 1034 verbisque
739 957 805 1014 S.
863 951 1151 1014 Doctoris
1224 969 1479 1030 prorsus
1562 950 1983 1023 adhaerentes,

342 1055 637 1116 volumen
668 1070 948 1132 praesens
1003 1049 1257 1110 Divina
1302 1047 1680 1124 Hieronymi
1732 1047 1988 1109 Biblio-

343 1151 527 1213 theca
624 1149 809 1211 titulo
901 1148 1273 1227 inscriptum
1375 1164 1510 1207 esse
1604 1147 1987 1220 curavimus,

340 1251 578 1330 quippe
620 1248 790 1327 quod
847 1246 1063 1307 omnia
1118 1245 1358 1307 Veteris
1416 1262 1489 1305 ac
1546 1244 1713 1305 Novi
1768 1247 1986 1306 Testa-

339 1348 536 1410 menti
608 1345 931 1407 volumina
988 1344 1207 1405 Latine
1288 1342 1367 1404 ab
1446 1342 1667 1404 eodem
1745 1342 1990 1404 reddita

339 1444 821 1525 complectatur.
883 1442 1079 1503 Plura
1147 1440 1226 1501 de
1296 1440 1664 1519 hujusmodi
1733 1458 1994 1502 nomen-

339 1542 582 1604 elatura
625 1540 899 1620 adjicere
947 1546 1349 1620 poteramus:
1404 1538 1526 1599 nisi
1589 1556 1754 1598 unus
1812 1538 1989 1599 sufﬁ-

342 1644 513 1701 ceret
567 1636 750 1699 nobis
804 1638 1226 1716 Hieronymus
1270 1636 1351 1697 ad
1385 1635 1822 1716 probationem
1856 1634 1993 1715 ejus

337 1736 808 1809 nominationis,
870 1753 998 1814 qua
1077 1739 1448 1814 cooptamus
1504 1734 1778 1814 primum
1862 1733 1991 1794 edi-

336 1836 525 1897 tionis
553 1839 780 1895 nostrae
813 1833 1132 1896 volumen.

414 1934 489 1993 Η.
540 1931 761 1993 Studio
808 1949 881 1992 ac
927 1930 1219 2010 exemplo
1262 1929 1547 2009 Origenis
1595 1935 1974 2008 provocatus

334 2030 774 2109 Hieronymus,
868 2028 1140 2108 primum
1235 2026 1809 2088 emendatissimum
1894 2027 1976 2087 ad

334 2128 521 2189 ﬁdem
574 2126 1000 2205 Hexaplorum
1058 2124 1399 2186 editionem
1458 2124 1801 2204 Scriptores
1871 2142 1977 2184 sa-

333 2244 455 2286 crae
512 2224 749 2286 Latinis
806 2224 933 2284 suis
962 2222 1238 2284 tribuere
1275 2222 1558 2283 curavit:
1594 2222 1795 2301 magis
1823 2221 1976 2283 utile

333 2323 485 2403 quid
557 2340 635 2383 ex
720 2322 864 2397 hoc,
924 2327 994 2382 ut
1047 2326 1255 2394 vocat,
1312 2320 1441 2381 otio
1498 2320 1788 2381 Ecclesiis
1826 2320 1978 2381 boni

329 2426 663 2483 venturum
717 2427 916 2494 ratus,
974 2436 1164 2500 quam
1238 2436 1314 2479 ex
1370 2418 1640 2479 aliorum
1697 2418 1972 2496 negotio.

330 2518 696 2581 Audiendus
779 2518 914 2597 ipse
996 2522 1088 2579 est
1171 2516 1543 2597 praefatione
1623 2516 1688 2576 in
1744 2515 1976 2577 librum

332 2617 454 2678 Job
511 2635 589 2678 ex
645 2618 860 2679 Graeco
918 2614 1170 2694 eloquio
1229 2631 1601 2675 conversum
1655 2630 1670 2672 :
1735 2612 1811 2673 Si
1867 2618 1979 2673 aut

332 2713 669 2794 ﬁscellam,
699 2714 929 2793 inquit,
988 2712 1174 2785 iunco
1225 2718 1509 2788 texerem,
1584 2716 1696 2771 aut
1718 2710 1976 2792 palma-

332 2833 471 2873 rum
543 2812 706 2883 folia
770 2810 1276 2893 complicarem...
1341 2809 1561 2871 nullus
1642 2810 1973 2884 morderet,

332 2930 505 2971 nemo
552 2908 1043 2991 reprehenderet.
1103 2907 1292 2968 Nunc
1334 2913 1536 2968 autem
1598 2908 1747 2989 quia
1780 2912 1975 2986 juxta

330 3010 699 3070 sententiam
784 3008 1138 3069 Salvatoris
1208 3007 1344 3068 volo
1433 3007 1681 3090 operari
1769 3007 1974 3066 cibum

324 3109 437 3188 qui
492 3128 615 3168 non
646 3107 843 3189 perit,
902 3113 962 3166 et
1016 3107 1339 3187 antiquam
1388 3106 1747 3166 divinorum
1797 3104 1972 3165 volu-

2077 565 2351 640 partem,
2437 567 2548 620 aut
2638 583 2846 624 amore
2944 563 3270 641 labuntur,
3354 574 3486 627 .aut
3564 571 3734 633 odio.

2093 657 2253 728 Quid
2310 676 2460 720 vero
2516 659 2735 722 utilius
2790 662 3111 736 Ecclesiae,
3171 665 3324 742 quid
3383 667 3584 744 magis
3640 670 3738 730 di-

2095 774 2289 834 gnum
2346 758 2616 836 posteris
2671 777 2863 839 quam
2923 760 3278 822 divinorum
3331 765 3740 828 Voluminum

2093 854 2197 914 via
2252 854 2533 917 sentibus
2587 856 3002 937 virgultisque
3059 876 3347 921 errorum
3405 869 3676 941 purgata
3713 865 3744 925 ?

2096 951 2256 1023 Quid
2313 958 2643 1033 acceptum
2721 956 2924 1034 magis
3002 957 3246 1017 cunctis
3330 958 3621 1021 ﬁdelibus
3675 961 3738 1023 in

2095 1049 2343 1111 Christo
2403 1069 2592 1130 quam
2650 1051 2883 1131 integri
2939 1072 3013 1114 ac
3067 1054 3462 1118 immaculati
3496 1059 3744 1122 codices

2096 1146 2322 1209 divinae
2402 1149 2745 1229 Scriptura:
2793 1153 2823 1212 ?
2909 1155 3131 1231 Itaque
3212 1154 3482 1233 publica:
3551 1157 3745 1237 hujus

2098 1245 2386 1306 utilitatis
2439 1247 2670 1308 intuitu
2728 1266 2941 1310 curam
3002 1250 3065 1310 in
3100 1268 3165 1311 se
3212 1253 3486 1332 suscepit
3516 1254 3742 1316 Hiero-

2099 1360 2326 1422 nymus
2405 1345 2783 1407 emendandi
2867 1366 3283 1428 quaecumque
3338 1350 3744 1414 librariorum

2098 1441 2364 1519 incuria,
2422 1443 2522 1504 vel
2575 1444 2808 1523 injuria
2867 1451 3246 1527 temporum,
3277 1454 3387 1508 aut
3427 1447 3746 1530 imperitia

2100 1539 2540 1619 interpretum,
2575 1542 2741 1605 male
2793 1542 3177 1624 irrepserant
3232 1546 3298 1606 in
3354 1549 3787 1627 exemplaria-

2101 1654 2425 1698 sacrorum
2505 1639 2854 1701 Bibliorum
2929 1643 3153 1703 Latina
3235 1661 3271 1704 e
3350 1646 3583 1706 Graecis
3642 1647 3747 1708 de-

2100 1740 2416 1815 prompta.
2500 1740 2653 1799 Post
2760 1744 3054 1800 navatam
3153 1736 3364 1802 autem
3448 1743 3743 1806 Ecclesiae

2014 1839 2062 1903 Β
2093 1833 2325 1894 Christi
2384 1840 2623 1897 tantam
2677 1853 2937 1914 operam
2998 1855 3031 1897 e
3059 1839 3216 1899 LXX
3261 1840 3739 1903 Translatorum

2082 1931 2622 2011 interpretatione,
2685 1934 2763 1994 ad
2822 1935 3202 2013 perfectiora
3256 1955 3390 1999 sese
3462 1956 3730 2001 conver-

2085 2035 2243 2105 tens,
2278 2047 2506 2091 novam
2538 2048 2614 2091 ex
2662 2032 2928 2093 Hebraeo
2984 2034 3452 2114 Scripturarum
3512 2038 3729 2099 editio-

2086 2145 2231 2187 nem
2289 2146 2621 2207 aggressus
2677 2136 2791 2209 est,
2854 2135 2922 2191 ut
2977 2131 3274 2212 deinceps
3306 2134 3564 2206 Latinis,
3599 2155 3726 2198 non

2086 2223 2321 2286 rivulos
2378 2227 2743 2301 consectari,
2806 2228 2916 2289 sed
2973 2247 3183 2290 rerum
3239 2231 3444 2293 fontes
3493 2234 3729 2310 videre,

2086 2324 2557 2403 cornicumque,
2613 2325 2677 2386 id
2734 2331 2829 2386 est
2880 2327 3272 2403 Judmorum,
3360 2331 3578 2393 oculos
3651 2352 3727 2393 ex

2084 2421 2223 2499 ipsa
2280 2422 2542 2483 veritate
2595 2423 2902 2486 Hebraica
2963 2426 3280 2505 conﬁgere
3353 2428 3591 2490 liceret.
3660 2430 3732 2493 Id

2086 2519 2280 2579 animi
2336 2519 2632 2581 habuisse
2683 2539 2749 2581 se
2816 2522 2881 2581 in
2937 2523 3254 2585 vertendis
3310 2526 3550 2588 efonte
3610 2529 3732 2587 He-

2084 2616 2256 2679 brmo
2312 2618 2504 2679 sacris
2559 2618 2992 2681 voluminibus
3051 2627 3316 2683 testatur
3368 2627 3432 2685 S.
3493 2627 3728 2687 Doctoi'

2084 2714 2373 2793 pluribus
2429 2715 2583 2777 locis
2637 2716 3049 2797 scriptionum
3124 2737 3404 2783 suarum.
3484 2725 3722 2785 Memo-

2085 2811 2301 2873 rabilis
2328 2819 2420 2873 est
2446 2814 2794 2894 {praecipue
2850 2816 3161 2877 sententia
3215 2818 3434 2880 isthmc
3490 2819 3599 2881 lib.
3660 2839 3729 2883 ιιι

2083 2909 2410 2990 Apologia:
2494 2912 2793 2972 adversus
2877 2913 3245 2975 Ruﬁnum:
3338 2913 3429 2975 Yu
3458 2918 3726 2978 Latinas

2082 3006 2470 3090 Scripturas,
2530 3009 2760 3087 inquit,
2817 3009 2894 3068 de
2955 3008 3176 3071 erco
3234 3013 3610 3095 emendabis,
3669 3022 3731 3076 et

2083 3104 2269 3165 aliud
2295 3104 2604 3166 Ecclesiis
2633 3106 2846 3167 trades
2903 3107 3263 3189 legendum,
3323 3132 3507 3190 quam
3558 3114 3731 3193 quod

323 3205 560 3265 minum
618 3205 781 3265 viam
838 3202 1119 3264 sentibus
1178 3202 1607 3285 virgultisque
1639 3212 1968 3285 purgare:
2003 3194 2047 3260 C
2081 3203 2271 3263 semel
2323 3202 2400 3264 ab
2473 3204 2776 3285 apostolis
2858 3213 3263 3288 susceperunt
3310 3230 3328 3268 :
3388 3209 3550 3271 mihi
3603 3231 3726 3272 non

320 3301 482 3362 mihi
533 3303 851 3384 genuinus
907 3301 1236 3383 infigitur,
1297 3307 1607 3364 corrector
1676 3300 1972 3362 vitiorum

299 3399 636 3478 falsarius
693 3422 896 3482 vocor,
958 3409 1017 3462 et
1071 3421 1313 3462 errores
1369 3421 1492 3461 non
1550 3402 1821 3479 auferre,
1860 3400 2007 3459 sed-

315 3519 536 3560 serere.
583 3498 781 3560 Tanta
811 3507 905 3561 est
959 3502 1121 3562 enim
1178 3500 1504 3561 vetustatis
1561 3498 1963 3578 consuetudo,

318 3600 390 3655 ut
441 3597 628 3656 etiam
683 3600 967 3676 confessa
1007 3597 1335 3679 plerisque
1408 3596 1563 3656 vitia
1596 3595 1895 3677 placeant
1939 3615 1963 3670 ;

316 3693 466 3754 dum
528 3696 739 3776 magis
778 3695 1091 3778 pulchros
1148 3695 1372 3756 habere
1419 3694 1637 3755 volunt
1692 3694 1959 3773 codices,

313 3811 498 3873 quam
554 3794 929 3854 emendatos.
985 3794 1339 3873 Integritati
1394 3794 1587 3872 igitur
1640 3810 1713 3852 ac
1758 3792 1960 3853 since-

311 3890 484 3951 ritati
513 3910 641 3953 suae
676 3891 997 3952 volumina
1053 3909 1234 3952 sacra
1262 3891 1588 3951 restituere
1632 3890 1960 3967 satagebat

308 3988 751 4070 Hieronymus,
809 3996 874 4051 et
953 3989 1075 4050 hoc
1162 3988 1424 4050 consilio
1510 3989 1744 4048 omissa
1800 3988 1957 4048 bene

308 4085 525 4163 multa,
566 4087 903 4168 supplevit,
967 4087 1247 4167 vitiaque
1301 4086 1607 4157 confessa,
1668 4084 1956 4163 quamvis

309 4183 627 4263 plerisque
682 4186 1025 4264 placerent,
1086 4185 1332 4247 auferre
1396 4202 1524 4245 non
1598 4182 1949 4243 dubitabat.

306 4280 401 4340 Ad
432 4281 739 4358 originem
772 4285 937 4343 enim
996 4288 1279 4345 Graecam
1313 4288 1652 4355 revertens,
1704 4300 1780 4341 ea
1810 4300 1949 4360 quae

305 4376 405 4438 vel
460 4396 499 4438 a
554 4379 793 4439 vitiosis
848 4380 1293 4460 interpretibus
1355 4380 1519 4441 male
1552 4379 1816 4458 reddita,
1850 4379 1950 4440 vel

303 4492 344 4534 a
399 4476 963 4555 praesumptoribus
1027 4477 1337 4556 imperitis
1419 4477 1755 4537 emendata
1810 4496 1951 4557 per-

2082 3300 2297 3361 licebit
2336 3307 2490 3384 post
2542 3301 2960 3384 Septuaginta
2990 3305 3346 3385 editionem,
3379 3327 3564 3387 quam
3622 3309 3729 3368 di-

2080 3398 2504 3479 ligentissime
2541 3400 2924 3461 emendatam
2976 3408 3118 3461 ante
3172 3424 3370 3464 annos
3404 3405 3729 3488 plurimos

2077 3517 2218 3557 mea:
2267 3498 2505 3578 linguae
2562 3496 2921 3559 hominibus
2969 3499 3140 3579 dedi,
3174 3501 3259 3561 ad
3305 3504 3724 3577 confutandos

2076 3593 2323 3660 [adeas
2374 3596 2559 3655 etiam
2619 3596 2756 3678 ipsa
2812 3596 3188 3679 exemplaria
3244 3605 3498 3676 vertere,
3586 3621 3725 3679 qum

2075 3693 2202 3775 ipsi
2284 3693 2610 3753 verissima
2694 3694 3101 3771 conﬁtentur,
3189 3700 3258 3756 ut
3337 3696 3400 3756 si
3467 3699 3720 3777 quando

2070 3791 2400 3851 adversum
2431 3811 2533 3851 eos
2571 3789 2975 3851 Christianis
3015 3792 3364 3874 disputatio
3420 3800 3534 3872 est,
3596 3816 3718 3855 non

2068 3887 2334 3949 habeant
2388 3888 2902 3970 subteryugiendi
2947 3889 3349 3968 diverticula,
3410 3893 3522 3952 sed
3570 3914 3721 3954 suo-

2066 3993 2187 4047 met
2224 3987 2633 4069 potissimum
2714 4007 3005 4047 mucrone
3084 3989 3424 4057 feriantur.
3485 3991 3721 4053 lllude-

2064 4084 2219 4146 bant
2299 4084 2503 4146 Judaei
2585 4084 2996 4157 Christianos,
3083 4091 3148 4146 et
3231 4088 3527 4149 Ecclesiis
3609 4088 3721 4149 Dei

2061 4180 2455 4243 insultabant
2483 4182 2561 4242 de
2591 4182 2867 4242 falsitate
2927 4181 3397 4261 Scripturarum
3457 4191 3720 4266 propter

2060 4280 2480 4360 Septuaginta
2536 4284 2945 4359 Interpretes,
3005 4300 3165 4361 quos
3219 4282 3283 4342 in
3344 4284 3558 4344 multis
3613 4302 3720 4344 er-

2059 4397 2231 4440 rasse
2287 4379 2777 4440 contendebant.
2837 4379 2931 4440 Ad
3003 4380 3465 4440 retundendam
3522 4381 3718 4458 igitur

2059 4476 2335 4537 hostium
2422 4477 2808 4537 calumniam
2885 4477 3223 4555 proﬁtetur
3297 4475 3716 4555 Hieronymus

302 4572 562 4645 versius,
647 4573 745 4633 vel
824 4592 862 4635 a
940 4573 1214 4634 librariis
1302 4574 1789 4635 dormitantibus
1844 4564 2434 4653 autDprmfatione
2490 4574 2553 4633 in
2608 4574 2860 4643 Isaiam,
2923 4590 2990 4632 se
3044 4573 3110 4631 in
3170 4572 3514 4650 peregrina
3588 4573 3711 4632 lin-

303 4668 520 4731 addita
576 4671 848 4744 fuerant,
909 4677 1019 4732 aut
1050 4676 1321 4741 mutata,
1357 4671 1631 4750 impigre
1660 4672 1953 4731 correxit.
2067 4691 2206 4749 guze
2281 4670 2635 4731 eruditione
2710 4670 2992 4741 sudasse,
3072 4689 3147 4727 ne
3218 4668 3455 4730 scilicet
3508 4668 3714 4736 Iudaei

303 4768 439 4827 Hoc
497 4768 685 4828 modo
744 4769 1125 4847 operabatur
1183 4768 1392 4829 cibum
1450 4769 1559 4847 qui
1588 4786 1710 4828 non
1766 4768 1953 4846 perit,
2065 4769 2143 4828 de
2167 4766 2455 4838 falsitate
2500 4766 2976 4849 Scripturarum
3029 4764 3339 4827 Ecclesiis
3393 4765 3523 4827 Dei
3559 4767 3712 4827 diu-

305 4881 378 4923 ac
435 4883 549 4944 pro
606 4865 873 4927 ﬂabellis
929 4872 993 4928 et
1080 4866 1393 4947 sportellis
1472 4865 1739 4926 aliorum
1815 4883 1955 4926 mo-
2065 4867 2195 4925 tius
2253 4864 2653 4924 insultarent.
2716 4866 2793 4926 Et
2850 4864 2931 4924 ad
2988 4864 3421 4925 Chromatium
3484 4867 3713 4944 praefa-

303 4961 1063 5043 nachorum,spiritualia
1121 4966 1256 5025 hazc
1314 4970 1375 5025 et
1432 4982 1730 5023 mansura
1788 4964 1955 5025 dona
2064 4964 2232 5024 tione
2311 4963 2377 5023 in
2463 4962 2945 5042 Paralipomena
3022 4980 3035 5021 :
3124 4961 3353 5021 Nostri
3451 4962 3713 5023 arbitrii

305 5058 601 5121 Ecclesia:
632 5061 744 5121 Dei
810 5062 1149 5123 tribuebat.
1209 5061 1388 5123 Unde
1446 5066 1719 5122 mentem
1774 5079 1951 5123 suam
2059 5067 2266 5141 putas,
2325 5060 2552 5142 inquit,
2622 5066 2733 5120 aut
2786 5081 2817 5119 e
2863 5059 3163 5142 pluribus
3205 5060 3509 5139 judicare
3554 5060 3711 5141 quid

302 5158 591 5238 aperiens
640 5160 875 5221 sanctis
931 5159 1323 5233 mulieribus,
1380 5160 1469 5220 ita
1524 5159 1740 5220 scribit
1798 5178 1954 5239 prw-
2062 5180 2269 5220 verum
2324 5160 2434 5236 sit,
2492 5165 2603 5219 aut
2660 5178 2881 5219 novum
2934 5166 3087 5239 opus
3143 5157 3210 5217 in
3268 5158 3459 5219 veteri
3531 5165 3707 5238 opere

302 5256 537 5319 fatione
592 5257 655 5319 in
711 5258 1082 5319 Danielem:
1139 5256 1415 5319 Obsecro
1472 5277 1602 5332 vos,
1659 5278 1694 5317 o
1741 5257 1950 5317 Paula
2059 5259 2306 5337 cudere,
2394 5257 2933 5337 illudentibusque
3010 5254 3274 5332 Iudaeis,
3361 5256 3701 5332 cornicum,

299 5359 359 5411 et
388 5352 821 5433 Eustochium,
836 5355 1144 5432 fundatis
1164 5363 1285 5436 pro
1328 5374 1421 5414 me
1465 5353 1551 5415 ad
1602 5353 1947 5414 Dominum
2061 5362 2132 5415 ut
2184 5356 2447 5434 dicitur,
2505 5355 2716 5416 oculos
2774 5353 3116 5434 conﬁgere.
3177 5356 3372 5414 Nemo
3443 5358 3537 5413 est
3591 5350 3701 5431 qui

288 5457 549 5531 preces:
603 5459 673 5513 ut
723 5453 1005 5534 quandiu
1067 5453 1133 5512 in
1191 5452 1306 5512 hoc
1359 5452 1725 5535 corpusculo
1779 5474 1939 5531 sum,
2058 5454 2295 5515 nesciat
2376 5453 2804 5533 SOpbronium
2893 5451 3237 5531 aliquando
3322 5470 3360 5509 a
3457 5448 3697 5510 Judaais

301 5548 569 5610 scribam
629 5551 884 5633 aliquid
933 5558 1192 5633 gratum
1249 5550 1443 5627 vobis,
1524 5551 1680 5611 utile
1731 5550 1944 5612 Eccle-
2054 5552 2311 5614 illusum
2339 5552 2405 5612 in
2462 5551 2884 5631 disputando:
2946 5548 3067 5610 hoc
3122 5564 3401 5625 namque
3480 5545 3695 5607 docuit

299 5648 433 5721 sies,
519 5649 788 5728 dignum
866 5650 1168 5733 posteris.
1230 5648 1640 5710 Prsenaetium
1723 5650 1945 5732 quippe
2055 5651 2475 5731 Hieronymus
2526 5649 2895 5731 praefatione
2951 5648 3013 5708 in
3072 5646 3448 5708 Psalterium
3506 5661 3687 5706 suum
