4060 6190
273 332 342 392 31
1668 321 2287 386 PROLOGOMENA.
3599 341 3679 400 33

274 482 340 524 ex
367 459 632 521 Hebrmo
688 455 907 518 Latine
962 475 1361 531 conversum,
1420 458 1513 519 ita
1567 458 1647 519 ad
1701 457 1909 537 ipsum
1940 456 1994 522 Α
2022 454 2513 537 explanationem
2530 460 2828 542 priorum
2856 462 3026 524 edita
3085 471 3283 528 sunt:
3344 475 3414 529 ut
3471 471 3678 532 sicubi

276 557 691 638 Sophronium
750 554 1031 616 scribens
1089 573 1103 615 :
1190 554 1364 634 Quia
1443 555 1653 636 igitur
1719 562 1913 635 nuper

276 678 396 718 cum
426 655 696 716 Hebraeo
726 653 1082 735 disputans,
1142 654 1421 735 quaedam
1459 662 1585 737 pro
1635 653 1912 715 Domino

278 757 338 815 de
390 753 679 814 Psalmis
735 751 1091 812 testimonia
1136 751 1498 833 protulisti,
1587 751 1914 832 volensque

277 852 373 914 ille
428 858 486 911 te
544 850 839 923 illudere,
855 856 979 931 per
1048 870 1360 910 sermones
1399 858 1563 930 pene
1590 848 1910 929 singulos,

273 953 575 1015 asserebat
628 971 751 1012 non
806 951 896 1010 ita
953 949 1173 1011 haberi
1228 952 1294 1011 in
1353 950 1650 1031 Hebraeo,
1721 957 1791 1011 ut
1846 956 1913 1010 tu

272 1053 341 1113 de
437 1050 860 1133 Septuaginta
947 1047 1403 1131 Interpretibus
1504 1048 1907 1131 opponebas:

275 1145 1118 1229 studiosissimepostulasti,
1153 1152 1223 1206 ut
1265 1152 1411 1228 post
1467 1146 1796 1226 Aquilam,
1857 1150 1916 1205 et

273 1245 723 1325 Symmachum,
767 1250 827 1304 et
883 1242 1382 1324 Theodotionem,
1434 1265 1651 1305 novam
1695 1244 1914 1305 editio-

274 1366 397 1406 nem
477 1343 706 1404 Latino
780 1362 1059 1403 sermone
1135 1345 1567 1418 transferrem.
1650 1344 1740 1403 Ex
1816 1342 1915 1404 his

276 1442 667 1503 manifestum
746 1440 929 1502 nobis
1011 1445 1104 1500 est
1166 1440 1448 1520 ingratos
1528 1459 1786 1521 prorsus
1842 1459 1916 1502 ac

278 1541 519 1619 iniquos
600 1538 791 1599 fuisse
865 1538 1248 1617 Hieronymo
1333 1557 1441 1600 eos
1508 1557 1750 1614 omnes,
1806 1538 1917 1618 qui

274 1637 649 1716 objiciebant
706 1642 995 1699 sanctum
1089 1636 1295 1698 virum
1357 1637 1423 1696 in
1498 1638 1916 1716 Septuaginta

276 1735 859 1798 condemnationem
944 1735 1304 1815 Scripturas
1388 1740 1639 1797 sanctas
1722 1735 1917 1797 inter-

274 1839 580 1913 pretatum
634 1851 649 1893 :

277 1930 516 2009 meruit,
580 1929 746 2009 quod
833 1948 1011 1990 arma
1096 1928 1399 1990 adversus
1472 1929 1686 1990 hostes
1766 1929 1915 1989 fidei

286 2028 649 2089 Christianas
703 2046 820 2088 sua
871 2028 1158 2088 versione
1214 2027 1717 2089 subministraret
1803 2030 1926 2088 Ec-

288 2125 502 2186 clesiis.
563 2128 743 2186 Juste
800 2143 951 2203 ergo
1023 2124 1146 2186 hoc
1201 2126 1487 2204 queritur
1575 2126 1655 2186 ad
1734 2126 1923 2186 ﬁnem

290 2222 537 2283 secundi
596 2222 740 2282 libri
803 2221 1129 2301 Apologia
1183 2241 1312 2283 sum
1395 2222 1696 2284 adversus
1747 2225 1923 2285 Ruti-

290 2337 466 2380 num:
536 2318 718 2381 Unde
777 2340 870 2379 me
917 2319 1225 2401 putabam
1311 2319 1459 2381 bene
1540 2321 1766 2381 mereri
1849 2321 1927 2381 de

291 2415 524 2477 Latinis
609 2418 784 2489 meis,
862 2423 921 2477 et
1002 2423 1356 2478 nostrorum
1409 2419 1494 2479 ad
1556 2418 1923 2479 discendum

292 2514 522 2574 animos
550 2516 863 2575 concitare
912 2515 1109 2595 (quod
1161 2514 1347 2575 etiam
1410 2514 1628 2577 Graeci
1683 2537 1923 2576 versum

291 2613 362 2672 de
382 2612 607 2673 Latino
651 2619 800 2695 post
856 2619 1064 2674 tantos
1119 2613 1521 2701 Interpretes.
1553 2635 1676 2675 non
1732 2615 1926 2684 fasti-

291 2710 512 2791 diunt),
595 2711 743 2771 inde
801 2712 869 2771 in
919 2712 1164 2794 culpam
1222 2733 1424 2785 vocor,
1475 2718 1533 2772 et
1596 2713 1928 2773 nauseanti

291 2807 594 2868 stomacho
650 2808 820 2869 cibos
870 2809 1114 2889 iugero.
1198 2808 1451 2890 Ecquid
1532 2811 1598 2871 in
1681 2810 1927 2871 homine

294 2910 473 2965 totum
504 2905 613 2983 sit,
646 2906 708 2965 si
738 2906 1093 2966 innocentia
1121 2906 1463 2968 criminosa
1521 2913 1613 2967 est
1646 2908 1673 2967 ἰ
1736 2909 1925 2970 Deni-

289 3021 400 3080 que
440 3004 721 3064 studium
780 3022 963 3064 suum
1022 3004 1143 3066 hoc
1202 3012 1579 3084 argumento
1637 3006 1927 3084 malignis

289 3101 463 3161 etiam
524 3101 871 3163 lectoribus
928 3120 1298 3181 persuasum
1384 3104 1644 3165 voluit:
1735 3104 1929 3182 Quod

2022 551 2143 612 illa
2174 573 2295 613 non
2327 555 2806 638 intelligantur,
2838 580 2911 620 ex
2937 563 3176 622 nostris
3233 566 3672 636 manifestiora

2003 649 2209 726 ﬁant.
2272 652 2610 733 Rescripsit
2665 657 2731 716 S.
2788 659 3178 736 Augustinus
3235 662 3312 721 ad
3374 664 3677 745 Hierony-

2023 766 2220 823 mum,
2256 768 2514 828 prorsus
2566 753 2656 813 ita
2708 771 2843 816 esse
2901 774 3270 834 persuasus:
3324 759 3426 820 De
3470 761 3673 822 inter-

2012 846 2363 926 pretatione
2388 854 2517 927 tua,
2578 851 2808 930 inquit,
2850 851 2992 931 jam
3052 853 3213 914 mihi
3252 861 3667 938 persuasisti,

2020 962 2143 1022 qua
2202 944 2477 1004 utilitate
2528 946 2894 1030 Scripturas
2976 950 3249 1011 volueris
3325 959 3674 1034 transferre

2021 1038 2099 1098 de
2179 1039 2467 1113 Hebraeo,
2530 1050 2599 1103 ut
2652 1045 2898 1106 scilicet
2952 1067 3045 1121 ea,
3109 1068 3243 1128 quae
3326 1072 3363 1111 a
3437 1053 3673 1121 Iudaeis

2013 1138 2445 1218 praetermissa
2500 1140 2595 1201 vel
2650 1148 2942 1225 corrupta
2997 1151 3168 1225 sunt,
3212 1156 3539 1229 proferres
3607 1152 3674 1212 in

2023 1237 2317 1297 medium.
2362 1241 2602 1301 Caetera
2672 1240 2810 1302 vide
2862 1243 3045 1321 epist.
3100 1246 3176 1304 97
3232 1246 3395 1307 inter
3451 1249 3670 1311 Hiero-

2022 1334 2376 1413 nymianas.
2440 1339 2655 1399 Restat
2697 1338 2891 1418 igitur
2946 1358 2980 1401 e
3028 1360 3220 1421 supra
3270 1342 3404 1423 jam
3435 1346 3670 1421 allatis,

2027 1433 2477 1514 Hieronymum
2534 1455 2662 1503 non
2709 1438 2775 1498 in
2822 1439 3334 1518 suggillationem
3407 1448 3673 1526 Septua-

2024 1532 2200 1611 ginta
2256 1536 2702 1614 Interpretum,
2783 1536 2892 1597 sed
2947 1539 3027 1598 ad
3079 1557 3297 1601 omnes
3379 1543 3676 1606 Ecclesiae

2024 1630 2332 1692 utilitates
2357 1650 2585 1694 novam
2617 1652 2694 1696 ex
2721 1635 2985 1698 Hebraeo
3008 1638 3181 1700 fonte
3211 1640 3481 1704 edidisse
3539 1662 3677 1706 ver-

2024 1745 2264 1789 BIODBm
2276 1775 2291 1789 .

733 1850 940 1912 neque
1012 1851 1162 1893 vero
1243 1832 1309 1893 in
1379 1832 1631 1912 culpam
1699 1833 1990 1906 vocariB
2104 1827 2220 1888 III.
2259 1830 2414 1889 Cum
2446 1833 2656 1890 autem
2704 1831 2891 1893 sciret
2946 1833 3367 1916 Hieronymus
3420 1859 3486 1902 se
3544 1860 3674 1903 non

2035 1943 2218 2004 posse
2247 1925 2675 2006 interpretari,
2706 1929 2827 1991 nisi
2885 1933 3055 2009 quod
3110 1940 3298 1997 antea
3353 1937 3681 2001 intellexe-

2037 2028 2159 2097 rat,
2189 2023 2484 2085 omnibus
2512 2030 2876 2088 Graecorum
2909 2047 2984 2090 ac
3040 2031 3407 2095 Latinorum
3459 2037 3677 2098 excul-

2035 2125 2136 2180 tus
2219 2120 2589 2200 disciplinis,
2694 2125 3129 2188 Hsebrasorum
3232 2132 3678 2211 magistrorum

2033 2216 2255 2278 limina
2335 2225 2560 2293 terere,
2654 2239 3000 2303 eorumque
3087 2226 3327 2290 litteras
3429 2232 3683 2295 studere

2035 2316 2247 2394 coepit.
2308 2317 2377 2376 Id
2434 2318 2685 2380 abunde
2742 2328 3008 2383 testatus
3064 2331 3158 2385 est
3236 2327 3419 2406 epist.
3478 2333 3517 2389 4
3599 2332 3685 2391 ad

2033 2412 2366 2475 Rusticum
2401 2418 2808 2492 monachum,
2843 2420 3075 2482 docens
3104 2440 3320 2485 amore
3375 2426 3677 2490 virtutum

2034 2512 2186 2573 vitia
2214 2514 2611 2592 superanda:
2645 2514 2819 2576 Dum
2871 2530 3064 2578 essem
3106 2521 3390 2599 juvenis,
3450 2525 3679 2605 inquit,

2033 2614 2093 2670 et
2121 2609 2497 2671 solitudinis
2544 2632 2637 2671 me
2692 2613 2938 2675 deserta
2988 2616 3321 2699 vallarent,
3373 2622 3683 2684 incentiva

2034 2708 2330 2769 vitiorum
2387 2711 2794 2792 ardoremque
2849 2719 3090 2777 natura
3119 2721 3303 2791 ferre
3357 2740 3480 2781 non
3516 2728 3689 2804 pote-

2036 2825 2193 2866 ram.
2255 2805 2463 2883 Quam
2520 2827 2657 2867 cum
2719 2808 2921 2869 crebis
2962 2811 3245 2890 jejuniis
3304 2817 3687 2896 frangerem,

2040 2922 2211 2962 mens
2242 2907 2443 2962 tamen
2473 2904 2974 2983 cogitationibus
3012 2908 3354 2970 mstuabat:
3388 2912 3473 2971 ad
3500 2932 3685 2992 quam

2034 2999 2464 3073 edomandam,
2532 3001 2783 3061 cuidam
2812 3004 3054 3083 fratri,
3104 3006 3218 3086 qui
3260 3028 3333 3065 ex
3393 3007 3686 3070 Hebrzis

2035 3096 2415 3175 crediderat,
2463 3116 2557 3157 me
2612 3098 2680 3157 in
2732 3099 3140 3180 disciplinam
3196 3102 3368 3184 dedi,
3421 3111 3490 3165 ut
3537 3111 3684 3187 post

286 3200 342 3257 ,ςί
366 3199 533 3281 apud
569 3197 852 3278 Ονωεος,
894 3205 1042 3280 post
1092 3199 1509 3283 Septuaginta
1566 3202 1921 3283 editionem,
1956 3204 2005 3271 Cr
2044 3193 2447 3271 Quintiliani
2491 3195 2802 3275 acumina,
2860 3196 3193 3260 Ciceronis
3230 3202 3491 3277 ﬂuvios,
3522 3224 3685 3284 gra-

277 3295 407 3374 jam
470 3295 732 3356 Christi
788 3295 1142 3377 Evangelia
1202 3305 1587 3372 coruscante,
1661 3298 1928 3368 Judaeus

286 3395 545 3474 Aquila,
578 3401 640 3454 et
683 3395 1117 3475 Symmachus,
1178 3418 1251 3457 ac
1318 3396 1654 3459 Theodotio
1694 3397 1930 3478 judai-

286 3497 485 3570 {antes
517 3491 835 3553 haerectici
863 3498 1013 3553 sunt
1067 3494 1315 3575 recepti,
1376 3495 1488 3575 qui
1540 3494 1737 3555 multa
1795 3516 1930 3566 my-

288 3590 473 3649 steria
584 3589 943 3651 Salvatoris
1044 3591 1312 3653 subdola
1424 3592 1933 3674 interpretatione

286 3688 565 3749 celarunt
623 3710 640 3748 :
694 3695 754 3748 et
836 3694 1037 3749 tamen
1123 3691 1190 3750 in
1266 3687 1555 3761 Ἐξαπλοῖς
1626 3691 1931 3753 habentur

289 3787 445 3866 apud
497 3786 847 3859 Ecclesias,
911 3794 970 3846 et
1023 3788 1442 3870 explanantur
1504 3788 1581 3850 ab
1637 3790 1930 3850 ecclesia-

288 3883 456 3944 sticis
487 3884 690 3943 viris:
746 3890 978 3964 quanto
1035 3887 1247 3966 magis
1303 3907 1419 3967 ego
1485 3886 1926 3963 Christianus,

287 3985 339 4037 et
363 3980 437 4040 de
448 3980 833 4063 parentibus
900 3981 1300 4045 Christianis
1351 3991 1559 4065 natus,
1619 3992 1678 4047 et
1732 3986 1931 4047 vexil-

288 4074 406 4136 lum
436 4079 648 4138 crucis
697 4079 763 4138 in
814 4099 944 4139 mea
954 4081 1180 4157 fronte
1218 4087 1508 4163 portans,
1568 4083 1750 4163 cujus
1792 4088 1932 4143 stu-

290 4174 453 4234 dium
510 4176 646 4245 fuit
701 4176 933 4237 omissa
989 4185 1278 4260 repetere,
1336 4180 1671 4263 depravata
1727 4180 1931 4241 corri-

288 4290 446 4349 gere,
504 4278 568 4332 et
625 4280 1013 4334 sacramenta
1068 4275 1366 4338 Ecclesiae
1407 4287 1578 4360 puro
1633 4284 1692 4339 et
1741 4278 1934 4353 fideli

286 4371 515 4449 aperire
544 4391 853 4442 sermone,
890 4372 985 4432 vel
1012 4375 1466 4452 afastidiosis,
1501 4376 1596 4436 vel
1649 4398 1687 4435 a
1740 4376 1932 4436 mali-

285 4467 428 4545 gnis
481 4468 826 4529 lectoribus
883 4490 1004 4530 non
1060 4471 1245 4532 debeo
1300 4473 1625 4554 reprobari
1676 4473 1703 4533 ἰ
1786 4477 1932 4534 Haec

2040 3292 2407 3371 vitatemque
2471 3290 2836 3367 Frontonis,
2914 3300 2974 3354 et
3056 3296 3372 3358 lenitatem
3444 3300 3681 3378 Plinii,

2038 3388 2431 3471 alphabetum
2492 3389 2816 3469 discerem,
2868 3397 2927 3451 et
2981 3394 3321 3455 stridentia
3379 3396 3687 3465 anhelan-

2040 3487 2249 3567 tiaque
2280 3485 2462 3547 verba
2491 3488 2851 3549 meditarer.
2912 3488 3095 3567 Quid
3151 3491 3242 3552 ibi
3288 3493 3528 3556 laboris
3587 3495 3685 3555 in-

2040 3584 2432 3664 sumpserim,
2501 3586 2659 3667 quid
2751 3587 3161 3649 sustinuerim
3237 3592 3683 3673 difﬁcultatis,

2040 3683 2281 3763 quoties
2328 3682 2805 3763 desperaverim,
2862 3686 3221 3767 quotiesque
3288 3692 3679 3770 cessaverim,

2039 3785 2097 3839 et
2170 3780 2557 3841 contentione
2638 3782 2929 3843 discendi
3005 3804 3233 3846 rursus
3330 3786 3685 3869 inceperim,

2041 3880 2221 3940 testis
2275 3886 2368 3940 est
2424 3881 2803 3942 conscientia
2851 3888 2976 3945 tam
3053 3905 3185 3945 mea
3270 3887 3382 3967 qui
3457 3896 3685 3953 passus

2039 3996 2201 4057 sum,
2248 3997 2433 4058 quam
2453 3998 2663 4039 eorum
2685 3979 2797 4059 qui
2838 4000 3069 4040 mecum
3125 3983 3427 4042 duxerint
3471 3983 3687 4043 vitam.

2039 4074 2127 4135 Et
2144 4075 2399 4155 gratias
2429 4096 2554 4156 ago
2581 4075 2883 4157 Domino,
2917 4078 3088 4159 quod
3115 4078 3193 4139 de
3215 4099 3430 4139 amaro
3459 4080 3702 4139 semine

2040 4172 2399 4233 litterarum
2468 4174 2685 4234 dulces
2773 4177 3021 4243 fructus
3093 4184 3301 4257 carpo.
3380 4179 3555 4239 Hanc
3621 4178 3687 4238 in

2042 4271 2340 4332 discendo
2451 4271 2695 4333 litteras
2799 4273 3137 4333 Hebraicas
3248 4273 3683 4336 difficultatem

2041 4368 2373 4447 pistrinum
2436 4374 2639 4443 vocat,
2700 4369 2849 4430 dum
2910 4370 2999 4431 sic
3054 4369 3121 4430 in
3166 4372 3487 4434 Danielem
3519 4391 3682 4453 pras-

2042 4466 2175 4525 fatu
2229 4486 2240 4525 :
2294 4465 2583 4546 Denique
2649 4472 2709 4525 et
2753 4487 2869 4546 ego
2963 4467 3468 4530 adolescentulus
3534 4478 3691 4552 post

285 4564 410 4643 ipse
474 4568 856 4646 praafatione
906 4569 971 4628 in
1020 4569 1253 4630 librum
1304 4572 1425 4632 Job
1508 4590 1585 4632 ex
1665 4572 2007 4638 Ηθδιιωοι)
2050 4561 2450 4640 Quintiliani
2522 4569 2580 4623 et
2657 4562 2859 4623 Tullii
2923 4564 3267 4640 lectionem,
3343 4587 3416 4626 ac
3479 4569 3692 4647 flores

290 4665 501 4726 Latine
559 4664 905 4727 redditum.
968 4667 1140 4727 Idem
1198 4667 1426 4746 probat
1480 4669 1642 4749 epist
1711 4672 1790 4731 89
1849 4672 1929 4732 ad

288 4761 729 4837 Augustinum,
791 4760 891 4821 cui
944 4781 1129 4822 suum
1189 4764 1467 4824 studium
1525 4768 1932 4829 commenda-

290 4851 388 4913 bat
442 4855 545 4914 his
605 4855 812 4915 verbis
858 4873 871 4914 :
933 4854 1078 4937 Ego
1134 4858 1296 4918 enim
1356 4879 1477 4919 non
1531 4865 1657 4919 tam
1731 4867 1932 4922 vetera

290 4949 532 5010 adolere
562 4957 823 5011 conatus
853 4973 1012 5026 sum,
1045 4974 1181 5034 quae
1224 4955 1468 5035 linguae
1523 4976 1664 5017 meae
1710 4958 1934 5018 omini-

288 5045 393 5107 bus
421 5049 751 5109 emendata
781 5051 857 5110 de
892 5050 1119 5113 erco
1152 5054 1217 5113 in
1245 5055 1544 5114 Latinum
1602 5056 1930 5129 transtuli,

289 5164 468 5223 quam
527 5167 598 5205 ea
657 5148 1035 5229 testimonia,
1100 5171 1234 5232 qua:
1293 5173 1330 5211 a
1385 5151 1626 5219 Iudaeis
1671 5160 1934 5235 praeter-

286 5243 473 5303 missa
503 5251 677 5319 sunt,
715 5246 809 5307 vel
836 5255 1153 5331 corrupta,
1180 5254 1466 5331 proferre
1496 5252 1562 5311 in
1611 5253 1880 5314 medium
1918 5279 1929 5319 :

287 5345 350 5397 ut
375 5342 614 5401 scirent
651 5344 857 5403 nostri
910 5345 1071 5425 quid
1119 5345 1441 5407 Hebraico
1499 5348 1730 5408 veritas
1786 5370 1936 5410 con-

286 5438 533 5501 tineret.
564 5440 640 5500 Si
667 5442 772 5501 cui
829 5441 1038 5522 legere
1095 5464 1215 5505 non
1256 5445 1491 5527 placet,
1553 5466 1726 5507 nemo
1780 5469 1939 5507 com-

279 5534 466 5614 pellit
498 5537 786 5600 invitum.
835 5538 1032 5599 Bibat
1086 5542 1297 5603 vinum
1331 5548 1504 5603 vetus
1549 5563 1685 5603 cum
1734 5545 1940 5605 suavi-

290 5639 433 5709 tate,
492 5642 552 5693 et
608 5643 824 5697 nostra
909 5644 1112 5698 musta
1196 5646 1568 5717 contemnat,
1654 5663 1788 5722 qua:
1871 5643 1936 5704 in

2040 4659 2405 4738 rhetoricos,
2468 4680 2604 4719 cum
2654 4680 2746 4720 me
2804 4661 2869 4720 in
2918 4661 3158 4742 lingua?
3216 4662 3409 4743 hujus
3451 4666 3692 4746 pistri-

2041 4778 2187 4818 num
2243 4757 2659 4832 reclusissem,
2716 4764 2775 4817 et
2822 4759 3017 4819 multo
3074 4761 3324 4839 sudore,
3376 4762 3693 4843 multoque

2042 4861 2307 4937 tempore
2363 4855 2468 4915 vix
2523 4855 2837 4937 coepissem
2894 4853 3258 4917 anhelantia
3314 4859 3691 4921 stridentia-

2041 4972 2158 5033 que
2210 4952 2390 5012 verba
2439 4972 2751 5025 resonare,
2828 4959 2887 5012 et
2961 4955 3148 5034 quasi
3202 4964 3325 5037 per
3410 4964 3686 5039 cryptam

2045 5050 2397 5129 ambulans,
2458 5071 2674 5111 rarum
2730 5052 2993 5133 desuper
3038 5052 3265 5113 lumem
3323 5057 3681 5136 aspicerem,

2046 5154 2281 5235 impegi
2308 5154 2643 5214 novissime
2674 5154 2739 5214 in
2766 5153 3122 5234 Danielem,
3155 5161 3214 5215 et
3270 5161 3443 5218 tanto
3499 5156 3687 5216 twdio

2043 5252 2309 5332 aﬂectus
2367 5271 2526 5323 sum,
2590 5256 2659 5311 ut
2704 5251 3132 5333 desperatione
3186 5253 3395 5314 subita
3453 5274 3687 5314 omnem

2046 5348 2316 5410 laborem
2341 5355 2593 5409 veterem
2626 5349 2925 5410 voluerim
2982 5356 3383 5412 contemnere.
3461 5351 3680 5413 Verum

2046 5445 2419 5505 adhortante
2480 5466 2573 5505 me
2663 5447 2933 5526 quodam
3001 5447 3285 5520 Hebraeo,
3374 5453 3432 5507 et
3515 5448 3688 5511 illud

2046 5543 2207 5604 mihi
2234 5543 2516 5604 crebrius
2547 5543 2613 5602 in
2644 5563 2760 5603 sua
2790 5544 3020 5625 lingua
3079 5544 3420 5622 ingerente,
3484 5547 3687 5611 Labor

2048 5642 2256 5701 omnia
2288 5641 2482 5701 vincit
2530 5641 2844 5724 improbus
2873 5663 2896 5704 .·
2944 5646 3003 5700 et
3055 5640 3166 5720 qui
3220 5641 3382 5704 mihi
3436 5646 3690 5709 videbar
