4060 6190
355 380 434 439 39
1525 360 1853 425 PATBUM
1898 358 2606 425 BENEDICTINORUM
3420 406 3424 410 .
3682 367 3766 426 ιο

355 508 593 572 sciolus
637 504 800 567 inter
828 524 952 582 eos,
983 500 1136 585 ccepi
1163 518 1417 560 rursum
1463 492 1819 577 discipulus
1871 512 2002 552 esse
2028 491 2083 560 Α
2113 510 2244 553 rem
2300 492 2591 555 adhibuit
2643 495 2999 573 Hebraeum,
3080 514 3269 578 quem
3351 516 3479 559 non
3560 497 3763 580 gratis

366 604 786 670 Chaldaicus.
846 601 935 664 Et
988 605 1059 661 ut
1102 617 1311 659 verum
1349 598 1582 673 fatear,

341 710 715 791 praesentem
789 699 954 761 diem
1029 696 1241 778 magis
1322 702 1579 777 possum
1662 707 2001 750 sermonem

368 802 792 867 Chaldaicum
824 798 1033 879 legere
1061 802 1120 856 et
1141 792 1521 872 intelligere,
1549 809 1732 870 quam
1755 805 1997 848 sonare.

360 907 635 966 Tantum
700 916 910 978 operae
997 913 1069 956 ac
1149 890 1385 954 laboris
1441 893 1737 969 expertus
1785 890 1878 947 est
1932 888 1998 946 S.

362 1001 781 1078 Hieronymus
842 994 910 1055 in
994 990 1295 1052 discenda
1368 987 1586 1066 lingua
1668 983 1999 1060 Hebraica,

353 1102 614 1179 propter
669 1090 1034 1155 anhelantis
1089 1088 1200 1149 illa
1255 1092 1317 1148 et
1372 1083 1699 1147 stridentia
1780 1081 1995 1160 verba,

357 1214 498 1277 quae
556 1192 672 1254 etsi
718 1189 1155 1267 intelligantur
1210 1203 1248 1247 a
1304 1183 1567 1256 Latinis,
1625 1181 1729 1241 vix
1785 1185 1998 1241 tamen

351 1312 426 1354 ea
482 1308 708 1353 sonare
766 1303 1099 1368 possumus
1154 1283 1234 1345 ad
1287 1300 1524 1343 morem
1602 1279 1993 1347 Judmorum,

345 1390 576 1470 quibus
633 1385 916 1448 nativum
974 1386 1067 1444 est
1114 1379 1483 1460 hujusmodi
1561 1375 1994 1438 idioma‘bar-

1675 598 1867 675 usque
1920 589 2006 651 ad
2114 589 2467 663 accessisse,
2529 592 2637 652 sed
2715 594 2985 672 pecunia
3066 594 3449 656 conductum
3535 596 3759 657 asserit

2113 689 2483 767 praefatione
2510 690 2577 751 in
2607 691 2895 753 eumdem
2951 692 3096 754 Jobi
3150 693 3422 763 librum;
3488 692 3763 755 Memini

2113 806 2205 846 me
2234 786 2462 867 inquit,
2495 786 2569 848 ob
2617 788 3107 871 intelligentiam
3167 790 3360 874 huius
3417 790 3762 855 voluminis

2110 884 2447 954 Lyddamm
2495 886 2820 967 quemdam
2852 895 3316 973 praeceptorem,
3396 890 3508 972 qui
3591 892 3763 973 apud

2110 981 2412 1044 Hebrmos
2451 984 2702 1065 primus
2756 984 2977 1047 haberi
3010 985 3379 1069 putabatur,
3439 1008 3561 1047 non
3591 996 3759 1070 par-

2109 1081 2204 1140 vis
2275 1081 2611 1143 redemisse
2689 1084 2963 1145 nummis
3007 1105 3024 1145 :
3074 1084 3259 1159 cuius
3315 1086 3626 1163 doctrina,
3676 1108 3758 1147 an

2107 1177 2362 1260 aliquid
2409 1182 2814 1262 profecerim,
2877 1183 3106 1246 nescio.
3162 1183 3306 1244 Hoc
3352 1204 3543 1244 unum
3601 1185 3758 1260 scio,

2108 1296 2230 1336 non
2259 1277 2556 1359 potuisse
2606 1299 2699 1339 me
2751 1279 3177 1362 interpretari,
3238 1281 3370 1342 nisi
3422 1283 3592 1364 quod
3619 1289 3762 1343 ante

2107 1374 2560 1439 intellexeram.
2622 1378 2801 1439 Nulli
2830 1397 2979 1459 ergo
3036 1377 3240 1441 labori
3300 1398 3588 1460 parcens,
3641 1401 3758 1444 nec

345 1489 596 1551 barum.
648 1484 826 1546 Unde
878 1483 1044 1543 idem
1102 1480 1523 1557 Hieronymus
1570 1476 1680 1536 lib.
1739 1493 1760 1535 I
1816 1475 1997 1536 Com-
2106 1474 2426 1553 marsupio
2510 1494 2645 1551 suo,
2734 1477 2966 1556 linguae
3050 1478 3373 1541 Hebraicee
3457 1480 3749 1541 notitiam

349 1590 545 1647 ment.
577 1583 641 1645 in
675 1601 814 1662 cap.
849 1577 1245 1658 111Epistolae
1302 1576 1384 1637 ad
1438 1574 1674 1648 Titum,
1735 1590 1993 1633 causam
2103 1578 2479 1633 consecutus
2535 1581 2628 1634 est
2683 1593 2811 1636 non
2870 1576 3247 1637 mediocrem
3291 1597 3308 1652 ;
3364 1577 3455 1638 ita
3511 1585 3579 1639 ut
3633 1597 3751 1658 par

345 1689 541 1746 tantae
625 1678 1015 1741 difficultatis
1097 1674 1384 1736 edisserit
1468 1673 1732 1733 dicens:
1802 1669 1994 1748 Quod
2103 1675 2265 1730 esset
2347 1670 2568 1733 Latino
2648 1691 2935 1735 sermone
3013 1676 3332 1754 extemplo
3435 1694 3753 1754 exponere

346 1787 550 1843 autem
598 1779 710 1852 ait,
771 1772 1210 1857 genealogias,
1282 1776 1341 1831 et
1418 1769 1856 1843 contentiones,
1935 1773 1994 1826 et
2102 1787 2498 1847 quaecunque
2536 1770 2743 1832 Judaei
2799 1771 3124 1832 Hebraicas
3182 1772 3304 1852 ipsi
3361 1773 3745 1835 dictitarent.

347 1880 548 1951 rixas,
600 1895 734 1957 qua
789 1873 1044 1933 veniunt
1097 1891 1172 1930 ex
1227 1869 1389 1950 lege,
1449 1868 1698 1928 devita:
1731 1864 2071 1949 proprieB
2104 1867 2292 1944 Cujus
2376 1867 2466 1927 rei
2539 1873 2761 1937 testem
2820 1869 3130 1931 habemus
3188 1871 3624 1950 praefationem
3685 1873 3748 1932 in

334 1975 555 2059 pulsat
595 1972 877 2049 Iudaeos,
937 1969 1049 2050 qui
1098 1968 1163 2028 in
1221 1988 1287 2027 eo
1344 1985 1410 2026 se
1439 1965 1717 2046 jactant,
1772 1969 1830 2022 et
1853 1971 1983 2044 pu-
2093 1964 2381 2037 Tobiam,
2442 1964 2550 2025 ubi
2606 1966 2821 2027 docuit
2877 1985 2991 2026 nos
3045 1968 3302 2029 modum
3360 1988 3487 2048 quo
3564 1988 3742 2030 suam

343 2081 480 2135 tant
508 2071 676 2152 legis
718 2067 938 2129 habere
968 2065 1281 2138 notitiam,
1329 2064 1390 2123 si
1442 2062 1693 2123 nomina
1741 2064 1986 2121 teneant

346 2170 777 2251 singulorum,
809 2185 944 2247 qua
1015 2163 1164 2245 quia
1223 2162 1490 2223 barbara
1548 2167 1720 2233 sunt,
1769 2166 1828 2219 et
1854 2166 1986 2235 ety-

347 2266 660 2346 mologias
741 2282 949 2324 eorum
1034 2281 1155 2321 non
1239 2260 1544 2331 novimus,
1616 2258 1989 2340 plerumque

344 2367 632 2444 corrupte
690 2362 1119 2443 proferuntur
1186 2378 1223 2417 a
1290 2356 1490 2419 nobis.
1552 2356 1640 2416 Et
1692 2357 1751 2416 si
1827 2358 1990 2424 forte

344 2458 763 2521 erraverimus
840 2457 906 2516 in
990 2460 1265 2528 accentu,
1348 2455 1414 2537 in
1501 2454 1852 2514 extensione
1933 2458 1992 2512 et

343 2556 641 2618 brevitate
721 2552 1000 2624 syllabae,
1090 2550 1186 2611 vel
1251 2550 1458 2611 brevia
1541 2550 1983 2632 producentes,

342 2654 439 2715 vel
487 2652 798 2736 producta
857 2650 1224 2728 breviantes,
1267 2648 1470 2709 solent
1524 2647 1794 2707 irridere
1877 2667 1989 2707 nos

341 2750 692 2835 imperitia,
749 2748 1013 2810 maxime
1068 2747 1136 2807 in
1191 2745 1685 2828 aspirationibus
1744 2750 1803 2804 et
1843 2746 1989 2827 qui-

347 2848 609 2911 busdam
666 2867 804 2907 cum
862 2866 1091 2906 rasura
1144 2844 1317 2925 gulae
1371 2844 1608 2904 litteris
1666 2845 1989 2925 proferen-

343 2946 524 3008 dis...
582 2945 659 3004 Si
705 2944 916 3025 igitur
971 2964 1007 3002 a
1071 2941 1251 3003 nobis
1334 2940 1460 3003 lzwc
1531 2941 1850 3002 nominum
1933 2956 1991 3011 et

344 3044 595 3125 linguae
648 3042 973 3114 idiomata,
1021 3052 1090 3100 ut
1143 3039 1433 3100 videlicet
1505 3038 1796 3113 barbara,
1869 3060 1991 3099 non

343 3143 433 3203 ita
478 3139 738 3218 fuerint
819 3146 1104 3219 expressa
1131 3182 1146 3210 ,
1235 3142 1305 3196 ut
1385 3136 1820 3218 exprimuntur
1912 3135 1990 3197 ab

2095 2061 2446 2123 versionem
2505 2062 2793 2123 Latinam
2854 2064 3118 2126 edidit:
3207 2064 3294 2126 Et
3367 2066 3540 2146 quia,
3630 2069 3742 2142 ait,

2095 2157 2301 2218 vicina
2331 2164 2423 2217 est
2504 2158 2952 2221 Chaldaeorum
3010 2161 3240 2243 lingua
3286 2164 3559 2223 sermoni
3607 2162 3749 2223 Hc-

2099 2256 2310 2317 braico
2341 2257 2668 2338 utriusque
2724 2258 2966 2339 linguz
3015 2261 3472 2342 peritissimum
3531 2262 3747 2343 loqua-

2098 2374 2225 2413 rem
2285 2356 2615 2436 repeciens,
2676 2358 2866 2417 unius
2922 2358 3027 2417 dei
3085 2358 3358 2419 laborem
3432 2360 3685 2441 arripui
3732 2381 3744 2420 :

2099 2457 2157 2511 et
2184 2453 2501 2533 quidquid
2531 2453 2642 2514 ille
2672 2453 2832 2515 mihi
2860 2454 3205 2516 Hebraicis
3245 2456 3447 2517 verbis
3503 2465 3751 2526 expres-

2098 2552 2209 2626 sit,
2270 2550 2384 2611 hoc
2480 2573 2618 2633 ego,
2716 2554 2913 2614 accito
2997 2556 3267 2630 notario,
3352 2556 3744 2618 sermonibus

2098 2657 2346 2718 Latinis
2394 2658 2669 2739 exposui.
2730 2660 2906 2730 Quod
2968 2661 3184 2740 utique
3236 2680 3346 2741 per
3402 2681 3466 2724 se
3535 2663 3747 2742 ipsum

2101 2776 2426 2837 nunquam
2483 2759 2895 2837 praestitisset,
2937 2760 3055 2820 nisi
3112 2761 3307 2840 probe
3365 2766 3428 2821 et
3480 2761 3742 2841 pulchre

2103 2854 2421 2917 calluisset
2489 2856 2771 2934 linguam
2853 2858 3298 2918 Hebraicam:
3375 2877 3519 2918 nam
3604 2858 3747 2937 quis

2101 2953 2481 3014 semidoctus
2536 2961 2646 3014 aut
2713 2954 2886 3014 rudis
2968 2954 3032 3014 in
3118 2954 3337 3032 lingua
3418 2953 3745 3022 Hebraica,

2102 3048 2416 3129 loquentis
2446 3049 2683 3109 hebreei
2714 3049 2904 3109 verba
2961 3050 3197 3109 dictata
3228 3050 3416 3110 simili
3447 3051 3748 3111 facilitate

2100 3146 2165 3206 in
2229 3146 2517 3206 Latinum
2594 3164 2947 3207 sermonem
3031 3153 3424 3208 converteret
3475 3149 3504 3208 ?
3583 3150 3748 3209 Salis

343 3237 661 3309 Hebraeis,
686 3234 890 3296 solent
917 3232 1290 3295 cachinnum
1319 3232 1628 3308 attollere,
1660 3239 1720 3293 et
1758 3233 1991 3313 furare
2020 3227 2063 3294 C
2103 3262 2253 3322 ergo
2312 3249 2709 3322 perspectum
2770 3246 2861 3318 ﬁt,
2924 3245 3377 3325 Hieronymum
3436 3247 3742 3306 sermonis

341 3357 406 3397 se
447 3335 711 3419 penitus
766 3332 1005 3393 nescire
1059 3332 1228 3413 quod
1299 3332 1594 3392 dicimus.
1672 3329 1852 3393 Unde
1935 3337 1993 3391 et

342 3432 522 3495 nobis
582 3451 753 3492 curae
789 3430 936 3509 fuit
985 3450 1193 3489 omnes
1237 3429 1462 3489 veteris
1518 3429 1687 3510 legis
1769 3429 1990 3504 libros,

345 3553 502 3615 quos
577 3532 677 3591 vir
757 3531 977 3591 doctus
1045 3529 1476 3590 Adamantius
1553 3529 1619 3589 in
1701 3528 1994 3611 Hexapla

344 3631 723 3711 digesserat,
758 3628 835 3687 de
871 3625 1259 3689 Caesariensi
1311 3626 1706 3688 Bibliotheca
1763 3628 1994 3688 descri-

327 3732 504 3810 ptos,
536 3747 609 3785 ex
648 3725 804 3807 ipsis
834 3722 1211 3785 authenticis
1246 3725 1589 3798 emendare,
1646 3726 1711 3784 in
1767 3724 1993 3806 quibus

343 3829 403 3884 et
460 3824 597 3906 ipsa
652 3821 919 3883 Hebrza
968 3822 1253 3905 propriis
1309 3828 1459 3882 sunt
1525 3821 1993 3884 characteribus

348 3920 530 3982 verba
588 3920 925 4002 descripta,
991 3925 1051 3979 et
1121 3917 1368 3980 Graecis
1451 3919 1689 3979 litteris
1746 3920 1996 3980 tramite

349 4027 636 4103 expressa
694 4017 974 4079 vicino...
1026 4022 1096 4077 ut
1149 4037 1271 4077 non
1356 4024 1729 4098 magnopere
1783 4016 1995 4098 perti-

346 4135 690 4177 mescamus
799 4113 1209 4197 supercilium
1292 4112 1649 4188 ludicrum,
1765 4114 1995 4175 solutis

348 4213 561 4289 labiis,
596 4218 655 4273 et
683 4211 924 4273 obtorta
955 4212 1208 4294 lingua,
1239 4217 1298 4272 et
1352 4212 1676 4286 stridente,
1736 4218 1796 4273 et
1848 4233 1995 4274 rasa

347 4316 527 4380 fauce
583 4312 1022 4392 gaudentium.
1086 4313 1421 4373 Assiduum
1478 4332 1626 4374 vero
1689 4313 1878 4374 fuisse
1931 4314 1996 4374 in

345 4409 574 4472 litteris
652 4408 975 4470 Hebraicis
1082 4411 1147 4472 S.
1250 4413 1582 4471 Doctorem
1670 4412 1998 4473 manifeste

347 4506 675 4569 declarant
731 4508 925 4569 verba
976 4507 1222 4578 isthmc,
1302 4527 1442 4587 quae
1525 4509 1590 4569 in
1672 4509 1996 4590 epitaphio

2100 3342 2346 3404 Hebraei
2415 3342 2758 3420 perfectam
2833 3344 3121 3403 notitiam
3208 3344 3569 3405 habuisse:
3633 3344 3751 3405 etsi

2103 3439 2427 3501 modestim
2461 3458 2652 3501 causa
2681 3442 2814 3521 ipse
2845 3441 2995 3501 alibi
3025 3441 3273 3514 dixerit,
3333 3460 3397 3501 se
3455 3439 3751 3502 Hebraeo-

2101 3558 2239 3600 rum
2299 3557 2636 3598 sermonem
2695 3559 2768 3597 ex
2804 3544 2993 3619 parte
3042 3538 3371 3611 didicisse,
3424 3539 3489 3598 in
3527 3538 3751 3599 Latino

2102 3641 2304 3695 autem
2363 3634 2439 3695 ab
2498 3634 2899 3695 incunabulis
2959 3636 3120 3695 inter
3172 3637 3642 3716 grammaticos,
3695 3642 3755 3695 et

2104 3732 2405 3806 rhetores,
2492 3738 2551 3792 et
2622 3731 3036 3814 philosophos
3117 3734 3319 3801 fuisse
3425 3734 3747 3794 detritum.

2105 3835 2323 3911 Neque
2383 3838 2529 3892 vero
2585 3850 2816 3910 negare
2875 3831 3083 3909 poluit
3137 3831 3404 3910 epistola
3453 3835 3590 3903 142,
3670 3832 3750 3891 ad

2106 3934 2445 3992 Damasum
2506 3948 2758 4008 papam,
2821 3929 2902 3989 ab
2990 3930 3273 3989 Hebrmis
3336 3930 3535 3990 multa
3590 3930 3751 3990 didi-

2105 4028 2261 4087 cisse
2308 4046 2324 4103 ;
2382 4024 2505 4085 Est
2561 4025 2659 4084 vir
2714 4024 2995 4105 quidam,
3041 4024 3272 4104 inquit,
3331 4046 3367 4083 a
3431 4045 3552 4105 quo
3634 4045 3751 4105 ego

2089 4124 2289 4208 plura
2338 4123 2644 4183 didicisse
2698 4143 2791 4182 me
2835 4122 3106 4203 gaudeo,
3167 4128 3225 4181 et
3277 4123 3389 4203 qui
3419 4121 3751 4183 Hebraeum

2104 4239 2441 4281 sermonem
2496 4220 2585 4278 ita
2632 4218 2933 4292 elimarit,
2995 4223 3063 4277 ut
3121 4218 3286 4278 inter
3340 4218 3587 4279 scribas
3652 4239 3755 4278 eo-

2106 4338 2245 4380 rum
2338 4315 2684 4377 Clzaldwus
2761 4315 3177 4378 existimetur.
3234 4318 3329 4376 Ad
3390 4316 3749 4377 Marcellam

2108 4433 2360 4495 quoque
2416 4414 2597 4494 epist.
2651 4415 2767 4475 130
2823 4413 3056 4475 fatetur
3138 4410 3426 4472 nonnihil
3485 4411 3753 4489 purioris

2106 4512 2465 4574 Latinitatis
2523 4511 2803 4572 amisisse
2860 4516 3119 4589 propter
3176 4526 3355 4567 usum
3431 4507 3753 4567 idiomatis

344 4604 558 4666 Paulae
618 4605 836 4667 matris
905 4605 1141 4686 scripta
1197 4606 1548 4684 leguntur:
1617 4605 1859 4688 Loquar
1936 4591 2351 4672 etDHebraei
2423 4608 2541 4669 sibi
2591 4608 3011 4667 familiarem:
3062 4604 3222 4677 Nos,
3281 4609 3351 4663 ut
3404 4604 3553 4677 scis,
3615 4602 3754 4663 He-

345 4700 554 4778 aliud,
585 4703 755 4784 quod
789 4703 1084 4780 forsitan
1145 4701 1390 4764 aemulis
1449 4704 1737 4764 videatur
1794 4705 1999 4764 incre-

348 4797 567 4859 dibile.
655 4798 986 4862 Hebraeam
1063 4800 1379 4881 linguam,
1466 4821 1648 4881 quam
1732 4821 1848 4881 ego
1923 4800 1998 4861 ab

351 4896 771 4958 adolescentia
801 4897 997 4959 multo
1044 4897 1255 4959 labore
1309 4918 1381 4958 ac
1426 4898 1656 4958 sudore
1702 4919 1774 4958 ex
1812 4905 2001 4981 parte

348 4994 577 5070 didici,
612 5001 671 5054 et
702 4995 1109 5076 infatigabili
1137 4995 1539 5056 meditatione
1577 5015 1699 5055 non
1758 4997 1996 5073 desero,

352 5114 427 5155 ne
502 5094 631 5177 ipse
691 5094 767 5155 ab
836 5116 905 5155 ea
962 5096 1240 5169 deserar,
1315 5095 1556 5155 discere
1634 5094 1854 5168 voluit,
1942 5104 2001 5157 et

348 5199 674 5255 consecuta
758 5199 870 5269 est,
931 5199 1050 5255 etc.
1128 5196 1359 5255 Parum
1418 5198 1553 5255 erat
1582 5193 1824 5255 homini
1863 5201 1998 5257 stu-

351 5291 705 5355 diosissimo
761 5310 834 5353 ac
890 5290 1323 5371 intelligentia:
1381 5309 1703 5353 sacrorum
1772 5293 1999 5355 Biblio-

353 5407 495 5451 rum
549 5389 982 5471 cupidissimo,
1046 5389 1325 5469 linguam
1382 5389 1712 5450 Hebraeam
1798 5391 1998 5454 multo

353 5486 582 5548 sudore
632 5487 945 5560 didicisse,
1008 5487 1127 5548 nisi
1158 5487 1346 5549 etiam
1397 5506 1549 5567 opes
1610 5506 1756 5550 suas
1803 5488 1869 5550 in
1922 5510 1997 5553 eo

357 5583 611 5661 negotio
694 5585 1105 5666 experiretur.
1200 5585 1295 5646 Ad
1403 5586 1743 5665 perfectam
1830 5588 1995 5648 enim

359 5679 788 5745 obscurissimi
842 5683 985 5746 libri
1039 5684 1159 5748 Job
1234 5683 1717 5764 intelligentiam
1775 5686 1995 5748 docto-

2111 4707 2415 4768 braeorum
2468 4703 2731 4764 lectione
2786 4701 3043 4776 detenti,
3107 4702 3172 4761 in
3228 4700 3453 4762 Latina
3524 4701 3754 4781 lingua

2110 4802 2469 4882 rubiginem
2526 4800 2924 4873 abduximus,
2968 4800 3032 4859 in
3075 4804 3315 4859 tantum
3366 4804 3435 4859 ut
3490 4798 3754 4880 loquen-

2110 4901 2278 4961 tibus
2353 4918 2592 4980 quoque
2668 4896 2846 4958 nobis
2930 4896 3177 4956 stridor
3261 4896 3519 4976 quidam
3632 4917 3752 4957 non

2108 4998 2372 5058 Latinus
2404 4997 2823 5076 interstrepat.
2888 4992 3067 5055 Unde
3124 4994 3379 5073 ignosce
3435 4994 3755 5066 ariditati,

2109 5102 2227 5158 etc.
2290 5097 2359 5155 In
2412 5094 2535 5154 ﬁne
2608 5091 3221 5153 Commentariorum
3306 5091 3368 5151 in
3448 5096 3755 5169 Aggeeum

2111 5195 2510 5274 prophetam,
2573 5209 2802 5252 omnen
2858 5189 3093 5269 eloquii
3155 5196 3547 5250 venustatem
3622 5207 3756 5266 per-

2108 5292 2338 5352 didisse
2393 5309 2459 5351 se
2527 5289 2679 5349 dicit
2735 5287 2942 5348 studio
3026 5286 3260 5364 linguas
3346 5286 3666 5346 Hebraicae
3737 5302 3749 5342 :

2116 5388 2391 5451 Obsecro
2439 5393 2517 5461 te,
2550 5385 2768 5458 lector,
2801 5390 2869 5444 ut
2917 5384 3212 5464 ignoscas
3259 5382 3447 5443 celeri
3482 5401 3758 5441 sermone

2108 5486 2400 5559 dictanti,
2494 5504 2600 5544 nec
2685 5482 2972 5562 requiras
3049 5480 3287 5560 eloquii
3354 5486 3755 5554 venustatem,

2105 5605 2290 5667 quam
2351 5583 2546 5645 multo
2597 5587 2859 5662 tempore
2916 5579 3195 5641 Hebraea
3248 5577 3488 5656 linguae
3546 5578 3757 5639 studio

2103 5683 2385 5768 perdidi,
2447 5688 2565 5746 etc.
2628 5682 2800 5743 Idem
2861 5677 3224 5758 Hieronymi
3281 5676 3556 5739 studium
3617 5696 3756 5757 pro-
