4060 6190
200 366 253 421 ιι
1588 356 2204 420 PROLOGOMENA.
2461 334 2473 347 ’
3513 360 3592 418 42

204 494 631 558 bantHebrasa
700 490 1028 555 volumira
1057 493 1137 554 ab
1195 511 1269 555 eo
1329 489 1670 568 descripta,
1727 487 2058 555 velAbus
2167 491 2535 568 credidisse,
2622 511 2735 555 nec
2819 491 3116 554 habuisse
3222 490 3587 571 magistram

215 594 424 655 collata
530 609 671 653 cum
780 592 1232 669 interpretibus
1351 589 1602 662 Graecis,
1716 603 1832 647 nec
1940 589 2304 667 opinionem
2364 608 2569 666 suam,
2631 591 2739 651 sed
2821 609 2897 651 ea
2979 590 3169 651 etiam
3230 589 3309 649 de
3363 588 3595 668 quibus

205 711 306 752 non
361 690 712 749 Palaestinae
771 688 1119 768 provincia,
1182 705 1373 767 quam
1424 684 1829 766 perlustravit
1940 688 2098 747 scire
2157 707 2222 749 se
2279 688 2732 762 arbitrabatur,
2791 689 3182 767 interrogare
3252 688 3508 749 solitum
3568 709 3584 763 ;

202 808 261 850 ac
336 787 699 868 peragravit
779 786 861 846 ob
922 785 1271 865 pleniorem
1344 781 1827 859 intelligentiam
1938 791 2177 864 quanto
2258 786 2458 865 magis
2539 787 2605 847 in
2665 786 2740 846 iis
2822 803 3013 864 super
3070 785 3300 864 quibus
3358 802 3592 865 anceps

201 887 623 948 Hebraicorum
655 884 1009 954 nominum,
1045 883 1304 944 adscitis
1354 882 1543 942 etiam
1575 880 1826 941 Judmo-
1938 868 2122 944 erat?
2159 888 2285 945 Hoc
2316 903 2466 946 vero
2498 884 2835 945 confirmat
2892 890 3265 962 argumento
3320 900 3590 960 sequen-

205 1003 322 1045 rum
374 983 817 1045 eruditissimis
873 981 1191 1059 magistris
1244 980 1363 1040 sibi
1420 979 1626 1040 sociis.
1689 977 1829 1038 Sin-
1937 983 2016 1043 ti:
2077 982 2389 1064 Denique,
2450 985 2679 1062 inquit,
2740 1002 2878 1042 cum
2910 1003 2946 1040 a
2996 1001 3088 1041 me
3108 989 3303 1061 nuper
3350 980 3590 1040 litteris

198 1084 323 1161 gula
382 1082 605 1143 ordine
691 1099 805 1141 suo
892 1096 1376 1158 prosequamur.
1466 1075 1649 1154 Apud
1756 1078 1819 1133 Β.
1934 1081 2384 1162 ﬂagitassetis,
2438 1088 2507 1142 ut
2554 1080 2729 1141 vobis
2758 1078 3288 1161 Paralipomenon
3358 1078 3588 1139 Latino

200 1183 513 1242 Damasum
570 1182 829 1239 excusat
884 1196 950 1239 se
1026 1175 1341 1237 tarditatis
1431 1175 1615 1254 epist.
1678 1175 1818 1247 125,
1934 1199 2211 1240 sermone
2285 1183 2691 1257 trans/errem
2740 1199 2764 1255 ;
2849 1177 2925 1238 de
3017 1175 3343 1237 Tiberiade
3416 1175 3587 1255 legis

200 1278 341 1357 quod
401 1296 523 1337 non
587 1276 800 1337 statim
856 1276 936 1336 ad
995 1273 1131 1351 eius
1161 1272 1551 1351 interrogata
1596 1269 1821 1331 rescri-
1932 1278 2255 1357 quemdam
2313 1278 2646 1356 αόείονενη,
2679 1276 2791 1358 qui
2836 1275 3006 1357 apud
3033 1272 3336 1335 Ηερνωος
3377 1272 3588 1333 αάηιί-

201 1376 366 1453 pseril
428 1376 550 1435 alio
609 1392 800 1453 Opere
857 1373 1168 1432 detentus.
1231 1370 1390 1438 QUid
1459 1369 1539 1429 Sit
1611 1373 1821 1428 autem
1933 1376 2173 1435 rationi
2199 1374 2563 1453 habebatur,
2588 1374 2905 1456 assumpsi
2933 1383 2993 1433 et
3023 1372 3266 1433 contuli
3321 1391 3459 1431 cum
3521 1391 3590 1431 eo

203 1473 306 1533 tale
357 1492 537 1551 opus,
572 1470 692 1551 ibis
722 1471 927 1532 verbis
959 1469 1303 1529 declaravit
1330 1468 1510 1527 initio
1542 1465 1822 1544 ejusdem
1933 1492 1970 1531 α
2028 1473 2272 1551 vertice,
2334 1479 2404 1533 ut
2449 1474 2653 1550 aiunt,
2718 1492 2911 1553 usque
2958 1472 3043 1531 ad
3095 1475 3432 1530 extremum
3474 1489 3588 1529 un—

202 1571 493 1652 epi‘ptolze:
555 1569 820 1629 Interim
878 1572 1080 1626 tamen
1138 1572 1197 1625 et
1240 1585 1358 1645 ego
1387 1565 1707 1645 linguam,
1768 1568 1827 1621 et
1933 1590 2162 1651 guem;
2214 1577 2273 1630 εί
2326 1570 2420 1630 δίε
2475 1572 2892 1648 conﬁrmatus
2941 1589 3136 1629 αηςας
3193 1588 3331 1628 sum
3381 1569 3588 1637 facere

203 1654 294 1727 ille
393 1667 759 1744 articulum,
877 1663 1288 1742 movebamus,
1395 1683 1533 1722 cum
1617 1660 1825 1720 subito
1936 1667 2459 1749 quodjubebatis.
2493 1669 2654 1741 Quid
2685 1668 2958 1748 amplius
2988 1668 3050 1728 in
3110 1667 3247 1728 viro
3303 1665 3586 1727 studioso

203 1764 485 1826 Hebraeus
586 1763 939 1839 intervenit,
1048 1762 1330 1828 deferens
1437 1780 1558 1819 non
1616 1767 1828 1840 pauca
1938 1767 2282 1827 desiderari
2337 1772 2551 1845 queat,
2613 1773 2781 1828 certe
2839 1785 2964 1827 non
3025 1765 3231 1826 video.
3318 1766 3583 1825 Omnem

204 1864 519 1941 volumina,
572 1881 707 1943 qua
763 1860 840 1921 de
902 1859 1251 1939 Synagoga
1309 1858 1496 1938 quasi
1548 1856 1998 1927 lecturuSBin
2056 1864 2244 1924 rebus
2301 1864 2625 1924 Hebraicis
2708 1864 2988 1924 laborem
3046 1861 3329 1935 insumit,
3409 1879 3584 1921 sum-

202 1966 507 2042 acceperat.
577 1962 655 2020 Et
703 1958 873 2019 illico
927 1975 941 2017 :
1002 1955 1241 2034 Habes,
1343 1955 1571 2035 inquit.
1652 1953 1822 2034 quod
1933 1962 2068 2041 ptui
2125 1980 2249 2021 non
2327 1962 2555 2040 parcit,
2645 1959 3179 2040 peregrinationes
3233 1958 3583 2020 laboriosas

196 2058 878 2137 postulaveraszmeque
906 2053 1189 2127 dubium,
1244 2059 1303 2113 et
1348 2053 1506 2133 quid
1540 2054 1822 2130 facerem
1932 2059 2122 2133 subit,
2183 2077 2324 2119 cum
2384 2058 2820 2120 eruditissimis
2890 2057 3257 2120 Iudaeorum
3333 2055 3583 2117 assidue

205 2156 570 2233 nescientem,
608 2154 697 2214 ita
725 2152 996 2231 festinus
1025 2156 1352 2231 exterruit,
1414 2156 1484 2210 ut
1539 2150 1824 2210 omnibus
1935 2174 2287 2218 sermonem
2320 2157 2602 2229 confert;
2656 2156 2851 2217 libros
2909 2155 3168 2235 propria
3228 2172 3417 2215 manu
3474 2154 3583 2215 de-

197 2254 641 2335 praetermissis,
670 2253 754 2313 ad
799 2251 1276 2312 describendum
1331 2249 1821 2309 transvolarem:
1935 2255 2151 2315 scribit
2228 2272 2241 2327 ;
2322 2253 2647 2316 contendit
2728 2258 2948 2315 Graeca
3031 2270 3173 2313 cum
3274 2251 3580 2313 Hebraeis.

202 2352 349 2432 Quod
390 2351 643 2432 quidem
703 2370 899 2432 usque
957 2350 1042 2409 ad
1082 2357 1367 2430 prasens
1427 2347 1636 2425 facio.
1699 2348 1827 2406 He-
1939 2353 2219 2431 Denique
2250 2353 2606 2432 quid,non,
2643 2358 2710 2411 ut
2767 2351 3002 2429 linguae
3058 2355 3291 2411 sanctae
3348 2349 3584 2411 intelli-

203 2452 406 2513 braicis
453 2450 743 2511 similiter
798 2449 1090 2509 detentus
1146 2447 1392 2520 litteris,
1452 2450 1513 2506 et
1569 2451 1829 2506 conten-
1940 2451 2219 2529 gentiam
2252 2449 2802 2530 consequeretur?
2844 2448 3073 2511 Merito
3129 2447 3324 2526 igitur
3379 2447 3593 2508 aiebat

203 2549 353 2611 tione
432 2550 735 2609 librorum
842 2545 1117 2618 assidua,
1223 2543 1574 2605 breviorem
1660 2542 1834 2604 dedit
1940 2566 2189 2629 supra:
2250 2547 2336 2608 Et
2389 2548 2645 2628 gratias
2728 2566 2852 2628 ago
2934 2544 3235 2623 Domino,
3294 2545 3464 2626 quod
3520 2544 3598 2605 de

207 2648 516 2727 epistolam
573 2649 673 2719 74,
734 2644 814 2705 ad
872 2642 1238 2704 Marcellam
1300 2659 1314 2702 :
1397 2642 1477 2701 Ut
1533 2647 1657 2701 tam
1672 2648 1810 2722 par-

1993 2666 2155 2707 maro
2264 2646 2494 2707 semine
2618 2645 2977 2706 litterarum
3070 2642 3288 2704 dulces
3327 2645 3596 2719 fructus

205 2767 343 2825 nam,
422 2746 652 2824 inquit,
741 2741 1067 2825 epistolam
1168 2739 1523 2819 scriberem,
1631 2757 1834 2799 causa?
1941 2753 2168 2827 carpo;
2218 2745 2284 2805 id
2333 2750 2448 2824 est,
2506 2743 2834 2805 scientiam
2894 2742 3252 2803 divinarum
3310 2741 3596 2820 Scriptu-

212 2843 471 2924 duplicis
507 2843 673 2920 fuit,
732 2840 901 2921 quod
947 2844 1006 2898 et
1034 2838 1409 2899 tabellarius
1457 2836 1833 2911 festinabat,
1946 2848 2273 2915 rerum,“
2300 2842 2609 2901 sermonis
2638 2839 2888 2900 Hebraei
2917 2837 3233 2917 peritiam.

206 2947 256 3000 et
280 2962 388 3021 ego
439 2940 570 3000 alio
625 2948 801 3021 opere
856 2938 1164 3016 detentus,
1199 2936 1313 2996 hoc
1340 2936 1527 3017 quasi
1554 2943 1831 3013 πκρὲργω,
2025 2942 2127 3001 Ῑν,
2211 2940 2551 3001 Multarum
2635 2937 2832 3016 igitur
2904 2936 3266 3015 linguarum
3336 2933 3599 2995 scientia

207 3059 283 3096 me
334 3046 712 3119 occuparem.
788 3035 1045 3113 Quwris
1122 3034 1425 3115 quidnam
1510 3032 1681 3093 illud
1725 3033 1833 3110 sit,
1945 3037 2208 3116 insignis
2257 3036 2701 3115 Hieronymus,
2759 3040 2823 3096 et
2876 3033 3049 3114 apud
3121 3050 3343 3095 omnes
3397 3030 3602 3093 erudi-

207 3142 315 3195 tam
357 3135 628 3216 grande,
687 3141 813 3194 tam
860 3133 1302 3206 necessarium,
1336 3152 1456 3212 quo
1499 3130 1838 3201 ebistolicas
1948 3136 2117 3197 tione
2172 3154 2288 3196 sua
2343 3134 2719 3206 celebratus,
2778 3130 2956 3193 brevi
2985 3150 3023 3193 a
3072 3130 3364 3211 pluribus
3394 3128 3606 3208 rogari

209 3234 721 3310 confabulationis
778 3252 1005 3292 munus
1051 3230 1369 3290 exclusum
1400 3235 1514 3290 est.
1552 3227 1841 3310 fampri-
1873 3224 1915 3290 C
1950 3234 2162 3312 cmpit,
2197 3238 2265 3293 ut
2294 3232 2489 3293 libros
2537 3248 2749 3292 sacros
2799 3248 2833 3290 θ
2888 3228 3169 3290 fontibus
3229 3227 3509 3289 Hebraeis
3536 3226 3603 3287 in

212 3330 331 3390 dem
386 3352 526 3391 cum
583 3328 1007 3391 voluminibus
1056 3327 1469 3389 Hebraeorum
1508 3327 1843 3387 editionem
1954 3332 2244 3394 Latinum
2303 3346 2657 3389 sermonem
2716 3327 3056 3388 transferre
3112 3325 3324 3387 vellet.
3376 3328 3610 3388 Omnes

216 3428 454 3508 Aquilae
521 3430 812 3504 confero;
874 3446 947 3485 ne
1013 3426 1171 3507 quid
1206 3425 1522 3503 forsitan,
1585 3429 1848 3506 propter
1960 3428 2455 3510 prmfatiunculm
2496 3425 2721 3487 veteris
2763 3424 3154 3486 Testamenti
3200 3440 3473 3503 quarum
3531 3440 3609 3484 ex

220 3526 420 3586 odium
489 3523 772 3598 Christi,
830 3523 1178 3604 Synagoga
1236 3522 1609 3613 mutaverit:
1670 3527 1728 3581 et
1784 3527 1852 3581 ut
1961 3533 2140 3608 parte
2194 3525 2486 3604 exempla
2544 3522 2977 3603 subjiciemus,
3035 3521 3188 3582 huic
3245 3521 3337 3582 rei
3419 3525 3614 3582 testes

224 3624 419 3683 amicae
477 3622 669 3682 menti
704 3624 949 3700 fatear,
1008 3641 1141 3702 quae
1186 3621 1271 3681 ad
1313 3626 1591 3680 nostram
1639 3620 1851 3696 ﬁdem
1962 3632 2129 3686 sunt.
2191 3626 2270 3684 Et
2323 3621 2712 3702 superﬂuum
2744 3627 2861 3694 est,
2897 3620 3067 3699 quod
3099 3620 3163 3680 in
3192 3619 3318 3679 illis
3373 3617 3611 3680 dictum

214 3722 472 3801 pertinet
530 3720 970 3798 roborandam,
1020 3719 1214 3801 plura
1270 3717 1529 3799 reperio.
1582 3715 1770 3776 Nunc
1817 3737 1853 3776 α
1962 3721 2302 3794 invenitur,
2337 3720 2520 3780 aliter
2549 3737 2740 3799 quam
2770 3717 2861 3778 ibi
2891 3718 3130 3778 dictum
3161 3721 3279 3791 est,
3314 3715 3610 3777 scribere.

213 3818 547 3900 prophetis,
571 3818 925 3897 Salomone,
960 3816 1306 3894 Psalterio,
1367 3815 1857 3895 Regnorumque
1967 3819 2355 3900 Incipiamus
2410 3816 2605 3895 igitur
2661 3834 2699 3876 a
2754 3815 3005 3888 Genesi,
3064 3812 3247 3892 cuius
3312 3813 3616 3894 prologue

223 3917 397 3978 libris
453 3917 831 3977 examussim
888 3916 1235 3994 recensitiS,
1298 3913 1585 3975 Exodum
1659 3900 1910 3985 167260..
1970 3919 2111 3981 talis
2169 3924 2303 3978 est:
2352 3914 2685 3976 Desiderii
2739 3913 2862 3974 mei
2934 3912 3333 3982 desideratus
3411 3909 3619 3992 accepi

222 4036 382 4094 quem
437 4015 548 4075 illi
600 4031 954 4076 ELLESMOTH
1040 4018 1281 4092 vocant,
1362 4014 1446 4072 ad
1519 4011 1858 4071 Leviticum
1966 4014 2285 4099 epistolas,
2344 4013 2456 4094 qui
2508 4011 2778 4094 quodam
2840 4009 3170 4093 praesagio
3252 4012 3614 4076 futurorum

225 4114 604 4173 transiturus
681 4133 698 4171 :
787 4112 962 4171 vides
1039 4111 1273 4191 igitur,
1359 4110 1528 4190 quod
1609 4107 1860 4168 nullum
1968 4134 2105 4175 cum
2162 4110 2435 4172 Daniele
2490 4110 2756 4170 sortitus
2786 4112 2880 4167 est
2900 4123 3117 4167 nomen
3165 4105 3365 4184 (Dan.
3393 4123 3456 4178 Χ,
3514 4106 3617 4178 il,

228 4212 504 4287 officium
538 4209 687 4270 huic
717 4210 890 4292 operi
917 4208 1404 4291 praeponendum
1462 4212 1574 4267 est.
1634 4211 1705 4269 In
1763 4207 1861 4267 his
1971 4213 2095 4292 l9),
2157 4208 2541 4271 obsecrantis
2600 4212 2670 4266 ut
2725 4204 3110 4266 translatum
3169 4204 3236 4264 in
3321 4203 3618 4284 linguam

224 4308 436 4369 studiis
487 4313 835 4388 occupatus
895 4311 1114 4369 Romae
1177 4306 1271 4366 vir
1324 4312 1601 4378 sanctus,
1665 4304 1862 4365 oculis
1969 4308 2257 4370 Latinam
2327 4306 2404 4366 de
2450 4303 2709 4366 Hebrzo
2778 4322 3058 4364 sermone
3133 4299 3621 4363 Pentateuchum

224 4405 470 4486 insuper
527 4406 816 4467 Judmam
902 4404 1319 4483 contemplari
1374 4403 1575 4463 voluit
1627 4421 1640 4462 :
1703 4422 1862 4482 quo-
1972 4412 2329 4468 nostrorum
2388 4402 2651 4464 auribus
2709 4401 3042 4462 traderem.
3104 4403 3257 4461 Erat
3304 4400 3468 4461 forte
3516 4397 3619 4458 hic

228 4505 400 4565 modo
459 4505 630 4565 enim
690 4507 1052 4565 Graecorum
1084 4501 1380 4562 historias
1424 4501 1623 4579 magis
1682 4500 1863 4561 intel-
1977 4502 2353 4568 Desiderius
2383 4508 2637 4563 sanctus
2664 4500 2773 4561 ille
2805 4499 3132 4580 presbyter
3164 4498 3228 4558 in
3285 4495 3619 4567 Vasconia,

228 4600 418 4680 ligunt
477 4603 589 4681 qui
647 4602 929 4662 Athenas
1007 4600 1280 4661 viderint
1335 4615 1349 4670 ;
1407 4597 1496 4657 ita
1583 4604 1862 4658 sanctam
1898 4591 2085 4684 uni
2140 4621 2284 4663 cum
2344 4600 2599 4679 Ripario
2656 4605 2878 4659 auctor
2927 4597 3045 4658 fuit
3114 4595 3421 4657 luculenﬁ
3476 4612 3629 4673 ope-

229 4701 609 4778 Scripturam
665 4697 937 4759 lucidius
991 4697 1360 4767 intuebitur,
1414 4695 1523 4773 qui
1578 4696 1866 4757 Judznam
1977 4704 2062 4766 ris
2094 4703 2244 4764 editi
2276 4700 2355 4762 ab
2387 4700 2772 4779 Hieronymo
2812 4717 2927 4777 pro
2986 4697 3219 4758 sanctis
3275 4700 3623 4774 martyrum

230 4797 413 4857 oculis
470 4795 936 4875 contemplatus
992 4792 1238 4865 68LV81
1296 4792 1698 4871 antiquarum
1758 4811 1870 4852 ιπ-
1980 4799 2262 4880 reliquiis
2292 4798 2592 4860 adversus
2620 4795 3053 4875 Vigilantiam.
3112 4793 3428 4855 Auctores
3484 4795 3634 4851 sunt

227 4891 387 4953 binm
424 4894 784 4967 memorias,
819 4892 1252 4970 locorumque,
1291 4895 1353 4949 et
1404 4890 1623 4950 eadem
1684 4907 1871 4951 γοοδ.-
1986 4898 2178 4978 hujus
2263 4893 2760 4956 Dictatiunculaz
2844 4913 3007 4969 meae,
3057 4891 3267 4971 inquit
3317 4892 3628 4968 Hierony-

156 4990 390 5081 dbula,
451 4991 558 5050 vel
618 4995 862 5052 mutata
917 4991 1306 5068 cognoverit.
1366 4989 1542 5051 Unde
1600 4994 1664 5050 et
1731 4989 1873 5049 Hie-
1988 5016 2147 5065 mus,
2182 4993 2386 5054 sancti
2409 4991 2766 5075 presbyteri
2794 4988 3104 5073 Riparius
3136 4994 3196 5049 et
3221 4988 3626 5060 Desiderius,

229 5107 491 5167 ronymo
525 5106 693 5148 cura:
724 5088 843 5148 fuit
870 5106 1014 5148 cum
1072 5087 1513 5149 eruditissimis
1582 5086 1879 5147 Hebraeo-
1988 5089 2458 5175 quiparochias
2486 5109 2638 5149 suas
2668 5088 2902 5149 vicinia
2933 5088 3123 5148 istius
3169 5086 3456 5147 scribunt
3508 5102 3640 5142 esse

230 5204 358 5246 rum
420 5186 598 5246 hunc
669 5186 950 5246 laborem
1036 5185 1271 5259 subire,
1353 5192 1422 5247 ut
1479 5186 1883 5246 circumirent
1991 5189 2359 5268 maculatas,
2437 5187 2861 5267 miseruntque
2933 5184 3135 5246 libros
3206 5193 3326 5267 per
3362 5185 3639 5259 fratrem

232 5284 621 5361 provinciam
681 5302 873 5362 quam
935 5283 1238 5344 universm
1299 5283 1529 5345 Christi
1585 5284 1881 5345 Ecclesiae
1992 5287 2375 5365 Sisinnium,
2410 5292 2528 5346 ctc.
2564 5284 2702 5346 Nisi
2750 5283 2945 5346 alium
2992 5282 3402 5345 Desiderium
3452 5277 3642 5337 fuisse

231 5389 480 5442 sonant.
519 5386 613 5441 Ita
642 5381 779 5461 ipse
828 5382 1152 5460 conceptis
1180 5383 1389 5443 verbis
1444 5381 1526 5443 ad
1583 5382 1884 5443 Domnio-
1998 5386 2349 5457 credamus,
2413 5384 2748 5445 honestum
2809 5386 2873 5443 et
2927 5383 3327 5462 eloquentem
3412 5374 3643 5446 virum,

236 5497 372 5538 nem
463 5488 532 5539 et
616 5479 1034 5556 Rogatianum
1107 5480 1480 5558 prmfatione
1532 5479 1597 5539 in
1656 5480 1887 5539 librum
2000 5484 2103 5545 cui
2152 5487 2217 5543 S.
2277 5484 2508 5542 Doctor
2574 5478 2890 5541 scribebat
2963 5478 3291 5556 epistolam
3382 5476 3520 5545 154,
3581 5471 3643 5532 in

238 5576 791 5655 Paralipomenon,
826 5578 1057 5654 quibus
1087 5577 1235 5638 item
1296 5579 1515 5653 fassus,
1578 5586 1689 5653 est,
1730 5599 1889 5639 nun-
2003 5602 2129 5661 qua
2212 5580 2402 5640 etiam
2484 5583 2773 5658 apparet,
2866 5574 3173 5656 Opuscula
3278 5570 3649 5650 Hieronymi

237 5691 426 5751 quam
459 5690 529 5733 se
558 5675 621 5735 in
654 5674 881 5736 divinis
928 5674 1359 5737 voluminibus
1416 5677 1690 5757 propriis
1744 5678 1893 5739 viri-
2006 5680 2411 5742 vehementer
2440 5675 2749 5757 postulari
2778 5673 2857 5734 ab
2893 5691 2990 5746 eo,
3024 5671 3132 5752 qui
3188 5688 3333 5733 cum
3392 5668 3651 5731 Daniele

567 5817 831 5880 PA'I'BOL.
876 5816 1146 5880 XXVIII.
3272 5814 3307 5869 2
