4060 6190
451 298 532 358 43
1590 283 1940 346 'PATRUM
1983 281 2136 342 BEN
2145 283 2683 350 EDICTINORUM
3780 295 3862 352 44

450 427 817 490 vaticinium
874 424 1187 487 habuerit.
1246 420 1369 483 Sed
1398 419 1683 501 quisquis
1738 416 1929 478 fuerit
1978 416 2180 484 isteA
2212 417 2429 480 Libros
2487 441 2740 502 quoque
2790 424 3145 486 Salomonis
3198 443 3278 486 ex
3325 425 3634 487 Hebraica
3692 427 3859 487 veri-

449 526 856 598 Desiderius,
939 523 1047 602 qui
1107 519 1604 581 Pentateuchum
1687 515 1910 578 Latino
1971 532 2098 576 ser-
2214 522 2342 576 tate
2401 537 2757 595 conversos,
2833 523 3068 583 sanctis
3123 522 3439 602 episcopis
3489 524 3857 586 Chromatio

451 640 644 683 mone
726 619 1102 680 translatum
1185 634 1263 676 ex
1350 615 1616 675 Hebrmo
1703 610 2034 691 ﬂagitabat
2083 629 2097 685 ;
2211 620 2273 674 et
2319 616 2655 678 Heliodoro
2711 619 3070 680 dedicavit:
3132 639 3403 699 quorum
3461 622 3688 684 deinde
3740 642 3862 703 po-

451 726 692 781 certum
748 717 997 777 videtur
1053 720 1345 774 sanctum
1402 711 1616 784 fuisse,
1654 729 1769 772 nec
1800 709 2098 788 exiguum
2207 712 2653 775 stulationibus
2754 717 3181 796 acquiescens,
3297 718 3527 780 librum
3639 721 3858 781 Tobiae

445 818 512 878 in
571 815 848 877 Ecclesia
904 811 1144 873 meritis
1202 810 1547 872 hominem.
1604 807 1810 868 Finito
1868 806 2094 866 Penta-
2207 808 2506 872 Chaldaeo
2563 831 2853 875 sermone
2909 815 3210 893 scriptum
3273 817 3490 878 Latine
3542 816 3857 897 interpre-

445 913 697 985 teucho,
757 913 839 973 ad
889 915 1104 971 Jesum
1160 909 1360 969 filium
1446 911 1639 979 Nave,
1727 905 1792 966 id
1849 909 1964 977 est,
2015 903 2094 964 ad
2206 911 2374 967 tatus
2459 915 2572 970 est.
2661 910 2906 971 Mirari
2985 931 3108 970 non
3190 912 3432 990 desino,
3514 913 3652 992 ejus
3711 922 3861 976 sunt

442 1015 657 1090 Josue,
691 1017 753 1071 et
782 1010 862 1070 ad
906 1008 1203 1070 Judicum
1262 1006 1521 1077 librum,
1581 1004 1662 1064 ad
1718 1002 1886 1063 Ruth
1945 1021 2096 1080 quo-
2203 1006 2419 1077 verba,
2479 1009 2823 1068 exactionis
2880 1015 3092 1070 vestra
3150 1010 3578 1072 instantiam:
3643 1013 3860 1093 exigi-

445 1128 568 1190 que
626 1117 686 1168 et
742 1106 971 1168 Esther
1031 1123 1287 1164 manum
1334 1103 1537 1164 misit:
1573 1103 1722 1182 quia
1751 1099 1864 1161 hos
1895 1099 2095 1159 libros
2206 1102 2290 1162 tis
2319 1103 2481 1163 enim
2517 1111 2585 1165 ut
2613 1105 2847 1167 librum
2886 1106 3193 1169 Chaldaeo
3240 1128 3518 1169 sermone
3571 1111 3859 1170 conscri-

441 1203 788 1266 Eustochio
819 1202 1067 1282 virgini
1104 1200 1363 1262 Christi
1393 1220 1626 1280 negare
1682 1219 1811 1258 non
1854 1197 2090 1280 potuit.
2196 1206 2374 1281 ptum
2406 1202 2492 1262 ad
2518 1203 2810 1265 Latinum
2867 1205 3104 1276 stylum
3161 1205 3483 1267 traham...
3497 1207 3640 1284 ﬁci
3693 1209 3860 1269 satis

443 1303 658 1366 Latine
715 1320 822 1362 eos
879 1319 956 1361 ex
1012 1299 1277 1360 Hebraeo
1308 1297 1621 1358 convertit
1663 1302 1806 1376 post
1863 1300 2094 1356 sanctae
2204 1298 2521 1361 desiderio
2553 1308 2776 1376 vestro,
2808 1323 2931 1363 non
2975 1309 3178 1363 tamen
3235 1325 3363 1364 meo
3419 1305 3655 1366 studio.
3713 1306 3858 1368 Ar-

449 1401 661 1462 Paulae
746 1398 1213 1468 dormitionem,
1303 1395 1485 1474 cujus
1537 1400 1726 1456 antea
1808 1393 2099 1472 precibus
2203 1403 2414 1477 guunt
2440 1399 2601 1458 enim
2659 1421 2771 1460 nos
2829 1400 3232 1462 Hebraeorum
3262 1402 3502 1481 studia,
3562 1409 3623 1462 et
3651 1403 3857 1486 impu-

447 1497 774 1560 volumina
829 1503 1104 1575 quatuor
1159 1500 1406 1572 Regum
1461 1493 1526 1553 in
1612 1492 1901 1553 Latinum
1965 1509 2092 1550 ser-
2208 1500 2345 1553 tant
2423 1495 2605 1557 nobis
2681 1503 2898 1558 contra
2973 1519 3157 1558 suum
3229 1498 3550 1560 Canonem
3605 1500 3858 1562 Latinis

445 1615 698 1658 monem
782 1594 973 1655 fuisse
1053 1593 1540 1671 interpretatum
1593 1609 1721 1650 non
1796 1588 1950 1649 levis
2005 1592 2099 1649 est
2205 1592 2470 1653 auribus
2527 1594 2651 1654 ista
2712 1597 3080 1672 transferre.
3113 1596 3240 1657 Sed
3278 1597 3504 1657 melius
3559 1618 3691 1658 esse
3729 1601 3860 1678 ju-

444 1695 815 1774 conjectura
907 1692 970 1752 in
1057 1690 1180 1750 illis
1258 1688 1497 1750 ultimis
1595 1685 2096 1767 prmfatiunculae
2206 1690 2426 1751 dicans
2492 1691 2966 1754 Phariszorum
3042 1694 3378 1776 displicere
3446 1695 3727 1775 judicio,
3797 1705 3864 1758 at

441 1793 688 1851 verbis:
724 1789 854 1851 Sed
882 1795 940 1848 et
969 1808 1074 1848 vos
1086 1786 1380 1865 famulas
1420 1783 1678 1849 Christi
1719 1805 1902 1864 rogo,
1963 1803 2097 1864 qna:
2128 1790 2175 1856 Β
2207 1788 2629 1870 episcoporum
2646 1789 3060 1869 jussionibus
3117 1792 3453 1870 deservire,
3517 1793 3730 1854 institi
3786 1802 3858 1855 ut

443 1888 716 1950 Domini
743 1885 1193 1948 discumbentis
1216 1882 1680 1964 pretiosissima
1735 1881 1900 1953 ﬁdei
1928 1900 2100 1956 νη]νο
2200 1885 2406 1966 potui,
2467 1894 2584 1949 etc.
2641 1887 3050 1967 Sophronius,
3087 1889 3184 1950 vir
3211 1891 3498 1970 apprime
3546 1892 3853 1967 eruditus,

448 1986 701 2065 ungitis
758 1989 942 2065 caput
1001 1979 1267 2062 (Matth.
1328 1997 1502 2054 XXVI,
1768 1985 1838 2038 ut
1883 1983 2100 2038 contra

451 2084 758 2144 latrantes
813 2100 1018 2158 canes,
1078 2078 1190 2159 qui
1245 2077 1573 2138 adversum
1605 2097 1698 2136 me
1744 2075 1967 2136 rabido
1998 2095 2103 2136 ore

454 2181 871 2242 desaeviunt...
960 2176 1313 2238 orationum
1409 2180 1754 2234 vestrarum
1865 2173 2102 2255 clypeos

456 2279 806 2362 opponatis.
872 2275 1170 2338 Famulae
1224 2273 1476 2351 Christi,
1537 2293 1664 2334 non
1721 2273 1877 2334 alias
1946 2278 2101 2352 puto

453 2395 645 2456 quam
705 2375 970 2436 Paulam
1023 2379 1087 2434 et
1141 2371 1577 2443 Eustochium,
1610 2370 1931 2432 Bethleem
1991 2371 2100 2430 de-

450 2480 667 2553 gentes
751 2478 1002 2534 aetatem
1087 2488 1228 2530 cum
1288 2469 1694 2549 Hieronymo.
1771 2468 2100 2547 Paralipo-

452 2591 658 2646 mena,
747 2576 999 2650 petente
1057 2567 1451 2628 sanctissimo
1530 2567 1826 2646 episcopo
1901 2565 2100 2627 Chro-

453 2670 674 2742 matio,
729 2669 810 2730 ad
868 2669 1102 2729 fontem
1163 2666 1497 2726 Hebrmum
1556 2664 1792 2724 Latinis
1864 2682 2099 2724 sermo-

448 2768 635 2828 nibus
719 2765 1031 2846 expressit
1099 2782 1113 2824 :
1198 2761 1274 2822 Si
1367 2761 1807 2844 Septuaginta,
1895 2761 2102 2840 inquit

455 2868 871 2946 Interpretum
921 2871 1110 2943 pura,
1169 2865 1228 2919 et
1282 2865 1352 2919 ut
1406 2858 1482 2918 ab
1538 2859 1627 2919 eis
1673 2859 1739 2918 in
1806 2857 2096 2919 Graecum

456 2983 633 3022 versa
690 2967 803 3039 est,
871 2960 1066 3020 editio
1135 2963 1552 3039 permaneret,
1613 2956 1923 3038 super/lue
1979 2977 2093 3033 me,

454 3058 818 3137 Chromati,

2208 1982 2373 2043 inter
2427 2001 2534 2045 eos
2592 1986 2783 2046 etiam
2842 1987 3271 2048 numerandus
3317 1988 3510 2062 venit,
3543 1989 3652 2068 qui
3704 1990 3851 2051 Hie-

2208 2099 2546 2162 ronymum
2591 2082 2816 2144 litteris
2868 2083 3281 2163 impellebant
3340 2085 3422 2146 ad
3493 2085 3864 2166 hujusmodi

2209 2177 2654 2240 translationes
2704 2181 2979 2242 Latinas.
3040 2181 3220 2244 Unde
3276 2183 3356 2242 ad
3413 2185 3707 2245 eumdem
3749 2185 3867 2247 So-

2210 2274 2551 2353 phronium
2582 2278 2660 2338 de
2689 2279 3021 2340 occasione
3076 2280 3381 2340 versionis
3436 2281 3724 2342 Psalterii
3779 2301 3863 2344 ex

2212 2373 2475 2435 Hebraeo
2505 2374 2808 2448 scribens,
2860 2376 2999 2437 haec
3055 2376 3120 2437 in
3175 2377 3547 2456 praefatione
3603 2381 3865 2441 commi-

2209 2471 2472 2532 niscitur
2521 2492 2536 2532 :
2618 2471 2793 2550 Quia
2869 2473 3079 2554 igitur
3149 2483 3344 2556 nuper
3397 2496 3534 2536 cum
3589 2475 3860 2539 Hebraeo

2207 2568 2566 2650 disputans,
2625 2571 2907 2650 quaedam
2931 2579 3059 2653 pro
3090 2571 3368 2633 Domino
3396 2573 3723 2634 Salvatore
3779 2577 3859 2636 de

2206 2665 2491 2726 Psalmis
2523 2668 2879 2728 testimonia
2893 2669 3239 2750 protulisti
3261 2691 3278 2730 :
3309 2669 3638 2752 volensque
3670 2671 3782 2732 ille
3802 2679 3864 2732 te

2207 2764 2501 2844 illudere,
2526 2773 2640 2846 per
2669 2787 2978 2827 sermones
2998 2775 3156 2848 pene
3192 2767 3492 2848 singulos
3543 2769 3864 2830 asserebat

2207 2884 2328 2924 non
2361 2865 2450 2924 ita
2497 2863 2715 2926 haberi
2768 2865 2835 2924 in
2890 2864 3182 2944 Hebraeo,
3218 2872 3288 2926 ut
3344 2873 3410 2926 tu
3468 2867 3545 2927 de
3590 2867 3861 2950 Septua-

2202 2963 2390 3042 ginta
2442 2961 2897 3044 Interpretibus
2954 2962 3320 3045 opponebas,
3380 2965 3858 3027 studiosissime

917 3057 1339 3138 episcoporum
1439 3055 1834 3114 sanctissime
1915 3059 2097 3134 atque
2197 3057 2566 3140 postulasti,
2599 3065 2667 3118 ut
2680 3065 2834 3140 post
2877 3059 3212 3140 Aquilam,
3272 3067 3331 3120 et
3385 3061 3851 3144 Symmachum,

443 3156 828 3229 doctissime,
891 3153 1262 3236 impelleres,
1321 3158 1390 3212 ut
1443 3151 1712 3213 Hebraea
1777 3151 2093 3212 volumina
2124 3154 2168 3223 C
2204 3160 2264 3214 et
2347 3154 2845 3237 Theodotionem,
2920 3177 3137 3218 novam
3219 3159 3554 3220 editionem
3627 3160 3858 3222 Latino

440 3255 666 3316 Latino
771 3272 1052 3314 sermone
1162 3257 1594 3329 transferrem.
1712 3250 2092 3330 Impellebat

438 3371 588 3432 ergo
649 3351 1085 3414 sanctissimus
1143 3356 1338 3430 atque
1396 3348 1795 3411 doctissimus
1853 3349 2092 3428 episco-

440 3470 560 3532 pus
590 3452 1070 3530 Hieronymum,
1126 3453 1196 3509 ut
1253 3446 1501 3508 omissis
1559 3446 1909 3508 rivulorum
1967 3453 2093 3508 tra-

441 3549 718 3625 mitibus,
813 3567 888 3610 ει
971 3548 1111 3626 ipsa
1167 3546 1431 3607 veritate
1517 3544 1824 3607 Hebraica
1899 3545 2093 3607 libros

438 3666 654 3708 sacros
686 3646 923 3708 Latinis
963 3643 1330 3706 hominibus
1389 3645 1687 3705 traderet.
1747 3647 1870 3704 Pro
1928 3643 2091 3705 libro

434 3748 607 3807 Ezrm
668 3750 730 3806 et
787 3742 1119 3806 Nehemiae
1180 3741 1469 3802 similiter
1525 3741 1851 3814 vertendo,
1907 3743 2093 3802 Dom-

434 3845 687 3906 nionem
747 3849 811 3904 et
869 3840 1292 3920 Rogatianum
1348 3839 1732 3918 Hieronymo
1790 3838 2088 3899 institisse

435 3943 710 4022 probant
766 3939 958 4001 verba
1016 3938 1175 4012 haec,
1240 3955 1380 4016 quae
1441 3936 1505 3996 in
1580 3935 1952 4015 praefatione
2008 3935 2090 3997 le-

437 4047 731 4119 guntur:
806 4037 1051 4098 Tertius
1136 4056 1341 4095 annus
1407 4039 1522 4113 est,
1607 4033 1774 4113 quod
1855 4041 2090 4116 semper

435 4137 721 4197 scribitis
750 4143 932 4217 atque
960 4133 1338 4211 rescribitis,
1373 4138 1443 4192 ut
1489 4130 1670 4212 Erras
1723 4130 1958 4192 librum
2012 4131 2089 4191 de

433 4234 701 4295 Hebrao
781 4235 1160 4310 transferam
1238 4253 1256 4290 :
1342 4230 1528 4312 quasi
1607 4250 1728 4289 non
1810 4229 2088 4289 habeatis

441 4331 668 4394 Graeca
698 4337 756 4391 et
783 4330 1017 4391 Latina
1049 4328 1367 4389 volumina
1395 4350 1406 4388 :
1443 4333 1552 4388 aut
1582 4328 1898 4408 quidquid
1918 4327 2088 4388 illud

439 4437 552 4507 est,
610 4430 779 4511 quod
833 4449 870 4488 a
927 4425 1106 4488 nobis
1163 4426 1455 4502 vertitur,
1536 4446 1658 4485 non
1715 4427 1931 4487 statim
2010 4425 2086 4486 ab

2199 3274 2478 3313 sermone
2526 3257 2955 3331 transferrem.
3016 3255 3256 3316 Aiebas
3312 3257 3475 3316 enim
3525 3276 3581 3316 te
3638 3260 3855 3340 magis

2201 3350 2607 3433 interpretum
2666 3351 2964 3410 varietate
3023 3351 3293 3432 turbari,
3354 3357 3414 3411 et
3467 3373 3675 3413 amore
3731 3375 3858 3435 quo

2200 3448 2456 3528 laberis,
2492 3449 2588 3510 vel
2615 3449 3055 3527 translatione,
3089 3449 3185 3510 vel
3223 3449 3483 3530 judicio
3537 3472 3666 3512 meo
3723 3473 3862 3513 esse

2198 3552 2573 3608 contentum.
2629 3545 2810 3609 Unde
2866 3547 3177 3629 impulsus
3232 3569 3269 3606 a
3326 3553 3405 3624 te,
3465 3547 3572 3608 cui
3627 3555 3686 3608 et
3714 3570 3861 3630 quae

2198 3653 2448 3726 possum
2502 3665 2734 3726 negare
2781 3665 2904 3705 non
2953 3653 3235 3727 possum,
3279 3665 3534 3705 rursum
3594 3665 3688 3705 me
3744 3646 3861 3707 ob-

2199 3747 2600 3803 trectatorum
2659 3741 3002 3802 latratibus
3056 3742 3358 3803 tradidi:
3419 3742 3737 3824 maluique
3794 3749 3859 3804 te

2199 3840 2363 3899 vires
2447 3860 2634 3918 meas,
2722 3860 2906 3920 quam
2991 3839 3368 3901 voluntatem
3442 3841 3509 3901 in
3565 3841 3856 3902 amicitia

2197 3957 2489 4018 quaerere.
2560 3935 2749 3998 Certe
2794 3937 3187 4015 conﬁdenter
3214 3937 3446 4010 dicam,
3504 3943 3562 3998 et
3616 3938 3856 3999 multos

2197 4034 2393 4115 hujus
2449 4036 2653 4116 operis
2713 4040 2896 4095 testes
2925 4034 3152 4115 citabo,
3187 4054 3280 4094 me
3310 4033 3481 4095 nihil
3535 4036 3854 4096 duntaxat

2195 4133 2485 4193 scientem
2581 4133 2658 4193 de
2757 4131 3079 4193 Hebraica
3195 4133 3454 4193 veritate
3548 4140 3848 4195 mutasse.

2195 4231 2436 4292 Invitus
2465 4231 2738 4310 denique
2793 4236 2858 4292 et
2911 4236 3169 4294 coactus
3224 4233 3441 4293 Paulae
3491 4233 3712 4293 matris
3767 4251 3846 4294 ac

2195 4329 2522 4392 Eustochii
2578 4330 2840 4410 virginis
2909 4329 3293 4410 quotidianis
3376 4329 3841 4405 exactionibus,

2196 4428 2651 4508 prophetarum
2711 4436 2842 4489 tam
2899 4427 3239 4505 majorum,
3291 4444 3482 4505 quam
3524 4427 3844 4488 minorum

432 4528 720 4590 omnibus
750 4525 1215 4609 conspuendum
1271 4524 1382 4585 sit.
1447 4526 1628 4586 Certe
1682 4524 1747 4584 in
1807 4525 2516 4593 EcclesiaDvolumina
2602 4525 2930 4605 latinitate,
2998 4523 3258 4584 donavit
3307 4539 3321 4581 :
3382 4522 3448 4582 id
3507 4522 3670 4583 enim
3739 4541 3856 4583 ex-

431 4627 662 4690 Christi
719 4645 844 4686 non
901 4625 1020 4685 fuit
1076 4631 1226 4684 tunc
1256 4622 1559 4702 temporis
1585 4621 1681 4681 vir
1730 4623 2078 4682 Domnione
2189 4641 2404 4701 presse
2461 4621 2871 4699 conqueritur
2929 4620 3307 4700 praefatione
3365 4619 3430 4679 in
3475 4619 3848 4697 Jeremiam,

433 4725 810 4787 celebratior
861 4722 1092 4784 illustri
1157 4719 1508 4782 sanctitatis
1559 4718 1770 4794 laude,
1859 4724 1929 4778 ut
1983 4725 2074 4778 te-
2187 4736 2378 4797 quam
2438 4717 2536 4778 his
2611 4717 2817 4778 verbis
2917 4717 3239 4778 definitam
3325 4735 3458 4778 esse
3563 4717 3767 4780 voluit
3831 4737 3848 4780 :

432 4829 596 4884 stata
652 4841 750 4883 res
805 4827 898 4883 est
953 4818 1240 4900 pluribus
1325 4817 1606 4898 epistolis
1688 4816 2073 4896 Hieronymi,
2184 4819 2317 4876 Pro
2350 4814 2451 4876 his
2482 4813 2768 4876 omnibus
2801 4814 3133 4876 maledicta
3163 4813 3240 4875 ab
3293 4815 3538 4875 aemulis
3567 4822 3848 4897 praesto-

431 4919 791 4998 Augustini,
851 4937 924 4979 ac
982 4916 1256 4988 Paulini,
1315 4933 1430 4976 nec
1495 4933 1622 4976 non
1708 4913 1936 4987 Ruﬁni,
2015 4920 2078 4975 et
2184 4914 2410 4993 lantes,
2496 4913 2723 4994 quibus
2798 4935 2890 4992 me
2963 4933 3203 4973 necesse
3251 4918 3344 4973 est
3383 4922 3506 4995 per
3561 4914 3843 4995 singula

429 5018 702 5081 Palladii
776 5015 1050 5095 scriptis.
1129 5013 1518 5094 Rogatianus
1596 5017 1810 5073 autem
1883 5013 2077 5074 frater
2184 5011 2493 5094 opuscula
2526 5011 2915 5094 respondere.
2949 5011 3036 5072 Et
3066 5010 3180 5071 hoc
3225 5011 3465 5092 patior,
3525 5013 3676 5093 quia
3733 5032 3845 5072 vos

429 5116 705 5177 creditur
758 5113 1040 5194 ejusdem
1099 5111 1471 5174 sanctissimi
1526 5110 1728 5172 Patris
1813 5115 1874 5171 et
1930 5128 2072 5189 pre-
2182 5111 2445 5191 cogitis.
2483 5109 2798 5171 Caeterum
2830 5109 2915 5169 ad
2958 5109 3386 5191 compendium
3447 5109 3844 5170 malirectius

427 5213 663 5294 sbyteri
744 5211 1134 5285 Domnionis,
1222 5210 1333 5288 qui
1400 5209 1764 5270 veneranda
1845 5208 2072 5271 canitie
2161 5211 2392 5288 fuerat
2474 5207 2726 5269 modum
2792 5207 3022 5285 furori
3103 5227 3314 5267 eorum
3393 5207 3649 5267 silentio
3711 5227 3844 5266 meo

423 5310 790 5372 Christianis
844 5308 1138 5369 omnibus
1195 5327 1441 5368 summo
1500 5307 1564 5366 in
1615 5307 1852 5368 honore
1911 5315 2066 5381 erat,
2181 5315 2426 5387 ponere,
2487 5326 2669 5387 quam
2729 5305 3010 5386 quotidie
3068 5305 3212 5366 novi
3267 5303 3522 5384 aliquid
3569 5303 3836 5383 scripti-

422 5416 613 5488 atque
671 5406 1120 5488 hospitalitatis
1175 5405 1384 5466 ofﬁcio
1445 5409 1563 5466 Lot
1618 5404 1710 5464 sui
1768 5405 2072 5484 temporis
2181 5410 2436 5477 tantem,
2490 5404 2848 5464 invidorum
2907 5404 3221 5463 insaniam
3271 5410 3636 5482 provocare.
3699 5401 3838 5460 Huc

421 5507 728 5586 appellari
788 5504 1038 5566 meruit.
1097 5503 1284 5566 Tales
1348 5502 1572 5563 habuit
1646 5502 2069 5582 Hieronymus
2179 5501 2470 5582 usquede
2501 5501 2690 5563 tantis
2737 5519 2810 5563 ac
2865 5501 3097 5563 talibus
3152 5496 3548 5561 exactoribus
3606 5496 3834 5559 Hiero-

419 5605 775 5668 hortatores
823 5601 1308 5666 translationum
1356 5618 1613 5663 suarum
1672 5619 1751 5662 ex
1780 5600 2064 5663 Hebraeo.
2176 5600 2622 5682 nymianarum
2681 5599 3040 5665 versionum
3123 5595 3352 5660 dixisse
3405 5594 3707 5673 sufﬁciat,
3763 5601 3836 5660 ut
