4060 6190
227 336 294 395 45
1596 332 1830 394 PROLl

2009 329 2212 392 lENA.
3532 336 3612 394 46

226 474 413 530 ratum
466 466 544 529 sit
571 465 866 528 omnibus
921 483 1233 528 summam
1291 466 1358 527 in
1413 464 1695 527 Ecclesia
1737 464 1850 527 Dei
1876 463 1932 532 A
1960 471 2288 544 gnatorem
2321 484 2575 547 quoque
2606 466 2833 529 habuit
2883 465 3243 529 Palladium
3303 465 3612 547 Hierony-

224 567 393 627 fuisse
474 582 722 645 semper
776 565 1218 627 auctoritatem
1286 563 1678 626 voluminum
1729 565 1848 624 He-
1960 582 2101 625 mus
2154 584 2170 641 ;
2244 583 2391 625 nam
2480 565 2670 644 hujus
2750 566 2886 645 ipse
2934 564 3223 626 meminit
3302 565 3612 644 prommio

223 664 556 726 braicorum
611 662 840 724 veteris
896 662 1330 741 Instrumenti,
1389 663 1561 742 quod
1626 662 1846 723 Latine
1957 660 2366 741 Dialogorum
2444 662 2745 723 adversus
2825 662 3226 739 Pelagianos,
3312 661 3527 723 dicens
3586 679 3601 722 :

222 761 513 823 redditum
546 760 836 822 Ecclesiis
892 760 1257 822 dedicatum
1287 766 1403 835 est,
1465 766 1845 841 procurante
1953 758 2322 840 Palladius,
2356 760 2611 822 servilis
2638 759 2951 841 nequitia,
2989 759 3261 820 eamdem
3319 757 3602 820 haresim

222 859 571 921 ancillarum
648 858 903 932 Christi,
979 859 1252 920 virorum
1337 859 1690 933 doctorum,
1770 878 1845 922 ac
1953 856 2312 918 instaurare
2341 864 2600 919 conatus
2629 878 2716 937 es,
2775 863 2834 917 et
2887 877 3103 916 novam
3157 856 3601 918 translationis

222 957 738 1019 sanctissimornm
762 957 1206 1038 episcoporum
1239 957 1512 1037 agmine.
1950 954 2281 1016 Hebraica
2311 954 2471 1016 mihi
2499 955 2880 1017 calumniam
2911 960 3171 1033 struere,
3232 960 3354 1016 etc.
3414 959 3465 1016 Ο
3519 956 3603 1015 fe-

286 1057 419 1118 Jam
473 1055 647 1135 quod
725 1061 1195 1135 oppugnatores
1236 1056 1601 1118 earumdem
1635 1060 1839 1119 trans-
1948 1055 2101 1117 lices
2155 1059 2217 1117 S.
2278 1056 2564 1117 Doctoris
2614 1056 2885 1128 labores,
2949 1054 3058 1133 qui
3088 1072 3415 1135 nunquam
3464 1055 3600 1116 ha-

221 1152 500 1216 lationum
559 1158 826 1234 spectat,
910 1153 965 1213 si
1043 1153 1470 1231 Augustinum
1538 1154 1836 1234 excipias,
1950 1153 2159 1215 reticis
2216 1172 2504 1234 parcens,
2564 1153 2739 1216 omni
2789 1152 2919 1232 egit
2978 1151 3212 1223 studio,
3271 1156 3342 1212 ut
3392 1152 3602 1214 hostes

221 1269 383 1311 nemo
434 1268 657 1312 eorum
712 1251 825 1330 qui
904 1268 1055 1324 non,
1139 1249 1502 1312 stimulante
1574 1250 1835 1325 invidia,
1950 1251 2270 1326 Ecclesia,
2302 1251 2439 1331 ejus
2468 1270 2721 1331 quoque
2777 1250 2991 1312 hostes
3039 1249 3312 1311 ﬁerent!
3373 1252 3598 1329 Neque

220 1355 477 1411 sanctum
509 1367 675 1429 opus
702 1367 927 1429 capere
982 1353 1045 1409 et
1097 1348 1485 1428 Hieronymo
1544 1348 1837 1410 detrahe-
1948 1367 2097 1411 vero
2154 1356 2250 1411 tot
2294 1350 2643 1412 calumnias
2726 1348 3161 1426 excogitarent
3232 1347 3602 1426 Origenistm

218 1465 273 1507 re
321 1446 648 1510 studuerit.
708 1446 858 1508 Ideo
916 1445 1289 1526 praefatione
1343 1446 1409 1507 in
1463 1446 1684 1507 Ezram
1760 1446 1840 1509 de
1947 1450 2028 1512 ad
2059 1451 2319 1512 exitium
2368 1450 2570 1512 sancti
2598 1449 2740 1525 viri,
2796 1449 2914 1510 nisi
2963 1449 3138 1529 prius
3192 1448 3450 1510 illorum
3503 1468 3597 1511 er-

218 1545 326 1606 suis
351 1545 592 1607 amulis
620 1545 869 1607 aiebat:
902 1543 1235 1605 Accedunt
1282 1543 1368 1603 ad
1418 1541 1533 1607 hoc
1587 1542 1835 1603 invido-
1945 1566 2121 1610 rores
2173 1548 2425 1628 publice
2480 1546 2929 1627 redarguisset,
3014 1545 3392 1626 scriptisque
3468 1547 3598 1610 fre-

217 1663 334 1704 rum
361 1644 602 1724 studia,
634 1643 747 1725 qui
788 1662 964 1703 omne
1016 1641 1186 1723 quod
1240 1638 1578 1702 scribimus
1632 1648 1837 1722 repre-
1943 1645 2136 1724 gisset
2162 1645 2444 1724 ipsorum
2479 1645 2861 1724 superbiam.
2921 1646 3005 1705 At
3055 1642 3202 1704 licet
3255 1643 3461 1724 hydra
3513 1644 3597 1706 si-

217 1738 585 1801 bendendum
652 1743 884 1821 putant
908 1756 934 1811 ;
989 1744 1049 1798 et
1102 1737 1420 1798 interdum
1475 1742 1690 1797 contra
1743 1758 1820 1817 se,

1988 1744 2190 1823 ilaret,
2248 1744 2577 1824 victorque
2637 1743 2834 1804 Sinon
2887 1741 3179 1804 incendia
3264 1741 3585 1822 jactaret:

214 1837 567 1897 conscientia
598 1840 1007 1919 repugnante,
1046 1833 1300 1916 publice
1338 1833 1622 1896 lacerant
1666 1835 1836 1915 quod
1865 1836 1912 1903 Β
1942 1841 2144 1920 magis
2216 1846 2581 1902 sanctorum
2639 1840 2921 1902 virorum
2981 1838 3290 1901 cbaritate
3366 1858 3592 1919 provo-

213 1933 419 1995 occulte
446 1934 713 2015 legunt:
747 1934 814 1993 in
871 1938 1113 1993 tantum
1160 1938 1231 1993 ut
1277 1930 1551 1993 clamare
1577 1932 1837 2014 compel-
1942 1937 2208 1999 cabatur
2264 1938 2344 1999 ad
2401 1938 2704 2012 studium,
2768 1955 2960 2018 quam
3006 1936 3393 2000 invidorum
3478 1938 3590 2000 de—

210 2030 313 2111 lar,
342 2037 398 2092 et
413 2032 625 2093 dicere
653 2029 857 2103 (Psal.
892 2047 1053 2103 CXIX,
1085 2030 1179 2109 2.)
1211 2050 1228 2089 :
1279 2027 1575 2108 Domine,
1632 2028 1813 2090 libere

1986 2035 2251 2098 ractioue
2291 2041 2355 2098 et
2410 2035 2556 2097 odio
2615 2035 3059 2097 deterreretur.
3123 2035 3324 2096 Tanto
3377 2040 3589 2098 autem

207 2131 450 2192 animam
482 2150 682 2192 meam
713 2151 749 2190 a
779 2129 973 2190 labiis
1004 2128 1245 2209 iniquis
1275 2134 1335 2188 et
1361 2148 1399 2187 a
1428 2127 1659 2208 lingua
1713 2128 1833 2189 do-
1942 2132 2140 2195 livore
2197 2133 2659 2213 torquebantur
2742 2139 3002 2213 propter
3114 2131 3593 2196 translationem

208 2226 342 2288 losa.
398 2229 567 2291 Nibil
624 2233 721 2290 est
776 2226 947 2307 quod
1005 2226 1396 2287 manifestius
1470 2225 1828 2287 invidorum
1940 2231 2339 2304 Hebraicam,
2391 2236 2526 2292 tum
2583 2230 2815 2305 Judaei,
2873 2237 3007 2291 tum
3063 2230 3356 2292 malevoli
3410 2231 3596 2293 Chri-

201 2324 423 2388 illorum
470 2325 793 2388 vesaniam
855 2323 1227 2404 prodiderit,
1303 2341 1495 2402 quam
1556 2340 1631 2383 ea
1687 2342 1829 2402 qua
1941 2328 2152 2403 stiani,
2213 2335 2285 2390 ut
2342 2328 2795 2408 Hieronymum
2845 2328 2923 2390 de
2981 2328 3189 2389 medio
3242 2327 3462 2391 tollere
3490 2348 3597 2390 vo-

203 2425 468 2506 leguntur
523 2427 608 2488 ad
668 2426 857 2487 ﬁnem
944 2423 1090 2485 libri
1169 2422 1429 2485 secundi
1501 2422 1829 2502 Apologia
1941 2427 2227 2489 luissent.
2264 2428 2422 2489 Hinc
2471 2427 2645 2489 Beda
2705 2427 2769 2487 in
2819 2445 2933 2488 sua
2990 2426 3259 2507 epistola
3287 2426 3596 2509 apologe-

202 2524 471 2587 adversus
500 2523 828 2598 Rufinum,
865 2521 975 2585 ubi
1023 2522 1102 2582 de
1138 2520 1467 2600 supposita
1521 2520 1826 2599 Hierony-
1939 2525 2066 2587 tica
2095 2526 2407 2605 ejusmodi
2454 2525 2708 2587 invidiae
2750 2525 3139 2598 recordatus,
3190 2525 3325 2587 ait:
3384 2524 3585 2607 Quip-

202 2639 288 2681 mo
314 2622 571 2701 epistola
604 2620 857 2682 abunde
912 2620 1066 2680 satis
1096 2618 1528 2698 'disputatur:
1588 2615 1828 2677 Scribit
1925 2634 2005 2708 pe
2058 2627 2170 2708 qui
2225 2627 2291 2686 in
2349 2632 2474 2686 tam
2534 2626 2885 2686 necessaria
2940 2626 3172 2688 divinae
3224 2625 3571 2709 Scriptura»

201 2724 377 2784 frater
427 2717 768 2797 Εαςεόίιις,
856 2716 1070 2797 Inquit
1135 2719 1199 2777 S-
1290 2714 1728 2794 Hieronymus,
1761 2735 1827 2775 $6
1933 2724 2370 2801 translatione,
2390 2731 2615 2805 penea
2646 2723 2894 2782 Latinis
2942 2723 3140 2783 simul
3183 2728 3243 2782 et
3285 2722 3581 2783 Hebrais

203 2816 347 2898 apud
370 2817 573 2895 Afros
603 2815 942 2898 episcopos;
972 2814 1086 2895 qui
1123 2818 1387 2896 propter
1438 2812 1824 2873 ιεσῖεςὶαδίί-
1930 2825 2024 2881 est
2051 2820 2372 2903 lapidibus
2402 2829 2749 2903 oppressus.
2810 2818 2916 2881 Ab
2971 2819 3262 2881 Hebrais
3309 2821 3583 2902 quidem,

206 2932 297 2973 cas
344 2934 565 2974 causas
623 2913 711 2974 ad
762 2913 1122 2973 comitatum
1192 2915 1506 2990 venerant,
1592 2910 1823 2992 episto-
1930 2918 2100 2999 quod
2152 2919 2243 2979 eis
2304 2917 2627 2979 irridendi
2702 2915 3123 2991 Cbristianos,
3208 2923 3268 2976 et
3346 2917 3589 2979 calum-

201 3009 308 3071 lam
327 3012 505 3093 quasi
535 3031 667 3072 meo
721 3010 1020 3093 scriptam
1076 3009 1323 3070 nomine
1377 3007 1720 3090 reperisse:
1754 3009 1820 3069 in
1931 3014 2158 3076 niandi
2188 3024 2308 3097 pro
2363 3013 2685 3076 codicibus
2742 3014 3058 3075 mendosis
3114 3014 3356 3075 occasio
3396 3017 3579 3091 foret

199 3129 303 3189 qua
328 3131 574 3192 agerem
616 3110 1076 3192 penitentiam,
1134 3114 1194 3168 et
1249 3129 1341 3169 me
1395 3106 1472 3168 ab
1529 3106 1821 3169 Hebraeis
1930 3113 2142 3175 ablata
2175 3134 2192 3173 :
2224 3113 2539 3174 aLatinis
2568 3112 2985 3193 autem,quod
3013 3112 3103 3172 eis
3151 3132 3306 3172 nova
3360 3118 3419 3172 et
3476 3112 3581 3172 in-

200 3206 258 3266 in
325 3207 807 3269 adolescentiam
863 3206 1191 3267 inductum
1246 3225 1378 3266 esse
1406 3210 1476 3265 ut
1531 3211 1822 3284 testarer,
1855 3202 1899 3271 C
1933 3211 2147 3290 solita,
2179 3211 2430 3271 tametsi
2459 3210 2743 3284 meliora,
2774 3219 2897 3293 pro
2957 3209 3263 3271 veteribus
3324 3211 3579 3291 ingere-

197 3311 254 3363 ιιι
278 3304 534 3367 Hebraea
564 3304 886 3367 volumina
917 3304 985 3365 in
1024 3303 1318 3365 Latinum
1376 3308 1691 3383 verterem,
1753 3303 1818 3364 in
1936 3315 2156 3370 rentur
2211 3314 2269 3369 et
2321 3308 2557 3371 solitis.
2617 3308 2856 3378 Quibus
2914 3313 3265 3370 consonant
3294 3307 3415 3368 ista
3443 3327 3586 3387 quae

195 3402 398 3482 quibus
426 3403 609 3464 nulla
639 3403 728 3463 sit
755 3402 1008 3464 veritas.
1051 3400 1245 3480 Quod
1281 3401 1546 3462 audiens
1603 3400 1819 3462 obstu-
1928 3408 2226 3487 leguntur
2264 3408 2435 3487 apud
2490 3408 2697 3486 ipsum
2756 3407 3212 3486 Hieronymum
3270 3406 3585 3485 praelatio-

195 3503 356 3567 bui...
419 3502 553 3581 Qui
611 3501 729 3564 hoc
780 3522 973 3563 ausus
1028 3507 1123 3562 est
1174 3504 1400 3581 facere,
1450 3501 1609 3582 quid
1636 3500 1820 3562 aliud
1928 3524 2006 3567 ne
2054 3506 2116 3565 in
2176 3504 2402 3566 librum
2462 3508 2654 3565 Josue
2701 3520 2716 3563 :
2814 3502 2973 3581 Qua
3049 3503 3211 3563 enim
3260 3503 3583 3564 audientis

198 3619 304 3661 non
353 3599 639 3661 audeat?
694 3599 865 3661 Bene
919 3599 1087 3680 quod
1143 3598 1393 3659 malitia
1448 3619 1570 3658 non
1631 3597 1821 3659 habet
1927 3602 2023 3663 vel
2051 3602 2323 3683 legentis
2353 3601 2605 3661 utilitas
2633 3606 2746 3672 est,
2791 3621 2900 3661 nos
2947 3600 3293 3661 laborando
3346 3601 3581 3662 sudare

199 3700 386 3760 tantas
440 3698 627 3772 vires,
687 3701 954 3779 quantos
1009 3701 1289 3757 conatus.
1351 3695 1642 3756 Perierat
1714 3695 1819 3755 in-
1925 3706 1984 3760 et
2011 3700 2175 3761 alios
2200 3699 2583 3759 detrahendo
2630 3697 2972 3773 laborare;
3031 3698 3244 3759 dolere
3285 3697 3566 3777 Judaos,

199 3797 480 3873 nocentia,
512 3798 575 3857 si
605 3804 842 3878 semper
883 3795 1175 3877 nequitia
1215 3794 1448 3874 juncta
1494 3800 1653 3855 esset
1697 3802 1818 3876 po-
1925 3798 2093 3879 quod
2118 3796 2555 3858 calumniandi
2581 3796 2672 3857 eis
2701 3801 2760 3856 et
2802 3795 3123 3856 irridendi
3159 3794 3575 3857 Christianos

198 3894 420 3972 tentia;
473 3900 533 3957 et
585 3898 783 3957 totum
841 3892 1158 3974 quidquid
1223 3893 1396 3974 cupit
1473 3892 1813 3974 calumnia,
1928 3896 2017 3956 sit
2071 3894 2281 3956 ablata
2335 3894 2576 3955 occasio
2629 3915 2645 3972 ;
2704 3900 2762 3954 et
2815 3893 3113 3955 Ecclesia
3168 3892 3448 3954 homines
3507 3892 3578 3953 id

192 3991 551 4070 pravaleret.
610 3993 687 4055 Et
740 3991 970 4052 iterum
1023 4011 1041 4051 :
1102 3989 1353 4071 Ecquid
1435 3990 1502 4050 in
1576 3989 1823 4051 homine
1930 3992 2261 4074 despicere,
2350 3991 2472 4052 imo
2554 3990 2854 4069 lacerare,
2969 3990 3134 4050 unde
3224 3987 3582 4051 adversarii

193 4091 381 4148 tutum
410 4090 514 4169 sit,
545 4090 606 4150 si
651 4088 1005 4151 innocentia
1058 4088 1401 4149 criminosa
1455 4087 1600 4148 est?
1643 4087 1823 4149 Dor-
1932 4089 2397 4171 torqueantur?

193 4188 405 4248 miente
441 4178 939 4271 patrefamilias,
1002 4188 1299 4249 inimicus
1356 4186 1535 4249 homo
1570 4188 1824 4269 {ironia
2013 4190 2268 4252 Diverso
2299 4206 2556 4268 prorsus
2588 4186 2911 4249 ferebatur
2942 4186 3151 4248 studio
3181 4189 3246 4247 S.
3278 4185 3583 4265 Augusti-

194 4286 712 4366 superseminavit.
774 4285 1066 4367 (Matth,
1125 4303 1261 4362 xm,
1320 4286 1450 4367 25.)
1505 4283 1825 4345 Extermi-
1934 4305 2074 4360 nus,
2107 4304 2252 4347 cum
2292 4285 2372 4347 ab
2424 4284 2948 4364 interpretatione
3006 4284 3418 4346 Hebraeorum
3476 4301 3585 4343 vo-

195 4383 353 4443 navit
378 4385 613 4445 vineam
644 4392 792 4466 aper
818 4384 896 4445 de
924 4382 1109 4457 silva,
1143 4388 1203 4442 et
1230 4381 1596 4464 singularis
1651 4386 1826 4451 ferus
1933 4382 2242 4445 luminum
2328 4381 2672 4462 aliquando
2720 4381 3171 4461 Hieronymum
3256 4378 3585 4452 deterruit,

195 4479 466 4562 depastus
519 4487 613 4542 est
669 4501 801 4542 eam
880 4481 1091 4561 (Psal.
1174 4497 1384 4542 LXXXI.
1474 4481 1599 4562 14).
1682 4479 1827 4560 Ego
1936 4499 2012 4543 eo
2040 4479 2278 4541 scilicet
2306 4479 2541 4553 animo,
2602 4478 2711 4558 qui
2758 4479 2958 4539 oculis
3015 4478 3129 4539 Dei
3181 4477 3246 4538 in
3306 4478 3587 4538 fraterna

195 4580 367 4656 taceo,
400 4582 459 4637 et
488 4577 721 4638 littere
747 4597 869 4637 non
898 4596 1043 4638 mea
1071 4576 1422 4660 loquuntur
1450 4581 1668 4637 contra
1715 4594 1831 4636 me.
1864 4576 1912 4642 D
1941 4577 2278 4641 dilectione
2334 4595 2460 4639 non
2519 4576 2827 4656 displicet.
2889 4575 3049 4647 Quid
3109 4575 3306 4654 igitur
3379 4593 3586 4636 causa:

195 4669 418 4752 Ignoro
445 4675 705 4754 crimen,
764 4680 824 4735 et
876 4674 1111 4735 crimen
1170 4674 1237 4736 in
1297 4678 1424 4734 toto
1463 4676 1608 4735 orbe
1634 4673 1833 4751 conﬁ-
1942 4674 2253 4738 exstiterit
2306 4673 2387 4735 ad
2447 4673 2895 4735 deterrendum
2970 4672 3421 4751 Hieronymum
3507 4670 3588 4730 ab

197 4775 338 4829 tear.
394 4769 538 4832 Heu
593 4769 777 4850 mihi,
837 4779 1034 4831 mater
1086 4789 1247 4845 mea,
1282 4776 1352 4833 ut
1397 4770 1556 4851 quid
1596 4790 1689 4830 me
1716 4791 1833 4851 ge-
1940 4772 2194 4853 incepto
2223 4790 2414 4851 opere
2471 4770 2793 4833 Hebraica
2842 4769 3294 4846 translationis,
3349 4767 3592 4830 amicis-

197 4866 410 4938 nuisti,
441 4868 668 4948 virum,
700 4869 813 4950 qui
833 4869 1100 4949 judicer
1150 4874 1209 4928 et
1277 4869 1610 4930 discernar
1665 4866 1836 4928 omni
1942 4872 2098 4932 sime
2143 4871 2266 4950 ipsi
2309 4869 2690 4949 suggerebat
2735 4869 2902 4931 idem
2958 4867 3346 4946 Augustinus
3401 4866 3585 4945 epist.

205 4967 376 5022 terra
421 4962 448 5023 ἰ
521 4967 630 5026 His
683 4966 1060 5028 inﬂammati
1111 4966 1371 5027 invidia
1435 4966 1702 5039 facibus,
1759 4982 1833 5026 ac
1941 4973 2043 5045 "ll,
2080 4970 2185 5030 ubi
2217 4969 2343 5030 ait:
2378 4966 2523 5048 Ego
2554 4988 2704 5027 sane
2750 4973 2807 5027 te
2862 4966 3110 5027 mallem
3173 4965 3434 5027 Gracas
3479 4973 3592 5045 po-

201 5061 490 5140 nequitia
523 5062 761 5125 artibus
788 5063 1104 5138 instructi,
1164 5063 1515 5125 nebulones
1572 5060 1833 5142 quidam
1943 5067 2072 5128 tius
2130 5065 2465 5125 canonicas
2523 5063 2702 5126 nobis
2762 5064 3167 5146 interpretari
3200 5063 3587 5145 Scripturas,

200 5159 644 5237 oppugnabant
724 5160 1171 5223 translationes
1254 5162 1600 5223 Hebraicas
1681 5160 1832 5223 Hie-
1943 5184 2078 5247 qua
2159 5162 2580 5244 Septuaginta
2665 5161 3081 5244 Interpretum
3149 5160 3586 5245 perhibentur.

202 5257 455 5334 ronymi.
518 5258 792 5337 Signifer
847 5277 1065 5320 eorum
1152 5258 1270 5320 fuit
1357 5260 1660 5331 Ruﬁnus,
1720 5258 1836 5319 etsi
1943 5262 2303 5323 Perdurum
2333 5260 2456 5320 erit
2486 5259 2672 5339 enim,
2731 5260 2792 5320 si
2846 5265 2954 5320 tua
3012 5255 3439 5342 interpretatio
3472 5262 3592 5336 per

200 5352 429 5431 juraret
474 5376 540 5418 se
586 5359 920 5438 epistolam
979 5376 1106 5420 non
1162 5357 1483 5438 scripsisse
1542 5359 1622 5418 ad
1654 5357 1836 5418 Afros
1946 5357 2179 5419 multas
2206 5355 2529 5417 Ecclesias
2556 5357 2948 5437 frequentius
2977 5356 3223 5439 caperit
3290 5351 3587 5424 lectitari,

206 5454 313 5516 sub
339 5457 590 5518 nomine
617 5457 1007 5539 Hieronymi,
1041 5459 1106 5519 in
1145 5477 1271 5538 qua
1326 5459 1444 5520 iste
1500 5458 1834 5520 conﬁtere-
1943 5457 2114 5540 quod
2141 5477 2177 5515 a
2213 5454 2459 5517 Gracis
2487 5454 2797 5517 Ecclesiis
2826 5455 3061 5516 Latina
3098 5452 3393 5514 Ecclesia
3449 5451 3591 5511 dis-

208 5554 305 5613 ιω·
328 5554 651 5618 inductum
680 5575 815 5620 esse
846 5576 885 5620 a
911 5555 1153 5619 Judais
1180 5561 1250 5618 ut
1280 5554 1609 5619 mendacia
1637 5559 1837 5618 trans—
1944 5554 2254 5619 sonabunt
2308 5576 2330 5632 ;
2392 5555 2656 5617 maxime
2710 5555 2859 5637 quia
2914 5552 3106 5629 facile
3159 5549 3591 5612 contradictor

209 5649 410 5716 ferret.
456 5656 629 5719 Inter
655 5655 946 5738 gregales
999 5653 1285 5736 ejusdem
1342 5654 1575 5731 Ruﬁni,
1631 5672 1834 5737 oppu—
1942 5654 2337 5718 convincitur
2370 5651 2593 5717 Graco
2614 5652 2864 5736 prolato
2893 5650 3081 5729 libro,
3116 5650 3186 5713 id
3213 5655 3326 5730 est,
3359 5649 3590 5729 linqua
