4060 6190
412 365 492 423 47
1586 356 1912 420 PA'I‘BUM
1962 357 2664 423 BENEDICTINORUM
3745 373 3825 434 ιε

413 499 775 562 notissimae.
844 497 1158 578 Quisquis
1211 500 1415 556 autem
1473 494 1541 555 in
1616 513 1683 553 eo
1766 492 1934 571 quod
1988 513 2062 552 ex
2091 494 2139 560 Α
2173 493 2550 556 Psalterium
2604 498 3031 562 Hebraicum:
3091 501 3224 562 Nec
3273 502 3389 565 hoc
3442 505 3608 583 dico,
3659 509 3831 588 quod

412 596 681 658 Hebrmo
736 595 1114 657 translatum
1171 599 1281 673 est,
1329 593 1545 673 aliquo
1605 590 1863 651 insolito
1921 598 2065 671 per-

421 700 629 755 motus
639 694 877 773 fuerit,
929 698 988 753 et
1023 691 1203 770 falsi
1248 691 1482 751 crimen
1514 687 1902 760 intenderit;
1963 687 2067 747 vix

406 799 518 854 aut
545 812 860 873 nunquam
889 792 976 852 ad
1020 789 1289 851 Heboara
1346 787 1701 848 testimonia
1742 785 2065 867 pervenie-

407 895 533 963 tur,
592 888 822 971 quibus
904 888 1285 968 defendatur
1341 885 1669 965 objectum.
1730 883 1925 961 Quod
2003 892 2066 951 si

401 988 588 1049 etiam
603 992 973 1071 perventum
996 986 1234 1067 fuerit,
1281 989 1373 1044 tot
1424 984 1691 1045 Latinas
1747 988 1806 1041 et
1868 980 2060 1041 Grae-

400 1105 507 1146 cas
563 1086 968 1147 auctoritates
1020 1083 1318 1144 damnari
1399 1082 1543 1162 quis
1616 1085 1787 1153 ferat
1832 1078 1853 1139 ?
1909 1077 2061 1138 Huc

398 1183 660 1262 accedit,
702 1183 853 1264 quia
910 1182 1096 1242 etiam
1154 1179 1432 1242 consulti
1483 1177 1743 1240 Hebra’i
1781 1181 2058 1257 possunt

397 1281 584 1342 aliud
611 1281 1022 1363 respondere:
1056 1284 1126 1339 ut
1155 1283 1222 1339 tu
1276 1276 1453 1338 solus
1514 1276 1903 1336 necessarius
1959 1274 2056 1333 vi-

398 1380 636 1451 dearis,
670 1380 782 1461 qui
809 1379 997 1439 etiam
1030 1380 1199 1459 ipsos
1225 1377 1447 1454 possis
1494 1375 1893 1435 convincere:
1943 1373 2055 1432 sed

398 1483 601 1539 tamen
632 1497 752 1558 quo
767 1475 998 1557 judice
1025 1476 1255 1535 mirum
1304 1474 1366 1533 si
1404 1472 1689 1554 potueris
1750 1470 2048 1531 invenire.

396 1577 545 1638 Haec
602 1580 783 1636 erant
837 1578 1237 1652 argumenta,
1296 1571 1525 1651 quibus
1580 1574 1838 1630 sanctus
1865 1585 2049 1628 sanc-

393 1679 529 1735 tum
586 1671 957 1752 impellebat
1011 1670 1093 1732 ad
1146 1667 1734 1750 interpretationem
1804 1670 2053 1726 Graeco-

2170 594 2652 664 prwdecessores
2709 617 2871 657 meos
2923 600 3261 678 mordeam,
3318 608 3429 662 aut
3484 605 3828 686 quidquam

2174 688 2278 749 his
2308 690 2580 751 arbitrer
2608 693 3083 775 detrahendum,
3126 718 3388 778 quorum
3447 703 3829 765 translatio-

2174 808 2307 847 nem
2336 789 2836 870 diligentissime
2863 796 3270 871 emendatam,
3307 798 3482 879 olim,
3518 820 3659 861 mea?
3688 802 3786 863 lin

2169 906 2315 966 gum
2344 887 2702 951 hominibus
2740 892 2928 968 dedi;
2986 896 3096 954 sed
3152 897 3321 975 quod
3375 898 3561 958 aliud
3609 900 3699 959 sit
3753 901 3821 960 in

2168 984 2478 1047 Ecclesiis
2516 988 2783 1050 Christo
2822 993 3204 1053 credentium
3253 996 3537 1076 psalmos
3585 997 3820 1079 legere,

2168 1084 2355 1146 aliud
2404 1086 2644 1154 Iudwis
2700 1091 2965 1171 singula
3023 1092 3203 1153 verba
3287 1094 3821 1158 calumniantibus

2167 1186 2556 1265 respondere.
2597 1192 2776 1250 Bene
2831 1190 3025 1269 igitur
3082 1194 3466 1273 Hieronymo
3526 1197 3826 1258 convenit

2166 1300 2309 1343 cum
2366 1287 2719 1364 Augustino
2807 1289 2884 1350 de
2957 1290 3478 1371 interpretatione
3559 1295 3823 1375 Septua-

2163 1380 2339 1458 ginta
2394 1383 2726 1445 Seniorum
2782 1385 2847 1445 in
2905 1388 3199 1449 Ecclesiis
3252 1389 3481 1451 Christi
3544 1390 3817 1470 legenda

2162 1483 2228 1537 et
2256 1478 2652 1542 decantanda
2684 1492 2945 1563 propter
2988 1486 3376 1564 antiquiores
3435 1508 3606 1563 usus,
3669 1492 3818 1569 qui-

2160 1574 2279 1636 bus
2335 1579 2651 1640 nascentis
2733 1581 3029 1643 Ecclesia
3105 1584 3261 1645 ﬁdes
3316 1584 3614 1648 roborata
3696 1596 3813 1649 est.

2161 1676 2663 1739 Translationem
2734 1698 2880 1741 vero
2964 1681 3337 1744 Hebraicam
3420 1686 3816 1763 prmstantio-

393 1790 533 1833 rum
575 1771 864 1834 codicum
923 1768 1363 1849 Septuaginta,
1427 1765 1868 1847 prastermissis
1927 1767 2036 1826 He-

2160 1792 2294 1835 rem
2352 1795 2487 1838 esse
2542 1780 2824 1841 sciebant
2864 1782 2944 1842 ad
3002 1782 3487 1862 intelligentiam
3535 1786 3813 1865 Scriptu-

391 1870 711 1932 brmorum
765 1868 1161 1933 voluminum
1222 1865 1550 1939 fontibus;
1610 1864 1759 1943 quia
1813 1860 2412 1947 LatiniSBramm;
2448 1896 2643 1955 quare
2697 1879 2935 1939 Audaci
2993 1860 3378 1960 respondens
3424 1860 3816 1962 Augustinus

392 1969 757 2032 hominibus
815 1967 1088 2029 difﬁcilis
1140 1972 1251 2028 aut
1304 1964 1518 2026 nullus
1580 1969 1716 2025 erat
1766 1980 2053 2024 accessus
2160 1970 2342 2049 epist.
2393 1974 2508 2035 261
2571 1982 2755 2037 vocat
2811 1994 2952 2037 eam
3010 1979 3445 2057 perfectiora”)
3505 2000 3519 2041 ε
3554 1981 3810 2043 Ρςαιίε..

386 2067 469 2129 ad
498 2068 767 2129 Hebraea
819 2063 1185 2128 testimonia
1226 2061 1723 2142 comprobanda.
1773 2062 1854 2120 At
1900 2059 2044 2120 bre-
2156 2066 2348 2142 rium,
2380 2069 2605 2149 inquit,
2639 2093 2676 2131 a
2714 2078 2929 2133 sancto
2977 2072 3367 2144 Hieronymo
3425 2078 3809 2138 translatum

382 2166 450 2228 vi
506 2165 843 2228 utilitatem
899 2163 1160 2244 agnovit
1216 2160 1539 2223 Hebraicaa
1613 2157 2045 2221 translationis
2150 2184 2225 2224 ex
2250 2164 2517 2229 Hebraeo
2548 2189 2670 2229 non
2719 2169 2931 2233 habeo.
2992 2171 3125 2232 Nos
3171 2178 3372 2233 autem
3426 2194 3549 2234 non
3608 2175 3809 2236 inter-

385 2266 797 2345 Auguetinus,
828 2269 1093 2343 accepta
1150 2260 1444 2323 videlicet
1498 2258 1861 2339 Hieronymi
1920 2275 2043 2318 res-
2141 2264 2378 2341 pretati
2433 2284 2673 2339 sumus,
2731 2267 2843 2327 sed
2898 2267 3180 2328 codicum
3237 2268 3603 2331 Latinorum
3644 2293 3798 2332 non-

384 2363 692 2444 ponsione
720 2363 801 2424 ad
839 2361 983 2423 illas
1039 2359 1321 2430 obiectas
1377 2357 1800 2419 difﬁcultates.
1855 2356 2035 2418 Unde
2151 2358 2366 2420 nullas
2396 2363 2838 2423 mendositates
2894 2384 2967 2423 ex
3032 2364 3279 2426 ercis
3338 2368 3798 2450 exemplaribus

383 2480 566 2523 nsum
597 2461 736 2541 ejus
764 2461 828 2522 in
883 2458 1173 2521 Ecclesiis
1228 2457 1517 2538 quamvis
1574 2455 1832 2516 minime
1891 2473 2034 2535 pro-
2150 2457 2631 2520 emendavimus.
2696 2459 2876 2521 Unde
2928 2464 3230 2531 fortassis
3260 2466 3611 2541 fecerimus
3669 2468 3802 2529 ali-

378 2559 585 2635 baret,
619 2564 881 2640 propter
933 2557 1256 2619 vitandam
1311 2555 1684 2618 Christiana-3
1740 2553 2028 2614 multitu-
2153 2554 2313 2633 quid
2349 2557 2735 2618 commodius
2780 2578 2963 2638 quam
3021 2566 3177 2639 erat,
3236 2580 3359 2621 non
3416 2568 3617 2623 tamen
3676 2565 3803 2625 tale

381 2657 545 2720 (linis
600 2656 1143 2739 perturbationem
1194 2672 1209 2715 :
1269 2654 1503 2716 fatetur
1558 2658 1770 2714 tamen
1833 2651 2033 2732 pluri-
2151 2654 2336 2733 quale
2363 2676 2493 2716 esse
2520 2656 2796 2718 debebat.
2829 2657 2994 2719 Nam
3025 2660 3210 2720 etiam
3241 2682 3426 2741 nunc,
3479 2683 3613 2743 quae
3621 2669 3803 2742 forte

380 2756 501 2819 mis
555 2756 712 2819 locis
765 2755 1083 2818 utiliorem
1150 2773 1225 2816 ac
1302 2752 1813 2834 praestantiorem
1902 2760 2045 2813 esse
2150 2771 2266 2811 nos
2295 2758 2443 2813 tunc
2455 2756 2990 2836 praeterierunt,si
3008 2757 3284 2837 legentes
3305 2762 3805 2834 moveriunt,col-

386 2854 744 2918 versionem
774 2853 1248 2934 Scripturarum
1279 2870 1355 2914 ex
1413 2852 1679 2913 Hebraeo
1734 2850 1846 2912 illa
1900 2868 2041 2929 quae
2149 2846 2304 2909 latis
2334 2852 2655 2913 codicibus
2684 2854 3099 2914 emendamus.
3126 2855 3228 2915 Ita
3256 2856 3427 2917 illud
3453 2860 3625 2938 quod
3643 2868 3798 2941 per-

383 2952 466 3013 ad
495 2957 859 3014 Graecorum
916 2951 1167 3013 codices
1245 2950 1522 3029 primum
1608 2948 1777 3009 edita
1845 2953 1981 3008 erat
2021 2964 2036 3008 :
2145 2951 2372 3013 fectum
2403 2956 2515 3022 est,
2550 2958 2744 3012 tecum
2775 2973 2887 3013 nos
2916 2973 3156 3033 quoque
3183 2956 3586 3035 requirimus.
3649 2961 3794 3020 Cla-

380 3049 484 3112 De
514 3049 1026 3132 interpretatione
1054 3054 1186 3121 tua,
1221 3046 1431 3126 inquit
1457 3045 1537 3107 ad
1591 3045 2037 3124 Hieronymum
2144 3046 2274 3107 rius
2305 3049 2512 3110 adhuc
2543 3050 2650 3111 lib.
2684 3069 2749 3112 1v
2776 3052 3093 3113 Doctrina;
3125 3052 3496 3116 Christianae
3530 3074 3670 3136 cap.
3723 3062 3787 3117 7.

385 3146 656 3229 epistola
710 3146 1099 3226 octogesima
1154 3144 1454 3217 secunda,
1504 3163 1648 3221 jam
1708 3142 1868 3203 mihi
1891 3151 2038 3223 per-
2078 3227 2108 3232 ῳ
2145 3162 2318 3205 num.
2355 3148 2452 3218 15,
2488 3148 2594 3207 ubi
2624 3149 2702 3209 de
2759 3149 3265 3229 Hieronymianaa
3322 3152 3794 3232 interpretatio-

386 3227 680 3325 suasisti,
739 3265 862 3325 qua
947 3242 1227 3304 utilitate
1309 3240 1676 3323 Scripturas
1764 3239 2037 3301 volueris
2067 3227 2110 3295 C
2148 3242 2245 3301 nis
2274 3245 2640 3322 prmstantia
2668 3245 2804 3306 haec
2835 3227 3035 3307 fassus
3081 3247 3438 3310 invenitur:
3488 3227 3633 3311 :IVon
3684 3272 3795 3312 au-

376 3348 725 3418 transferre
752 3343 829 3403 de
860 3340 1187 3402 Hebraeis:
1246 3345 1316 3401 ut
1370 3339 1613 3400 scilicet
1665 3358 1757 3418 ea,
1814 3358 1946 3418 quae
2001 3360 2039 3398 a
2149 3344 2266 3399 tem
2322 3343 2659 3403 secundum
2706 3343 3122 3425 Septuaginta
3203 3345 3605 3428 Interpretes,
3677 3345 3793 3429 qui

379 3440 618 3508 Iudaeis
655 3439 1093 3523 prmtermissa
1145 3438 1241 3499 vel
1296 3442 1589 3518 corrupta
1644 3441 1814 3509 sunt,
1889 3444 2038 3517 pro-
2144 3438 2329 3499 etiam
2362 3440 2487 3521 ipsi
2513 3441 2728 3502 divino
2757 3442 3003 3524 Spiritu
3062 3444 3481 3525 interpretati,
3542 3450 3616 3507 ob
3674 3446 3791 3509 hoc

372 3548 578 3610 ferres
654 3540 721 3600 in
807 3537 1155 3599 medium”:
1244 3536 1394 3597 Ideo
1488 3541 1689 3595 autem
1746 3535 2034 3595 desidero
2142 3536 2332 3597 aliter
2360 3538 2652 3599 vitentur
2680 3539 2985 3600 nonnulla
3015 3539 3278 3614 dixisse,
3332 3548 3402 3602 ut
3454 3543 3541 3602 ad
3594 3544 3790 3625 spiri-

375 3637 946 3721 interpretationcm
999 3641 1168 3695 tuam
1226 3635 1303 3695 de
1351 3634 1796 3716 Septuaginta,
1857 3639 1927 3693 ut
1968 3639 2026 3693 et
2139 3635 2324 3696 talem
2354 3657 2601 3696 sensum
2632 3638 3043 3698 scrutandum
3089 3639 3299 3719 magis
3347 3640 3788 3703 admoneretur

374 3740 551 3799 tanta
579 3735 945 3796 Latinorum
1005 3733 1437 3815 interpretum,
1497 3731 1610 3812 qui
1663 3729 2028 3811 qualescun-
2135 3730 2388 3793 lectoris
2420 3734 2719 3814 intentio,
2756 3735 2919 3796 unde
2974 3736 3162 3796 etiam
3222 3735 3589 3797 obscuriora
3642 3759 3788 3800 non-

372 3855 490 3919 que
548 3834 663 3897 hoc
716 3835 862 3896 ausi
889 3838 1061 3904 sunt,
1121 3837 1423 3913 quantum
1439 3839 1808 3913 possumus,
1845 3831 2028 3912 impe-
2132 3829 2333 3902 nulla,
2368 3831 2517 3910 quia
2547 3832 2757 3912 magis
2779 3832 3039 3913 tropica,
3073 3839 3466 3908 sunteorum,
3491 3836 3603 3895 sed
3621 3838 3791 3897 sicut

370 3934 528 3996 ritia
556 3952 922 4008 careamus;
975 3937 1034 3992 et
1088 3930 1159 3990 hi
1213 3930 1325 4011 qui
1370 3950 1463 3989 me
1494 3928 1773 3988 invidere
1794 3934 2024 4009 putant
2130 3948 2203 3988 ex
2255 3927 2522 3989 Hebraeo
2581 3930 2645 3989 in
2700 3929 2991 3991 Latinum
3048 3930 3387 4011 eloquium,
3415 3932 3787 4013 presbytero

371 4034 641 4097 utilibus
679 4032 1004 4096 laboribus
1061 4031 1216 4104 tuis,
1259 4029 1506 4090 tandem
1563 4028 1928 4109 aliquando,
1961 4032 2024 4091 si
2127 4022 2515 4095 Hieronymo
2548 4027 2873 4106 utriusque
2905 4026 3144 4107 linguae
3205 4030 3407 4105 perito
3479 4031 3782 4112 interpre-

368 4126 522 4197 ﬁeri
554 4131 790 4209 potest,
850 4123 1241 4205 intelligant,
1291 4126 1618 4204 propterea
1688 4140 1781 4179 me
1852 4120 2021 4181 nolle
2126 4127 2316 4202 tante,
2378 4124 2691 4185 translata
2746 4131 2915 4186 sunt.
2976 4127 3161 4187 Vides
3215 4128 3619 4189 obscurorem
3686 4150 3784 4192 es~

368 4230 540 4285 tuam
596 4245 670 4284 ex
714 4223 981 4285 Hebraeo
1039 4222 1609 4304 interpretationem
1666 4220 1733 4281 in
1810 4218 2019 4281 Eccle-
2126 4237 2215 4292 se,
2283 4222 2640 4300 Augustino
2717 4228 3016 4297 testante,
3093 4225 3439 4287 versionem
3518 4231 3782 4306 Septua-

365 4323 488 4383 siis
520 4322 674 4404 legi,
708 4342 782 4381 ne
809 4326 1027 4382 contra
1081 4320 1499 4403 Septuaginta
1555 4318 2012 4396 auctoritatem,
2123 4319 2297 4398 ginta
2329 4321 2749 4401 Interpretum
2788 4340 2802 4395 ;
2866 4322 3218 4403 planiorem
3249 4344 3398 4385 vero
3456 4343 3530 4385 ac
3585 4326 3773 4386 intel-

365 4426 661 4502 tanquam
714 4438 936 4481 novum
991 4418 1244 4499 aliquid
1283 4422 1698 4499 proferentes,
1783 4439 2013 4499 magno
2122 4418 2398 4499 ligentiac
2505 4421 2707 4500 magis
2768 4423 3314 4484 accommodatam
3365 4422 3567 4497 illam,
3627 4444 3774 4503 qua:

364 4517 666 4580 scandan
680 4516 1121 4601 perturbemus
1141 4515 1350 4599 plebes
1416 4514 1697 4589 Christi,
1746 4536 2010 4597 quarum
2046 4595 2078 4601 _
2121 4517 2302 4577 nobis
2331 4517 2500 4579 edita
2528 4524 2621 4578 est
2666 4517 2746 4578 ab
2802 4521 3214 4595 Hieronymo,
3272 4535 3594 4596 quamque
3643 4523 3781 4581 He-

364 4634 549 4677 aures
596 4619 657 4674 et
680 4595 902 4675 -corda
952 4595 1160 4674 illam-
1206 4595 1776 4695 interpretationem
1823 4612 2013 4671 audi-
2041 4595 2089 4661 Ῑ)
2122 4615 2402 4676 braicam
2430 4633 2755 4688 vocamus,
2790 4634 2864 4677 eo
2914 4615 3085 4695 quod
3140 4633 3216 4677 ex
3277 4595 3540 4676 Hebraeo
3596 4617 3779 4677 fonto.

362 4733 431 4774 re
457 4718 929 4788 consueverunt,
979 4730 1114 4793 qua
1170 4712 1356 4772 etiam
1418 4710 1494 4771 ab
1544 4708 1848 4791 apostolis
1902 4718 2015 4791 ap-

345 4808 620 4893 probata
648 4816 763 4871 est.
795 4811 968 4871 Idem
999 4809 1192 4871 sensit
1218 4809 1354 4889 ipse
1403 4808 1845 4886 Hieronymus,
1905 4805 2016 4886 qui

359 4910 425 4971 in
455 4909 724 4989 epistola
752 4908 832 4970 ad
889 4909 1195 4969 Sunniam
1256 4912 1317 4968 et
1372 4905 1691 4967 Fretelam
1754 4922 2015 4967 concors

356 5006 680 5070 invenitur
732 5005 1071 5085 Augustini
1119 5004 1256 5084 jam
1316 5003 1522 5064 verbis
1577 5002 1810 5076 allatis,
1860 5002 2011 5064 dum

359 5104 479 5167 ait:
541 5101 643 5165 Ex
697 5123 818 5184 quo
858 5101 1267 5185 perspicuum
1324 5105 1418 5161 est
1472 5100 1566 5160 sic
1574 5098 2008 5182 psallendum,

357 5209 428 5264 ut
456 5222 569 5265 nos
594 5202 1000 5285 interpretati
1042 5220 1281 5262 sumus.
1316 5199 1402 5260 Et
1429 5205 1631 5259 tamen
1690 5199 2011 5260 sciendum

354 5302 470 5382 qui
495 5300 815 5363 Hebraica
844 5299 1075 5361 veritas
1133 5297 1374 5360 habeat.
1426 5296 1573 5358 Hoc
1626 5298 1787 5358 enim
1847 5298 2016 5378 quod

352 5399 770 5481 Septuaginta
855 5396 1343 5476 transtulerunt,
1397 5401 1663 5478 propter
1738 5401 2014 5456 vetusta—

356 5500 473 5556 tem
532 5496 598 5556 in
658 5495 971 5559 Ecclesiis
1029 5495 1487 5556 decantandum
1543 5500 1656 5567 est,
1716 5500 1776 5553 et
1844 5494 2014 5555 illud

354 5591 433 5654 ab
512 5595 783 5656 eruditis
835 5594 1153 5657 sciendum
1194 5598 1459 5675 propter
1520 5592 1807 5652 notitiam
1845 5592 2012 5652 Scri-

348 5695 707 5773 pturarum.
762 5695 833 5755 Et
884 5694 966 5757 ad
1022 5691 1451 5774 Sophronium
1517 5690 1890 5772 praefatione
1944 5689 2011 5753 in

2124 4710 2406 4772 derivata
2458 4710 2560 4772 sit.
2611 4711 2751 4771 Jam
2809 4712 2860 4773 si
2917 4711 3109 4772 libros
3191 4710 3621 4779 Quaestionum
3709 4712 3775 4773 in

2124 4807 2632 4888 Heptateuchum
2689 4810 3028 4871 revolveris
3086 4808 3255 4888 apud
3304 4808 3595 4869 eumdem
3646 4813 3776 4871 Au-

2123 4908 2471 4987 gustinum,
2548 4914 2843 4969 sexcenta
2900 4907 3013 4968 tibi
3067 4913 3404 4969 occurrent
3465 4906 3627 4980 loca,
3706 4909 3771 4968 in

2124 5006 2353 5085 quibus
2383 5005 2731 5067 versionem
2764 5024 2841 5067 ex
2879 5004 3143 5066 Hebraeo
3203 5005 3459 5084 praefert
3512 5009 3773 5085 Septua-

2123 5096 2300 5183 ginta
2347 5103 2826 5185 Interpretibus,
2886 5104 3015 5164 sive
3073 5103 3244 5182 quod
3292 5103 3594 5183 majorem
3653 5104 3768 5164 ha-

2122 5202 2270 5263 beat
2299 5202 2530 5277 lucem,
2566 5202 2695 5264 sive
2741 5208 3004 5282 pr0pter
3054 5202 3370 5282 puriorem
3429 5200 3771 5279 Scriptura

2124 5304 2515 5374 contextum,
2564 5317 2753 5378 quem
2837 5298 3256 5378 Septuaginta
3323 5296 3772 5359 additamentis

2122 5397 2408 5478 pluribus
2545 5396 3031 5476 interpolarunt.
3139 5394 3429 5475 Exempli
3537 5396 3766 5473 gratia,

2122 5495 2468 5575 quaestione
2492 5497 2568 5555 19
2596 5494 2661 5554 in
2689 5495 2964 5567 Iudices,
3018 5513 3159 5555 cum
3223 5492 3422 5552 multa
3480 5492 3555 5552 de
3608 5493 3774 5555 Pha-

2125 5611 2315 5653 raone
2394 5591 2706 5653 attulisset
2761 5612 2838 5654 ex
2894 5593 3050 5653 LXX
3117 5589 3578 5663 Translatione,
3627 5609 3768 5669 quae

2122 5689 2450 5753 manifeste
2497 5689 2880 5771 interpolata
2936 5688 3417 5767 dignoscuntur,
3469 5686 3560 5747 ita
3607 5686 3765 5747 difﬁ-
