4060 6190
279 348 350 407 l9
1424 408 1433 411 τ
1660 338 2273 403 PltOLEGOMENA.
3590 338 3672 403 50

279 475 555 536 collatam
585 474 829 535 solvere
884 472 1132 535 voluit:
1204 471 1396 551 Quod
1438 473 1514 533 de
1572 470 1983 538 PharaoneA
2016 479 2109 532 set
2135 494 2268 535 esse
2298 476 2416 537 illa
2465 473 2686 536 multis
2743 473 2809 533 in
2859 472 3018 534 locis
3066 470 3442 555 planiorem.
3504 469 3671 533 Nam

277 595 406 653 rege
457 572 692 632 dictum
744 570 1108 651 intelligere
1164 570 1502 631 debemus:
1578 590 1715 630 cum
1776 568 1905 628 lucc
2014 568 2128 631 hoc
2158 575 2406 634 nomine
2450 593 2583 634 eam
2631 572 2971 653 aliquoties
3026 570 3253 631 laudat
3308 569 3375 630 in
3423 575 3672 652 postre-

278 671 519 732 historia
569 670 710 730 illis
759 668 1137 752 temporibus
1175 669 1528 752 conscripta
1585 668 1901 745 credatur,
2014 670 2133 730 mis
2181 673 2318 732 suis
2349 670 2540 733 libris
2577 668 3010 748 Quastionum
3045 668 3112 728 in
3142 666 3666 751 Heptateuchum,

278 770 479 851 quibus
507 775 687 829 erant
712 775 893 850 gesta
946 768 1064 829 illa
1104 769 1395 829 recentia.
1466 766 1648 846 Quid
1702 772 1903 827 autem
2013 773 2130 828 etc.
2219 770 2369 843 Quis
2417 787 2585 831 nunc
2642 767 3069 829 contentiosus
3121 766 3398 827 adducto
3446 784 3671 847 super-

282 888 555 948 magnum
596 868 762 947 eligi
774 867 991 948 potuit
1038 866 1206 947 quod
1244 864 1615 948 prophetice
1663 864 1906 924 dicere-
2013 866 2156 928 cilio
2193 867 2599 941 inﬁciabitur,
2659 864 3138 927 translationem
3194 863 3570 927 Hebraicam
3602 863 3665 926 S.

285 974 396 1045 tur,
450 987 585 1026 cum
626 966 957 1047 praterita
1045 971 1406 1044 narrentur,
1467 969 1906 1043 taceanturque
2012 967 2386 1048 Hieronymi
2409 969 2489 1029 ab
2533 966 2888 1046 Augustino
2936 963 3260 1026 laudatam
3315 963 3531 1036 fuisse,
3593 982 3669 1026 ac

283 1069 480 1130 futura
509 1063 776 1143 majora,
810 1068 869 1123 et
896 1063 1162 1123 maxime
1216 1061 1620 1122 necessaria?
1668 1060 1898 1121 Proin-
2013 1065 2432 1145 Septuaginta
2514 1062 2971 1144 lnterpretibus
3083 1060 3338 1122 domum
3413 1067 3671 1142 antepo-

281 1160 539 1241 depotius
618 1159 1104 1219 existimandum
1183 1163 1277 1217 est
1328 1157 1745 1239 Septuaginta
1790 1156 1905 1216 In-
2012 1162 2256 1224 sitam?
2311 1169 2391 1224 At
2467 1163 2546 1225 de
2622 1180 2738 1222 usu
2797 1158 3104 1221 versiouis
3158 1159 3669 1238 Hieronymiaum

276 1263 569 1339 terpretes,
635 1257 749 1338 qui
802 1256 1176 1317 auctoritate
1223 1255 1588 1339 prophetica
1635 1276 1708 1314 ex
1767 1255 1902 1337 ipsa
2009 1261 2178 1338 apud
2209 1261 2419 1335 Afros,
2452 1278 2525 1321 ac
2568 1259 2646 1322 de
2703 1256 2972 1339 Speculo
3032 1259 3094 1318 S.
3160 1255 3491 1334 Augustini
3546 1255 3666 1317 ite-

271 1354 530 1415 mirabili
603 1355 1006 1415 consensione
1077 1353 1472 1435 interpretati
1549 1374 1679 1413 esse
1754 1362 1902 1435 per-
2010 1376 2152 1419 rum
2212 1357 2443 1420 dicturi
2472 1357 2631 1420 nihil
2684 1355 2957 1436 amplius
2988 1354 3064 1416 de
3111 1353 3241 1415 illis
3274 1352 3377 1413 hic
3408 1353 3667 1433 adjicie-
3728 1348 3731 1351 Α

272 1451 558 1528 bibentur,
592 1451 723 1512 haec
779 1451 1131 1525 addidisse,
1168 1471 1289 1512 non
1340 1458 1634 1531 tanquam
1664 1452 1901 1525 futura
2011 1475 2170 1518 mus.

267 1550 760 1630 pmmmtiantes,
839 1550 952 1610 Sed
1035 1550 1184 1630 quia
1247 1548 1362 1609 illo
1449 1554 1714 1629 tempore
1778 1547 1903 1629 ipsi
2087 1554 2158 1616 ν.
2237 1554 2503 1616 Difficile
2560 1558 2675 1625 est,
2734 1550 2943 1631 inquit
2998 1550 3439 1629 Hieronymus,
3498 1547 3668 1611 senis

268 1654 426 1706 erant
450 1667 571 1727 quo
600 1650 772 1716 facta
830 1666 965 1706 esse
1031 1647 1444 1707 meminerant
1488 1651 1546 1704 et
1592 1645 1656 1704 in
1710 1643 1900 1705 libris
2010 1657 2256 1714 mutare
2313 1652 2619 1732 linguam,
2672 1658 2733 1712 et
2786 1655 3227 1711 canescentem
3282 1647 3412 1726 jam
3474 1663 3665 1707 mun-

274 1744 610 1826 Regnorum
643 1746 952 1827 legerant.
1006 1745 1254 1807 Etenim
1287 1745 1575 1825 Regnum
1598 1744 1897 1827 ‘tempori-
2007 1750 2158 1811 dum
2216 1751 2296 1813 ad
2378 1751 2559 1813 initia
2616 1748 2938 1811 retrahere
3017 1745 3451 1826 parvulorum.
3513 1744 3662 1813 Quis

277 1842 370 1903 bus
404 1846 652 1921 factum
683 1851 795 1905 est.
850 1843 1043 1922 Quod
1101 1846 1238 1905 ideo
1294 1843 1668 1904 credibilius
1722 1841 1900 1903 nobis
1929 1842 1977 1908 B
2007 1851 2172 1911 enim
2253 1852 2475 1913 doctus
2535 1850 2792 1931 pariter,
2855 1846 2956 1909 vel
3014 1845 3332 1920 inductus.
3391 1863 3534 1906 cum
3593 1844 3660 1906 in

273 1942 445 2000 visum
474 1947 590 2016 est,
640 1942 933 2022 quoniam
993 1942 1375 2024 inspeximus
1432 1941 1895 2021 interpretatio-
2012 1966 2238 2009 manus
2307 1949 2607 2010 volumen
2663 1947 3137 2026 Scripturarum
3225 1941 3659 2022 assumpserit,

280 2059 414 2113 nem,
446 2060 577 2120 quas
604 2046 700 2099 est
728 2061 801 2099 ex
856 2039 1147 2115 Hebraeo,
1208 2046 1265 2100 et
1308 2040 1421 2100 hoc
1477 2039 1568 2100 ibi
1615 2061 1735 2100 non
1794 2040 1891 2100 in-
2010 2045 2389 2121 etasaliva,
2449 2063 2639 2125 quam
2698 2043 2890 2105 semel
2946 2039 3221 2116 imbibit,
3263 2038 3490 2100 viderit
3533 2038 3659 2099 dis-

276 2139 521 2197 venimus
558 2160 572 2198 :
608 2138 777 2199 sicut
805 2159 913 2198 nec
939 2138 1110 2199 illud
1156 2139 1325 2220 quod
1378 2138 1615 2198 dictum
1672 2144 1764 2197 est
1820 2138 1897 2199 de
2009 2158 2268 2223 crepare
2300 2143 2470 2224 quod
2530 2143 2793 2217 lectitat,
2852 2158 2980 2202 non
3014 2138 3225 2201 statim
3257 2142 3550 2218 erumpat
3591 2134 3659 2197 in

274 2232 512 2313 Iericho,
544 2242 661 2297 etc.
703 2235 883 2297 Unde
926 2242 1179 2318 apparet
1232 2258 1268 2296 a
1321 2236 1740 2317 Septuaginta
1794 2237 1896 2296 in-
2007 2258 2251 2314 vocem,
2326 2242 2734 2322 interpretem
2820 2255 3059 2301 novum
3109 2236 3445 2298 clamitans
3527 2251 3661 2295 esse

277 2334 636 2413 terpositum,
679 2333 793 2413 qui
859 2339 1095 2410 [actum
1156 2353 1286 2393 esse
1368 2337 1685 2394 noverant.
1746 2338 1899 2395 Pru-
2006 2336 2333 2400 falsarium
2370 2347 2432 2399 et
2462 2338 2863 2416 sacrilegum,
2929 2334 3040 2415 qui
3070 2333 3300 2395 audeat
3328 2329 3569 2411 aliquid
3595 2329 3663 2392 in

275 2430 467 2492 denter
492 2432 748 2511 quidem
805 2441 1064 2495 excusat
1092 2433 1157 2493 in
1213 2435 1630 2513 Septuaginta
1682 2434 1899 2515 hujus-
2006 2435 2322 2496 veteribus
2364 2436 2537 2496 libris
2595 2434 2834 2506 tollere,
2868 2434 3125 2506 addere,
3173 2436 3441 2503 mutare,
3472 2426 3662 2491 corri-

280 2530 420 2591 modi
474 2532 997 2611 interpositiones
1051 2538 1114 2593 et
1170 2532 1675 2611 perturbationes
1724 2546 1901 2596 ’coq:
2006 2532 2205 2607 gere?
2257 2533 2575 2619 Adversus.
2608 2533 2771 2593 hanc
2816 2530 3128 2619 invidiam
3178 2543 3537 2608 praecavere
3591 2542 3658 2589 se

276 2634 454 2689 textus
498 2630 709 2703 sacri;
769 2630 879 2690 sed
925 2630 1197 2708 ingenue
1253 2632 1487 2692 fatetur
1548 2620 1760 2694 multzt~
1816 2619 1927 2697 ab.
2005 2616 3035 2717 Hiét’pnyniusi_stuatiitin'ﬁnova
3094 2627 3373 2690 editione
3425 2627 3657 2690 Latina

278 2725 351 2786 eis
390 2726 569 2789 fuisse
631 2727 868 2802 addita,
921 2747 1061 2807 qua:
1094 2730 1406 2807 completa
1462 2730 1894 2814 vid'erantsuo
2003 2709 2787 2791 sacrorum'ﬁibli'ortirn‘f
2821 2709 2884 2789 ei
2917 2745 2994 2788 ne
3026 2726 3293 2788 multum
3350 2744 3391 2787 a
3444 2725 3658 2787 lectio-

277 2829 574 2903 tempore:
643 2826 757 2887 etsi
840 2825 920 2887 ab
991 2823 1447 2906 hagiographis
1531 2816 1894 2890 audto'rib'tis
2006 2829 2387 2914 nighatinge
2412 2826 2872 2914 consuetudine
2918 2824 3286 2900 discederet,
3344 2823 3437 2884 ita
3490 2823 3660 2885 cala-

276 2923 454 2998 posita
525 2923 786 2984 minime
868 2925 1343 3003 repertirentur.
1414 2927 1503 2986 Ad
1564 2914 1895 2989 ablveifdais
2003 2912 2107 2988 ine
2156 2912 2679 3005 temperaritﬁtlt
2753 2914 3340 3011 lis_:tantum,qua:
3402 2937 3655 2982 sensum

273 3018 458 3097 itaque
515 3039 930 3101 quascunque
986 3022 1363 3100 quaestiones
1418 3023 1536 3084 sibi
1608 3025 1895 3104 proposi-
2002 3034 2249 3090 mutare
2297 3026 2691 3098 videbantur,
2744 3007 3062 3095 coireélis,
3120 3022 3368 3100 reliqua
3423 3019 3655 3102 saepius

273 3121 353 3174 tas
378 3134 407 3175 e
460 3117 637 3178 libris
690 3118 1037 3192 canonicis,
1105 3118 1691 3199 interpretationem
1749 3122 1892 3183 Hie-
2001 3143 2254 3186 manere
2288 3128 2631 3203 pateretur,
2658 3128 2727 3183 ut
2758 3128 2904 3183 ante
2934 3121 3207 3182 fuerant.
3244 3120 3313 3180 1d
3342 3118 3478 3198 ipse
3507 3135 3657 3198 pro-

276 3215 706 3291 I'onymianam,
769 3235 910 3295 quae
981 3221 1073 3277 est
1154 3236 1232 3278 ex
1305 3218 1593 3293 Hebraeo,
1660 3219 1893 3298 ubique
1924 3210 1966 3277 C
2005 3222 2309 3284 ﬁteturiu
2343 3221 2613 3299 epistola
2644 3221 2722 3281 ad
2776 3223 2975 3281 Sunn.
3030 3224 3091 3278 et
3122 3217 3350 3278 Fretel.
3385 3232 3531 3277 cum
3578 3216 3657 3277 de

273 3314 462 3370 testem
495 3311 779 3373 adhibet.
830 3317 1033 3381 Quare
1063 3314 1293 3393 saepius
1352 3332 1491 3375 eum
1555 3315 1643 3376 sic
1699 3316 1893 3377 disse-
2002 3322 2263 3399 antiquo
2292 3320 2635 3398 interprete
2667 3318 2888 3378 Latino
2919 3330 3276 3377 sermonem
3337 3312 3649 3375 instituit:

274 3412 479 3468 tentem
527 3410 791 3469 audias:
825 3409 953 3501 Sed
989 3431 1178 3492 neque
1234 3412 1370 3472 ulla
1426 3411 1743 3474 Hebraica
1791 3434 1891 3474 ve-
1998 3416 2125 3477 Sed
2204 3415 2550 3494 sciendum,
2637 3414 2864 3496 inquit,
2954 3412 3123 3493 quod
3179 3409 3527 3491 ubicunque
3582 3409 3650 3469 in

271 3506 431 3566 ritate
460 3509 583 3569 ista
613 3509 885 3571 solvitur
912 3512 1171 3591 quaestio
1206 3533 1218 3572 :
1254 3519 1313 3573 et
1370 3512 1604 3574 ibidem
1664 3522 1888 3594 quazst.
2006 3514 2229 3575 Greece
2260 3514 2561 3580 scriptum
2593 3517 2707 3587 est,
2741 3510 3113 3591 gloriﬁcate,
3148 3508 3416 3570 Latinus
3448 3509 3648 3569 inter-

275 3603 370 3661 152
396 3604 452 3663 in
509 3607 858 3666 Genesim:
927 3606 1065 3685 Qui
1118 3628 1326 3668 omnes
1393 3609 1891 3672 adnumerantur
1981 3620 2155 3694 pres,
2190 3611 2611 3691 magniﬁcate,
2643 3608 3074 3685 transtulerit,
3109 3607 3449 3668 secundum
3478 3604 3649 3668 illud

272 3703 577 3781 sexaginta
635 3724 743 3763 sex
800 3703 1178 3779 hominibus,
1238 3727 1375 3767 cum
1424 3708 1652 3787 quibus
1700 3708 1888 3777 Iacob
1996 3710 2164 3790 quod
2194 3709 2260 3769 in
2307 3708 2527 3769 Exodo
2584 3707 2871 3769 dicitur:
2945 3706 3290 3767 Cantemus
3343 3704 3645 3785 Domino,

279 3796 332 3854 in
353 3798 734 3883 igyptum,
770 3803 955 3863 etiam
982 3805 1318 3864 secundum
1349 3805 1728 3867 Hebraicam
1786 3829 1888 3868 ve-
1993 3807 2281 3888 gloriose
2320 3806 2483 3867 enim
2516 3806 2975 3887 magnificatus
3030 3810 3124 3865 est
3168 3803 3401 3885 (Exod.
3434 3822 3535 3878 xv,
3572 3802 3643 3884 Ι).

271 3895 512 3975 ritatem,
534 3898 914 3981 perhibetur
960 3902 1253 3964 intrasse.
1290 3904 1664 3966 Hebraicam
1723 3908 1886 3968 veri-
1995 3907 2126 3968 Pro
2157 3927 2277 3988 quo
2309 3907 2374 3967 in
2414 3905 2636 3968 Graeco
2672 3905 2998 3985 scribitur,
3057 3904 3446 3985 gloriﬁcatus
3499 3907 3594 3964 est
3627 3922 3642 3962 :

271 3996 434 4055 tatem
484 4007 667 4059 vocat
731 4018 874 4060 cum
936 4002 1321 4082 Hieronymo
1379 4004 1668 4065 Latinam
1728 4005 1887 4085 ejus-
1994 4003 2107 4063 sed
2132 4002 2196 4063 in
2229 4002 2453 4064 Latino
2482 4022 2760 4063 sermone
2790 4002 2852 4063 si
2902 4006 3353 4078 transferatur,
3410 3999 3499 4072 ﬁt
3554 3998 3650 4059 in-

272 4088 388 4151 dem
434 4096 909 4157 translationem
969 4099 1049 4159 ad
1099 4100 1505 4161 llebrteorum
1562 4102 1886 4165 volumina
1992 4101 2218 4162 decora
2276 4102 2640 4163 translatio.
2698 4099 2788 4162 Et
2869 4119 2983 4160 nos
3040 4098 3438 4159 emendantes
3493 4095 3647 4157 olim

268 4191 701 4252 concinnatam.
752 4197 825 4254 Et
860 4194 1022 4256 hanc
1053 4202 1230 4257 tanta
1284 4198 1407 4258 ﬁde
1452 4199 1514 4257 in
1565 4218 1676 4261 suo
1732 4200 1885 4282 Spe-
1947 4199 2403 4278 'Psalterium,
2439 4198 2788 4278 ubicunque
2836 4217 3058 4257 sensus
3116 4195 3279 4257 idem
3320 4200 3435 4275 est,
3486 4200 3646 4255 vete-

265 4285 385 4345 culo
432 4296 686 4351 secutus
715 4299 809 4353 est
865 4295 1275 4373 Augustinus,
1310 4302 1375 4356 ut
1422 4298 1580 4358 nihil
1626 4318 1885 4377 prorsus
1992 4317 2130 4356 rum
2190 4296 2598 4378 intrepretum
2653 4294 3165 4356 consuetudinem
3233 4298 3476 4354 mutare
3530 4313 3645 4353 no-

264 4381 315 4443 in
361 4385 507 4448 illud
568 4393 955 4469 congesserit
1026 4398 1257 4472 praeter
1320 4393 1635 4474 ipsissima
1694 4398 1883 4459 verba
1990 4395 2250 4467 luimus,
2312 4414 2385 4454 ne
2439 4394 2638 4455 nimia
2707 4394 2981 4455 novitate
3037 4392 3294 4454 lectoris
3358 4391 3643 4453 studium

264 4499 381 4559 quae
431 4485 732 4566 leguntur
782 4489 846 4549 in
894 4491 1121 4552 Latina
1177 4495 1581 4555 lnstrumenti
1656 4497 1882 4558 veteris
1990 4498 2382 4553 terreremus.
2419 4494 2490 4554 Et
2537 4492 2705 4555 infra
2735 4493 2811 4555 de
2841 4492 3063 4554 eodem
3093 4490 3284 4553 verbo
3328 4489 3646 4567 honoriﬁ-

263 4577 754 4661 interpretatione
785 4587 864 4647 ab
897 4589 1280 4669 Hieronymo
1311 4592 1479 4651 edita
1530 4595 1715 4670 juxta
1766 4597 1880 4655 He-
1912 4581 1957 4645 Ι)
1987 4589 2174 4662 cabit,
2210 4584 2313 4652 vel
2334 4591 2760 4672 gloriﬁcabit,
2819 4590 2986 4652 idem
3048 4606 3302 4669 quoque
3352 4588 3641 4669 replicat,

265 4674 507 4742 braicam
558 4684 911 4746 veritatem.
961 4686 1326 4748 Audiendus
1382 4697 1475 4749 est
1522 4710 1711 4770 super
1760 4693 1879 4754 hac
1988 4689 2250 4750 dicens:
2287 4688 2629 4749 Noluimus
2658 4709 2812 4769 ergo
2845 4688 3176 4748 immutare
3203 4687 3374 4768 quod
3416 4685 3493 4747 ab
3526 4704 3645 4746 an-

264 4775 609 4875 re.domnns
640 4781 929 4875 Thomas,
973 4783 1264 4875 Blampin
1321 4783 1447 4865 (cui
1490 4790 1685 4865 gratis
1742 4790 1876 4850 ani-
1988 4785 2187 4865 tiquis
2219 4785 2569 4866 legebatur,
2612 4786 2762 4867 quia
2807 4783 2968 4845 idem
3027 4804 3249 4845 sensus
3295 4789 3503 4845 erat...
3534 4784 3646 4844 sed

265 4873 359 4923 mis
430 4876 755 4950 acceptam
836 4873 1165 4934 referimus
1238 4875 1576 4939 editionem
1647 4897 1875 4940 novam
1986 4888 2140 4942 etin
2172 4882 2286 4943 hoc
2317 4884 2499 4945 nulla
2529 4890 2622 4944 est
2651 4903 2872 4943 sensus
2899 4882 3163 4943 mutatio
3198 4903 3212 4943 :
3242 4887 3301 4942 et
3355 4902 3469 4943 nos
3526 4901 3644 4941 an-

261 4974 491 5064 qperum
531 4970 618 5064 _S.
678 4970 1064 5049 Augustini).
1123 4972 1181 5032 Is
1247 4971 1416 5033 enim
1498 4975 1562 5035 in
1645 4977 1877 5039 librum
1988 4980 2227 5060 tiquam
2278 4982 2849 5064 interpretationem
2904 4985 3243 5060 sequentes,
3303 4980 3473 5060 quod
3518 4998 3642 5039 non

259 5052 483 5134 speculi
526 5062 831 5127 lectorem
876 5069 1280 5147 praemonuit,
1341 5070 1601 5133 dicens:
1673 5074 1878 5137 Porro
1988 5052 2265 5153 nbcebat,
2300 5052 2540 5139 muthre
2568 5078 2935 5139 noluimus:
2984 5077 3329 5139 Diﬁciliora
3374 5094 3523 5138 vero
3580 5086 3644 5137 et

259 5170 378 5214 cum
405 5158 488 5255 ad
515 5160 706 5241 vulgi
733 5184 913 5224 usum
974 5165 1152 5225 istud
1186 5166 1367 5246 pium
1422 5177 1575 5250 opus
1632 5183 1879 5255 compa-
1990 5176 2260 5237 obscura
2290 5177 2434 5238 libri
2463 5177 2858 5239 Ecclesiastes
2915 5175 2979 5235 in
3012 5175 3269 5236 modum
3327 5191 3644 5237 commen-

260 5258 406 5349 ναίει
430 5253 496 5316 S.
531 5256 795 5339 Doctor,
844 5282 910 5322 eo
962 5261 1171 5323 noluit
1225 5264 1356 5324 nisi
1415 5253 1881 5340 facilioreslin-
1991 5273 2200 5335 tarioli
2247 5275 2614 5349 edisserens,
2678 5271 2977 5335 novitatis
3035 5273 3224 5335 etiam
3286 5273 3493 5334 nimiae
3542 5271 3640 5331 in-
3712 5298 3731 5301 -

261 5346 940 5440 tellectupraeceptiones
969 5360 1424 5443 comprehendi.
1492 5365 1640 5443 Quo
1695 5369 1879 5432 etiam
1991 5372 2226 5434 vidiam
2287 5346 2610 5435 declinare—
2679 5371 3009 5445 sollicitus,
3068 5372 3160 5433 ita
3212 5370 3518 5450 prommio
3576 5368 3643 5430 in

261 5449 504 5511 concilio
559 5455 901 5517 adductum
953 5458 1289 5525 credimus.
1352 5468 1421 5521 ut
1448 5466 1726 5526 versione
1747 5474 1881 5528 ute-
1993 5469 2284 5531 eumdem
2332 5469 2873 5534 Commentarium
2921 5467 3169 5529 aiebat:
3203 5449 3347 5527 Hoc
3375 5464 3643 5527 breviter

262 5548 414 5657 "1le
599 5573 682 5657 ex
718 5553 940 5615 Graeco
969 5553 1170 5657 ζξΧ,
1203 5576 1387 5657 quam
1417 5564 1595 5641 sequi
1620 5565 1877 5657 solebat,
1994 5568 2356 5648 admonens,
2417 5570 2586 5652 quod
2642 5568 2890 5630 nullius
2931 5565 3362 5626 auctoritatem
3391 5568 3641 5625 secutus

263 5640 358 5699 sed
380 5663 452 5703 ex
478 5646 768 5732 Hebraeo,
826 5653 995 5735 quod
1029 5652 1192 5715 hanc
1243 5655 1488 5719 demum
1545 5640 1882 5746 comperis-l-
1995 5686 2177 5744 sum;
2231 5662 2343 5728 sed
2378 5640 2456 5732 de
2507 5666 2775 5730 Hebraeo
2832 5669 3240 5744 transferens,
3292 5664 3502 5745 magis
3547 5679 3643 5723 me
