4060 6190
347 297 419 354 51
1516 294 1833 356 PATRUM
1882 293 2031 354 BEN
2045 291 2580 355 EDICTINORUM
3672 294 3749 354 53

344 428 764 510 Septuaginta
794 428 1193 510 interpretum
1252 427 1695 487 consuetudini
1736 423 2070 506 coapta-A
2099 423 2414 484 Latinum.
2473 425 2706 484 Contra
2762 428 3016 483 sanctus
3090 423 3511 504 Hieronymus
3565 444 3758 504 aper-

347 527 430 604 vi,
467 527 532 586 in
563 526 666 586 his
705 528 1033 605 duntaxat,
1066 546 1200 606 quae
1228 546 1350 586 non
1401 525 1664 586 multum
1723 524 1799 584 ab
1850 522 1989 583 He-

350 623 583 684 braicis
614 624 1070 706 discrepabant.
1094 624 1421 684 Interdum
1451 622 1708 703 Aquila:
1727 639 1986 702 quoque,

350 726 406 779 et
433 719 809 795 Symmachi,
841 725 900 778 et
953 719 1393 780 Theodotionis
1433 719 1796 779 recordatus
1827 737 1989 788 sum,

354 823 421 877 ut
450 838 557 876 nec
586 818 855 876 novitate
909 817 1106 876 nimia
1163 817 1415 877 lectoris
1462 815 1742 875 studium
1800 815 1995 872 deter-

352 935 569 986 rerem,
619 935 726 974 nec
750 935 1002 974 rursum
1051 920 1268 974 contra
1299 915 1741 974 conscientiam
1773 930 1992 982 meam,

350 1014 517 1076 fonte
595 1012 881 1072 veritatis
965 1013 1218 1086 omisso,
1308 1013 1668 1094 opinionum
1753 1009 1995 1070 rivulos

349 1115 756 1169 consectarer.
790 1110 1167 1171 Przefatione
1224 1109 1528 1172 tamenin
1585 1109 1816 1169 librum
1875 1105 1997 1167 Job

352 1235 428 1276 ex
460 1217 727 1276 Hebraeo
761 1217 821 1275 in
864 1217 1158 1277 Latinum
1216 1216 1539 1294 eloquium
1597 1214 1995 1297 translatum,

356 1314 580 1373 asserit
608 1314 851 1373 nullum
883 1313 960 1374 de
988 1314 1305 1374 veteribus
1358 1314 1766 1391 interpretem
1811 1311 2003 1371 fuisse

359 1430 423 1473 se
507 1418 854 1472 secutum:
942 1410 1099 1472 Haec
1172 1417 1372 1471 autem
1457 1410 1817 1488 translatio,
1904 1409 2002 1468 in-

362 1509 519 1588 quit,
563 1510 809 1570 nullum
859 1510 937 1570 de
992 1509 1300 1570 veteribus
1358 1510 1644 1590 sequitur
1700 1509 2004 1588 interpre-

364 1612 505 1685 tem,
538 1609 650 1668 sed
693 1629 765 1668 ex
796 1608 928 1689 ipso
957 1607 1275 1668 Hebraico
1321 1607 1721 1688 Arabicoque
1771 1625 2007 1665 sermo-

366 1725 462 1778 ne,
493 1711 552 1764 et
584 1706 896 1766 interdum
926 1707 1109 1781 Syro,
1170 1726 1334 1766 nunc
1380 1704 1584 1778 verba,
1645 1724 1810 1764 nunc
1863 1723 2007 1762 sen-

2097 520 2337 581 tissima
2366 522 2503 582 haec
2534 520 2956 582 locationibus
2977 520 3128 581 vitia
3148 527 3363 583 monet
3392 541 3526 583 esse
3551 523 3750 585 vitan-

2099 618 2204 690 da,
2239 619 2348 678 ubi
2381 639 2544 679 unus
2599 625 2693 679 est
2750 617 3086 698 Scriptura:
3143 639 3386 683 sensus.
3464 621 3552 681 Et
3609 643 3755 698 nos,

2099 714 2304 793 inquit
2355 717 2542 794 epist.
2581 718 2718 791 135,
2765 715 2880 775 hoc
2908 717 3249 796 sequimur,
3287 725 3356 778 ut
3411 719 3519 779 ubi
3573 720 3758 781 nulla

2100 818 2191 872 est
2226 813 2302 872 de
2346 828 2531 873 sensu
2561 814 2844 887 mutatio,
2904 815 3124 875 Latini
3169 818 3474 877 sermonis
3505 818 3757 900 elegan-

2101 910 2252 970 tiam
2284 931 2733 972 conservemus.
2796 916 3031 972 Iterum
3095 915 3286 993 paulo
3375 921 3564 995 post:
3626 915 3755 976 Ea-

2104 1008 2239 1068 dem
2273 1009 2480 1089 igitur
2534 1010 2990 1090 interpretandi
3017 1012 3329 1092 sequenda
3359 1019 3453 1078 est
3499 1014 3755 1095 regula,

2106 1126 2288 1186 quam
2319 1116 2476 1189 saepe
2495 1107 2774 1167 diximus
2819 1113 2936 1168 :ut
2983 1107 3092 1168 ubi
3143 1130 3266 1170 non
3322 1111 3411 1170 sit
3454 1110 3755 1172 damnum

2111 1205 2176 1264 in
2213 1225 2422 1284 sensu,
2455 1206 2695 1286 linguae
2753 1205 2820 1265 in
2875 1225 3060 1286 quam
3099 1211 3566 1297 transferimus,
3599 1222 3750 1298 εὐφω

2111 1315 2196 1370 via
2239 1313 2298 1369 et
2337 1305 2692 1388 proprietas
2745 1311 3163 1368 conservetur.
3219 1310 3367 1381 Quae
3423 1317 3505 1376 sit
3543 1324 3755 1378 autem

2111 1402 2570 1486 interpretandi
2599 1401 2839 1480 regula,
2875 1419 3064 1480 quam
3099 1409 3484 1483 sequendam
3517 1413 3620 1475 hic
3650 1415 3761 1475 do.

2114 1510 2234 1575 cet,
2321 1501 2570 1564 abunde
2652 1499 3109 1561 demonstravit
3207 1503 3388 1568 initio
3472 1509 3756 1590 ejusdem

2115 1601 2393 1682 epistolae
2426 1600 2676 1660 dicens:
2709 1595 2796 1657 Et
2823 1595 3173 1674 sciendum,
3230 1605 3400 1683 quod
3439 1607 3502 1667 ,ςί
3555 1609 3764 1670 value-

2117 1701 2318 1760 rimus
2347 1699 2574 1774 dicere,
2606 1695 2889 1770 Domine,
2923 1694 3070 1774 quis
3125 1697 3355 1762 incolet
3401 1704 3768 1769 tabernacu-

366 1824 497 1879 sus,
531 1824 698 1864 nunc
754 1804 949 1864 simul
1003 1809 1332 1884 utrumque
1389 1802 1724 1863 resonabit.
1775 1807 2010 1863 'l‘rans-
2040 1793 2086 1858 Β
2118 1797 2247 1858 lum
2279 1801 2452 1856 tuum
2511 1793 2716 1875 (Psal.
2775 1809 2899 1868 XIV,
2936 1791 3311 1876 perdet
3355 1807 3654 1888 εὐφωνίανε
3707 1811 3768 1865 et

365 1910 666 1972 lationem
723 1917 892 1973 certe
921 1911 1465 1972 JobiHebraicam
1524 1909 1808 1988 quisquis
1858 1926 2008 1968 con-

365 2009 526 2068 ferre
556 2009 825 2070 voluerit
853 2027 997 2070 cum
1057 2027 1132 2070 ea
1163 2028 1304 2088 quae
1355 2009 1436 2069 ad
1467 2012 1717 2068 Graecos
1764 2005 2011 2067 codices

365 2110 534 2171 edita
565 2108 809 2170 eratab
861 2108 1079 2170 eodem
1140 2107 1551 2188 Hieronymo,
1610 2107 1676 2167 in
1732 2105 1895 2166 inter
1946 2121 2012 2165 se

366 2207 793 2285 discrepantes
836 2207 1128 2284 reperiet,
1184 2213 1255 2267 ut
1287 2206 1516 2285 saepius
1547 2209 1812 2282 cogatur
1841 2200 2012 2281 apud

365 2321 432 2363 se
461 2303 757 2382 cogitare,
794 2321 944 2363 num
977 2302 1042 2362 in
1089 2307 1362 2380 utroque
1397 2299 1743 2380 exemplari
1790 2298 2010 2359 eadem

369 2400 449 2461 sit
532 2400 875 2479 Scripturae
951 2399 1254 2475 narratio,
1313 2417 1466 2458 num
1525 2417 1674 2458 usus
1732 2395 2013 2457 historiae

2119 1897 2266 1957 dum
2352 1893 2886 1974 interpretationis
2982 1902 3314 1975 κακοζηλίαν
3416 1903 3764 1982 sequimur,

2119 2014 2353 2056 omnem
2411 1993 2686 2053 decorem
2757 1995 3200 2057 translationis
3257 1999 3631 2063 amittimus.
3683 2007 3775 2063 Et

2119 2093 2280 2155 hanc
2309 2111 2438 2152 esse
2484 2090 2771 2171 regulam
2828 2092 2976 2154 boni
3036 2095 3419 2176 interpretis,
3480 2103 3551 2158 ut
3608 2105 3767 2162 ἰδιώ-

2125 2220 2268 2272 ματα
2323 2191 2566 2270 linguae
2641 2189 2932 2265 alterius,
2992 2213 3122 2253 suae
3166 2193 3409 2275 lingua
3465 2199 3774 2279 exprimat

2115 2289 2520 2372 proprietate.
2578 2287 2769 2365 Quod
2848 2295 2908 2349 et
2965 2289 3245 2352 Tullium
3297 2294 3362 2353 in
3407 2298 3774 2378 Protagora

2121 2388 2440 2462 Platonis,
2472 2391 2531 2446 et
2585 2387 2650 2446 in
2681 2393 3035 2468 Οἰκονομικῷ
3074 2387 3527 2472 Xenophontis,
3586 2402 3646 2455 et
3702 2397 3770 2458 in

370 2519 565 2561 sacra;
595 2505 946 2560 contextus,
985 2501 1055 2560 In
1112 2499 1508 2585 Ρεειωοιιυφ
1559 2501 1789 2585 fingar}.
1826 2494 2075 2585 libi-0,:2
2101 2484 2561 2585 rQegriosthenis
2642 2490 2858 2546 contra
2914 2487 3283 2550 zEschinem
3338 2493 3620 2554 oratione
3657 2498 3773 2572 fe-

371 2598 488 2659 etsi
545 2597 745 2658 multa
775 2597 1019 2657 diversa
1063 2595 1225 2687 εςίιιίο,Δ

2364 2584 2805 2657 convincimus,
2859 2591 2918 2646 et
2964 2586 3292 2670 Plautum,
3389 2570 3768 2670 Terentium,

371 2695 774 2757 inveniuntur
849 2671 1322 2755 mutuata"°ab:
1359 2671 2033 2771 antiQIia'inlérprEEe.
2062 2671 2585 2764 "Ccecz'liumque
2639 2683 3106 2746 eruditissimos
3151 2687 3345 2769 yiros,
3400 2691 3466 2751 in
3519 2690 3766 2754 Graecis

372 2793 617 2864 Latino,
649 2792 712 2852 id
745 2797 857 2864 est,
921 2791 1383 2882 immutata._in
1417 2789 1735 2882 ἴΡοεεξὶεεξίο

2121 2782 2940 2882 ςσζηρᾷέςξίναηςχὶνεηᾰίς.
3001 2782 3133 2844 Nec
3189 2785 3328 2846 ideo
3383 2789 3527 2868 quis
3592 2790 3768 2852 Lati-

369 2893 546 2974 nymi
575 2890 922 2952 Hebraico:
981 2867 1201 2980 εἰίξιιῖῖᾃ
1357 2867 1842 2980 ζηξξιξξῆῥῇἱὺῑῖζ
1879 2875 2002 2957 tinxi

2120 2867 2268 2945 nam
2296 2867 2589 2963 lin-gnam
2621 2882 3145 2962 angustissimam
3193 2892 3392 2967 putet,
3426 2891 3597 2969 quod
3641 2914 3767 2955 non

369 2968 577 3067 L'egis,
620 2995 753 3048 tum
804 2968 1738 3067 prophetarum:o‘bsei‘vat'um
1800 2983 2016 3061 digno-
2114 2982 2322 3064 possit
2350 2980 2597 3041 verbum
2644 2981 2720 3040 de
2749 2979 2927 3041 verbo
2957 2985 3326 3059 transferre,
3386 2968 3523 3048 cum
3580 2991 3767 3053 etiam

371 3093 502 3146 scet
530 3087 842 3146 studiosus
887 3086 1106 3158 lector,
1167 3086 1276 3163 qui
1307 3104 1449 3145 cum
1507 3102 1672 3144 nova
1717 3082 2012 3159 Hierony-
2053 3161 2085 3168 _
2131 3080 2346 3142 Graeci
2387 3079 2690 3162 pleraque
2763 3085 2979 3140 nostra
3034 3081 3308 3145 circuitu
3354 3091 3771 3168 transferant,

371 3182 586 3244 miana
615 3181 1026 3242 translatione
1071 3161 1280 3259 partes
1333 3179 1701 3259 superstites
1732 3178 2010 3256 antiqua:
2043 3161 2086 3228 Ο
2123 3183 2181 3237 et
2226 3161 2407 3237 verba
2462 3175 2780 3237 Hebraica
2827 3197 2951 3237 non
3008 3161 3542 3262 interpretationis
3613 3161 3771 3264 fide,

370 3280 611 3342 Latinae
667 3299 776 3341 seu
833 3279 1065 3340 Italicae
1123 3280 1426 3340 versionis
1473 3277 1852 3339 contendere
1905 3294 2017 3336 vo-
2124 3278 2236 3338 sed
2264 3278 2503 3358 lingua
2531 3298 2657 3338 suae
2668 3278 3167 3359 proprietatibus
3224 3283 3513 3346 nitantur
3555 3289 3771 3370 expri-

368 3381 578 3442 luerit.
613 3380 918 3459 Exempla
974 3379 1338 3458 hujusmodi
1395 3377 1732 3438 lectionum
1782 3394 2014 3454 suppe-
2124 3396 2308 3438 mere.
2338 3377 2619 3456 Denique
2656 3377 2875 3437 eadem
2906 3396 3155 3459 semper
3181 3382 3522 3446 adnectens
3577 3387 3764 3467 epist.

357 3477 532 3538 .ditat
595 3476 883 3537 collectio
941 3476 1330 3537 canticorum
1400 3475 1738 3554 Scripturae
1794 3490 2011 3544 sacrae,
2125 3475 2264 3547 101,
2323 3473 2401 3534 ad
2460 3472 2966 3547 Pammachium,
3049 3478 3495 3543 translationes
3560 3483 3768 3546 verbis

367 3593 508 3654 quae
557 3574 637 3636 ad
669 3574 860 3634 ﬁnem
910 3574 1199 3634 Psalterii
1255 3572 1749 3651 Hieronymiani,
1783 3588 1859 3630 ex
1907 3589 2018 3630 no-
2122 3572 2308 3633 nimis
2337 3574 2693 3654 obstrictas,
2756 3577 3010 3657 putidas
3057 3583 3242 3643 vocat
3296 3583 3359 3640 et
3402 3585 3766 3658 κακοζήλους.

362 3693 444 3734 va
473 3692 546 3734 ac
603 3673 801 3734 veteri
830 3673 1104 3733 editione
1135 3672 1358 3733 Latina
1413 3671 1744 3752 pr0posuit
1791 3671 2013 3731 doctus
2119 3669 2460 3746 Horatius,
2544 3675 2774 3755 inquit,
2887 3678 2986 3739 vir
3091 3684 3312 3740 acutus
3395 3683 3452 3738 et
3541 3677 3767 3739 doctus

364 3772 461 3832 vir
488 3774 704 3842 Carus,
740 3771 846 3849 qui
881 3775 1100 3832 Romae
1150 3777 1296 3831 ante
1333 3789 1571 3850 paucos
1619 3788 1818 3831 annas
1849 3771 2014 3828 mul-
2120 3767 2234 3829 hoc
2312 3769 2474 3832 idem
2559 3774 2626 3833 in
2708 3780 2843 3834 arte
2909 3777 3159 3858 poetica
3231 3778 3480 3839 erudito
3563 3778 3766 3838 inter-

359 3875 426 3930 ta
455 3867 851 3948 antiquitatis
913 3886 1108 3929 sacrm
1160 3875 1570 3930 monumenta
1627 3867 2007 3929 studiosissi-
2111 3868 2280 3948 preti
2317 3872 2667 3952 pracepit:
2717 3871 2849 3934 Nec
2926 3875 3174 3937 verbum
3253 3877 3431 3938 verbo
3508 3877 3762 3938 curabis

360 3985 459 4028 me
515 3964 915 4044 conquisivit,
949 3971 1010 4026 et
1043 3965 1209 4044 typis
1242 3965 1524 4026 mandari
1557 3965 1818 4025 curavit.
1845 3967 2008 4026 Con-
2117 3966 2377 4026 reddere
2429 3969 2612 4042 ﬁdus
2689 3970 3028 4054 Interpres.
3101 3973 3424 4037 Terentius
3487 3976 3763 4037 Menan-

357 4063 682 4126 suetudini
743 4063 937 4142 igitur
984 4069 1265 4124 veterum
1323 4062 1744 4141 interpretum
1802 4061 1892 4123 ita
1940 4081 2006 4124 se
2116 4064 2326 4144 drum,
2385 4065 2660 4129 Plautus
2707 4075 2766 4129 et
2826 4070 3131 4133 Ccecilius
3189 4081 3417 4136 veteres
3501 4076 3767 4137 comicos

357 4161 825 4242 attemperabat
873 4161 1313 4241 Hieronymus,
1373 4165 1445 4221 ut
1501 4167 1713 4221 tamen
1769 4161 2054 4221 fontem-
2117 4160 2510 4244 interpretati
2537 4173 2707 4228 sunt.
2766 4167 3080 4251 Nunquid
3131 4171 3366 4234 haerent
3412 4173 3480 4235 in
3537 4174 3763 4250 verbis,

357 4259 639 4320 veritatis
711 4278 838 4320 non
895 4258 1233 4335 omitteret,
1296 4259 1531 4320 rivulos
1585 4264 2004 4320 consectatus:

363 4359 502 4417 Hoc
533 4361 644 4432 est,
682 4355 789 4416 ubi
843 4355 1090 4416 nullum
1148 4362 1282 4416 erat
1339 4374 1558 4416 sensus
1614 4361 1725 4416 aut
1780 4354 2008 4416 intelli-

2122 4279 2197 4319 ac
2244 4263 2649 4326 nondecorem
2709 4268 2920 4349 magis
2949 4275 3008 4329 et
3035 4270 3418 4352 elegantiam
3451 4273 3518 4332 in
3547 4279 3765 4334 trans-

2113 4355 2348 4419 latione
2394 4371 2760 4426 conservant
2794 4365 2822 4426 ἰ
2858 4367 3068 4445 Quam
3125 4389 3232 4429 vos
3289 4369 3607 4430 veritatem
3659 4371 3767 4430 in-

356 4454 584 4533 gentiae
617 4454 943 4528 damnum,
994 4453 1178 4514 facile
1235 4453 1561 4532 antiquam
1620 4453 2005 4533 sequebatur
2039 4532 2076 4544 _
2115 4460 2600 4540 terpretationis,
2651 4463 2814 4524 hanc
2856 4466 3098 4526 eruditi
3149 4472 3486 4544 κακοζηλιαν
3518 4487 3766 4529 nuncu-

356 4532 642 4614 Latinam
673 4551 1171 4625 translationem,
1207 4570 1285 4612 ne
1336 4551 1614 4612 novitate
1669 4532 2004 4613 verborum
2039 4532 2082 4600 D
2105 4532 2284 4635 pant.
2318 4560 2564 4621 Laudat
2580 4532 2824 4624 ibidem
2883 4568 3170 4625 sanctum
3256 4532 3593 4640 Hilarium,
3649 4569 3762 4648 qui

356 4656 663 4730 perpetua
691 4649 944 4711 lectoris
972 4649 1246 4710 studium
1279 4650 1642 4710 deterreret.

435 4751 632 4809 Porro
661 4747 988 4810 indecoras
1046 4746 1288 4809 vitabat
1340 4765 1589 4826 semper
1645 4747 2003 4826 Scriptura-

355 4867 495 4910 rum
558 4849 1163 4929 (interpretationes,
1249 4867 1364 4910 nec
1422 4867 1564 4909 cum
1651 4849 2003 4927 Augustino

350 4948 508 5009 bene
555 4948 676 5027 ipsi
733 4947 1023 5009 convenit
1083 4946 1147 5007 in
1179 4946 1296 5007 hac
1327 4952 1506 5026 parte
1537 4953 1793 5007 sanctus
1822 4947 2007 5026 quip-

349 5066 429 5128 pe
485 5047 880 5126 Augustinus
965 5047 1356 5108 soloecismos
1419 5065 1492 5108 ac
1550 5046 2000 5123 barbarismos,

355 5152 709 5224 ceeteraque
766 5144 1100 5206 locutionis
1182 5145 1420 5206 Latinae
1479 5145 1629 5206 vitia
1685 5144 2005 5206 contemni

354 5245 572 5314 voluit,
607 5262 745 5324 quae
778 5261 932 5303 sano
984 5242 1334 5304 intellectui
1391 5243 1548 5303 nihil
1607 5243 1996 5304 detrahunt:

351 5354 414 5407 et
470 5346 611 5406 ideo
641 5344 751 5404 lib.
786 5360 854 5403 In
906 5342 984 5402 de
1013 5343 1313 5403 Doctrina
1371 5342 1730 5404 Christiana
1789 5342 2004 5402 mallet

2115 4655 2410 4717 bomilias
2466 4658 2531 4718 in
2586 4660 2730 4737 Job,
2791 4666 2854 4722 et
2935 4662 3000 4723 in
3080 4663 3371 4726 Psalmos
3450 4671 3758 4728 tractatus

2111 4751 2418 4830 plurimos
2473 4754 2539 4815 in
2591 4757 2884 4820 Latinum
2942 4760 3129 4821 vertit
3187 4780 3222 4824 θ
3280 4764 3547 4825 Graeco:
3609 4764 3763 4844 quia

2111 4870 2239 4913 non
2295 4855 2530 4917 assedit
2582 4855 2806 4919 litteras
2857 4859 3250 4934 dormitanti,
3339 4882 3454 4925 nec
3537 4865 3759 4944 putida

2112 4951 2487 5013 rusticorum
2569 4954 3088 5035 interpretatione
3188 4978 3255 5021 se
3362 4961 3579 5035 torsit;
3649 4962 3759 5023 sed

2111 5050 2292 5127 quasi
2321 5050 2603 5130 captivos
2631 5071 2851 5114 sensus
2878 5054 2943 5115 in
2973 5075 3153 5118 suam
3214 5058 3495 5139 linguam
3557 5061 3762 5121 victo-

2114 5145 2196 5206 ris
2247 5146 2382 5225 jure
2463 5151 2937 5229 transposuerit.
2999 5155 3289 5232 Aquilam
3352 5175 3502 5218 vero
3563 5156 3762 5236 proji-

2111 5243 2220 5322 cit,
2255 5244 2644 5324 proselytum
2675 5251 2738 5307 et
2791 5251 3258 5312 contentiosum
3320 5252 3755 5332 interpretem,

2111 5340 2220 5418 qui
2266 5359 2391 5402 non
2423 5341 2628 5402 solum
2660 5343 2873 5422 verba,
2908 5346 3015 5406 sed
3047 5348 3471 5428 etymologias
3504 5367 3762 5429 quoque

353 5461 496 5503 cum
539 5442 929 5504 barbarismo
961 5440 1087 5519 legi
1121 5440 1327 5520 (Psal.
1361 5457 1652 5519 cxxxvm,
1689 5440 1820 5521 15):
1855 5439 2000 5501 Non
2107 5439 2442 5500 verborum
2475 5439 2811 5504 transferre
2841 5449 3106 5507 conatus
3135 5453 3256 5508 est.
3317 5445 3511 5524 Cujus
3570 5447 3764 5508 inter-

350 5543 443 5598 est
471 5537 906 5599 absconditum
935 5559 972 5597 a
1022 5543 1079 5596 te
1135 5557 1343 5598 ossum
1403 5557 1622 5614 meum,
1683 5555 1872 5617 quam
1931 5557 2000 5597 os
2108 5539 2478 5619 pretationis
2507 5539 2660 5602 vitia
2689 5559 2764 5602 ac
2791 5547 3128 5621 κακοζηλίαν
3191 5545 3466 5607 ostendit
3510 5546 3761 5626 aliquot

353 5654 576 5708 meum,
610 5637 782 5716 quod
812 5642 906 5698 est
945 5635 1151 5698 minus
1190 5640 1501 5716 apertum,
1564 5635 1718 5716 quia
1771 5635 1996 5715 magis,
2108 5637 2433 5717 exemplis,
2495 5655 2620 5700 non
2672 5639 2982 5703 sustinens
3061 5641 3490 5722 importunam
3573 5645 3753 5710 illam
