4060 6190
280 333 360 394 53
1685 327 2300 392 PROLEGOMENA.
3607 334 3686 393 δι

280 463 692 541 diligentiam,
751 482 882 543 qua
937 481 1065 524 non
1124 462 1486 542 appendere
1559 479 1626 522 se
1707 460 1920 536 verba,
1954 464 2007 528 Α
2040 462 2663 524 Commentariorum
2719 463 2784 524 ln
2841 481 2983 544 cap.
3042 479 3119 525 χι
3198 461 3560 540 Ezechielis,
3620 480 3687 523 se

281 562 386 622 sed
443 579 520 621 ea
595 580 929 624 numerare
1004 561 1225 622 lectori
1311 565 1605 638 oportere
1688 559 1932 638 putavit

284 660 537 721 Judaeus
582 661 920 740 interpres.
983 661 1117 720 Nec
1175 664 1514 738 propterea
1559 657 1701 736 quis
1731 656 1934 717 addu-

285 764 477 832 catur,
538 764 610 818 ut
665 759 882 818 credat
945 758 1398 836 Hieronymum
1457 773 1708 816 omnem
1767 754 1934 815 circa

282 855 467 916 verba
524 855 920 934 diligentiam
981 855 1424 934 interpretum,
1485 871 1560 914 ac
1633 852 1934 914 sollicitu-

279 955 486 1015 dinem
551 953 901 1033 aspernari,
968 971 1175 1031 neque
1230 951 1355 1012 illis
1388 951 1735 1030 quidquam
1795 968 1930 1010 cre-

279 1051 510 1112 didisse
566 1053 769 1113 inesse
827 1051 1138 1112 momenti
1193 1049 1270 1111 ad
1323 1049 1570 1110 nativos
1598 1054 1930 1109 auctorum

281 1167 499 1208 sensus
560 1147 1030 1228 exprimendos.
1093 1151 1216 1209 Eos
1271 1146 1462 1225 igitur
1531 1145 1929 1226 potissimum

279 1247 544 1325 castigat
627 1249 692 1308 S.
775 1246 1020 1319 doctor,
1095 1263 1251 1324 quos
1326 1243 1522 1304 nimio
1591 1243 1928 1305 verborum

275 1343 484 1406 studio
569 1343 811 1406 sciebat
891 1343 1234 1405 sententias
1319 1341 1488 1422 ipsas
1546 1348 1924 1421 pervertere.

275 1462 390 1501 non
445 1439 764 1512 debemus,
836 1440 1044 1519 inquit
1104 1441 1184 1502 ad
1246 1443 1444 1501 Sunn.
1479 1443 1542 1500 et
1572 1443 1770 1511 Fret.,
1836 1439 1931 1498 sic

277 1538 520 1600 verbum
552 1539 631 1600 de
659 1537 840 1600 verba
883 1538 1244 1619 euprimere,
1305 1543 1375 1598 ut
1429 1537 1581 1597 dum
1645 1535 1928 1612 syllabas

278 1639 623 1718 sequimur,
718 1636 1067 1718 perdamus
1161 1635 1678 1715 intelligentiam.
1766 1636 1927 1695 Tum

280 1737 460 1814 epist.
523 1736 639 1796 101
695 1734 830 1814 jam
889 1734 1172 1806 laudata,
1232 1733 1313 1793 ad
1374 1731 1854 1792 Pammachium
1907 1748 1921 1791 :

2043 577 2169 619 non
2230 561 2445 621 omnia
2501 561 2653 623 vitia
2710 561 3015 623 sermonis
3070 561 3328 634 vitasse,
3394 560 3685 640 quamvis

2041 675 2115 717 ea
2145 657 2340 735 probe
2370 658 2680 719 novisset:
2712 659 2893 720 Illud
2920 664 3122 720 autem
3153 658 3341 719 semel
3370 657 3684 718 monuisse

2042 755 2354 833 sufficiat,
2429 756 2540 833 ait,
2622 776 2802 816 nosse
2875 777 2966 816 me
3021 756 3294 816 cubitum
3359 761 3418 815 et
3472 754 3681 815 cubita

2041 853 2320 914 neutrali
2375 853 2686 935 appellari
2731 875 2992 934 genere:
3049 855 3160 914 sed
3205 862 3324 935 pro
3367 853 3682 934 simplici-

2041 957 2187 1030 tate,
2244 957 2304 1011 et
2337 952 2667 1029 facilitate
2697 951 3160 1032 intelligentia,
3203 952 3504 1032 vulgique
3531 971 3683 1011 con-

2040 1049 2392 1128 suetudine,
2433 1058 2670 1132 ponere
2696 1057 2756 1110 et
2809 1070 3036 1131 genere
3088 1050 3458 1110 masculino.
3533 1049 3680 1110 Non

2039 1147 2201 1206 enim
2259 1167 2422 1208 cura?
2479 1147 2659 1208 nobis
2714 1153 2807 1207 est
2862 1148 3061 1208 vitare
3105 1167 3442 1207 sermonem
3499 1147 3677 1226 vitia,

2038 1245 2150 1305 sed
2205 1244 2552 1328 Scriptura
2604 1251 2830 1306 sancta
2896 1245 3338 1306 obscuritatem
3420 1244 3683 1325 quibus-

2037 1363 2279 1424 cunque
2375 1343 2580 1404 verbis
2665 1344 2996 1404 disserere.
3077 1343 3430 1405 Verborum
3488 1342 3680 1402 etiam

2037 1442 2558 1521 compositionem
2619 1459 2692 1504 ac
2749 1443 2936 1503 ﬂores
2994 1442 3304 1502 sermonis
3335 1447 3522 1502 vocat
3551 1441 3680 1501 sili-

2037 1557 2195 1616 quas
2251 1540 2435 1618 epist.
2499 1542 2636 1612 146,
2699 1539 2779 1599 ad
2809 1543 3148 1600 Damasum
3209 1555 3482 1618 papam:
3535 1536 3681 1597 Non

2035 1635 2311 1716 ambigo,
2372 1637 2524 1716 quin
2587 1636 2828 1696 inculta
2883 1636 3003 1696 tibi
3059 1641 3290 1696 nostrae
3333 1635 3681 1717 parvitatis

2036 1734 2325 1794 videatur
2378 1734 2624 1794 oratio:
2682 1734 2795 1794 sed
2848 1742 3004 1815 saepe
3053 1739 3351 1794 causatus
3381 1754 3543 1808 sum,
3575 1753 3683 1792 ex-

281 1833 422 1894 Alii
449 1831 734 1900 syllabas
761 1837 1148 1914 aucupentur
1177 1836 1236 1890 et
1265 1830 1540 1909 litteras,
1599 1835 1667 1889 tu
1723 1849 1925 1909 quare
1955 1829 2002 1895 B
2024 1832 2229 1913 poliri
2259 1853 2380 1892 non
2403 1841 2587 1914 posse
2615 1852 2978 1908 sermonem,
3039 1833 3170 1891 nisi
3196 1852 3371 1912 quem
3420 1831 3684 1914 propria

279 1931 641 1992 sententias.
697 1931 936 1994 Servile
986 1931 1110 1992 hoc
1164 1928 1448 1990 vertendi
1506 1946 1704 2006 genus
1756 1928 1927 1988 inse-

277 2035 482 2091 ctatur
539 2035 787 2090 tantum
847 2034 1103 2089 sanctus
1164 2027 1614 2106 Hieronymus,
1677 2043 1792 2087 nec
1820 2044 1929 2087 eos

278 2127 534 2206 culpare
595 2125 797 2187 voluit
851 2127 960 2204 qui
1016 2126 1279 2186 verbum
1337 2125 1533 2184 edunt
1562 2125 1659 2204 [de
1689 2123 1922 2190 verbo;

275 2225 379 2286 sed
461 2223 579 2304 qui
658 2223 966 2285 violenter
1060 2223 1584 2302 interpretantur,
1671 2239 1925 2282 sensum

280 2322 705 2402 relinquentes
777 2320 1073 2382 auctoris.
1135 2323 1268 2381 Hoc
1323 2338 1470 2381 vero
1545 2319 1925 2399 interpreta-

278 2421 461 2480 tionis
490 2419 717 2480 vitium
750 2419 937 2497 plane
979 2436 1124 2479 cum
1176 2419 1562 2497 Hieronymo
1619 2422 1928 2496 respuunt

281 2518 392 2577 viri
443 2517 710 2578 litterati
764 2534 1005 2589 omnes,
1059 2533 1134 2576 ac
1190 2515 1422 2576 summi
1469 2515 1802 2595 pontiﬁces
1859 2515 1924 2576 in

279 2617 404 2676 suis
497 2615 808 2694 epistolis.
911 2614 1222 2675 Praeclare
1319 2614 1487 2674 enim
1585 2613 1925 2692 Gregorius

279 2714 540 2792 Magnus
588 2713 726 2773 haec
776 2712 968 2774 habet
1017 2712 1128 2772 lib.
1182 2728 1316 2786 vm,
1347 2711 1530 2792 epist.
1564 2714 1676 2772 42;
1733 2710 1924 2771 Indi-

275 2830 480 2871 camus
501 2817 831 2892 praeterea,
894 2810 1046 2891 quia
1103 2830 1360 2890 gravem
1417 2807 1524 2869 hic
1553 2807 1923 2887 difficulta-

273 2913 384 2968 tem
415 2909 837 2990 interpretum
859 2908 1165 2990 patimur.
1199 2905 1372 2968 Dum
1403 2907 1565 2967 enim
1596 2927 1718 2967 non
1748 2913 1919 2982 sunt,

273 3006 378 3086 qui
428 3025 685 3067 sensum
743 3006 822 3066 de
873 3024 1061 3066 sensu
1117 3005 1492 3087 exprimunt,
1540 3004 1652 3065 sed
1707 3009 1922 3065 trans-

276 3105 436 3171 ferre
506 3103 957 3185 proprietatem
1038 3111 1274 3184 semper
1356 3102 1594 3180 volunt,
1684 3121 1919 3162 omnem

2041 1950 2262 1990 manus
2319 1930 2655 1990 limaverit.
2707 1929 2929 2010 Itaque
2989 1929 3244 2009 ignosce
3326 1926 3683 1988 dolentibus

2037 2027 2262 2107 oculis,
2297 2028 2368 2088 id
2395 2033 2508 2100 est,
2563 2028 2819 2108 ignosce
2875 2027 3169 2106 dictanti,
3230 2026 3494 2086 maxime
3546 2045 3683 2085 cum

2039 2126 2105 2185 in
2161 2125 2605 2186 ecclesiasticis
2663 2125 2848 2186 rebus
2904 2145 3027 2186 non
3083 2129 3450 2205 quaerantur
3475 2122 3680 2199 verba,

2037 2223 2150 2283 sed
2197 2244 2443 2298 sensus,
2494 2224 2566 2284 id
2619 2229 2736 2297 est,
2777 2222 3058 2305 panibus
3114 2223 3200 2282 sit
3251 2222 3378 2282 vita
3435 2227 3686 2282 susten-

2038 2321 2254 2396 tanda,
2315 2342 2439 2382 non
2495 2321 2780 2402 siliquis.
2841 2321 3179 2383 Paulinum
3236 2321 3490 2381 laudem
3539 2336 3684 2381 cum

2036 2419 2402 2482 hortaretur
2459 2419 2727 2500 epistola
2786 2421 2921 2493 l03,
2982 2425 3052 2480 ut
3105 2437 3239 2480 sese
3295 2419 3360 2478 in
3404 2417 3682 2479 studium

2035 2518 2392 2579 divinarum
2519 2518 2873 2579 litterarum
2993 2516 3360 2590 insinuaret,
3477 2515 3682 2577 noluit

2033 2616 2238 2676 virum
2309 2616 2710 2695 eloquentem
2787 2614 3024 2676 offendi
3089 2613 3492 2692 simplicitate
3548 2631 3682 2673 ser-

2036 2713 2240 2774 monis
2296 2713 2810 2791 Scripturarum:
2865 2710 3054 2786 Nolo,
3116 2711 3344 2790 inquit,
3398 2709 3682 2790 oﬂenda-

2033 2811 2128 2871 ris
2185 2811 2252 2870 in
2305 2810 2660 2892 Scripturis
2715 2811 2956 2870 sanctis
2985 2808 3390 2890 simplicitate
3415 2814 3474 2867 et
3497 2807 3684 2888 quasi

2033 2909 2279 2968 vilitate
2339 2907 2704 2968 verborum:
2764 2926 2898 2987 quas
2953 2907 3047 2966 vel
3076 2907 3229 2966 vitio
3252 2907 3676 2987 interpretum,

2033 3006 2129 3067 vel
2156 3007 2233 3066 de
2265 3006 2589 3066 industria
2620 3005 2714 3065 sic
2735 3004 2991 3088 prolata
3046 3010 3216 3084 sunt,
3251 3011 3320 3064 ut
3376 3004 3679 3064 rusticam

2031 3105 2382 3166 concionem
2443 3103 2722 3181 facilius
2807 3104 3190 3164 instruerent
3243 3123 3256 3164 :
3318 3108 3376 3163 et
3434 3102 3499 3162 in
3559 3121 3682 3162 una

277 3221 524 3261 sensum
557 3201 871 3261 dictorum
901 3201 1318 3268 confundunt.
1365 3201 1536 3262 Unde
1595 3201 1819 3280 agitur
1857 3204 1926 3260 ut
1952 3202 1998 3268 C
2035 3203 2368 3284 eademque
2397 3202 2703 3262 sententia
2733 3201 2923 3262 aliter
2951 3201 3195 3277 dactus,
3249 3200 3441 3261 aliter
3491 3200 3684 3261 audi-

272 3318 335 3358 ea
389 3318 535 3380 quae
590 3298 908 3358 translata
953 3299 1219 3373 fuerint,
1253 3299 1384 3358 nisi
1411 3319 1549 3359 cum
1579 3298 1772 3379 gravi
1824 3297 1922 3358 la-

276 3395 413 3457 bore
454 3396 824 3477 intelligere
878 3395 1058 3458 nullo
1114 3396 1294 3456 modo
1351 3396 1688 3458 valeamus.
1748 3396 1924 3458 Idem

275 3502 333 3556 et
386 3495 698 3557 Nicolaus
755 3513 922 3574 papa
976 3495 1040 3555 in
1089 3494 1358 3574 epistola
1415 3495 1497 3556 ad
1549 3494 1922 3556 Michaelem

274 3593 769 3672 imperatorem:
829 3592 906 3652 Si
960 3591 1247 3653 Latinam
1313 3592 1630 3672 linguam,
1691 3593 1922 3671 inquit,

271 3690 404 3752 ideo
459 3689 796 3752 barbaram
857 3691 1255 3772 nuncupatis,
1315 3690 1610 3770 quoniam
1639 3710 1676 3749 a
1706 3696 1923 3750 trans-

268 3787 582 3850 latoribus
616 3789 683 3848 in
721 3787 1010 3850 Graecam
1041 3788 1375 3848 dictionem
1407 3793 1644 3848 mutata
1691 3787 1922 3848 barba-

267 3887 500 3948 rismos
527 3892 818 3968 generat,
851 3907 972 3946 non
1003 3885 1246 3966 linguae
1274 3885 1534 3964 Latinae,
1566 3885 1679 3946 sed
1732 3885 1916 3966 culpa

266 3990 373 4057 est,
464 3992 536 4046 ut
625 3985 866 4067 opinor,
956 3985 1365 4066 interpretum
1448 3984 1580 4064 qui,
1664 3984 1916 4064 quando

269 4103 504 4144 necesse
563 4088 680 4161 est,
735 4103 858 4144 non
885 4102 1134 4143 sensum
1157 4103 1188 4142 e
1233 4101 1444 4156 sensu,
1477 4082 1588 4142 sed
1617 4081 1920 4142 violenter

268 4180 511 4242 verbum
567 4181 749 4241 edere
803 4186 1110 4242 conantur
1167 4200 1198 4240 e
1252 4179 1453 4242 verbo.
1531 4180 1630 4242 Ad
1699 4199 1919 4242 sensus

265 4297 413 4341 vero
499 4280 738 4340 divinae
822 4279 1165 4358 Scriptura
1237 4279 1681 4357 exprimendos
1758 4279 1916 4340 adeo

266 4382 543 4439 attentus
575 4376 696 4438 fuit
723 4395 798 4438 ac
836 4376 1166 4455 religiosus
1207 4375 1648 4456 Hieronymus,
1710 4383 1780 4436 ut
1835 4376 1916 4437 ab

265 4475 348 4535 eis
398 4475 658 4554 legibus
712 4492 871 4554 quas
927 4473 1439 4546 commemoravi,
1500 4491 1566 4534 se
1604 4473 1740 4553 ipse
1793 4493 1914 4535 sae-

2032 3308 2127 3363 ret
2210 3301 2524 3362 indoctus.
2619 3304 2711 3361 Ex
2797 3301 2916 3374 his,
3022 3300 3087 3360 in
3147 3299 3355 3372 fallor,
3414 3299 3678 3378 planum

2033 3402 2124 3470 fit,
2185 3401 2639 3479 Hieronymum
2697 3398 3079 3476 elegantiam
3152 3403 3226 3459 'et
3281 3402 3674 3459 venustatem

2031 3498 2237 3560 Latini
2309 3497 2531 3558 sermis
2604 3496 2669 3556 in
2736 3496 2864 3556 suis
2935 3495 3453 3557 translationibus
3522 3513 3674 3555 con-

2031 3615 2331 3671 servasse,
2394 3595 2500 3656 ubi
2553 3594 2728 3655 nulla
2776 3602 2910 3656 erat
2973 3597 3050 3656 de
3107 3614 3294 3655 sensu
3353 3595 3665 3655 mutatio:

2031 3713 2148 3756 nec
2201 3693 2495 3755 omnibus
2541 3698 2752 3753 tamen
2830 3693 3227 3754 interdixisse
3310 3709 3674 3754 sermonum

2029 3793 2216 3867 vitiis,
2279 3809 2422 3852 cum
2479 3796 2741 3870 propter
2795 3790 3228 3869 intelligentiae
3305 3789 3673 3851 facilitatem

2029 3897 2092 3953 et
2144 3890 2317 3969 vulgi
2374 3889 2892 3950 consuetudinem
2949 3889 3260 3951 incultum
3319 3889 3470 3968 quid
3525 3887 3674 3948 reti-

2028 3989 2307 4051 nendum
2364 3988 2506 4048 fuit.
2569 3987 2985 4048 Fastidiosam
3062 3988 3256 4066 igitur
3311 3987 3670 4065 ineptorum

2027 4090 2444 4167 interpretum
2507 4085 2905 4146 severitatem
2962 4091 3024 4146 et
3106 4086 3188 4146 ad
3243 4084 3436 4144 verba
3489 4083 3675 4143 vitio-

2027 4205 2161 4248 sam
2237 4182 2670 4246 adhmsionem
2748 4182 3049 4258 exagitat,
3149 4181 3436 4260 plurimis
3523 4179 3678 4241 locis

2025 4281 2362 4354 κακοζηλίαν
2441 4298 2675 4343 vocans
2730 4297 2744 4340 :
2834 4279 3182 4360 simplicem
3237 4297 3388 4341 vero
3445 4278 3678 4358 saepius

2026 4377 2258 4456 stylum
2290 4378 2576 4440 imitatus
2606 4385 2721 4453 est,
2757 4379 2908 4460 quia
2963 4378 3026 4440 in
3085 4376 3428 4457 Scripturis
3483 4377 3677 4438 sacris

2026 4475 2407 4552 simplicium
2469 4478 2665 4537 corda
2739 4477 2951 4538 doceri
3031 4476 3250 4550 voluit,
3309 4493 3436 4536 non
3493 4492 3679 4546 aures

263 4573 521 4652 pissime
581 4569 944 4633 absolverit.
1004 4571 1182 4632 Unde
1240 4570 1482 4631 monuit
1541 4588 1657 4631 nos
1686 4571 1794 4631 lib.
1829 4589 1915 4632 xu
1944 4563 1993 4628 D
2025 4571 2414 4631 curiosorum
2448 4571 2818 4633 demulceri.
2853 4576 2933 4634 At
2961 4573 3039 4634 de
3069 4575 3167 4634 his
3196 4573 3522 4634 hactenus.

1359 4731 2396 4828 PROLEGOMENON
2465 4733 2583 4826 ΙΙ.

841 4870 932 4930 De
957 4871 1244 4947 tempore
1269 4865 1757 4928 translationum
1789 4867 2176 4949 Hieronymi,
2210 4875 2272 4930 et
2301 4886 2518 4931 earum
2551 4886 2668 4930 usu
2701 4865 2766 4928 in
2795 4865 3096 4928 Ecclesia.

262 5061 542 5126 Diverso
591 5071 878 5146 tempore,
929 5082 1040 5146 ne_c
1096 5067 1339 5146 servato
1382 5083 1703 5146 sacrorum
1736 5062 2044 5146 librorum
2093 5064 2317 5146 ordine
2352 5085 2504 5146 suas
2535 5065 2848 5125 versiones
2879 5063 3083 5146 edidit
3112 5061 3564 5146 Hieronymus.
3599 5067 3674 5126 ll.

342 5146 556 5228 Apud
592 5141 951 5228 Griccosac
977 5141 1272 5228 Latina:
1258 5143 1472 5202 statim
1505 5143 1782 5228 leftitari
1810 5149 2136 5228 casperunt.
2159 5145 2293 5228 ΞΠ.-
2332 5144 2712 5228 Hieronymi
2768 5143 3295 5228 translationibus
3351 5146 3682 5228 utebantur

336 5221 643 5286 cobtanei
674 5225 1031 5304 scriptores.
1067 5223 1168 5284 IV.
1217 5221 1504 5304 Tempore
1539 5222 1851 5304 Gregorii
1879 5221 2115 5304 Magni
2140 5223 2426 5284 Ecclesia
2456 5224 2760 5297 Romana,
2798 5244 2951 5304 nova
2982 5244 3054 5283 ex
3082 5223 3368 5302 Hebraeo,
3402 5231 3460 5283 et
3507 5225 3680 5284 anti-

337 5325 468 5385 qua
501 5327 579 5366 ex
614 5305 838 5367 Grzco
868 5302 1427 5385 editionegusa_est.
1589 5302 1961 5385 Gdlliarum
1999 5302 2360 5385 praesertim
2419 5304 2716 5385 Ecclesiae
2772 5303 3318 5385 Hieronjmiaenas
3367 5305 3680 5364 versiones

338 5381 588 5448 caeteris
613 5382 1080 5527 antgponebant.
1117 5383 1218 5444 Vl.
1253 5381 1538 5442 Ecclesia
1568 5383 1880 5445 catholica
1911 5381 2250 5444 versionem
2281 5385 2570 5445 Latinam
2601 5384 2982 5456 Hieronymi
2994 5385 3255 5467 publica
3284 5386 3526 5446 decreto
3563 5405 3682 5445 au-

341 5465 693 5527 thenticam
767 5463 1090 5527 eclaravit.
1125 5468 1182 5522 et
1209 5483 1342 5523 eam
1375 5463 1442 5523 in
1471 5483 1619 5524 suos
1647 5484 1800 5524 usus
1831 5463 2252 5526 adhibendam
2281 5467 2575 5527 decrevit.

341 5465 693 5528 thenticam
720 5463 1090 5541 declaravit,
1125 5468 1182 5522 et
1209 5483 1342 5523 eam
1375 5463 1442 5523 in
1471 5483 1619 5524 suos
1647 5484 1800 5524 usus
1831 5463 2252 5526 adhibendam
2281 5467 2575 5530 decrevit.

339 5585 392 5644 Ι.
430 5585 635 5646 Nemo
663 5582 1090 5645 studiosorum
1121 5584 1236 5651 est,
1271 5579 1379 5657 qui
1409 5580 1647 5640 nesciat
1705 5586 1915 5640 trans-

2027 5585 2350 5660 tempore,
2413 5589 2474 5644 et
2521 5581 2701 5661 quasi
2754 5581 3167 5642 tumultuario
3244 5579 3463 5642 ordine
3522 5599 3676 5643 con-

265 5677 543 5744 lationes
596 5682 906 5744 librorum
960 5695 1284 5739 sacrorum
1340 5677 1593 5738 Latinas
1667 5679 1916 5740 diverso
2026 5679 2189 5740 ditas
2220 5680 2410 5742 fuisse
2443 5680 2522 5741 ab
2557 5681 2959 5759 Hieronymo.
2993 5680 3137 5739 Non
3186 5677 3354 5738 enim
3411 5686 3676 5756 temere,
