  <div class='ocr_page' id='page_1' title='image "/cluster/home/n/w/nwhite01/storage/ocr_20150623/28/hvd.32044052824265/039.png"; bbox 0 0 4060 6190; ppageno 0'>
   <div class='ocr_carea' id='block_1_1' title="bbox 366 319 2607 383">
    <p class='ocr_par' dir='ltr' id='par_1_1' title="bbox 366 319 2607 383">
     <span class='ocr_line' id='line_1_1' title="bbox 366 319 2607 383; baseline -0.001 -1"><span class='ocrx_word' id='word_1_1' title='bbox 366 325 444 383; x_wconf 80' lang='grc'><strong>55</strong></span> <span class='ocrx_word' id='word_1_2' title='bbox 1537 319 1862 383; x_wconf 83' lang='lat' dir='ltr'>PATRUM</span> <span class='ocrx_word' id='word_1_3' title='bbox 1905 319 2607 382; x_wconf 78' lang='lat' dir='ltr'>BENEDIC’I‘INORUM</span> 
     </span>
    </p>
   </div>
   <div class='ocr_carea' id='block_1_2' title="bbox 3692 325 3773 383">
    <p class='ocr_par' dir='ltr' id='par_1_2' title="bbox 3692 325 3773 383">
     <span class='ocr_line' id='line_1_2' title="bbox 3692 325 3773 383; baseline 0.025 -2"><span class='ocrx_word' id='word_1_4' title='bbox 3692 325 3773 383; x_wconf 77' lang='lat'><strong>56</strong></span> 
     </span>
    </p>
   </div>
   <div class='ocr_carea' id='block_1_3' title="bbox 365 453 3775 535">
    <p class='ocr_par' dir='ltr' id='par_1_3' title="bbox 365 453 3775 535">
     <span class='ocr_line' id='line_1_3' title="bbox 365 453 3775 535; baseline 0.001 -22"><span class='ocrx_word' id='word_1_5' title='bbox 365 459 477 514; x_wconf 91' lang='lat' dir='ltr'>aut</span> <span class='ocrx_word' id='word_1_6' title='bbox 558 471 674 513; x_wconf 85' lang='lat' dir='ltr'>sua</span> <span class='ocrx_word' id='word_1_7' title='bbox 757 458 982 532; x_wconf 85' lang='lat' dir='ltr'>sponte</span> <span class='ocrx_word' id='word_1_8' title='bbox 1077 453 1617 532; x_wconf 81' lang='lat' dir='ltr'>interpretabatur</span> <span class='ocrx_word' id='word_1_9' title='bbox 1690 454 2324 520; x_wconf 74' lang='lat' dir='ltr'>voluminaAsancti</span> <span class='ocrx_word' id='word_1_10' title='bbox 2383 453 2632 514; x_wconf 80' lang='lat' dir='ltr'>Damasi</span> <span class='ocrx_word' id='word_1_11' title='bbox 2687 453 2875 514; x_wconf 85' lang='lat' dir='ltr'>fuisse</span> <span class='ocrx_word' id='word_1_12' title='bbox 2931 460 3310 531; x_wconf 89' lang='lat' dir='ltr'>susceptam,</span> <span class='ocrx_word' id='word_1_13' title='bbox 3373 455 3481 516; x_wconf 94' lang='lat' dir='ltr'>sed</span> <span class='ocrx_word' id='word_1_14' title='bbox 3530 455 3775 535; x_wconf 81' lang='lat' dir='ltr'>aliquot</span> 
     </span>
    </p>
   </div>
   <div class='ocr_carea' id='block_1_4' title="bbox 363 551 2007 630">
    <p class='ocr_par' dir='ltr' id='par_1_4' title="bbox 363 551 2007 630">
     <span class='ocr_line' id='line_1_4' title="bbox 363 551 2007 630; baseline -0.001 -17"><span class='ocrx_word' id='word_1_15' title='bbox 363 552 828 630; x_wconf 85' lang='lat' dir='ltr'>Scripturarum</span> <span class='ocrx_word' id='word_1_16' title='bbox 854 570 877 622; x_wconf 88' lang='lat'><em>;</em></span> <span class='ocrx_word' id='word_1_17' title='bbox 938 551 1044 610; x_wconf 92' lang='lat' dir='ltr'>sed</span> <span class='ocrx_word' id='word_1_18' title='bbox 1104 557 1174 609; x_wconf 88' lang='lat' dir='ltr'>ut</span> <span class='ocrx_word' id='word_1_19' title='bbox 1204 558 1339 611; x_wconf 89' lang='lat' dir='ltr'>erat</span> <span class='ocrx_word' id='word_1_20' title='bbox 1368 551 1447 610; x_wconf 89' lang='lat' dir='ltr'>ab</span> <span class='ocrx_word' id='word_1_21' title='bbox 1479 552 1696 612; x_wconf 87' lang='lat' dir='ltr'>amicis</span> <span class='ocrx_word' id='word_1_22' title='bbox 1727 560 2007 629; x_wconf 86' lang='lat' dir='ltr'>rogatus,</span> 
     </span>
    </p>
   </div>
   <div class='ocr_carea' id='block_1_5' title="bbox 368 648 2010 727">
    <p class='ocr_par' dir='ltr' id='par_1_5' title="bbox 368 648 2010 727">
     <span class='ocr_line' id='line_1_5' title="bbox 368 648 2010 727; baseline -0.002 -16"><span class='ocrx_word' id='word_1_23' title='bbox 368 651 468 711; x_wconf 85' lang='lat' dir='ltr'>vel</span> <span class='ocrx_word' id='word_1_24' title='bbox 526 667 564 709; x_wconf 91' lang='lat' dir='ltr'>a</span> <span class='ocrx_word' id='word_1_25' title='bbox 622 649 853 708; x_wconf 75' lang='lat' dir='ltr'>sanctis</span> <span class='ocrx_word' id='word_1_26' title='bbox 909 648 1222 727; x_wconf 87' lang='lat' dir='ltr'>episcopis</span> <span class='ocrx_word' id='word_1_27' title='bbox 1272 650 1505 726; x_wconf 88' lang='lat' dir='ltr'>jussus.</span> <span class='ocrx_word' id='word_1_28' title='bbox 1571 652 1769 709; x_wconf 84' lang='lat' dir='ltr'>Fuere</span> <span class='ocrx_word' id='word_1_29' title='bbox 1800 655 2010 710; x_wconf 90' lang='lat' dir='ltr'>autem</span> 
     </span>
    </p>
   </div>
   <div class='ocr_carea' id='block_1_6' title="bbox 367 745 2012 826">
    <p class='ocr_par' dir='ltr' id='par_1_6' title="bbox 367 745 2012 826">
     <span class='ocr_line' id='line_1_6' title="bbox 367 745 2012 826; baseline -0.001 -19"><span class='ocrx_word' id='word_1_30' title='bbox 367 746 477 826; x_wconf 90' lang='lat' dir='ltr'>qui</span> <span class='ocrx_word' id='word_1_31' title='bbox 535 751 820 807; x_wconf 87' lang='lat' dir='ltr'>sanctum</span> <span class='ocrx_word' id='word_1_32' title='bbox 884 746 1208 806; x_wconf 89' lang='lat' dir='ltr'>doctorem</span> <span class='ocrx_word' id='word_1_33' title='bbox 1255 746 1654 824; x_wconf 80' lang='lat' dir='ltr'>impellerent</span> <span class='ocrx_word' id='word_1_34' title='bbox 1710 745 1787 806; x_wconf 91' lang='lat' dir='ltr'>ad</span> <span class='ocrx_word' id='word_1_35' title='bbox 1821 748 2012 807; x_wconf 89' lang='lat' dir='ltr'>susci-</span> 
     </span>
    </p>
   </div>
   <div class='ocr_carea' id='block_1_7' title="bbox 369 843 2011 924">
    <p class='ocr_par' dir='ltr' id='par_1_7' title="bbox 369 843 2011 924">
     <span class='ocr_line' id='line_1_7' title="bbox 369 843 2011 924; baseline -0.001 -19"><span class='ocrx_word' id='word_1_36' title='bbox 369 844 665 924; x_wconf 88' lang='lat' dir='ltr'>piendam</span> <span class='ocrx_word' id='word_1_37' title='bbox 725 843 1185 923; x_wconf 87' lang='lat' dir='ltr'>prophetarum</span> <span class='ocrx_word' id='word_1_38' title='bbox 1273 843 1774 918; x_wconf 78' lang='lat' dir='ltr'>translationem,</span> <span class='ocrx_word' id='word_1_39' title='bbox 1835 849 2011 904; x_wconf 88' lang='lat' dir='ltr'>ante-</span> 
     </span>
    </p>
   </div>
   <div class='ocr_carea' id='block_1_8' title="bbox 363 941 2007 1021">
    <p class='ocr_par' dir='ltr' id='par_1_8' title="bbox 363 941 2007 1021">
     <span class='ocr_line' id='line_1_8' title="bbox 363 941 2007 1021; baseline -0.001 -19"><span class='ocrx_word' id='word_1_40' title='bbox 363 961 555 1021; x_wconf 85' lang='lat' dir='ltr'>quam</span> <span class='ocrx_word' id='word_1_41' title='bbox 588 941 1006 1002; x_wconf 89' lang='lat' dir='ltr'>Pentateuchi</span> <span class='ocrx_word' id='word_1_42' title='bbox 1038 941 1233 1001; x_wconf 89' lang='lat' dir='ltr'>libros</span> <span class='ocrx_word' id='word_1_43' title='bbox 1285 942 1620 1002; x_wconf 84' lang='lat' dir='ltr'>Latinitate</span> <span class='ocrx_word' id='word_1_44' title='bbox 1675 943 2007 1003; x_wconf 86' lang='lat' dir='ltr'>donasset:</span> 
     </span>
    </p>
   </div>
   <div class='ocr_carea' id='block_1_9' title="bbox 369 1039 2010 1117">
    <p class='ocr_par' dir='ltr' id='par_1_9' title="bbox 369 1039 2010 1117">
     <span class='ocr_line' id='line_1_9' title="bbox 369 1039 2010 1117; baseline -0.001 -17"><span class='ocrx_word' id='word_1_45' title='bbox 369 1047 551 1100; x_wconf 85' lang='lat' dir='ltr'>erant</span> <span class='ocrx_word' id='word_1_46' title='bbox 601 1045 665 1099; x_wconf 89' lang='lat' dir='ltr'>et</span> <span class='ocrx_word' id='word_1_47' title='bbox 719 1039 830 1117; x_wconf 91' lang='lat' dir='ltr'>qui</span> <span class='ocrx_word' id='word_1_48' title='bbox 886 1039 1200 1098; x_wconf 88' lang='lat' dir='ltr'>Samuelis</span> <span class='ocrx_word' id='word_1_49' title='bbox 1231 1057 1303 1098; x_wconf 91' lang='lat' dir='ltr'>ac</span> <span class='ocrx_word' id='word_1_50' title='bbox 1335 1039 1702 1108; x_wconf 89' lang='lat' dir='ltr'>Malachim,</span> <span class='ocrx_word' id='word_1_51' title='bbox 1777 1040 1838 1099; x_wconf 91' lang='lat' dir='ltr'>id</span> <span class='ocrx_word' id='word_1_52' title='bbox 1896 1046 2010 1110; x_wconf 89' lang='lat' dir='ltr'>est,</span> 
     </span>
    </p>
   </div>
   <div class='ocr_carea' id='block_1_10' title="bbox 2123 551 3772 632">
    <p class='ocr_par' dir='ltr' id='par_1_10' title="bbox 2123 551 3772 632">
     <span class='ocr_line' id='line_1_10' title="bbox 2123 551 3772 632; baseline 0.002 -22"><span class='ocrx_word' id='word_1_53' title='bbox 2123 553 2309 610; x_wconf 84' lang='lat' dir='ltr'>etiam</span> <span class='ocrx_word' id='word_1_54' title='bbox 2372 551 2646 611; x_wconf 83' lang='lat' dir='ltr'>decursis</span> <span class='ocrx_word' id='word_1_55' title='bbox 2720 551 2902 611; x_wconf 90' lang='lat' dir='ltr'>annis</span> <span class='ocrx_word' id='word_1_56' title='bbox 2976 570 3049 612; x_wconf 85' lang='lat' dir='ltr'>ex</span> <span class='ocrx_word' id='word_1_57' title='bbox 3108 553 3218 613; x_wconf 90' lang='lat' dir='ltr'>illo</span> <span class='ocrx_word' id='word_1_58' title='bbox 3275 561 3582 631; x_wconf 89' lang='lat' dir='ltr'>tempore,</span> <span class='ocrx_word' id='word_1_59' title='bbox 3643 571 3772 632; x_wconf 92' lang='lat' dir='ltr'>quo</span> 
     </span>
    </p>
   </div>
   <div class='ocr_carea' id='block_1_11' title="bbox 2123 649 3774 728">
    <p class='ocr_par' dir='ltr' id='par_1_11' title="bbox 2123 649 3774 728">
     <span class='ocr_line' id='line_1_11' title="bbox 2123 649 3774 728; baseline 0.004 -21"><span class='ocrx_word' id='word_1_60' title='bbox 2123 667 2346 709; x_wconf 85' lang='lat' dir='ltr'>navem</span> <span class='ocrx_word' id='word_1_61' title='bbox 2435 649 2496 708; x_wconf 92' lang='lat' dir='ltr'>in</span> <span class='ocrx_word' id='word_1_62' title='bbox 2557 651 2838 708; x_wconf 82' lang='lat' dir='ltr'>Romano</span> <span class='ocrx_word' id='word_1_63' title='bbox 2936 655 3119 728; x_wconf 92' lang='lat' dir='ltr'>portu</span> <span class='ocrx_word' id='word_1_64' title='bbox 3176 668 3433 710; x_wconf 90' lang='lat' dir='ltr'>securus</span> <span class='ocrx_word' id='word_1_65' title='bbox 3491 651 3774 713; x_wconf 84' lang='lat' dir='ltr'>ascendit</span> 
     </span>
    </p>
   </div>
   <div class='ocr_carea' id='block_1_12' title="bbox 2121 747 3770 826">
    <p class='ocr_par' dir='ltr' id='par_1_12' title="bbox 2121 747 3770 826">
     <span class='ocr_line' id='line_1_12' title="bbox 2121 747 3770 826; baseline 0.004 -20"><span class='ocrx_word' id='word_1_66' title='bbox 2121 766 2261 806; x_wconf 93' lang='lat' dir='ltr'>cum</span> <span class='ocrx_word' id='word_1_67' title='bbox 2323 751 2540 806; x_wconf 89' lang='lat' dir='ltr'>sancto</span> <span class='ocrx_word' id='word_1_68' title='bbox 2597 747 2929 808; x_wconf 87' lang='lat' dir='ltr'>Vincentio</span> <span class='ocrx_word' id='word_1_69' title='bbox 2987 747 3379 826; x_wconf 89' lang='lat' dir='ltr'>presbytero,</span> <span class='ocrx_word' id='word_1_70' title='bbox 3434 754 3495 808; x_wconf 91' lang='lat' dir='ltr'>et</span> <span class='ocrx_word' id='word_1_71' title='bbox 3552 750 3770 812; x_wconf 88' lang='lat' dir='ltr'>adole-</span> 
     </span>
    </p>
   </div>
   <div class='ocr_carea' id='block_1_13' title="bbox 2119 844 3763 924">
    <p class='ocr_par' dir='ltr' id='par_1_13' title="bbox 2119 844 3763 924">
     <span class='ocr_line' id='line_1_13' title="bbox 2119 844 3763 924; baseline 0.002 -20"><span class='ocrx_word' id='word_1_72' title='bbox 2119 850 2328 904; x_wconf 90' lang='lat' dir='ltr'>scente</span> <span class='ocrx_word' id='word_1_73' title='bbox 2385 845 2601 916; x_wconf 85' lang='lat' dir='ltr'>fratre,</span> <span class='ocrx_word' id='word_1_74' title='bbox 2661 850 2720 904; x_wconf 91' lang='lat' dir='ltr'>et</span> <span class='ocrx_word' id='word_1_75' title='bbox 2780 844 2919 904; x_wconf 88' lang='lat' dir='ltr'>aliis</span> <span class='ocrx_word' id='word_1_76' title='bbox 2981 845 3328 922; x_wconf 85' lang='lat' dir='ltr'>monachis,</span> <span class='ocrx_word' id='word_1_77' title='bbox 3363 847 3473 924; x_wconf 91' lang='lat' dir='ltr'>qui</span> <span class='ocrx_word' id='word_1_78' title='bbox 3505 850 3763 908; x_wconf 85' lang='lat' dir='ltr'>Jeroso-</span> 
     </span>
    </p>
   </div>
   <div class='ocr_carea' id='block_1_14' title="bbox 2121 940 3772 1019">
    <p class='ocr_par' dir='ltr' id='par_1_14' title="bbox 2121 940 3772 1019">
     <span class='ocr_line' id='line_1_14' title="bbox 2121 940 3772 1019; baseline 0.002 -19"><span class='ocrx_word' id='word_1_79' title='bbox 2121 940 2308 1019; x_wconf 71' lang='lat' dir='ltr'>lymre</span> <span class='ocrx_word' id='word_1_80' title='bbox 2344 948 2558 1018; x_wconf 88' lang='lat' dir='ltr'>postea</span> <span class='ocrx_word' id='word_1_81' title='bbox 2590 943 2964 1002; x_wconf 89' lang='lat' dir='ltr'>commorati</span> <span class='ocrx_word' id='word_1_82' title='bbox 2993 943 3312 1003; x_wconf 83' lang='lat' dir='ltr'>dicuntur.</span> <span class='ocrx_word' id='word_1_83' title='bbox 3367 946 3532 1003; x_wconf 89' lang='lat' dir='ltr'>Nam</span> <span class='ocrx_word' id='word_1_84' title='bbox 3593 945 3772 1005; x_wconf 89' lang='lat' dir='ltr'>initio</span> 
     </span>
    </p>
   </div>
   <div class='ocr_carea' id='block_1_15' title="bbox 2125 1039 3771 1118">
    <p class='ocr_par' dir='ltr' id='par_1_15' title="bbox 2125 1039 3771 1118">
     <span class='ocr_line' id='line_1_15' title="bbox 2125 1039 3771 1118; baseline 0.002 -20"><span class='ocrx_word' id='word_1_85' title='bbox 2125 1039 2511 1118; x_wconf 64' lang='lat' dir='ltr'>prmfationis</span> <span class='ocrx_word' id='word_1_86' title='bbox 2568 1058 2697 1099; x_wconf 70' lang='lat' dir='ltr'>suae</span> <span class='ocrx_word' id='word_1_87' title='bbox 2755 1040 2818 1098; x_wconf 92' lang='lat' dir='ltr'>in</span> <span class='ocrx_word' id='word_1_88' title='bbox 2898 1040 3060 1099; x_wconf 91' lang='lat' dir='ltr'>hanc</span> <span class='ocrx_word' id='word_1_89' title='bbox 3115 1041 3528 1118; x_wconf 87' lang='lat' dir='ltr'>posteriorem</span> <span class='ocrx_word' id='word_1_90' title='bbox 3594 1042 3771 1102; x_wconf 83' lang='lat' dir='ltr'>Psal-</span> 
     </span>
    </p>
   </div>
   <div class='ocr_carea' id='block_1_16' title="bbox 367 1137 3778 1216">
    <p class='ocr_par' dir='ltr' id='par_1_16' title="bbox 367 1137 3778 1216">
     <span class='ocr_line' id='line_1_16' title="bbox 367 1137 3778 1216; baseline 0.001 -19"><span class='ocrx_word' id='word_1_91' title='bbox 367 1142 644 1216; x_wconf 91' lang='lat' dir='ltr'>quatuor</span> <span class='ocrx_word' id='word_1_92' title='bbox 732 1141 1089 1214; x_wconf 72' lang='lat' dir='ltr'>Regnorum</span> <span class='ocrx_word' id='word_1_93' title='bbox 1179 1137 1500 1196; x_wconf 85' lang='lat' dir='ltr'>volumina</span> <span class='ocrx_word' id='word_1_94' title='bbox 1586 1138 1807 1197; x_wconf 88' lang='lat' dir='ltr'>Latine</span> <span class='ocrx_word' id='word_1_95' title='bbox 1870 1137 2015 1196; x_wconf 85' lang='lat' dir='ltr'>red-</span> <span class='ocrx_word' id='word_1_96' title='bbox 2128 1155 2371 1196; x_wconf 92' lang='lat' dir='ltr'>morum</span> <span class='ocrx_word' id='word_1_97' title='bbox 2451 1155 2526 1196; x_wconf 83' lang='lat' dir='ltr'>ex</span> <span class='ocrx_word' id='word_1_98' title='bbox 2603 1138 2759 1196; x_wconf 86' lang='lat' dir='ltr'><strong>LXX</strong></span> <span class='ocrx_word' id='word_1_99' title='bbox 2835 1137 3335 1214; x_wconf 86' lang='lat' dir='ltr'>castigationem,</span> <span class='ocrx_word' id='word_1_100' title='bbox 3411 1139 3778 1200; x_wconf 86' lang='lat' dir='ltr'>recordatus</span> 
     </span>
    </p>
   </div>
   <div class='ocr_carea' id='block_1_17' title="bbox 365 1233 3774 1314">
    <p class='ocr_par' dir='ltr' id='par_1_17' title="bbox 365 1233 3774 1314">
     <span class='ocr_line' id='line_1_17' title="bbox 365 1233 3774 1314; baseline 0 -19"><span class='ocrx_word' id='word_1_101' title='bbox 365 1234 578 1296; x_wconf 91' lang='lat' dir='ltr'>denda</span> <span class='ocrx_word' id='word_1_102' title='bbox 609 1240 1046 1314; x_wconf 89' lang='lat' dir='ltr'>procurarent,</span> <span class='ocrx_word' id='word_1_103' title='bbox 1085 1240 1228 1294; x_wconf 87' lang='lat' dir='ltr'>ante</span> <span class='ocrx_word' id='word_1_104' title='bbox 1262 1235 1415 1294; x_wconf 81' lang='lat' dir='ltr'>alias</span> <span class='ocrx_word' id='word_1_105' title='bbox 1463 1233 1799 1314; x_wconf 75' lang='lat' dir='ltr'>Scripturae</span> <span class='ocrx_word' id='word_1_106' title='bbox 1823 1253 2015 1295; x_wconf 70' lang='lat' dir='ltr'>sacrm</span> <span class='ocrx_word' id='word_1_107' title='bbox 2125 1234 2350 1311; x_wconf 86' lang='lat' dir='ltr'>prioris</span> <span class='ocrx_word' id='word_1_108' title='bbox 2409 1233 2870 1293; x_wconf 86' lang='lat' dir='ltr'>emendationis</span> <span class='ocrx_word' id='word_1_109' title='bbox 2927 1234 3078 1294; x_wconf 88' lang='lat' dir='ltr'>dicit</span> <span class='ocrx_word' id='word_1_110' title='bbox 3107 1253 3171 1296; x_wconf 87' lang='lat' dir='ltr'>se</span> <span class='ocrx_word' id='word_1_111' title='bbox 3203 1254 3340 1295; x_wconf 89' lang='lat' dir='ltr'>eam</span> <span class='ocrx_word' id='word_1_112' title='bbox 3387 1236 3624 1296; x_wconf 89' lang='lat' dir='ltr'>dudum</span> <span class='ocrx_word' id='word_1_113' title='bbox 3660 1237 3774 1296; x_wconf 89' lang='lat' dir='ltr'>ab-</span> 
     </span>
    </p>
   </div>
   <div class='ocr_carea' id='block_1_18' title="bbox 365 1331 3779 1412">
    <p class='ocr_par' dir='ltr' id='par_1_18' title="bbox 365 1331 3779 1412">
     <span class='ocr_line' id='line_1_18' title="bbox 365 1331 3779 1412; baseline 0 -19"><span class='ocrx_word' id='word_1_114' title='bbox 365 1351 775 1412; x_wconf 90' lang='lat' dir='ltr'>quascunque</span> <span class='ocrx_word' id='word_1_115' title='bbox 853 1332 1426 1411; x_wconf 86' lang='lat' dir='ltr'>interpretationes.</span> <span class='ocrx_word' id='word_1_116' title='bbox 1505 1333 1660 1392; x_wconf 89' lang='lat' dir='ltr'>Hinc</span> <span class='ocrx_word' id='word_1_117' title='bbox 1729 1333 2013 1411; x_wconf 77' lang='lat' dir='ltr'>contigit,</span> <span class='ocrx_word' id='word_1_118' title='bbox 2125 1332 2422 1390; x_wconf 81' lang='lat' dir='ltr'>solvisse:</span> <span class='ocrx_word' id='word_1_119' title='bbox 2488 1331 2901 1403; x_wconf 69' lang='lat' dir='ltr'>Psalterium,</span> <span class='ocrx_word' id='word_1_120' title='bbox 2961 1332 3187 1409; x_wconf 89' lang='lat' dir='ltr'>inquit,</span> <span class='ocrx_word' id='word_1_121' title='bbox 3249 1332 3488 1392; x_wconf 80' lang='lat' dir='ltr'>dudum</span> <span class='ocrx_word' id='word_1_122' title='bbox 3569 1332 3779 1395; x_wconf 68' lang='lat' dir='ltr'>Romae</span> 
     </span>
    </p>
   </div>
   <div class='ocr_carea' id='block_1_19' title="bbox 365 1428 3777 1508">
    <p class='ocr_par' dir='ltr' id='par_1_19' title="bbox 365 1428 3777 1508">
     <span class='ocr_line' id='line_1_19' title="bbox 365 1428 3777 1508; baseline 0.001 -17"><span class='ocrx_word' id='word_1_123' title='bbox 365 1436 438 1491; x_wconf 88' lang='lat' dir='ltr'>ut</span> <span class='ocrx_word' id='word_1_124' title='bbox 470 1430 646 1490; x_wconf 91' lang='lat' dir='ltr'>nulla</span> <span class='ocrx_word' id='word_1_125' title='bbox 681 1431 841 1491; x_wconf 83' lang='lat' dir='ltr'>sacri</span> <span class='ocrx_word' id='word_1_126' title='bbox 874 1431 1134 1490; x_wconf 88' lang='lat' dir='ltr'>canonis</span> <span class='ocrx_word' id='word_1_127' title='bbox 1168 1437 1415 1491; x_wconf 88' lang='lat' dir='ltr'>servata</span> <span class='ocrx_word' id='word_1_128' title='bbox 1460 1431 1639 1504; x_wconf 88' lang='lat' dir='ltr'>serie,</span> <span class='ocrx_word' id='word_1_129' title='bbox 1687 1432 1898 1492; x_wconf 91' lang='lat' dir='ltr'>omnia</span> <span class='ocrx_word' id='word_1_130' title='bbox 1953 1432 2015 1491; x_wconf 93' lang='lat' dir='ltr'>in</span> <span class='ocrx_word' id='word_1_131' title='bbox 2110 1428 2367 1508; x_wconf 67' lang='lat' dir='ltr'>positus</span> <span class='ocrx_word' id='word_1_132' title='bbox 2397 1429 2817 1501; x_wconf 63' lang='lat' dir='ltr'>amendarunt,</span> <span class='ocrx_word' id='word_1_133' title='bbox 2853 1437 2972 1490; x_wconf 90' lang='lat' dir='ltr'>etc.</span> <span class='ocrx_word' id='word_1_134' title='bbox 3004 1429 3268 1489; x_wconf 81' lang='lat' dir='ltr'><em>Dudum</em></span> <span class='ocrx_word' id='word_1_135' title='bbox 3299 1433 3534 1502; x_wconf 82' lang='lat' dir='ltr'>a&#39;utem,</span> <span class='ocrx_word' id='word_1_136' title='bbox 3571 1439 3641 1492; x_wconf 91' lang='lat' dir='ltr'>ut</span> <span class='ocrx_word' id='word_1_137' title='bbox 3698 1433 3777 1494; x_wconf 93' lang='lat' dir='ltr'>de</span> 
     </span>
    </p>
   </div>
   <div class='ocr_carea' id='block_1_20' title="bbox 367 1528 2018 1607">
    <p class='ocr_par' dir='ltr' id='par_1_20' title="bbox 367 1528 2018 1607">
     <span class='ocr_line' id='line_1_20' title="bbox 367 1528 2018 1607; baseline 0.001 -19"><span class='ocrx_word' id='word_1_138' title='bbox 367 1531 720 1588; x_wconf 84' lang='lat' dir='ltr'>Romanum</span> <span class='ocrx_word' id='word_1_139' title='bbox 753 1546 974 1589; x_wconf 89' lang='lat' dir='ltr'>sonum</span> <span class='ocrx_word' id='word_1_140' title='bbox 1009 1528 1366 1607; x_wconf 90' lang='lat' dir='ltr'>promiscue</span> <span class='ocrx_word' id='word_1_141' title='bbox 1423 1530 1810 1590; x_wconf 89' lang='lat' dir='ltr'>converterit</span> <span class='ocrx_word' id='word_1_142' title='bbox 1864 1529 2018 1590; x_wconf 88' lang='lat' dir='ltr'>Hie-</span> 
     </span>
    </p>
   </div>
   <div class='ocr_carea' id='block_1_21' title="bbox 368 1643 698 1705">
    <p class='ocr_par' dir='ltr' id='par_1_21' title="bbox 368 1643 698 1705">
     <span class='ocr_line' id='line_1_21' title="bbox 368 1643 698 1705; baseline 0.003 -20"><span class='ocrx_word' id='word_1_143' title='bbox 368 1643 698 1705; x_wconf 90' lang='lat' dir='ltr'>ronymus.</span> 
     </span>
    </p>
   </div>
   <div class='ocr_carea' id='block_1_22' title="bbox 2129 1527 3776 1608">
    <p class='ocr_par' dir='ltr' id='par_1_22' title="bbox 2129 1527 3776 1608">
     <span class='ocr_line' id='line_1_22' title="bbox 2129 1527 3776 1608; baseline 0.002 -22"><span class='ocrx_word' id='word_1_144' title='bbox 2129 1545 2344 1605; x_wconf 88' lang='lat' dir='ltr'>parvo,</span> <span class='ocrx_word' id='word_1_145' title='bbox 2403 1527 2490 1586; x_wconf 90' lang='lat' dir='ltr'>sic</span> <span class='ocrx_word' id='word_1_146' title='bbox 2547 1528 2735 1586; x_wconf 91' lang='lat' dir='ltr'>etiam</span> <span class='ocrx_word' id='word_1_147' title='bbox 2795 1528 2871 1587; x_wconf 93' lang='lat' dir='ltr'>de</span> <span class='ocrx_word' id='word_1_148' title='bbox 2907 1527 3253 1606; x_wconf 88' lang='lat' dir='ltr'>longinquo</span> <span class='ocrx_word' id='word_1_149' title='bbox 3312 1534 3594 1608; x_wconf 90' lang='lat' dir='ltr'>tempore</span> <span class='ocrx_word' id='word_1_150' title='bbox 3625 1529 3776 1590; x_wconf 88' lang='lat' dir='ltr'>dici-</span> 
     </span>
    </p>
   </div>
   <div class='ocr_carea' id='block_1_23' title="bbox 2125 1623 3774 1706">
    <p class='ocr_par' dir='ltr' id='par_1_23' title="bbox 2125 1623 3774 1706">
     <span class='ocr_line' id='line_1_23' title="bbox 2125 1623 3774 1706; baseline 0.002 -21"><span class='ocrx_word' id='word_1_151' title='bbox 2125 1630 2249 1686; x_wconf 90' lang='lat' dir='ltr'>tur.</span> <span class='ocrx_word' id='word_1_152' title='bbox 2311 1624 2488 1696; x_wconf 89' lang='lat' dir='ltr'>Quod</span> <span class='ocrx_word' id='word_1_153' title='bbox 2547 1623 2708 1684; x_wconf 90' lang='lat' dir='ltr'>side</span> <span class='ocrx_word' id='word_1_154' title='bbox 2740 1631 3023 1704; x_wconf 87' lang='lat' dir='ltr'>tempore</span> <span class='ocrx_word' id='word_1_155' title='bbox 3079 1626 3426 1706; x_wconf 86' lang='lat' dir='ltr'>longinquo</span> <span class='ocrx_word' id='word_1_156' title='bbox 3455 1628 3774 1706; x_wconf 89' lang='lat' dir='ltr'>intelliga-</span> 
     </span>
    </p>
   </div>
   <div class='ocr_carea' id='block_1_24' title="bbox 2131 1721 3770 1801">
    <p class='ocr_par' dir='ltr' id='par_1_24' title="bbox 2131 1721 3770 1801">
     <span class='ocr_line' id='line_1_24' title="bbox 2131 1721 3770 1801; baseline 0.003 -20"><span class='ocrx_word' id='word_1_157' title='bbox 2131 1741 2291 1795; x_wconf 92' lang='lat' dir='ltr'>mus,</span> <span class='ocrx_word' id='word_1_158' title='bbox 2353 1721 2534 1782; x_wconf 81' lang='lat' dir='ltr'>facile</span> <span class='ocrx_word' id='word_1_159' title='bbox 2604 1729 2742 1801; x_wconf 91' lang='lat' dir='ltr'>post</span> <span class='ocrx_word' id='word_1_160' title='bbox 2808 1741 3007 1784; x_wconf 86' lang='lat' dir='ltr'>annos</span> <span class='ocrx_word' id='word_1_161' title='bbox 3064 1742 3172 1784; x_wconf 82' lang='lat' dir='ltr'>sex</span> <span class='ocrx_word' id='word_1_162' title='bbox 3243 1724 3341 1784; x_wconf 88' lang='lat' dir='ltr'>vel</span> <span class='ocrx_word' id='word_1_163' title='bbox 3398 1732 3540 1785; x_wconf 85' lang='lat' dir='ltr'>octo</span> <span class='ocrx_word' id='word_1_164' title='bbox 3595 1725 3770 1786; x_wconf 91' lang='lat' dir='ltr'>illam</span> 
     </span>
    </p>
   </div>
   <div class='ocr_carea' id='block_1_25' title="bbox 455 1818 3770 1919">
    <p class='ocr_par' dir='ltr' id='par_1_25' title="bbox 455 1818 3770 1919">
     <span class='ocr_line' id='line_1_25' title="bbox 455 1818 3770 1919; baseline 0.001 -39"><span class='ocrx_word' id='word_1_165' title='bbox 455 1840 633 1910; x_wconf 76' lang='lat' dir='ltr'>Quod</span> <span class='ocrx_word' id='word_1_166' title='bbox 689 1839 884 1918; x_wconf 56' lang='lat' dir='ltr'>igitur</span> <span class='ocrx_word' id='word_1_167' title='bbox 943 1845 1185 1919; x_wconf 58' lang='lat' dir='ltr'>spectat</span> <span class='ocrx_word' id='word_1_168' title='bbox 1242 1839 1589 1918; x_wconf 55' lang='lat' dir='ltr'>ejusjuxta</span> <span class='ocrx_word' id='word_1_169' title='bbox 1645 1818 2095 1918; x_wconf 67' lang='lat' dir='ltr'>septuagin_B</span> <span class='ocrx_word' id='word_1_170' title='bbox 2127 1821 2472 1919; x_wconf 82' lang='lat' dir='ltr'>perfectam</span> <span class='ocrx_word' id='word_1_171' title='bbox 2530 1837 2662 1878; x_wconf 88' lang='lat' dir='ltr'>esse</span> <span class='ocrx_word' id='word_1_172' title='bbox 2718 1820 3118 1919; x_wconf 86' lang='lat' dir='ltr'>existimabit,</span> <span class='ocrx_word' id='word_1_173' title='bbox 3159 1821 3442 1899; x_wconf 87' lang='lat' dir='ltr'>quisquis</span> <span class='ocrx_word' id='word_1_174' title='bbox 3499 1821 3579 1881; x_wconf 79' lang='lat' dir='ltr'>ad</span> <span class='ocrx_word' id='word_1_175' title='bbox 3614 1829 3770 1883; x_wconf 90' lang='lat' dir='ltr'>tem-</span> 
     </span>
    </p>
   </div>
   <div class='ocr_carea' id='block_1_26' title="bbox 387 1937 2015 2016">
    <p class='ocr_par' dir='ltr' id='par_1_26' title="bbox 387 1937 2015 2016">
     <span class='ocr_line' id='line_1_26' title="bbox 387 1937 2015 2016; baseline 0.001 -19"><span class='ocrx_word' id='word_1_176' title='bbox 387 1941 452 1998; x_wconf 85' lang='lat' dir='ltr'>ta</span> <span class='ocrx_word' id='word_1_177' title='bbox 506 1939 887 2016; x_wconf 88' lang='lat' dir='ltr'>Interpretes</span> <span class='ocrx_word' id='word_1_178' title='bbox 960 1937 1462 2015; x_wconf 87' lang='lat' dir='ltr'>translationem,</span> <span class='ocrx_word' id='word_1_179' title='bbox 1523 1938 1843 1998; x_wconf 91' lang='lat' dir='ltr'>sciendum</span> <span class='ocrx_word' id='word_1_180' title='bbox 1903 1945 2015 2012; x_wconf 89' lang='lat' dir='ltr'>est,</span> 
     </span>
    </p>
   </div>
   <div class='ocr_carea' id='block_1_27' title="bbox 379 2034 2016 2097">
    <p class='ocr_par' dir='ltr' id='par_1_27' title="bbox 379 2034 2016 2097">
     <span class='ocr_line' id='line_1_27' title="bbox 379 2034 2016 2097; baseline 0.001 -1"><span class='ocrx_word' id='word_1_181' title='bbox 379 2035 755 2096; x_wconf 89' lang='lat' dir='ltr'>Psalterium</span> <span class='ocrx_word' id='word_1_182' title='bbox 815 2043 961 2096; x_wconf 90' lang='lat' dir='ltr'>ante</span> <span class='ocrx_word' id='word_1_183' title='bbox 1017 2041 1246 2096; x_wconf 81' lang='lat' dir='ltr'>caetera</span> <span class='ocrx_word' id='word_1_184' title='bbox 1275 2034 1354 2095; x_wconf 92' lang='lat' dir='ltr'>ab</span> <span class='ocrx_word' id='word_1_185' title='bbox 1385 2053 1460 2095; x_wconf 92' lang='lat' dir='ltr'>eo</span> <span class='ocrx_word' id='word_1_186' title='bbox 1500 2035 1688 2095; x_wconf 86' lang='lat' dir='ltr'>fuisse</span> <span class='ocrx_word' id='word_1_187' title='bbox 1717 2036 2016 2097; x_wconf 89' lang='lat' dir='ltr'>emenda-</span> 
     </span>
    </p>
   </div>
   <div class='ocr_carea' id='block_1_28' title="bbox 374 2133 2018 2212">
    <p class='ocr_par' dir='ltr' id='par_1_28' title="bbox 374 2133 2018 2212">
     <span class='ocr_line' id='line_1_28' title="bbox 374 2133 2018 2212; baseline 0.002 -21"><span class='ocrx_word' id='word_1_188' title='bbox 374 2139 532 2206; x_wconf 91' lang='lat' dir='ltr'>tum,</span> <span class='ocrx_word' id='word_1_189' title='bbox 570 2151 712 2194; x_wconf 93' lang='lat' dir='ltr'>cum</span> <span class='ocrx_word' id='word_1_190' title='bbox 746 2135 962 2193; x_wconf 80' lang='lat' dir='ltr'>Romae</span> <span class='ocrx_word' id='word_1_191' title='bbox 998 2133 1235 2212; x_wconf 86' lang='lat' dir='ltr'>positus</span> <span class='ocrx_word' id='word_1_192' title='bbox 1267 2138 1403 2193; x_wconf 88' lang='lat' dir='ltr'>erat</span> <span class='ocrx_word' id='word_1_193' title='bbox 1444 2139 1728 2212; x_wconf 89' lang='lat' dir='ltr'>tempore</span> <span class='ocrx_word' id='word_1_194' title='bbox 1787 2137 2018 2194; x_wconf 88' lang='lat' dir='ltr'>Dama-</span> 
     </span>
    </p>
   </div>
   <div class='ocr_carea' id='block_1_29' title="bbox 369 2230 2013 2311">
    <p class='ocr_par' dir='ltr' id='par_1_29' title="bbox 369 2230 2013 2311">
     <span class='ocr_line' id='line_1_29' title="bbox 369 2230 2013 2311; baseline 0.001 -22"><span class='ocrx_word' id='word_1_195' title='bbox 369 2231 420 2289; x_wconf 91' lang='lat' dir='ltr'>si</span> <span class='ocrx_word' id='word_1_196' title='bbox 470 2249 673 2310; x_wconf 62' lang='lat' dir='ltr'>papaa,</span> <span class='ocrx_word' id='word_1_197' title='bbox 730 2231 1044 2311; x_wconf 87' lang='lat' dir='ltr'>longeque</span> <span class='ocrx_word' id='word_1_198' title='bbox 1102 2237 1246 2309; x_wconf 90' lang='lat' dir='ltr'>post</span> <span class='ocrx_word' id='word_1_199' title='bbox 1300 2230 1363 2290; x_wconf 91' lang='lat' dir='ltr'>in</span> <span class='ocrx_word' id='word_1_200' title='bbox 1394 2230 1870 2291; x_wconf 89' lang='lat' dir='ltr'>Bethleemitico</span> <span class='ocrx_word' id='word_1_201' title='bbox 1919 2251 2013 2291; x_wconf 86' lang='lat' dir='ltr'>se-</span> 
     </span>
    </p>
   </div>
   <div class='ocr_carea' id='block_1_30' title="bbox 367 2327 2012 2406">
    <p class='ocr_par' dir='ltr' id='par_1_30' title="bbox 367 2327 2012 2406">
     <span class='ocr_line' id='line_1_30' title="bbox 367 2327 2012 2406; baseline 0.002 -20"><span class='ocrx_word' id='word_1_202' title='bbox 367 2344 542 2386; x_wconf 89' lang='lat' dir='ltr'>cessu</span> <span class='ocrx_word' id='word_1_203' title='bbox 578 2329 857 2388; x_wconf 90' lang='lat' dir='ltr'>monitus</span> <span class='ocrx_word' id='word_1_204' title='bbox 887 2347 925 2388; x_wconf 88' lang='lat' dir='ltr'>a</span> <span class='ocrx_word' id='word_1_205' title='bbox 974 2329 1173 2388; x_wconf 89' lang='lat' dir='ltr'>Paula</span> <span class='ocrx_word' id='word_1_206' title='bbox 1203 2335 1265 2388; x_wconf 90' lang='lat' dir='ltr'>et</span> <span class='ocrx_word' id='word_1_207' title='bbox 1291 2327 1651 2400; x_wconf 87' lang='lat' dir='ltr'>Eustochio,</span> <span class='ocrx_word' id='word_1_208' title='bbox 1683 2328 2012 2406; x_wconf 92' lang='lat' dir='ltr'>antiquum</span> 
     </span>
    </p>
   </div>
   <div class='ocr_carea' id='block_1_31' title="bbox 361 2426 2010 2504">
    <p class='ocr_par' dir='ltr' id='par_1_31' title="bbox 361 2426 2010 2504">
     <span class='ocr_line' id='line_1_31' title="bbox 361 2426 2010 2504; baseline 0.002 -21"><span class='ocrx_word' id='word_1_209' title='bbox 361 2441 639 2484; x_wconf 90' lang='lat' dir='ltr'>errorem</span> <span class='ocrx_word' id='word_1_210' title='bbox 723 2426 867 2504; x_wconf 89' lang='lat' dir='ltr'>plus</span> <span class='ocrx_word' id='word_1_211' title='bbox 947 2426 1179 2498; x_wconf 89' lang='lat' dir='ltr'>valere,</span> <span class='ocrx_word' id='word_1_212' title='bbox 1259 2445 1450 2504; x_wconf 91' lang='lat' dir='ltr'>quam</span> <span class='ocrx_word' id='word_1_213' title='bbox 1511 2444 1738 2486; x_wconf 87' lang='lat' dir='ltr'>novam</span> <span class='ocrx_word' id='word_1_214' title='bbox 1797 2445 2010 2486; x_wconf 89' lang='lat' dir='ltr'>emen-</span> 
     </span>
    </p>
   </div>
   <div class='ocr_carea' id='block_1_32' title="bbox 366 2521 2011 2589">
    <p class='ocr_par' dir='ltr' id='par_1_32' title="bbox 366 2521 2011 2589">
     <span class='ocr_line' id='line_1_32' title="bbox 366 2521 2011 2589; baseline 0.003 -8"><span class='ocrx_word' id='word_1_215' title='bbox 366 2521 717 2589; x_wconf 87' lang='lat' dir='ltr'>dationem.</span> <span class='ocrx_word' id='word_1_216' title='bbox 752 2523 1046 2584; x_wconf 88' lang='lat' dir='ltr'>secundis</span> <span class='ocrx_word' id='word_1_217' title='bbox 1104 2522 1268 2584; x_wconf 91' lang='lat' dir='ltr'>curis</span> <span class='ocrx_word' id='word_1_218' title='bbox 1324 2541 1400 2583; x_wconf 85' lang='lat' dir='ltr'>ex</span> <span class='ocrx_word' id='word_1_219' title='bbox 1458 2523 1676 2584; x_wconf 89' lang='lat' dir='ltr'>eodem</span> <span class='ocrx_word' id='word_1_220' title='bbox 1707 2525 2011 2586; x_wconf 88' lang='lat' dir='ltr'>Psalterio</span> 
     </span>
    </p>
   </div>
   <div class='ocr_carea' id='block_1_33' title="bbox 330 2621 2004 2702">
    <p class='ocr_par' dir='ltr' id='par_1_33' title="bbox 330 2621 2004 2702">
     <span class='ocr_line' id='line_1_33' title="bbox 330 2621 2004 2702; baseline 0.002 -22"><span class='ocrx_word' id='word_1_221' title='bbox 330 2626 764 2698; x_wconf 90' lang='lat' dir='ltr'>_renascentes</span> <span class='ocrx_word' id='word_1_222' title='bbox 825 2622 996 2684; x_wconf 88' lang='lat' dir='ltr'>velut</span> <span class='ocrx_word' id='word_1_223' title='bbox 1052 2622 1268 2702; x_wconf 88' lang='lat' dir='ltr'>spinas</span> <span class='ocrx_word' id='word_1_224' title='bbox 1324 2622 1648 2682; x_wconf 88' lang='lat' dir='ltr'>eradicare</span> <span class='ocrx_word' id='word_1_225' title='bbox 1712 2621 2004 2684; x_wconf 88' lang='lat' dir='ltr'>instituit.</span> 
     </span>
    </p>
   </div>
   <div class='ocr_carea' id='block_1_34' title="bbox 355 2720 2007 2799">
    <p class='ocr_par' dir='ltr' id='par_1_34' title="bbox 355 2720 2007 2799">
     <span class='ocr_line' id='line_1_34' title="bbox 355 2720 2007 2799; baseline 0.002 -20"><span class='ocrx_word' id='word_1_226' title='bbox 355 2720 428 2779; x_wconf 88' lang='lat' dir='ltr'>In</span> <span class='ocrx_word' id='word_1_227' title='bbox 487 2739 615 2799; x_wconf 93' lang='lat' dir='ltr'>qua</span> <span class='ocrx_word' id='word_1_228' title='bbox 674 2720 862 2781; x_wconf 91' lang='lat' dir='ltr'>etiam</span> <span class='ocrx_word' id='word_1_229' title='bbox 923 2720 1254 2798; x_wconf 86' lang='lat' dir='ltr'>posteriori</span> <span class='ocrx_word' id='word_1_230' title='bbox 1311 2721 1750 2782; x_wconf 85' lang='lat' dir='ltr'>emendatione</span> <span class='ocrx_word' id='word_1_231' title='bbox 1791 2723 2007 2784; x_wconf 88' lang='lat' dir='ltr'>obclos</span> 
     </span>
    </p>
   </div>
   <div class='ocr_carea' id='block_1_35' title="bbox 353 2816 2005 2896">
    <p class='ocr_par' dir='ltr' id='par_1_35' title="bbox 353 2816 2005 2896">
     <span class='ocr_line' id='line_1_35' title="bbox 353 2816 2005 2896; baseline 0.002 -19"><span class='ocrx_word' id='word_1_232' title='bbox 353 2816 620 2890; x_wconf 90' lang='lat' dir='ltr'>addidit,</span> <span class='ocrx_word' id='word_1_233' title='bbox 682 2824 744 2879; x_wconf 91' lang='lat' dir='ltr'>et</span> <span class='ocrx_word' id='word_1_234' title='bbox 801 2818 1156 2892; x_wconf 89' lang='lat' dir='ltr'>asteriscos,</span> <span class='ocrx_word' id='word_1_235' title='bbox 1217 2818 1446 2896; x_wconf 88' lang='lat' dir='ltr'>quibus</span> <span class='ocrx_word' id='word_1_236' title='bbox 1486 2818 1738 2879; x_wconf 90' lang='lat' dir='ltr'>lectoris</span> <span class='ocrx_word' id='word_1_237' title='bbox 1791 2821 2005 2880; x_wconf 86' lang='lat' dir='ltr'>admo-</span> 
     </span>
    </p>
   </div>
   <div class='ocr_carea' id='block_1_36' title="bbox 353 2916 2000 2995">
    <p class='ocr_par' dir='ltr' id='par_1_36' title="bbox 353 2916 2000 2995">
     <span class='ocr_line' id='line_1_36' title="bbox 353 2916 2000 2995; baseline 0.002 -20"><span class='ocrx_word' id='word_1_238' title='bbox 353 2921 610 2976; x_wconf 89' lang='lat' dir='ltr'>neretur</span> <span class='ocrx_word' id='word_1_239' title='bbox 663 2916 955 2988; x_wconf 91' lang='lat' dir='ltr'>intentio,</span> <span class='ocrx_word' id='word_1_240' title='bbox 1011 2916 1355 2995; x_wconf 89' lang='lat' dir='ltr'>aliquando</span> <span class='ocrx_word' id='word_1_241' title='bbox 1430 2917 1596 2995; x_wconf 87' lang='lat' dir='ltr'>plus,</span> <span class='ocrx_word' id='word_1_242' title='bbox 1682 2916 2000 2978; x_wconf 87' lang='lat' dir='ltr'>interdum</span> 
     </span>
    </p>
   </div>
   <div class='ocr_carea' id='block_1_37' title="bbox 358 3014 2000 3093">
    <p class='ocr_par' dir='ltr' id='par_1_37' title="bbox 358 3014 2000 3093">
     <span class='ocr_line' id='line_1_37' title="bbox 358 3014 2000 3093; baseline 0.003 -21"><span class='ocrx_word' id='word_1_243' title='bbox 358 3014 566 3073; x_wconf 91' lang='lat' dir='ltr'>minus</span> <span class='ocrx_word' id='word_1_244' title='bbox 595 3032 727 3074; x_wconf 91' lang='lat' dir='ltr'>esse</span> <span class='ocrx_word' id='word_1_245' title='bbox 760 3015 928 3093; x_wconf 88' lang='lat' dir='ltr'>apud</span> <span class='ocrx_word' id='word_1_246' title='bbox 961 3014 1397 3092; x_wconf 87' lang='lat' dir='ltr'>Septuaginta,</span> <span class='ocrx_word' id='word_1_247' title='bbox 1448 3033 1639 3092; x_wconf 90' lang='lat' dir='ltr'>quam</span> <span class='ocrx_word' id='word_1_248' title='bbox 1699 3014 1763 3073; x_wconf 91' lang='lat' dir='ltr'>in</span> <span class='ocrx_word' id='word_1_249' title='bbox 1824 3021 2000 3077; x_wconf 84' lang='lat' dir='ltr'>textu</span> 
     </span>
    </p>
   </div>
   <div class='ocr_carea' id='block_1_38' title="bbox 355 3109 1995 3187">
    <p class='ocr_par' dir='ltr' id='par_1_38' title="bbox 355 3109 1995 3187">
     <span class='ocr_line' id='line_1_38' title="bbox 355 3109 1995 3187; baseline 0.002 -18"><span class='ocrx_word' id='word_1_250' title='bbox 355 3110 692 3171; x_wconf 89' lang='lat' dir='ltr'>Hebraico.</span> <span class='ocrx_word' id='word_1_251' title='bbox 781 3114 979 3171; x_wconf 89' lang='lat' dir='ltr'>Porro</span> <span class='ocrx_word' id='word_1_252' title='bbox 1066 3109 1540 3187; x_wconf 88' lang='lat' dir='ltr'>castigationem</span> <span class='ocrx_word' id='word_1_253' title='bbox 1605 3111 1995 3172; x_wconf 89' lang='lat' dir='ltr'>Psalmorum</span> 
     </span>
    </p>
   </div>
   <div class='ocr_carea' id='block_1_39' title="bbox 2131 1917 3771 1998">
    <p class='ocr_par' dir='ltr' id='par_1_39' title="bbox 2131 1917 3771 1998">
     <span class='ocr_line' id='line_1_39' title="bbox 2131 1917 3771 1998; baseline 0.002 -21"><span class='ocrx_word' id='word_1_254' title='bbox 2131 1936 2248 1995; x_wconf 90' lang='lat' dir='ltr'>pus</span> <span class='ocrx_word' id='word_1_255' title='bbox 2305 1917 2525 1995; x_wconf 78' lang='lat' dir='ltr'>primae</span> <span class='ocrx_word' id='word_1_256' title='bbox 2583 1917 3041 1978; x_wconf 85' lang='lat' dir='ltr'>emendationis</span> <span class='ocrx_word' id='word_1_257' title='bbox 3096 1937 3443 1998; x_wconf 86' lang='lat' dir='ltr'>recurrens,</span> <span class='ocrx_word' id='word_1_258' title='bbox 3504 1920 3771 1996; x_wconf 87' lang='lat' dir='ltr'>gradum</span> 
     </span>
    </p>
   </div>
   <div class='ocr_carea' id='block_1_40' title="bbox 2125 2014 3770 2095">
    <p class='ocr_par' dir='ltr' id='par_1_40' title="bbox 2125 2014 3770 2095">
     <span class='ocr_line' id='line_1_40' title="bbox 2125 2014 3770 2095; baseline 0.002 -21"><span class='ocrx_word' id='word_1_259' title='bbox 2125 2015 2353 2074; x_wconf 85' lang='lat' dir='ltr'>stiterit</span> <span class='ocrx_word' id='word_1_260' title='bbox 2408 2014 2471 2072; x_wconf 91' lang='lat' dir='ltr'>in</span> <span class='ocrx_word' id='word_1_261' title='bbox 2529 2031 2695 2074; x_wconf 91' lang='lat' dir='ltr'>anno</span> <span class='ocrx_word' id='word_1_262' title='bbox 2755 2015 2986 2076; x_wconf 87' lang='lat' dir='ltr'>Christi</span> <span class='ocrx_word' id='word_1_263' title='bbox 3041 2017 3480 2078; x_wconf 86' lang='lat' dir='ltr'>trecentesimo</span> <span class='ocrx_word' id='word_1_264' title='bbox 3513 2023 3770 2095; x_wconf 88' lang='lat' dir='ltr'>octoge-</span> 
     </span>
    </p>
   </div>
   <div class='ocr_carea' id='block_1_41' title="bbox 2124 2111 3773 2192">
    <p class='ocr_par' dir='ltr' id='par_1_41' title="bbox 2124 2111 3773 2192">
     <span class='ocr_line' id='line_1_41' title="bbox 2124 2111 3773 2192; baseline 0.002 -20"><span class='ocrx_word' id='word_1_265' title='bbox 2124 2112 2283 2173; x_wconf 92' lang='lat' dir='ltr'>simo</span> <span class='ocrx_word' id='word_1_266' title='bbox 2341 2113 2548 2185; x_wconf 87' lang='lat' dir='ltr'>tertio,</span> <span class='ocrx_word' id='word_1_267' title='bbox 2607 2111 2672 2172; x_wconf 90' lang='lat' dir='ltr'>in</span> <span class='ocrx_word' id='word_1_268' title='bbox 2703 2131 2828 2192; x_wconf 94' lang='lat' dir='ltr'>quo</span> <span class='ocrx_word' id='word_1_269' title='bbox 2885 2113 3225 2176; x_wconf 87' lang='lat' dir='ltr'>verisimile</span> <span class='ocrx_word' id='word_1_270' title='bbox 3260 2122 3353 2176; x_wconf 88' lang='lat' dir='ltr'>cst</span> <span class='ocrx_word' id='word_1_271' title='bbox 3397 2116 3773 2176; x_wconf 85' lang='lat' dir='ltr'>Psalterium</span> 
     </span>
    </p>
   </div>
   <div class='ocr_carea' id='block_1_42' title="bbox 2124 2210 3777 2289">
    <p class='ocr_par' dir='ltr' id='par_1_42' title="bbox 2124 2210 3777 2289">
     <span class='ocr_line' id='line_1_42' title="bbox 2124 2210 3777 2289; baseline 0.002 -18"><span class='ocrx_word' id='word_1_272' title='bbox 2124 2211 2204 2271; x_wconf 91' lang='lat' dir='ltr'>ab</span> <span class='ocrx_word' id='word_1_273' title='bbox 2235 2211 2616 2289; x_wconf 89' lang='lat' dir='ltr'>Hieronymo</span> <span class='ocrx_word' id='word_1_274' title='bbox 2648 2210 2839 2271; x_wconf 89' lang='lat' dir='ltr'>fuisse</span> <span class='ocrx_word' id='word_1_275' title='bbox 2875 2212 3146 2289; x_wconf 89' lang='lat' dir='ltr'>primum</span> <span class='ocrx_word' id='word_1_276' title='bbox 3203 2217 3422 2273; x_wconf 65' lang='lat' dir='ltr'>Romae</span> <span class='ocrx_word' id='word_1_277' title='bbox 3485 2213 3777 2275; x_wconf 84' lang='lat' dir='ltr'>emenda-</span> 
     </span>
    </p>
   </div>
   <div class='ocr_carea' id='block_1_43' title="bbox 2125 2307 3766 2386">
    <p class='ocr_par' dir='ltr' id='par_1_43' title="bbox 2125 2307 3766 2386">
     <span class='ocr_line' id='line_1_43' title="bbox 2125 2307 3766 2386; baseline 0.002 -18"><span class='ocrx_word' id='word_1_278' title='bbox 2125 2313 2284 2368; x_wconf 92' lang='lat' dir='ltr'>tum.</span> <span class='ocrx_word' id='word_1_279' title='bbox 2343 2311 2464 2367; x_wconf 89' lang='lat' dir='ltr'>Pro</span> <span class='ocrx_word' id='word_1_280' title='bbox 2522 2307 2726 2386; x_wconf 91' lang='lat' dir='ltr'>prima</span> <span class='ocrx_word' id='word_1_281' title='bbox 2785 2308 3001 2386; x_wconf 87' lang='lat' dir='ltr'>itaque</span> <span class='ocrx_word' id='word_1_282' title='bbox 3058 2309 3458 2371; x_wconf 90' lang='lat' dir='ltr'>Psalmorum</span> <span class='ocrx_word' id='word_1_283' title='bbox 3510 2311 3766 2372; x_wconf 87' lang='lat' dir='ltr'>Latino-</span> 
     </span>
    </p>
   </div>
   <div class='ocr_carea' id='block_1_44' title="bbox 2121 2404 3769 2482">
    <p class='ocr_par' dir='ltr' id='par_1_44' title="bbox 2121 2404 3769 2482">
     <span class='ocr_line' id='line_1_44' title="bbox 2121 2404 3769 2482; baseline 0.003 -17"><span class='ocrx_word' id='word_1_284' title='bbox 2121 2425 2258 2465; x_wconf 87' lang='lat' dir='ltr'>rum</span> <span class='ocrx_word' id='word_1_285' title='bbox 2319 2404 2754 2482; x_wconf 89' lang='lat' dir='ltr'>castigatione,</span> <span class='ocrx_word' id='word_1_286' title='bbox 2808 2423 2949 2482; x_wconf 66' lang='lat' dir='ltr'>qua:</span> <span class='ocrx_word' id='word_1_287' title='bbox 3003 2407 3238 2466; x_wconf 92' lang='lat' dir='ltr'>cursim</span> <span class='ocrx_word' id='word_1_288' title='bbox 3302 2426 3339 2468; x_wconf 91' lang='lat' dir='ltr'>a</span> <span class='ocrx_word' id='word_1_289' title='bbox 3396 2412 3460 2468; x_wconf 91' lang='lat' dir='ltr'>S.</span> <span class='ocrx_word' id='word_1_290' title='bbox 3498 2411 3769 2470; x_wconf 89' lang='lat' dir='ltr'>Doctore</span> 
     </span>
    </p>
   </div>
   <div class='ocr_carea' id='block_1_45' title="bbox 2119 2503 3772 2579">
    <p class='ocr_par' dir='ltr' id='par_1_45' title="bbox 2119 2503 3772 2579">
     <span class='ocr_line' id='line_1_45' title="bbox 2119 2503 3772 2579; baseline 0.002 -17"><span class='ocrx_word' id='word_1_291' title='bbox 2119 2505 2286 2563; x_wconf 84' lang='lat' dir='ltr'>facta</span> <span class='ocrx_word' id='word_1_292' title='bbox 2343 2503 2594 2579; x_wconf 90' lang='lat' dir='ltr'>dicitur,</span> <span class='ocrx_word' id='word_1_293' title='bbox 2655 2520 2860 2562; x_wconf 90' lang='lat' dir='ltr'>annus</span> <span class='ocrx_word' id='word_1_294' title='bbox 2917 2504 3146 2564; x_wconf 86' lang='lat' dir='ltr'>Christi</span> <span class='ocrx_word' id='word_1_295' title='bbox 3177 2507 3320 2578; x_wconf 79' lang='grc'>383,</span> <span class='ocrx_word' id='word_1_296' title='bbox 3361 2505 3460 2564; x_wconf 91' lang='lat' dir='ltr'>vel</span> <span class='ocrx_word' id='word_1_297' title='bbox 3491 2507 3632 2578; x_wconf 76' lang='lat'>384,</span> <span class='ocrx_word' id='word_1_298' title='bbox 3668 2525 3772 2566; x_wconf 84' lang='lat' dir='ltr'>as-</span> 
     </span>
    </p>
   </div>
   <div class='ocr_carea' id='block_1_46' title="bbox 2117 2597 3770 2680">
    <p class='ocr_par' dir='ltr' id='par_1_46' title="bbox 2117 2597 3770 2680">
     <span class='ocr_line' id='line_1_46' title="bbox 2117 2597 3770 2680; baseline 0.002 -19"><span class='ocrx_word' id='word_1_299' title='bbox 2117 2601 2462 2679; x_wconf 87' lang='lat' dir='ltr'>signandus</span> <span class='ocrx_word' id='word_1_300' title='bbox 2520 2597 2730 2659; x_wconf 84' lang='lat' dir='ltr'>venit:</span> <span class='ocrx_word' id='word_1_301' title='bbox 2794 2620 2908 2678; x_wconf 91' lang='lat' dir='ltr'>pro</span> <span class='ocrx_word' id='word_1_302' title='bbox 2966 2601 3167 2663; x_wconf 87' lang='lat' dir='ltr'>altera</span> <span class='ocrx_word' id='word_1_303' title='bbox 3223 2621 3391 2675; x_wconf 91' lang='lat' dir='ltr'>vero,</span> <span class='ocrx_word' id='word_1_304' title='bbox 3450 2622 3590 2680; x_wconf 66' lang='lat' dir='ltr'>qua:</span> <span class='ocrx_word' id='word_1_305' title='bbox 3654 2603 3770 2664; x_wconf 90' lang='lat' dir='ltr'>ha-</span> 
     </span>
    </p>
   </div>
   <div class='ocr_carea' id='block_1_47' title="bbox 2116 2699 3772 2790">
    <p class='ocr_par' dir='ltr' id='par_1_47' title="bbox 2116 2699 3772 2790">
     <span class='ocr_line' id='line_1_47' title="bbox 2116 2699 3772 2790; baseline 0.002 -31"><span class='ocrx_word' id='word_1_306' title='bbox 2116 2700 2254 2760; x_wconf 89' lang='lat' dir='ltr'>buit</span> <span class='ocrx_word' id='word_1_307' title='bbox 2279 2699 2610 2760; x_wconf 87' lang='lat' dir='ltr'>asteriscos</span> <span class='ocrx_word' id='word_1_308' title='bbox 2748 2705 2810 2758; x_wconf 87' lang='lat' dir='ltr'>et</span> <span class='ocrx_word' id='word_1_309' title='bbox 2838 2701 3053 2760; x_wconf 88' lang='lat' dir='ltr'>obelos</span> <span class='ocrx_word' id='word_1_310' title='bbox 3082 2718 3137 2776; x_wconf 74' lang='grc' dir='ltr'>..ξ</span> <span class='ocrx_word' id='word_1_311' title='bbox 3159 2747 3173 2772; x_wconf 90' lang='grc'><em>,</em></span> <span class='ocrx_word' id='word_1_312' title='bbox 3210 2720 3412 2761; x_wconf 90' lang='lat' dir='ltr'>annus</span> <span class='ocrx_word' id='word_1_313' title='bbox 3464 2701 3772 2779; x_wconf 82' lang='lat' dir='ltr'>assignari</span> 
     </span>
    </p>
   </div>
   <div class='ocr_carea' id='block_1_48' title="bbox 2117 2780 3770 2895">
    <p class='ocr_par' dir='ltr' id='par_1_48' title="bbox 2117 2780 3770 2895">
     <span class='ocr_line' id='line_1_48' title="bbox 2117 2780 3770 2895; baseline 0.002 -21"><span class='ocrx_word' id='word_1_314' title='bbox 2117 2821 2323 2894; x_wconf 90' lang='lat' dir='ltr'>potest</span> <span class='ocrx_word' id='word_1_315' title='bbox 2398 2816 2536 2890; x_wconf 88' lang='lat'>389,</span> <span class='ocrx_word' id='word_1_316' title='bbox 2625 2780 2736 2881; x_wconf 70' lang='lat' dir='ltr'>aut</span> <span class='ocrx_word' id='word_1_317' title='bbox 2811 2819 2950 2879; x_wconf 88' lang='lat'>390.</span> <span class='ocrx_word' id='word_1_318' title='bbox 3032 2819 3210 2877; x_wconf 86' lang='lat' dir='ltr'>Certe</span> <span class='ocrx_word' id='word_1_319' title='bbox 3269 2817 3577 2895; x_wconf 87' lang='lat' dir='ltr'>posterior</span> <span class='ocrx_word' id='word_1_320' title='bbox 3635 2817 3770 2877; x_wconf 62' lang='lat' dir='ltr'>haec</span> 
     </span>
    </p>
   </div>
   <div class='ocr_carea' id='block_1_49' title="bbox 2113 2914 3772 2996">
    <p class='ocr_par' dir='ltr' id='par_1_49' title="bbox 2113 2914 3772 2996">
     <span class='ocr_line' id='line_1_49' title="bbox 2113 2914 3772 2996; baseline 0.001 -23"><span class='ocrx_word' id='word_1_321' title='bbox 2113 2914 2476 2975; x_wconf 87' lang='lat' dir='ltr'>emendatio</span> <span class='ocrx_word' id='word_1_322' title='bbox 2540 2919 2738 2978; x_wconf 79' lang='lat' dir='ltr'>serius</span> <span class='ocrx_word' id='word_1_323' title='bbox 2813 2914 3098 2996; x_wconf 87' lang='lat' dir='ltr'>protrahi</span> <span class='ocrx_word' id='word_1_324' title='bbox 3168 2933 3293 2974; x_wconf 86' lang='lat' dir='ltr'>non</span> <span class='ocrx_word' id='word_1_325' title='bbox 3351 2914 3518 2974; x_wconf 87' lang='lat' dir='ltr'>valet</span> <span class='ocrx_word' id='word_1_326' title='bbox 3578 2931 3772 2993; x_wconf 91' lang='lat' dir='ltr'>quam</span> 
     </span>
    </p>
   </div>
   <div class='ocr_carea' id='block_1_50' title="bbox 2109 3011 3746 3090">
    <p class='ocr_par' dir='ltr' id='par_1_50' title="bbox 2109 3011 3746 3090">
     <span class='ocr_line' id='line_1_50' title="bbox 2109 3011 3746 3090; baseline 0.001 -19"><span class='ocrx_word' id='word_1_327' title='bbox 2109 3011 2174 3071; x_wconf 93' lang='lat' dir='ltr'>in</span> <span class='ocrx_word' id='word_1_328' title='bbox 2233 3032 2468 3073; x_wconf 89' lang='lat' dir='ltr'>annum</span> <span class='ocrx_word' id='word_1_329' title='bbox 2524 3015 2751 3076; x_wconf 90' lang='lat' dir='ltr'>Christi</span> <span class='ocrx_word' id='word_1_330' title='bbox 2809 3012 3320 3075; x_wconf 87' lang='lat' dir='ltr'>trecentesimum</span> <span class='ocrx_word' id='word_1_331' title='bbox 3407 3012 3746 3090; x_wconf 81' lang='lat' dir='ltr'>nonagesi-</span> 
     </span>
    </p>
   </div>
   <div class='ocr_carea' id='block_1_51' title="bbox 2113 3106 3772 3188">
    <p class='ocr_par' dir='ltr' id='par_1_51' title="bbox 2113 3106 3772 3188">
     <span class='ocr_line' id='line_1_51' title="bbox 2113 3106 3772 3188; baseline 0.001 -20"><span class='ocrx_word' id='word_1_332' title='bbox 2113 3127 2324 3169; x_wconf 91' lang='lat' dir='ltr'>mum:</span> <span class='ocrx_word' id='word_1_333' title='bbox 2385 3112 2534 3188; x_wconf 88' lang='lat' dir='ltr'>quia</span> <span class='ocrx_word' id='word_1_334' title='bbox 2591 3113 2881 3173; x_wconf 86' lang='lat' dir='ltr'>Psalterii</span> <span class='ocrx_word' id='word_1_335' title='bbox 2938 3110 3232 3170; x_wconf 89' lang='lat' dir='ltr'>Hebraici</span> <span class='ocrx_word' id='word_1_336' title='bbox 3280 3106 3610 3170; x_wconf 81' lang='lat' dir='ltr'>translatio</span> <span class='ocrx_word' id='word_1_337' title='bbox 3655 3112 3772 3170; x_wconf 93' lang='lat' dir='ltr'>La-</span> 
     </span>
    </p>
   </div>
   <div class='ocr_carea' id='block_1_52' title="bbox 354 3184 3752 3290">
    <p class='ocr_par' dir='ltr' id='par_1_52' title="bbox 354 3184 3752 3290">
     <span class='ocr_line' id='line_1_52' title="bbox 354 3184 3752 3290; baseline 0 -24"><span class='ocrx_word' id='word_1_338' title='bbox 354 3208 628 3285; x_wconf 89' lang='lat' dir='ltr'>priorem</span> <span class='ocrx_word' id='word_1_339' title='bbox 685 3207 1077 3268; x_wconf 83' lang='lat' dir='ltr'>elaboratam</span> <span class='ocrx_word' id='word_1_340' title='bbox 1154 3207 1467 3267; x_wconf 88' lang='lat' dir='ltr'>credimus</span> <span class='ocrx_word' id='word_1_341' title='bbox 1534 3207 1700 3268; x_wconf 92' lang='lat' dir='ltr'>circa</span> <span class='ocrx_word' id='word_1_342' title='bbox 1756 3227 1991 3270; x_wconf 92' lang='lat' dir='ltr'>annum</span> <span class='ocrx_word' id='word_1_343' title='bbox 2027 3184 2070 3251; x_wconf 78' lang='lat' dir='ltr'><strong>C</strong></span> <span class='ocrx_word' id='word_1_344' title='bbox 2108 3208 2240 3266; x_wconf 90' lang='lat' dir='ltr'>tina</span> <span class='ocrx_word' id='word_1_345' title='bbox 2272 3207 2350 3266; x_wconf 88' lang='lat' dir='ltr'>ab</span> <span class='ocrx_word' id='word_1_346' title='bbox 2380 3209 2762 3290; x_wconf 91' lang='lat' dir='ltr'>Hieronymo</span> <span class='ocrx_word' id='word_1_347' title='bbox 2794 3209 3082 3270; x_wconf 86' lang='lat' dir='ltr'>absoluta</span> <span class='ocrx_word' id='word_1_348' title='bbox 3116 3216 3211 3268; x_wconf 87' lang='lat' dir='ltr'>est</span> <span class='ocrx_word' id='word_1_349' title='bbox 3255 3225 3421 3266; x_wconf 92' lang='lat' dir='ltr'>anno</span> <span class='ocrx_word' id='word_1_350' title='bbox 3479 3207 3598 3268; x_wconf 91' lang='lat'>390</span> <span class='ocrx_word' id='word_1_351' title='bbox 3653 3208 3752 3267; x_wconf 89' lang='lat' dir='ltr'>vel</span> 
     </span>
    </p>
   </div>
   <div class='ocr_carea' id='block_1_53' title="bbox 354 3303 1993 3383">
    <p class='ocr_par' dir='ltr' id='par_1_53' title="bbox 354 3303 1993 3383">
     <span class='ocr_line' id='line_1_53' title="bbox 354 3303 1993 3383; baseline 0.002 -19"><span class='ocrx_word' id='word_1_352' title='bbox 354 3303 584 3364; x_wconf 88' lang='lat' dir='ltr'>Christi</span> <span class='ocrx_word' id='word_1_353' title='bbox 663 3304 1169 3365; x_wconf 90' lang='lat' dir='ltr'>trecentesimum</span> <span class='ocrx_word' id='word_1_354' title='bbox 1244 3304 1697 3383; x_wconf 88' lang='lat' dir='ltr'>octogesimum</span> <span class='ocrx_word' id='word_1_355' title='bbox 1777 3325 1993 3367; x_wconf 89' lang='lat' dir='ltr'>secun-</span> 
     </span>
    </p>
   </div>
   <div class='ocr_carea' id='block_1_54' title="bbox 349 3402 1984 3482">
    <p class='ocr_par' dir='ltr' id='par_1_54' title="bbox 349 3402 1984 3482">
     <span class='ocr_line' id='line_1_54' title="bbox 349 3402 1984 3482; baseline 0.003 -22"><span class='ocrx_word' id='word_1_356' title='bbox 349 3402 526 3478; x_wconf 92' lang='lat' dir='ltr'>dum,</span> <span class='ocrx_word' id='word_1_357' title='bbox 559 3402 656 3463; x_wconf 86' lang='lat' dir='ltr'>vel</span> <span class='ocrx_word' id='word_1_358' title='bbox 685 3402 1138 3480; x_wconf 89' lang='lat' dir='ltr'>octogesimum</span> <span class='ocrx_word' id='word_1_359' title='bbox 1173 3402 1449 3462; x_wconf 91' lang='lat' dir='ltr'>tertium.</span> <span class='ocrx_word' id='word_1_360' title='bbox 1483 3405 1659 3463; x_wconf 89' lang='lat' dir='ltr'>Tunc</span> <span class='ocrx_word' id='word_1_361' title='bbox 1707 3422 1984 3482; x_wconf 79' lang='lat' dir='ltr'>namque</span> 
     </span>
    </p>
   </div>
   <div class='ocr_carea' id='block_1_55' title="bbox 347 3499 1993 3578">
    <p class='ocr_par' dir='ltr' id='par_1_55' title="bbox 347 3499 1993 3578">
     <span class='ocr_line' id='line_1_55' title="bbox 347 3499 1993 3578; baseline 0.002 -19"><span class='ocrx_word' id='word_1_362' title='bbox 347 3499 609 3560; x_wconf 88' lang='lat' dir='ltr'>celebris</span> <span class='ocrx_word' id='word_1_363' title='bbox 640 3505 859 3562; x_wconf 78' lang='lat' dir='ltr'>Romae</span> <span class='ocrx_word' id='word_1_364' title='bbox 892 3501 1059 3578; x_wconf 90' lang='lat' dir='ltr'>apud</span> <span class='ocrx_word' id='word_1_365' title='bbox 1109 3517 1329 3560; x_wconf 90' lang='lat' dir='ltr'>omnes</span> <span class='ocrx_word' id='word_1_366' title='bbox 1387 3500 1743 3561; x_wconf 79' lang='lat' dir='ltr'>habebatur</span> <span class='ocrx_word' id='word_1_367' title='bbox 1799 3503 1993 3562; x_wconf 88' lang='lat' dir='ltr'>scien-</span> 
     </span>
    </p>
   </div>
   <div class='ocr_carea' id='block_1_56' title="bbox 348 3597 1994 3676">
    <p class='ocr_par' dir='ltr' id='par_1_56' title="bbox 348 3597 1994 3676">
     <span class='ocr_line' id='line_1_56' title="bbox 348 3597 1994 3676; baseline 0.003 -20"><span class='ocrx_word' id='word_1_368' title='bbox 348 3597 436 3656; x_wconf 91' lang='lat' dir='ltr'>tia</span> <span class='ocrx_word' id='word_1_369' title='bbox 521 3597 872 3658; x_wconf 89' lang='lat' dir='ltr'>divinarum</span> <span class='ocrx_word' id='word_1_370' title='bbox 961 3597 1454 3676; x_wconf 89' lang='lat' dir='ltr'>Scripturarum,</span> <span class='ocrx_word' id='word_1_371' title='bbox 1510 3605 1572 3658; x_wconf 92' lang='lat' dir='ltr'>et</span> <span class='ocrx_word' id='word_1_372' title='bbox 1652 3599 1994 3661; x_wconf 79' lang='lat' dir='ltr'>familiares</span> 
     </span>
    </p>
   </div>
   <div class='ocr_carea' id='block_1_57' title="bbox 347 3696 1993 3776">
    <p class='ocr_par' dir='ltr' id='par_1_57' title="bbox 347 3696 1993 3776">
     <span class='ocr_line' id='line_1_57' title="bbox 347 3696 1993 3776; baseline 0.002 -22"><span class='ocrx_word' id='word_1_373' title='bbox 347 3713 486 3755; x_wconf 93' lang='lat' dir='ltr'>cum</span> <span class='ocrx_word' id='word_1_374' title='bbox 548 3702 766 3758; x_wconf 88' lang='lat' dir='ltr'>sancto</span> <span class='ocrx_word' id='word_1_375' title='bbox 824 3696 1122 3776; x_wconf 85' lang='lat' dir='ltr'>pontiﬁce</span> <span class='ocrx_word' id='word_1_376' title='bbox 1185 3699 1454 3756; x_wconf 85' lang='lat' dir='ltr'>Damaso</span> <span class='ocrx_word' id='word_1_377' title='bbox 1488 3697 1814 3758; x_wconf 88' lang='lat' dir='ltr'>conferens</span> <span class='ocrx_word' id='word_1_378' title='bbox 1871 3718 1993 3759; x_wconf 82' lang='lat' dir='ltr'>scr-</span> 
     </span>
    </p>
   </div>
   <div class='ocr_carea' id='block_1_58' title="bbox 349 3794 1989 3873">
    <p class='ocr_par' dir='ltr' id='par_1_58' title="bbox 349 3794 1989 3873">
     <span class='ocr_line' id='line_1_58' title="bbox 349 3794 1989 3873; baseline 0.002 -21"><span class='ocrx_word' id='word_1_379' title='bbox 349 3810 583 3868; x_wconf 89' lang='lat' dir='ltr'>mones,</span> <span class='ocrx_word' id='word_1_380' title='bbox 644 3795 826 3856; x_wconf 88' lang='lat' dir='ltr'>facile</span> <span class='ocrx_word' id='word_1_381' title='bbox 879 3795 957 3855; x_wconf 90' lang='lat' dir='ltr'>ab</span> <span class='ocrx_word' id='word_1_382' title='bbox 1013 3813 1087 3855; x_wconf 95' lang='lat' dir='ltr'>eo</span> <span class='ocrx_word' id='word_1_383' title='bbox 1147 3794 1358 3873; x_wconf 88' lang='lat' dir='ltr'>rogari</span> <span class='ocrx_word' id='word_1_384' title='bbox 1388 3794 1614 3872; x_wconf 91' lang='lat' dir='ltr'>potuit,</span> <span class='ocrx_word' id='word_1_385' title='bbox 1653 3800 1721 3855; x_wconf 89' lang='lat' dir='ltr'>ut</span> <span class='ocrx_word' id='word_1_386' title='bbox 1749 3795 1989 3856; x_wconf 89' lang='lat' dir='ltr'>Psalte-</span> 
     </span>
    </p>
   </div>
   <div class='ocr_carea' id='block_1_59' title="bbox 345 3891 1988 3971">
    <p class='ocr_par' dir='ltr' id='par_1_59' title="bbox 345 3891 1988 3971">
     <span class='ocr_line' id='line_1_59' title="bbox 345 3891 1988 3971; baseline 0.002 -20"><span class='ocrx_word' id='word_1_387' title='bbox 345 3891 506 3951; x_wconf 93' lang='lat' dir='ltr'>rium</span> <span class='ocrx_word' id='word_1_388' title='bbox 569 3893 810 3954; x_wconf 87' lang='lat' dir='ltr'>mendis</span> <span class='ocrx_word' id='word_1_389' title='bbox 871 3900 1272 3971; x_wconf 85' lang='lat' dir='ltr'>expurgaret.</span> <span class='ocrx_word' id='word_1_390' title='bbox 1334 3893 1511 3960; x_wconf 85' lang='lat' dir='ltr'>Quod</span> <span class='ocrx_word' id='word_1_391' title='bbox 1595 3893 1850 3971; x_wconf 90' lang='lat' dir='ltr'>quidem</span> <span class='ocrx_word' id='word_1_392' title='bbox 1914 3895 1988 3954; x_wconf 91' lang='lat' dir='ltr'>li-</span> 
     </span>
    </p>
   </div>
   <div class='ocr_carea' id='block_1_60' title="bbox 237 3985 1984 4068">
    <p class='ocr_par' dir='ltr' id='par_1_60' title="bbox 237 3985 1984 4068">
     <span class='ocr_line' id='line_1_60' title="bbox 237 3985 1984 4068; baseline 0.001 -19"><span class='ocrx_word' id='word_1_393' title='bbox 237 3985 240 3987; x_wconf 26' lang='grc' dir='ltr'>λ</span> <span class='ocrx_word' id='word_1_394' title='bbox 347 3995 469 4063; x_wconf 90' lang='lat' dir='ltr'>cet,</span> <span class='ocrx_word' id='word_1_395' title='bbox 529 3991 785 4063; x_wconf 89' lang='lat' dir='ltr'>cursim,</span> <span class='ocrx_word' id='word_1_396' title='bbox 848 4008 1078 4068; x_wconf 86' lang='lat' dir='ltr'>magna</span> <span class='ocrx_word' id='word_1_397' title='bbox 1138 3995 1344 4050; x_wconf 91' lang='lat' dir='ltr'>tamen</span> <span class='ocrx_word' id='word_1_398' title='bbox 1379 4009 1455 4048; x_wconf 83' lang='lat' dir='ltr'>ex</span> <span class='ocrx_word' id='word_1_399' title='bbox 1485 3996 1662 4068; x_wconf 89' lang='lat' dir='ltr'>parte</span> <span class='ocrx_word' id='word_1_400' title='bbox 1693 3993 1984 4052; x_wconf 86' lang='lat' dir='ltr'>correxit.</span> 
     </span>
    </p>
   </div>
   <div class='ocr_carea' id='block_1_61' title="bbox 344 4085 1992 4166">
    <p class='ocr_par' dir='ltr' id='par_1_61' title="bbox 344 4085 1992 4166">
     <span class='ocr_line' id='line_1_61' title="bbox 344 4085 1992 4166; baseline 0.001 -18"><span class='ocrx_word' id='word_1_401' title='bbox 344 4085 669 4148; x_wconf 88' lang='lat' dir='ltr'>Bethleem</span> <span class='ocrx_word' id='word_1_402' title='bbox 703 4093 921 4166; x_wconf 90' lang='lat' dir='ltr'>postea</span> <span class='ocrx_word' id='word_1_403' title='bbox 951 4093 1202 4148; x_wconf 79' lang='lat' dir='ltr'>aetatem</span> <span class='ocrx_word' id='word_1_404' title='bbox 1235 4088 1470 4165; x_wconf 88' lang='lat' dir='ltr'>degens</span> <span class='ocrx_word' id='word_1_405' title='bbox 1525 4086 1739 4165; x_wconf 92' lang='lat' dir='ltr'>aliquo</span> <span class='ocrx_word' id='word_1_406' title='bbox 1799 4107 1992 4150; x_wconf 92' lang='lat' dir='ltr'>anno-</span> 
     </span>
    </p>
   </div>
   <div class='ocr_carea' id='block_1_62' title="bbox 344 4185 1989 4264">
    <p class='ocr_par' dir='ltr' id='par_1_62' title="bbox 344 4185 1989 4264">
     <span class='ocr_line' id='line_1_62' title="bbox 344 4185 1989 4264; baseline 0.002 -21"><span class='ocrx_word' id='word_1_407' title='bbox 344 4202 484 4244; x_wconf 88' lang='lat' dir='ltr'>rum</span> <span class='ocrx_word' id='word_1_408' title='bbox 523 4186 858 4246; x_wconf 90' lang='lat' dir='ltr'>intervallo</span> <span class='ocrx_word' id='word_1_409' title='bbox 913 4191 1057 4264; x_wconf 89' lang='lat' dir='ltr'>post</span> <span class='ocrx_word' id='word_1_410' title='bbox 1085 4186 1328 4247; x_wconf 93' lang='lat' dir='ltr'>obitum</span> <span class='ocrx_word' id='word_1_411' title='bbox 1362 4185 1561 4247; x_wconf 90' lang='lat' dir='ltr'>sancti</span> <span class='ocrx_word' id='word_1_412' title='bbox 1592 4186 1863 4259; x_wconf 90' lang='lat' dir='ltr'>Damasi,</span> <span class='ocrx_word' id='word_1_413' title='bbox 1901 4205 1989 4246; x_wconf 90' lang='lat' dir='ltr'>se-</span> 
     </span>
    </p>
   </div>
   <div class='ocr_carea' id='block_1_63' title="bbox 345 4283 1990 4364">
    <p class='ocr_par' dir='ltr' id='par_1_63' title="bbox 345 4283 1990 4364">
     <span class='ocr_line' id='line_1_63' title="bbox 345 4283 1990 4364; baseline 0.002 -22"><span class='ocrx_word' id='word_1_414' title='bbox 345 4283 615 4342; x_wconf 90' lang='lat' dir='ltr'>cundam</span> <span class='ocrx_word' id='word_1_415' title='bbox 671 4302 939 4362; x_wconf 91' lang='lat' dir='ltr'>eamque</span> <span class='ocrx_word' id='word_1_416' title='bbox 997 4284 1462 4362; x_wconf 89' lang='lat' dir='ltr'>diligentiorem</span> <span class='ocrx_word' id='word_1_417' title='bbox 1523 4283 1586 4343; x_wconf 93' lang='lat' dir='ltr'>in</span> <span class='ocrx_word' id='word_1_418' title='bbox 1619 4301 1683 4344; x_wconf 90' lang='lat' dir='ltr'>se</span> <span class='ocrx_word' id='word_1_419' title='bbox 1715 4286 1990 4364; x_wconf 89' lang='lat' dir='ltr'>suscepit</span> 
     </span>
    </p>
   </div>
   <div class='ocr_carea' id='block_1_64' title="bbox 346 4381 1988 4460">
    <p class='ocr_par' dir='ltr' id='par_1_64' title="bbox 346 4381 1988 4460">
     <span class='ocr_line' id='line_1_64' title="bbox 346 4381 1988 4460; baseline 0.002 -20"><span class='ocrx_word' id='word_1_420' title='bbox 346 4398 562 4440; x_wconf 91' lang='lat' dir='ltr'>curam</span> <span class='ocrx_word' id='word_1_421' title='bbox 624 4382 975 4460; x_wconf 85' lang='lat' dir='ltr'>castigandi</span> <span class='ocrx_word' id='word_1_422' title='bbox 1033 4381 1348 4442; x_wconf 86' lang='lat' dir='ltr'>Psalterii.</span> <span class='ocrx_word' id='word_1_423' title='bbox 1399 4382 1469 4442; x_wconf 92' lang='lat' dir='ltr'>Id</span> <span class='ocrx_word' id='word_1_424' title='bbox 1500 4400 1648 4442; x_wconf 90' lang='lat' dir='ltr'>vero</span> <span class='ocrx_word' id='word_1_425' title='bbox 1695 4383 1831 4442; x_wconf 88' lang='lat' dir='ltr'>ﬁeri</span> <span class='ocrx_word' id='word_1_426' title='bbox 1863 4401 1988 4443; x_wconf 90' lang='lat' dir='ltr'>non</span> 
     </span>
    </p>
   </div>
   <div class='ocr_carea' id='block_1_65' title="bbox 2103 3304 3754 3382">
    <p class='ocr_par' dir='ltr' id='par_1_65' title="bbox 2103 3304 3754 3382">
     <span class='ocr_line' id='line_1_65' title="bbox 2103 3304 3754 3382; baseline 0 -18"><span class='ocrx_word' id='word_1_427' title='bbox 2103 3306 2260 3378; x_wconf 72' lang='lat'>391;</span> <span class='ocrx_word' id='word_1_428' title='bbox 2323 3324 2397 3366; x_wconf 87' lang='lat' dir='ltr'>ea</span> <span class='ocrx_word' id='word_1_429' title='bbox 2457 3313 2668 3368; x_wconf 91' lang='lat' dir='ltr'>autem</span> <span class='ocrx_word' id='word_1_430' title='bbox 2701 3308 2906 3369; x_wconf 89' lang='lat' dir='ltr'>versio</span> <span class='ocrx_word' id='word_1_431' title='bbox 2957 3325 3062 3365; x_wconf 90' lang='lat' dir='ltr'>seu</span> <span class='ocrx_word' id='word_1_432' title='bbox 3100 3304 3483 3377; x_wconf 88' lang='lat' dir='ltr'>emendatio,</span> <span class='ocrx_word' id='word_1_433' title='bbox 3545 3323 3687 3382; x_wconf 60' lang='lat' dir='ltr'>quae</span> <span class='ocrx_word' id='word_1_434' title='bbox 3718 3322 3754 3364; x_wconf 90' lang='lat' dir='ltr'>e</span> 
     </span>
    </p>
   </div>
   <div class='ocr_carea' id='block_1_66' title="bbox 2103 3403 3754 3481">
    <p class='ocr_par' dir='ltr' id='par_1_66' title="bbox 2103 3403 3754 3481">
     <span class='ocr_line' id='line_1_66' title="bbox 2103 3403 3754 3481; baseline 0 -19"><span class='ocrx_word' id='word_1_435' title='bbox 2103 3403 2424 3464; x_wconf 89' lang='lat' dir='ltr'>codicibus</span> <span class='ocrx_word' id='word_1_436' title='bbox 2479 3407 2713 3467; x_wconf 57' lang='lat' dir='ltr'>Graecis</span> <span class='ocrx_word' id='word_1_437' title='bbox 2771 3406 3052 3466; x_wconf 80' lang='lat' dir='ltr'>derivata</span> <span class='ocrx_word' id='word_1_438' title='bbox 3103 3410 3258 3478; x_wconf 89' lang='lat' dir='ltr'>erat,</span> <span class='ocrx_word' id='word_1_439' title='bbox 3290 3421 3538 3481; x_wconf 90' lang='lat' dir='ltr'>semper</span> <span class='ocrx_word' id='word_1_440' title='bbox 3595 3421 3754 3480; x_wconf 73' lang='lat' dir='ltr'>prm-</span> 
     </span>
    </p>
   </div>
   <div class='ocr_carea' id='block_1_67' title="bbox 2103 3500 3766 3582">
    <p class='ocr_par' dir='ltr' id='par_1_67' title="bbox 2103 3500 3766 3582">
     <span class='ocr_line' id='line_1_67' title="bbox 2103 3500 3766 3582; baseline -0.001 -22"><span class='ocrx_word' id='word_1_441' title='bbox 2103 3501 2286 3561; x_wconf 90' lang='lat' dir='ltr'>cessit</span> <span class='ocrx_word' id='word_1_442' title='bbox 2346 3510 2629 3581; x_wconf 89' lang='lat' dir='ltr'>tempore</span> <span class='ocrx_word' id='word_1_443' title='bbox 2691 3504 2904 3575; x_wconf 90' lang='lat' dir='ltr'>aliam,</span> <span class='ocrx_word' id='word_1_444' title='bbox 2943 3520 3132 3582; x_wconf 90' lang='lat' dir='ltr'>quam</span> <span class='ocrx_word' id='word_1_445' title='bbox 3156 3518 3456 3560; x_wconf 88' lang='lat' dir='ltr'>vocamus</span> <span class='ocrx_word' id='word_1_446' title='bbox 3485 3500 3766 3560; x_wconf 65' lang='lat' dir='ltr'>Hebrai-</span> 
     </span>
    </p>
   </div>
   <div class='ocr_carea' id='block_1_68' title="bbox 2101 3598 3744 3679">
    <p class='ocr_par' dir='ltr' id='par_1_68' title="bbox 2101 3598 3744 3679">
     <span class='ocr_line' id='line_1_68' title="bbox 2101 3598 3744 3679; baseline 0.001 -21"><span class='ocrx_word' id='word_1_447' title='bbox 2101 3617 2264 3672; x_wconf 90' lang='lat' dir='ltr'>cam,</span> <span class='ocrx_word' id='word_1_448' title='bbox 2326 3619 2400 3660; x_wconf 93' lang='lat' dir='ltr'>eo</span> <span class='ocrx_word' id='word_1_449' title='bbox 2461 3602 2627 3679; x_wconf 92' lang='lat' dir='ltr'>quod</span> <span class='ocrx_word' id='word_1_450' title='bbox 2689 3621 2761 3662; x_wconf 85' lang='lat' dir='ltr'>ex</span> <span class='ocrx_word' id='word_1_451' title='bbox 2821 3600 3128 3662; x_wconf 87' lang='lat' dir='ltr'>Hebraica</span> <span class='ocrx_word' id='word_1_452' title='bbox 3159 3598 3421 3659; x_wconf 90' lang='lat' dir='ltr'>veritate</span> <span class='ocrx_word' id='word_1_453' title='bbox 3452 3605 3600 3659; x_wconf 90' lang='lat' dir='ltr'>nata</span> <span class='ocrx_word' id='word_1_454' title='bbox 3640 3598 3744 3659; x_wconf 89' lang='lat' dir='ltr'>sit.</span> 
     </span>
    </p>
   </div>
   <div class='ocr_carea' id='block_1_69' title="bbox 2099 3694 3744 3774">
    <p class='ocr_par' dir='ltr' id='par_1_69' title="bbox 2099 3694 3744 3774">
     <span class='ocr_line' id='line_1_69' title="bbox 2099 3694 3744 3774; baseline 0.001 -20"><span class='ocrx_word' id='word_1_455' title='bbox 2099 3696 2423 3755; x_wconf 91' lang='lat' dir='ltr'>Leclorem</span> <span class='ocrx_word' id='word_1_456' title='bbox 2512 3697 2776 3774; x_wconf 86' lang='lat' dir='ltr'>proinde</span> <span class='ocrx_word' id='word_1_457' title='bbox 2865 3697 3170 3756; x_wconf 90' lang='lat' dir='ltr'>monitum</span> <span class='ocrx_word' id='word_1_458' title='bbox 3257 3694 3468 3768; x_wconf 90' lang='lat' dir='ltr'>velim,</span> <span class='ocrx_word' id='word_1_459' title='bbox 3560 3701 3744 3755; x_wconf 89' lang='lat' dir='ltr'>notas</span> 
     </span>
    </p>
   </div>
   <div class='ocr_carea' id='block_1_70' title="bbox 2101 3790 3750 3874">
    <p class='ocr_par' dir='ltr' id='par_1_70' title="bbox 2101 3790 3750 3874">
     <span class='ocr_line' id='line_1_70' title="bbox 2101 3790 3750 3874; baseline 0.001 -23"><span class='ocrx_word' id='word_1_460' title='bbox 2101 3790 2579 3871; x_wconf 86' lang='lat' dir='ltr'>chronologicas</span> <span class='ocrx_word' id='word_1_461' title='bbox 2661 3814 2818 3874; x_wconf 91' lang='lat' dir='ltr'>quas</span> <span class='ocrx_word' id='word_1_462' title='bbox 2902 3793 3314 3873; x_wconf 85' lang='lat' dir='ltr'>apposuimus</span> <span class='ocrx_word' id='word_1_463' title='bbox 3402 3793 3463 3852; x_wconf 91' lang='lat' dir='ltr'>in</span> <span class='ocrx_word' id='word_1_464' title='bbox 3524 3793 3750 3870; x_wconf 65' lang='lat' dir='ltr'>jfronte</span> 
     </span>
    </p>
   </div>
   <div class='ocr_carea' id='block_1_71' title="bbox 2102 3889 3744 3968">
    <p class='ocr_par' dir='ltr' id='par_1_71' title="bbox 2102 3889 3744 3968">
     <span class='ocr_line' id='line_1_71' title="bbox 2102 3889 3744 3968; baseline 0.001 -20"><span class='ocrx_word' id='word_1_465' title='bbox 2102 3889 2429 3968; x_wconf 89' lang='lat' dir='ltr'>utriusque</span> <span class='ocrx_word' id='word_1_466' title='bbox 2460 3892 2920 3953; x_wconf 90' lang='lat' dir='ltr'>emendationis</span> <span class='ocrx_word' id='word_1_467' title='bbox 2949 3891 3257 3962; x_wconf 87' lang='lat' dir='ltr'>Psalterii,</span> <span class='ocrx_word' id='word_1_468' title='bbox 3320 3895 3449 3950; x_wconf 92' lang='lat' dir='ltr'>tum</span> <span class='ocrx_word' id='word_1_469' title='bbox 3515 3893 3744 3951; x_wconf 80' lang='lat' dir='ltr'>Roma-</span> 
     </span>
    </p>
   </div>
   <div class='ocr_carea' id='block_1_72' title="bbox 2099 3986 3751 4066">
    <p class='ocr_par' dir='ltr' id='par_1_72' title="bbox 2099 3986 3751 4066">
     <span class='ocr_line' id='line_1_72' title="bbox 2099 3986 3751 4066; baseline 0.002 -22"><span class='ocrx_word' id='word_1_470' title='bbox 2099 3986 2185 4058; x_wconf 93' lang='lat' dir='ltr'>ni,</span> <span class='ocrx_word' id='word_1_471' title='bbox 2246 3993 2378 4046; x_wconf 94' lang='lat' dir='ltr'>tum</span> <span class='ocrx_word' id='word_1_472' title='bbox 2437 3987 2766 4060; x_wconf 74' lang='lat' dir='ltr'>Gallicani,</span> <span class='ocrx_word' id='word_1_473' title='bbox 2829 3989 2987 4048; x_wconf 90' lang='lat' dir='ltr'>nihil</span> <span class='ocrx_word' id='word_1_474' title='bbox 3045 3987 3215 4048; x_wconf 86' lang='lat' dir='ltr'>aliud</span> <span class='ocrx_word' id='word_1_475' title='bbox 3273 3987 3535 4047; x_wconf 89' lang='lat' dir='ltr'>innuere</span> <span class='ocrx_word' id='word_1_476' title='bbox 3595 4007 3751 4066; x_wconf 68' lang='lat' dir='ltr'>prm-</span> 
     </span>
    </p>
   </div>
   <div class='ocr_carea' id='block_1_73' title="bbox 2099 4084 3788 4163">
    <p class='ocr_par' dir='ltr' id='par_1_73' title="bbox 2099 4084 3788 4163">
     <span class='ocr_line' id='line_1_73' title="bbox 2099 4084 3788 4163; baseline 0 -19"><span class='ocrx_word' id='word_1_477' title='bbox 2099 4088 2195 4144; x_wconf 91' lang='lat' dir='ltr'>ter</span> <span class='ocrx_word' id='word_1_478' title='bbox 2273 4089 2519 4163; x_wconf 90' lang='lat' dir='ltr'>tempus</span> <span class='ocrx_word' id='word_1_479' title='bbox 2594 4085 3020 4145; x_wconf 88' lang='lat' dir='ltr'>indeﬁnitum.</span> <span class='ocrx_word' id='word_1_480' title='bbox 3081 4085 3326 4144; x_wconf 84' lang='lat' dir='ltr'>Etenim</span> <span class='ocrx_word' id='word_1_481' title='bbox 3387 4102 3528 4143; x_wconf 92' lang='lat' dir='ltr'>cum</span> <span class='ocrx_word' id='word_1_482' title='bbox 3585 4084 3788 4153; x_wconf 44' lang='lat' dir='ltr'>dixis</span> 
     </span>
    </p>
   </div>
   <div class='ocr_carea' id='block_1_74' title="bbox 2099 4182 3747 4244">
    <p class='ocr_par' dir='ltr' id='par_1_74' title="bbox 2099 4182 3747 4244">
     <span class='ocr_line' id='line_1_74' title="bbox 2099 4182 3747 4244; baseline 0.001 -4"><span class='ocrx_word' id='word_1_483' title='bbox 2099 4199 2238 4241; x_wconf 91' lang='lat' dir='ltr'>mus</span> <span class='ocrx_word' id='word_1_484' title='bbox 2295 4182 2665 4242; x_wconf 84' lang='lat' dir='ltr'>Psalterium</span> <span class='ocrx_word' id='word_1_485' title='bbox 2726 4185 3076 4244; x_wconf 84' lang='lat' dir='ltr'>Romanum</span> <span class='ocrx_word' id='word_1_486' title='bbox 3138 4183 3325 4242; x_wconf 84' lang='lat' dir='ltr'>fuisse</span> <span class='ocrx_word' id='word_1_487' title='bbox 3387 4183 3464 4242; x_wconf 91' lang='lat' dir='ltr'>ab</span> <span class='ocrx_word' id='word_1_488' title='bbox 3525 4183 3747 4242; x_wconf 88' lang='lat' dir='ltr'>Hiero-</span> 
     </span>
    </p>
   </div>
   <div class='ocr_carea' id='block_1_75' title="bbox 2099 4279 3736 4358">
    <p class='ocr_par' dir='ltr' id='par_1_75' title="bbox 2099 4279 3736 4358">
     <span class='ocr_line' id='line_1_75' title="bbox 2099 4279 3736 4358; baseline 0.001 -20"><span class='ocrx_word' id='word_1_489' title='bbox 2099 4298 2288 4358; x_wconf 90' lang='lat' dir='ltr'>nymo</span> <span class='ocrx_word' id='word_1_490' title='bbox 2349 4279 2752 4340; x_wconf 90' lang='lat' dir='ltr'>emendatum</span> <span class='ocrx_word' id='word_1_491' title='bbox 2815 4282 2982 4342; x_wconf 91' lang='lat' dir='ltr'>circa</span> <span class='ocrx_word' id='word_1_492' title='bbox 3039 4300 3274 4342; x_wconf 90' lang='lat' dir='ltr'>annum</span> <span class='ocrx_word' id='word_1_493' title='bbox 3335 4279 3564 4341; x_wconf 87' lang='lat' dir='ltr'>Christi</span> <span class='ocrx_word' id='word_1_494' title='bbox 3596 4284 3736 4352; x_wconf 76' lang='lat'>382,</span> 
     </span>
    </p>
   </div>
   <div class='ocr_carea' id='block_1_76' title="bbox 2095 4376 3739 4457">
    <p class='ocr_par' dir='ltr' id='par_1_76' title="bbox 2095 4376 3739 4457">
     <span class='ocr_line' id='line_1_76' title="bbox 2095 4376 3739 4457; baseline 0.001 -21"><span class='ocrx_word' id='word_1_495' title='bbox 2095 4376 2185 4436; x_wconf 88' lang='lat' dir='ltr'>ita</span> <span class='ocrx_word' id='word_1_496' title='bbox 2247 4377 2679 4457; x_wconf 90' lang='lat' dir='ltr'>accipiendum</span> <span class='ocrx_word' id='word_1_497' title='bbox 2739 4385 2852 4453; x_wconf 89' lang='lat' dir='ltr'>est,</span> <span class='ocrx_word' id='word_1_498' title='bbox 2917 4387 2984 4440; x_wconf 91' lang='lat' dir='ltr'>ut</span> <span class='ocrx_word' id='word_1_499' title='bbox 3044 4387 3188 4440; x_wconf 89' lang='lat' dir='ltr'>ante</span> <span class='ocrx_word' id='word_1_500' title='bbox 3257 4379 3443 4438; x_wconf 91' lang='lat' dir='ltr'>talem</span> <span class='ocrx_word' id='word_1_501' title='bbox 3501 4396 3739 4437; x_wconf 89' lang='lat' dir='ltr'>annum</span> 
     </span>
    </p>
   </div>
   <div class='ocr_carea' id='block_1_77' title="bbox 342 4473 3736 4556">
    <p class='ocr_par' dir='ltr' id='par_1_77' title="bbox 342 4473 3736 4556">
     <span class='ocr_line' id='line_1_77' title="bbox 342 4473 3736 4556; baseline 0 -22"><span class='ocrx_word' id='word_1_502' title='bbox 342 4475 550 4554; x_wconf 92' lang='lat' dir='ltr'>potuit</span> <span class='ocrx_word' id='word_1_503' title='bbox 607 4476 724 4536; x_wconf 90' lang='lat' dir='ltr'>nisi</span> <span class='ocrx_word' id='word_1_504' title='bbox 781 4483 922 4556; x_wconf 91' lang='lat' dir='ltr'>post</span> <span class='ocrx_word' id='word_1_505' title='bbox 951 4495 1185 4537; x_wconf 91' lang='lat' dir='ltr'>annum</span> <span class='ocrx_word' id='word_1_506' title='bbox 1219 4477 1449 4537; x_wconf 89' lang='lat' dir='ltr'>Christi</span> <span class='ocrx_word' id='word_1_507' title='bbox 1481 4479 1985 4540; x_wconf 89' lang='lat' dir='ltr'>trecentesimum</span> <span class='ocrx_word' id='word_1_508' title='bbox 2021 4549 2055 4556; x_wconf 87' lang='lat'><strong><em>_</em></strong></span> <span class='ocrx_word' id='word_1_509' title='bbox 2097 4473 2464 4553; x_wconf 84' lang='lat' dir='ltr'>hujusmodi</span> <span class='ocrx_word' id='word_1_510' title='bbox 2515 4477 2871 4538; x_wconf 82' lang='lat' dir='ltr'>emendatio</span> <span class='ocrx_word' id='word_1_511' title='bbox 2933 4496 3053 4536; x_wconf 92' lang='lat' dir='ltr'>non</span> <span class='ocrx_word' id='word_1_512' title='bbox 3117 4474 3302 4535; x_wconf 81' lang='lat' dir='ltr'>fuerit</span> <span class='ocrx_word' id='word_1_513' title='bbox 3378 4473 3667 4533; x_wconf 88' lang='lat' dir='ltr'>instituta</span> <span class='ocrx_word' id='word_1_514' title='bbox 3721 4495 3736 4546; x_wconf 90' lang='lat'><strong>;</strong></span> 
     </span>
    </p>
   </div>
   <div class='ocr_carea' id='block_1_78' title="bbox 345 4574 1243 4654">
    <p class='ocr_par' dir='ltr' id='par_1_78' title="bbox 345 4574 1243 4654">
     <span class='ocr_line' id='line_1_78' title="bbox 345 4574 1243 4654; baseline 0.001 -22"><span class='ocrx_word' id='word_1_515' title='bbox 345 4574 798 4651; x_wconf 88' lang='lat' dir='ltr'>octogesimum</span> <span class='ocrx_word' id='word_1_516' title='bbox 880 4579 1176 4654; x_wconf 90' lang='lat' dir='ltr'>quartum</span> <span class='ocrx_word' id='word_1_517' title='bbox 1230 4591 1243 4633; x_wconf 92' lang='lat'>:</span> 
     </span>
    </p>
   </div>
   <div class='ocr_carea' id='block_1_79' title="bbox 346 4674 1989 4752">
    <p class='ocr_par' dir='ltr' id='par_1_79' title="bbox 346 4674 1989 4752">
     <span class='ocr_line' id='line_1_79' title="bbox 346 4674 1989 4752; baseline 0.003 -22"><span class='ocrx_word' id='word_1_518' title='bbox 346 4677 698 4734; x_wconf 88' lang='lat' dir='ltr'>monstrare</span> <span class='ocrx_word' id='word_1_519' title='bbox 778 4674 1152 4734; x_wconf 86' lang='lat' dir='ltr'>conabimur</span> <span class='ocrx_word' id='word_1_520' title='bbox 1235 4691 1311 4734; x_wconf 79' lang='lat' dir='ltr'>ex</span> <span class='ocrx_word' id='word_1_521' title='bbox 1381 4674 1663 4752; x_wconf 87' lang='lat' dir='ltr'>Epistola</span> <span class='ocrx_word' id='word_1_522' title='bbox 1735 4677 1836 4748; x_wconf 83' lang='lat'>99,</span> <span class='ocrx_word' id='word_1_523' title='bbox 1907 4676 1989 4735; x_wconf 91' lang='lat' dir='ltr'>ad</span> 
     </span>
    </p>
   </div>
   <div class='ocr_carea' id='block_1_80' title="bbox 343 4768 1988 4850">
    <p class='ocr_par' dir='ltr' id='par_1_80' title="bbox 343 4768 1988 4850">
     <span class='ocr_line' id='line_1_80' title="bbox 343 4768 1988 4850; baseline 0.004 -23"><span class='ocrx_word' id='word_1_524' title='bbox 343 4768 622 4828; x_wconf 85' lang='lat' dir='ltr'>Asellam</span> <span class='ocrx_word' id='word_1_525' title='bbox 655 4771 888 4848; x_wconf 87' lang='lat' dir='ltr'>scripta</span> <span class='ocrx_word' id='word_1_526' title='bbox 920 4771 983 4830; x_wconf 88' lang='lat' dir='ltr'>in</span> <span class='ocrx_word' id='word_1_527' title='bbox 1017 4776 1200 4850; x_wconf 86' lang='lat' dir='ltr'>portu</span> <span class='ocrx_word' id='word_1_528' title='bbox 1235 4773 1540 4832; x_wconf 80' lang='lat' dir='ltr'>Romano.</span> <span class='ocrx_word' id='word_1_529' title='bbox 1577 4774 1742 4831; x_wconf 87' lang='lat' dir='ltr'>Pene</span> <span class='ocrx_word' id='word_1_530' title='bbox 1790 4771 1988 4832; x_wconf 91' lang='lat' dir='ltr'>trien-</span> 
     </span>
    </p>
   </div>
   <div class='ocr_carea' id='block_1_81' title="bbox 344 4864 1987 4941">
    <p class='ocr_par' dir='ltr' id='par_1_81' title="bbox 344 4864 1987 4941">
     <span class='ocr_line' id='line_1_81' title="bbox 344 4864 1987 4941; baseline 0.002 -17"><span class='ocrx_word' id='word_1_531' title='bbox 344 4864 520 4925; x_wconf 91' lang='lat' dir='ltr'>nium</span> <span class='ocrx_word' id='word_1_532' title='bbox 579 4885 721 4926; x_wconf 90' lang='lat' dir='ltr'>cum</span> <span class='ocrx_word' id='word_1_533' title='bbox 780 4869 1083 4930; x_wconf 89' lang='lat' dir='ltr'>Romanis</span> <span class='ocrx_word' id='word_1_534' title='bbox 1138 4868 1290 4928; x_wconf 81' lang='lat' dir='ltr'>vixit</span> <span class='ocrx_word' id='word_1_535' title='bbox 1322 4875 1574 4927; x_wconf 87' lang='lat' dir='ltr'>sanctus</span> <span class='ocrx_word' id='word_1_536' title='bbox 1608 4872 1858 4941; x_wconf 92' lang='lat' dir='ltr'>Doctor,</span> <span class='ocrx_word' id='word_1_537' title='bbox 1891 4869 1987 4929; x_wconf 88' lang='lat' dir='ltr'>di-</span> 
     </span>
    </p>
   </div>
   <div class='ocr_carea' id='block_1_82' title="bbox 343 4963 1985 5046">
    <p class='ocr_par' dir='ltr' id='par_1_82' title="bbox 343 4963 1985 5046">
     <span class='ocr_line' id='line_1_82' title="bbox 343 4963 1985 5046; baseline 0.003 -24"><span class='ocrx_word' id='word_1_538' title='bbox 343 4963 522 5023; x_wconf 90' lang='lat' dir='ltr'>vinos</span> <span class='ocrx_word' id='word_1_539' title='bbox 580 4964 797 5039; x_wconf 90' lang='lat' dir='ltr'>libros,</span> <span class='ocrx_word' id='word_1_540' title='bbox 863 4975 930 5026; x_wconf 90' lang='lat' dir='ltr'>ut</span> <span class='ocrx_word' id='word_1_541' title='bbox 987 4974 1259 5046; x_wconf 92' lang='lat' dir='ltr'>poterat,</span> <span class='ocrx_word' id='word_1_542' title='bbox 1307 4966 1627 5026; x_wconf 89' lang='lat' dir='ltr'>nonnullis</span> <span class='ocrx_word' id='word_1_543' title='bbox 1660 4984 1827 5045; x_wconf 66' lang='lat' dir='ltr'>saepe</span> <span class='ocrx_word' id='word_1_544' title='bbox 1859 4968 1985 5027; x_wconf 91' lang='lat' dir='ltr'>dis-</span> 
     </span>
    </p>
   </div>
   <div class='ocr_carea' id='block_1_83' title="bbox 340 5062 1986 5143">
    <p class='ocr_par' dir='ltr' id='par_1_83' title="bbox 340 5062 1986 5143">
     <span class='ocr_line' id='line_1_83' title="bbox 340 5062 1986 5143; baseline 0.001 -20"><span class='ocrx_word' id='word_1_545' title='bbox 340 5079 591 5123; x_wconf 88' lang='lat' dir='ltr'>serens:</span> <span class='ocrx_word' id='word_1_546' title='bbox 626 5062 708 5122; x_wconf 89' lang='lat' dir='ltr'>ab</span> <span class='ocrx_word' id='word_1_547' title='bbox 736 5063 813 5123; x_wconf 89' lang='lat' dir='ltr'>iis</span> <span class='ocrx_word' id='word_1_548' title='bbox 845 5083 992 5125; x_wconf 90' lang='lat' dir='ltr'>vero</span> <span class='ocrx_word' id='word_1_549' title='bbox 1024 5063 1307 5124; x_wconf 84' lang='lat' dir='ltr'>discessit</span> <span class='ocrx_word' id='word_1_550' title='bbox 1373 5064 1830 5143; x_wconf 89' lang='lat' dir='ltr'>Jerosolymam</span> <span class='ocrx_word' id='word_1_551' title='bbox 1883 5083 1986 5125; x_wconf 86' lang='lat' dir='ltr'>re-</span> 
     </span>
    </p>
   </div>
   <div class='ocr_carea' id='block_1_84' title="bbox 339 5161 1981 5241">
    <p class='ocr_par' dir='ltr' id='par_1_84' title="bbox 339 5161 1981 5241">
     <span class='ocr_line' id='line_1_84' title="bbox 339 5161 1981 5241; baseline 0.002 -21"><span class='ocrx_word' id='word_1_552' title='bbox 339 5179 668 5238; x_wconf 89' lang='lat' dir='ltr'>gressurus</span> <span class='ocrx_word' id='word_1_553' title='bbox 700 5169 840 5240; x_wconf 91' lang='lat' dir='ltr'>post</span> <span class='ocrx_word' id='word_1_554' title='bbox 875 5169 1138 5223; x_wconf 90' lang='lat' dir='ltr'>mortem</span> <span class='ocrx_word' id='word_1_555' title='bbox 1172 5167 1234 5222; x_wconf 92' lang='lat' dir='ltr'>S.</span> <span class='ocrx_word' id='word_1_556' title='bbox 1270 5161 1522 5222; x_wconf 87' lang='lat' dir='ltr'>Damasi</span> <span class='ocrx_word' id='word_1_557' title='bbox 1580 5181 1786 5241; x_wconf 63' lang='lat' dir='ltr'>papae,</span> <span class='ocrx_word' id='word_1_558' title='bbox 1843 5181 1981 5241; x_wconf 69' lang='lat' dir='ltr'>qua:</span> 
     </span>
    </p>
   </div>
   <div class='ocr_carea' id='block_1_85' title="bbox 336 5259 1980 5322">
    <p class='ocr_par' dir='ltr' id='par_1_85' title="bbox 336 5259 1980 5322">
     <span class='ocr_line' id='line_1_85' title="bbox 336 5259 1980 5322; baseline 0.001 -3"><span class='ocrx_word' id='word_1_559' title='bbox 336 5276 480 5319; x_wconf 88' lang='lat' dir='ltr'>cum</span> <span class='ocrx_word' id='word_1_560' title='bbox 549 5277 760 5320; x_wconf 88' lang='lat' dir='ltr'>mense</span> <span class='ocrx_word' id='word_1_561' title='bbox 817 5259 1071 5321; x_wconf 91' lang='lat' dir='ltr'>Octobri</span> <span class='ocrx_word' id='word_1_562' title='bbox 1129 5260 1280 5320; x_wconf 86' lang='lat' dir='ltr'>anni</span> <span class='ocrx_word' id='word_1_563' title='bbox 1337 5260 1757 5320; x_wconf 90' lang='lat' dir='ltr'>trecentesimi</span> <span class='ocrx_word' id='word_1_564' title='bbox 1805 5266 1980 5322; x_wconf 93' lang='lat' dir='ltr'>octo-</span> 
     </span>
    </p>
   </div>
   <div class='ocr_carea' id='block_1_86' title="bbox 334 5356 1978 5436">
    <p class='ocr_par' dir='ltr' id='par_1_86' title="bbox 334 5356 1978 5436">
     <span class='ocr_line' id='line_1_86' title="bbox 334 5356 1978 5436; baseline 0.002 -20"><span class='ocrx_word' id='word_1_565' title='bbox 334 5357 555 5433; x_wconf 86' lang='lat' dir='ltr'>gesimi</span> <span class='ocrx_word' id='word_1_566' title='bbox 633 5356 844 5436; x_wconf 86' lang='lat' dir='ltr'>quarti</span> <span class='ocrx_word' id='word_1_567' title='bbox 921 5358 1218 5431; x_wconf 88' lang='lat' dir='ltr'>evenerit,</span> <span class='ocrx_word' id='word_1_568' title='bbox 1280 5357 1698 5435; x_wconf 87' lang='lat' dir='ltr'>Hieronymus</span> <span class='ocrx_word' id='word_1_569' title='bbox 1768 5365 1978 5419; x_wconf 89' lang='lat' dir='ltr'>autem</span> 
     </span>
    </p>
   </div>
   <div class='ocr_carea' id='block_1_87' title="bbox 334 5455 1976 5534">
    <p class='ocr_par' dir='ltr' id='par_1_87' title="bbox 334 5455 1976 5534">
     <span class='ocr_line' id='line_1_87' title="bbox 334 5455 1976 5534; baseline 0.001 -20"><span class='ocrx_word' id='word_1_570' title='bbox 334 5456 538 5515; x_wconf 86' lang='lat' dir='ltr'>Roma</span> <span class='ocrx_word' id='word_1_571' title='bbox 571 5456 893 5533; x_wconf 89' lang='lat' dir='ltr'>profectus</span> <span class='ocrx_word' id='word_1_572' title='bbox 950 5457 1030 5516; x_wconf 89' lang='lat' dir='ltr'>sit</span> <span class='ocrx_word' id='word_1_573' title='bbox 1089 5473 1300 5514; x_wconf 81' lang='lat' dir='ltr'>mense</span> <span class='ocrx_word' id='word_1_574' title='bbox 1361 5458 1664 5531; x_wconf 86' lang='lat' dir='ltr'>Augusto,</span> <span class='ocrx_word' id='word_1_575' title='bbox 1721 5460 1790 5514; x_wconf 91' lang='lat' dir='ltr'>ut</span> <span class='ocrx_word' id='word_1_576' title='bbox 1843 5455 1976 5534; x_wconf 91' lang='lat' dir='ltr'>ipse</span> 
     </span>
    </p>
   </div>
   <div class='ocr_carea' id='block_1_88' title="bbox 331 5551 1968 5632">
    <p class='ocr_par' dir='ltr' id='par_1_88' title="bbox 331 5551 1968 5632">
     <span class='ocr_line' id='line_1_88' title="bbox 331 5551 1968 5632; baseline 0 -23"><span class='ocrx_word' id='word_1_577' title='bbox 331 5554 596 5612; x_wconf 88' lang='lat' dir='ltr'>testatur</span> <span class='ocrx_word' id='word_1_578' title='bbox 654 5554 763 5614; x_wconf 90' lang='lat' dir='ltr'>lib.</span> <span class='ocrx_word' id='word_1_579' title='bbox 814 5571 886 5614; x_wconf 86' lang='lat' dir='ltr'>Ill</span> <span class='ocrx_word' id='word_1_580' title='bbox 947 5553 1270 5632; x_wconf 56' lang='lat' dir='ltr'>Apologia</span> <span class='ocrx_word' id='word_1_581' title='bbox 1301 5552 1600 5611; x_wconf 88' lang='lat' dir='ltr'>adversus</span> <span class='ocrx_word' id='word_1_582' title='bbox 1631 5551 1968 5625; x_wconf 81' lang='lat' dir='ltr'>Ruﬁnum;</span> 
     </span>
    </p>
   </div>
   <div class='ocr_carea' id='block_1_89' title="bbox 327 5649 1970 5729">
    <p class='ocr_par' dir='ltr' id='par_1_89' title="bbox 327 5649 1970 5729">
     <span class='ocr_line' id='line_1_89' title="bbox 327 5649 1970 5729; baseline 0.002 -22"><span class='ocrx_word' id='word_1_583' title='bbox 327 5665 581 5710; x_wconf 86' lang='lat' dir='ltr'>necesse</span> <span class='ocrx_word' id='word_1_584' title='bbox 630 5655 722 5711; x_wconf 89' lang='lat' dir='ltr'>est</span> <span class='ocrx_word' id='word_1_585' title='bbox 787 5650 1051 5713; x_wconf 90' lang='lat' dir='ltr'>Psalteri</span> <span class='ocrx_word' id='word_1_586' title='bbox 1108 5649 1520 5729; x_wconf 88' lang='lat' dir='ltr'>posteriorem</span> <span class='ocrx_word' id='word_1_587' title='bbox 1578 5649 1970 5711; x_wconf 90' lang='lat' dir='ltr'>emendatio-</span> 
     </span>
    </p>
   </div>
   <div class='ocr_carea' id='block_1_90' title="bbox 330 5749 1969 5832">
    <p class='ocr_par' dir='ltr' id='par_1_90' title="bbox 330 5749 1969 5832">
     <span class='ocr_line' id='line_1_90' title="bbox 330 5749 1969 5832; baseline 0.002 -25"><span class='ocrx_word' id='word_1_588' title='bbox 330 5763 474 5808; x_wconf 87' lang='lat' dir='ltr'>nem</span> <span class='ocrx_word' id='word_1_589' title='bbox 534 5766 659 5809; x_wconf 90' lang='lat' dir='ltr'>non</span> <span class='ocrx_word' id='word_1_590' title='bbox 692 5749 892 5810; x_wconf 88' lang='lat' dir='ltr'>solum</span> <span class='ocrx_word' id='word_1_591' title='bbox 944 5757 1085 5832; x_wconf 92' lang='lat' dir='ltr'>post</span> <span class='ocrx_word' id='word_1_592' title='bbox 1143 5768 1376 5812; x_wconf 85' lang='lat' dir='ltr'>annum</span> <span class='ocrx_word' id='word_1_593' title='bbox 1433 5752 1551 5810; x_wconf 79' lang='grc'>384</span> <span class='ocrx_word' id='word_1_594' title='bbox 1606 5757 1668 5812; x_wconf 89' lang='lat' dir='ltr'>et</span> <span class='ocrx_word' id='word_1_595' title='bbox 1725 5749 1969 5811; x_wconf 83' lang='lat' dir='ltr'>obitum</span> 
     </span>
    </p>
   </div>
   <div class='ocr_carea' id='block_1_91' title="bbox 1324 4549 3742 4654">
    <p class='ocr_par' dir='ltr' id='par_1_91' title="bbox 1324 4549 3742 4654">
     <span class='ocr_line' id='line_1_91' title="bbox 1324 4549 3742 4654; baseline -0.002 -19"><span class='ocrx_word' id='word_1_596' title='bbox 1324 4576 1493 4654; x_wconf 91' lang='lat' dir='ltr'>quod</span> <span class='ocrx_word' id='word_1_597' title='bbox 1551 4575 1824 4637; x_wconf 91' lang='lat' dir='ltr'>breviter</span> <span class='ocrx_word' id='word_1_598' title='bbox 1873 4577 1982 4636; x_wconf 79' lang='lat' dir='ltr'>de-</span> <span class='ocrx_word' id='word_1_599' title='bbox 2021 4549 2064 4614; x_wconf 81' lang='lat' dir='ltr'><strong>D</strong></span> <span class='ocrx_word' id='word_1_600' title='bbox 2098 4549 2609 4652; x_wconf 76' lang='lat' dir='ltr'>quandoquidem</span> <span class='ocrx_word' id='word_1_601' title='bbox 2698 4575 3117 4652; x_wconf 86' lang='lat' dir='ltr'>Hieronymus</span> <span class='ocrx_word' id='word_1_602' title='bbox 3202 4572 3372 4633; x_wconf 86' lang='lat' dir='ltr'>venit</span> <span class='ocrx_word' id='word_1_603' title='bbox 3478 4576 3742 4630; x_wconf 83' lang='lat' dir='ltr'>ltomam</span> 
     </span>
    </p>
   </div>
   <div class='ocr_carea' id='block_1_92' title="bbox 2099 4667 3738 4749">
    <p class='ocr_par' dir='ltr' id='par_1_92' title="bbox 2099 4667 3738 4749">
     <span class='ocr_line' id='line_1_92' title="bbox 2099 4667 3738 4749; baseline -0.001 -19"><span class='ocrx_word' id='word_1_604' title='bbox 2099 4688 2241 4730; x_wconf 94' lang='lat' dir='ltr'>cum</span> <span class='ocrx_word' id='word_1_605' title='bbox 2293 4670 2524 4729; x_wconf 83' lang='lat' dir='ltr'>sanctis</span> <span class='ocrx_word' id='word_1_606' title='bbox 2581 4671 2890 4749; x_wconf 85' lang='lat' dir='ltr'>episcopis</span> <span class='ocrx_word' id='word_1_607' title='bbox 2946 4671 3209 4730; x_wconf 89' lang='lat' dir='ltr'>Paulino</span> <span class='ocrx_word' id='word_1_608' title='bbox 3269 4675 3329 4730; x_wconf 85' lang='lat' dir='ltr'>et</span> <span class='ocrx_word' id='word_1_609' title='bbox 3381 4667 3738 4746; x_wconf 80' lang='lat' dir='ltr'>Epiphanio</span> 
     </span>
    </p>
   </div>
   <div class='ocr_carea' id='block_1_93' title="bbox 2099 4765 3742 4846">
    <p class='ocr_par' dir='ltr' id='par_1_93' title="bbox 2099 4765 3742 4846">
     <span class='ocr_line' id='line_1_93' title="bbox 2099 4765 3742 4846; baseline -0.001 -18"><span class='ocrx_word' id='word_1_610' title='bbox 2099 4767 2215 4828; x_wconf 91' lang='lat' dir='ltr'>sub</span> <span class='ocrx_word' id='word_1_611' title='bbox 2273 4769 2460 4827; x_wconf 84' lang='lat' dir='ltr'>ﬁnem</span> <span class='ocrx_word' id='word_1_612' title='bbox 2517 4767 2798 4846; x_wconf 81' lang='lat' dir='ltr'>ejusdem</span> <span class='ocrx_word' id='word_1_613' title='bbox 2859 4769 3007 4828; x_wconf 91' lang='lat' dir='ltr'>anni</span> <span class='ocrx_word' id='word_1_614' title='bbox 3064 4771 3204 4828; x_wconf 76' lang='lat'>382.</span> <span class='ocrx_word' id='word_1_615' title='bbox 3263 4769 3350 4827; x_wconf 86' lang='lat' dir='ltr'>De</span> <span class='ocrx_word' id='word_1_616' title='bbox 3408 4765 3742 4844; x_wconf 89' lang='lat' dir='ltr'>posteriori</span> 
     </span>
    </p>
   </div>
   <div class='ocr_carea' id='block_1_94' title="bbox 2098 4864 3743 4941">
    <p class='ocr_par' dir='ltr' id='par_1_94' title="bbox 2098 4864 3743 4941">
     <span class='ocr_line' id='line_1_94' title="bbox 2098 4864 3743 4941; baseline -0.002 -14"><span class='ocrx_word' id='word_1_617' title='bbox 2098 4865 2538 4927; x_wconf 88' lang='lat' dir='ltr'>emendatione</span> <span class='ocrx_word' id='word_1_618' title='bbox 2611 4864 2898 4925; x_wconf 90' lang='lat' dir='ltr'>similiter</span> <span class='ocrx_word' id='word_1_619' title='bbox 2981 4865 3386 4925; x_wconf 84' lang='lat' dir='ltr'>statuendum</span> <span class='ocrx_word' id='word_1_620' title='bbox 3450 4883 3465 4936; x_wconf 91' lang='lat'><strong>;</strong></span> <span class='ocrx_word' id='word_1_621' title='bbox 3539 4881 3743 4941; x_wconf 93' lang='lat' dir='ltr'>neque</span> 
     </span>
    </p>
   </div>
   <div class='ocr_carea' id='block_1_95' title="bbox 2097 4961 3743 5041">
    <p class='ocr_par' dir='ltr' id='par_1_95' title="bbox 2097 4961 3743 5041">
     <span class='ocr_line' id='line_1_95' title="bbox 2097 4961 3743 5041; baseline -0.001 -20"><span class='ocrx_word' id='word_1_622' title='bbox 2097 4981 2244 5023; x_wconf 89' lang='lat' dir='ltr'>vero</span> <span class='ocrx_word' id='word_1_623' title='bbox 2305 4961 2510 5041; x_wconf 89' lang='lat' dir='ltr'>potuit</span> <span class='ocrx_word' id='word_1_624' title='bbox 2558 4962 2854 5022; x_wconf 87' lang='lat' dir='ltr'>adornari</span> <span class='ocrx_word' id='word_1_625' title='bbox 2911 4963 3028 5022; x_wconf 89' lang='lat' dir='ltr'>nisi</span> <span class='ocrx_word' id='word_1_626' title='bbox 3062 4970 3200 5041; x_wconf 89' lang='lat' dir='ltr'>post</span> <span class='ocrx_word' id='word_1_627' title='bbox 3232 4979 3468 5022; x_wconf 89' lang='lat' dir='ltr'>annum</span> <span class='ocrx_word' id='word_1_628' title='bbox 3516 4961 3743 5021; x_wconf 87' lang='lat' dir='ltr'>Christi</span> 
     </span>
    </p>
   </div>
   <div class='ocr_carea' id='block_1_96' title="bbox 2095 5059 3736 5138">
    <p class='ocr_par' dir='ltr' id='par_1_96' title="bbox 2095 5059 3736 5138">
     <span class='ocr_line' id='line_1_96' title="bbox 2095 5059 3736 5138; baseline -0.001 -19"><span class='ocrx_word' id='word_1_629' title='bbox 2095 5063 2234 5137; x_wconf 76' lang='lat'>384,</span> <span class='ocrx_word' id='word_1_630' title='bbox 2291 5061 2353 5119; x_wconf 86' lang='lat' dir='ltr'>id</span> <span class='ocrx_word' id='word_1_631' title='bbox 2413 5066 2526 5134; x_wconf 88' lang='lat' dir='ltr'>est,</span> <span class='ocrx_word' id='word_1_632' title='bbox 2564 5065 2708 5138; x_wconf 89' lang='lat' dir='ltr'>post</span> <span class='ocrx_word' id='word_1_633' title='bbox 2737 5060 2975 5120; x_wconf 90' lang='lat' dir='ltr'>obitum</span> <span class='ocrx_word' id='word_1_634' title='bbox 3012 5060 3214 5121; x_wconf 87' lang='lat' dir='ltr'>sancti</span> <span class='ocrx_word' id='word_1_635' title='bbox 3247 5059 3497 5119; x_wconf 61' lang='lat' dir='ltr'>Damasi</span> <span class='ocrx_word' id='word_1_636' title='bbox 3529 5077 3736 5136; x_wconf 60' lang='lat' dir='ltr'>papa,</span> 
     </span>
    </p>
   </div>
   <div class='ocr_carea' id='block_1_97' title="bbox 2094 5155 3742 5237">
    <p class='ocr_par' dir='ltr' id='par_1_97' title="bbox 2094 5155 3742 5237">
     <span class='ocr_line' id='line_1_97' title="bbox 2094 5155 3742 5237; baseline -0.002 -21"><span class='ocrx_word' id='word_1_637' title='bbox 2094 5176 2236 5216; x_wconf 91' lang='lat' dir='ltr'>cum</span> <span class='ocrx_word' id='word_1_638' title='bbox 2293 5157 2750 5237; x_wconf 82' lang='lat' dir='ltr'>Jerosolymam</span> <span class='ocrx_word' id='word_1_639' title='bbox 2814 5176 3133 5235; x_wconf 77' lang='lat' dir='ltr'>regressus</span> <span class='ocrx_word' id='word_1_640' title='bbox 3166 5163 3330 5218; x_wconf 89' lang='lat' dir='ltr'>esset</span> <span class='ocrx_word' id='word_1_641' title='bbox 3361 5162 3615 5216; x_wconf 87' lang='lat' dir='ltr'>sanctus</span> <span class='ocrx_word' id='word_1_642' title='bbox 3648 5155 3742 5214; x_wconf 92' lang='lat' dir='ltr'>vir</span> 
     </span>
    </p>
   </div>
   <div class='ocr_carea' id='block_1_98' title="bbox 2094 5252 3737 5334">
    <p class='ocr_par' dir='ltr' id='par_1_98' title="bbox 2094 5252 3737 5334">
     <span class='ocr_line' id='line_1_98' title="bbox 2094 5252 3737 5334; baseline -0.002 -20"><span class='ocrx_word' id='word_1_643' title='bbox 2094 5255 2531 5334; x_wconf 90' lang='lat' dir='ltr'>Ilieronymus,</span> <span class='ocrx_word' id='word_1_644' title='bbox 2593 5261 2654 5315; x_wconf 94' lang='lat' dir='ltr'>et</span> <span class='ocrx_word' id='word_1_645' title='bbox 2712 5256 2958 5315; x_wconf 90' lang='lat' dir='ltr'>concito</span> <span class='ocrx_word' id='word_1_646' title='bbox 3039 5255 3241 5333; x_wconf 87' lang='lat' dir='ltr'>gradu</span> <span class='ocrx_word' id='word_1_647' title='bbox 3301 5273 3480 5314; x_wconf 92' lang='lat' dir='ltr'>suam</span> <span class='ocrx_word' id='word_1_648' title='bbox 3544 5252 3737 5313; x_wconf 85' lang='lat' dir='ltr'>Beth-</span> 
     </span>
    </p>
   </div>
   <div class='ocr_carea' id='block_1_99' title="bbox 2089 5350 3733 5414">
    <p class='ocr_par' dir='ltr' id='par_1_99' title="bbox 2089 5350 3733 5414">
     <span class='ocr_line' id='line_1_99' title="bbox 2089 5350 3733 5414; baseline -0.001 -2"><span class='ocrx_word' id='word_1_649' title='bbox 2089 5353 2248 5414; x_wconf 89' lang='lat' dir='ltr'>leem</span> <span class='ocrx_word' id='word_1_650' title='bbox 2284 5359 2642 5414; x_wconf 89' lang='lat' dir='ltr'>remeasset.</span> <span class='ocrx_word' id='word_1_651' title='bbox 2679 5353 2863 5414; x_wconf 90' lang='lat' dir='ltr'>Ocius</span> <span class='ocrx_word' id='word_1_652' title='bbox 2895 5359 3104 5414; x_wconf 87' lang='lat' dir='ltr'>autem</span> <span class='ocrx_word' id='word_1_653' title='bbox 3138 5372 3217 5413; x_wconf 94' lang='lat' dir='ltr'>an</span> <span class='ocrx_word' id='word_1_654' title='bbox 3250 5353 3490 5412; x_wconf 88' lang='lat' dir='ltr'>tardius</span> <span class='ocrx_word' id='word_1_655' title='bbox 3547 5350 3733 5411; x_wconf 87' lang='lat' dir='ltr'>abso-</span> 
     </span>
    </p>
   </div>
   <div class='ocr_carea' id='block_1_100' title="bbox 2089 5447 3739 5530">
    <p class='ocr_par' dir='ltr' id='par_1_100' title="bbox 2089 5447 3739 5530">
     <span class='ocr_line' id='line_1_100' title="bbox 2089 5447 3739 5530; baseline -0.001 -20"><span class='ocrx_word' id='word_1_656' title='bbox 2089 5451 2222 5512; x_wconf 90' lang='lat' dir='ltr'>luta</span> <span class='ocrx_word' id='word_1_657' title='bbox 2251 5453 2329 5512; x_wconf 89' lang='lat' dir='ltr'>sit</span> <span class='ocrx_word' id='word_1_658' title='bbox 2361 5459 2503 5530; x_wconf 91' lang='lat' dir='ltr'>post</span> <span class='ocrx_word' id='word_1_659' title='bbox 2531 5451 2800 5512; x_wconf 89' lang='lat' dir='ltr'>reditum</span> <span class='ocrx_word' id='word_1_660' title='bbox 2854 5452 2915 5512; x_wconf 91' lang='lat' dir='ltr'>S.</span> <span class='ocrx_word' id='word_1_661' title='bbox 2978 5451 3367 5529; x_wconf 89' lang='lat' dir='ltr'>Hieronymi,</span> <span class='ocrx_word' id='word_1_662' title='bbox 3420 5447 3739 5527; x_wconf 87' lang='lat' dir='ltr'>judicium</span> 
     </span>
    </p>
   </div>
   <div class='ocr_carea' id='block_1_101' title="bbox 2085 5547 3740 5628">
    <p class='ocr_par' dir='ltr' id='par_1_101' title="bbox 2085 5547 3740 5628">
     <span class='ocr_line' id='line_1_101' title="bbox 2085 5547 3740 5628; baseline -0.002 -20"><span class='ocrx_word' id='word_1_663' title='bbox 2085 5550 2290 5610; x_wconf 87' lang='lat' dir='ltr'>ferant</span> <span class='ocrx_word' id='word_1_664' title='bbox 2349 5549 2461 5625; x_wconf 88' lang='lat' dir='ltr'>illi,</span> <span class='ocrx_word' id='word_1_665' title='bbox 2497 5549 2725 5628; x_wconf 86' lang='lat' dir='ltr'>quibus</span> <span class='ocrx_word' id='word_1_666' title='bbox 2786 5550 2997 5611; x_wconf 87' lang='lat' dir='ltr'>forsan</span> <span class='ocrx_word' id='word_1_667' title='bbox 3031 5567 3156 5610; x_wconf 93' lang='lat' dir='ltr'>non</span> <span class='ocrx_word' id='word_1_668' title='bbox 3201 5547 3555 5626; x_wconf 90' lang='lat' dir='ltr'>placuerint</span> <span class='ocrx_word' id='word_1_669' title='bbox 3590 5563 3740 5607; x_wconf 92' lang='lat' dir='ltr'>con-</span> 
     </span>
    </p>
   </div>
   <div class='ocr_carea' id='block_1_102' title="bbox 2076 5643 3736 5727">
    <p class='ocr_par' dir='ltr' id='par_1_102' title="bbox 2076 5643 3736 5727">
     <span class='ocr_line' id='line_1_102' title="bbox 2076 5643 3736 5727; baseline -0.002 -20"><span class='ocrx_word' id='word_1_670' title='bbox 2076 5647 2342 5727; x_wconf 66' lang='lat' dir='ltr'>jecturce</span> <span class='ocrx_word' id='word_1_671' title='bbox 2377 5652 2605 5709; x_wconf 82' lang='lat' dir='ltr'>nostrae</span> <span class='ocrx_word' id='word_1_672' title='bbox 2639 5667 2830 5726; x_wconf 88' lang='lat' dir='ltr'>supra</span> <span class='ocrx_word' id='word_1_673' title='bbox 2872 5648 3114 5727; x_wconf 82' lang='lat' dir='ltr'>positae.</span> <span class='ocrx_word' id='word_1_674' title='bbox 3149 5648 3460 5707; x_wconf 84' lang='lat' dir='ltr'>Caeterum</span> <span class='ocrx_word' id='word_1_675' title='bbox 3494 5644 3570 5704; x_wconf 89' lang='lat' dir='ltr'>de</span> <span class='ocrx_word' id='word_1_676' title='bbox 3613 5643 3736 5705; x_wconf 92' lang='lat' dir='ltr'>hoc</span> 
     </span>
    </p>
   </div>
   <div class='ocr_carea' id='block_1_103' title="bbox 2082 5742 3733 5823">
    <p class='ocr_par' dir='ltr' id='par_1_103' title="bbox 2082 5742 3733 5823">
     <span class='ocr_line' id='line_1_103' title="bbox 2082 5742 3733 5823; baseline -0.004 -15"><span class='ocrx_word' id='word_1_677' title='bbox 2082 5746 2386 5808; x_wconf 86' lang='lat' dir='ltr'>Psalterio</span> <span class='ocrx_word' id='word_1_678' title='bbox 2418 5765 2456 5808; x_wconf 89' lang='lat' dir='ltr'>a</span> <span class='ocrx_word' id='word_1_679' title='bbox 2485 5765 2550 5807; x_wconf 87' lang='lat' dir='ltr'>se</span> <span class='ocrx_word' id='word_1_680' title='bbox 2593 5747 2926 5808; x_wconf 87' lang='lat' dir='ltr'>emendato</span> <span class='ocrx_word' id='word_1_681' title='bbox 2985 5745 3123 5806; x_wconf 82' lang='lat' dir='ltr'>haec</span> <span class='ocrx_word' id='word_1_682' title='bbox 3176 5742 3369 5806; x_wconf 87' lang='lat' dir='ltr'>habet</span> <span class='ocrx_word' id='word_1_683' title='bbox 3425 5742 3733 5823; x_wconf 86' lang='lat' dir='ltr'>Hierony-</span> 
     </span>
    </p>
   </div>
  </div>
