4060 6190
263 340 327 398 57
875 409 886 422 _
1635 333 2249 400 PROLEGOMENA.
2413 301 2418 303 ’
3567 333 3650 398 ss

264 488 386 530 mus
411 468 474 528 in
504 466 623 528 ﬁne
652 467 762 526 lib.
800 484 844 527 ιι
870 467 1196 546 Apologia
1219 468 1518 530 adversus
1542 470 1884 532 Ruﬁnum:
1919 469 1974 536 Α
2005 488 2177 532 mum
2235 473 2474 552 petitur
2526 491 2607 534 ex
2676 468 2925 531 silentio
2999 467 3204 530 sancti
3283 467 3652 548 Hieronymi

265 566 625 625 Psalterium
686 584 946 644 quoque,
1007 566 1175 645 quod
1229 573 1389 626 certe
1462 567 1892 628 emendatissi-
1999 568 2131 646 qui,
2167 571 2410 631 cateris
2465 569 2756 632 omnibus
2811 566 3273 647 pratermissis,
3338 584 3447 628 sex
3509 573 3650 628 tau-

265 685 408 724 mum
422 664 611 742 juxta
639 662 1062 744 Septuaginta
1105 663 1480 746 Interpretes
1526 672 1739 726 nostro
1787 665 1884 726 la-
2000 671 2132 726 tum
2193 668 2501 730 librorum
2551 667 2740 746 juxta
2795 665 3214 744 Septuaginta
3275 665 3653 726 emendatis-

262 764 386 823 bore
436 762 672 823 dudum
732 761 935 824 Roma
1012 764 1306 845 suscepit,
1384 785 1638 826 rursum
1694 764 1889 844 juxta
1998 763 2300 826 simorum
2335 764 2488 845 (jam
2547 763 2714 824 enim
2772 762 3050 842 reliquos
3103 762 3298 824 libros
3353 763 3653 823 amiserat

259 859 621 921 Hebraicum
700 866 964 938 vertens,
1008 862 1386 942 praefatione
1444 863 1705 941 munivi,
1767 868 1885 925 etc.
1997 860 2219 922 fraude
2249 861 2608 942 cujusdam)
2636 859 2933 938 :meminit
2977 859 3277 920 adversus
3328 860 3649 939 Ruﬁnum,

260 959 429 1020 Plura
484 958 695 1019 adhuc
743 959 972 1020 videais
1026 959 1091 1019 in
1161 959 1592 1023 admonitione
1673 965 1890 1022 nostra
1998 965 2062 1021 et
2091 961 2334 1040 aliquot
2361 961 2517 1024 locis
2572 959 3019 1041 prafationum
3077 957 3142 1018 in
3198 977 3378 1020 suam
3438 958 3655 1022 editio-

257 1060 322 1118 ad
377 1065 717 1136 utrumque
762 1057 1136 1119 Psalterium
1196 1059 1588 1140 Hieronymi.
1655 1065 1888 1122 ltoma-
1996 1075 2139 1118 nem
2171 1077 2249 1119 ex
2277 1059 2564 1120 Hebrao.
2624 1061 2748 1120 Sex
2803 1053 3129 1118 volumina
3185 1055 3508 1134 speciatim
3568 1055 3649 1117 ab

257 1174 388 1214 num
418 1162 478 1214 et
507 1156 900 1216 Gallicanum
935 1157 1123 1217 hodie
1154 1164 1613 1238 nuncupatum.
1994 1174 2070 1218 eo
2101 1158 2408 1218 recensita
2463 1157 2584 1219 ista
2640 1160 2809 1230 sunt,
2870 1154 3028 1216 liber
3082 1151 3217 1227 Iob,
3269 1153 3428 1214 liber
3454 1153 3648 1215 Psal-

319 1253 488 1314 Dedit
514 1253 706 1314 etiam
755 1258 820 1316 S.
879 1255 1300 1335 Hieronymus
1356 1257 1586 1318 Latino
1645 1274 1884 1317 sermo-
1995 1275 2257 1331 morum,
2295 1255 2438 1316 libri
2489 1261 2618 1317 tres
2673 1251 3051 1326 Salomonis,
3097 1249 3466 1326 Proverbia,
3530 1250 3654 1312 Ec-

254 1352 304 1410 ni
330 1353 476 1412 alios
502 1352 849 1432 Scriptura
893 1372 1088 1414 sacra
1137 1353 1332 1416 libros
1375 1354 1562 1434 juxta
1615 1359 1884 1434 Septua-
1993 1352 2337 1428 clesiastes,
2384 1353 2658 1414 Cantica
2687 1352 3096 1424 canticorum,
3130 1356 3192 1411 et
3222 1349 3382 1411 liber
3437 1351 3653 1410 Para-

251 1450 404 1528 ginta
429 1450 1045 1530 interpretationem,
1078 1471 1237 1532 quos
1292 1452 1493 1514 obelis
1548 1459 1610 1514 et
1659 1453 1883 1514 asteri-
1993 1449 2371 1531 lipomenon.
2405 1452 2515 1513 His
2571 1451 2874 1531 exceptis,
2934 1447 3179 1510 nullum
3235 1446 3429 1508 alium
3479 1446 3651 1509 Scri-

253 1549 352 1606 scis
377 1549 679 1610 distinxit.
730 1553 826 1610 An
883 1564 1030 1611 vero
1086 1550 1338 1629 singula
1393 1550 1722 1612 volumina
1778 1553 1880 1612 ln-
1994 1555 2197 1627 ptura
2229 1567 2424 1612 sacra
2455 1550 2718 1622 librum,
2775 1554 2846 1609 ut
2901 1547 3117 1619 sciam,
3177 1546 3329 1607 dicit
3373 1546 3440 1606 in
3494 1564 3628 1626 pra

253 1648 557 1707 sti-umenti
611 1648 837 1709 veteris
894 1647 1016 1709 hoc
1097 1648 1286 1710 modo
1367 1650 1746 1711 converterit
1818 1650 1880 1710 in
1990 1644 2336 1707 fationibus
2374 1665 2440 1708 se
2491 1665 2635 1708 eum
2693 1646 2916 1707 Latine
2973 1643 3307 1705 tradidisse
3358 1644 3660 1705 emenda‘

254 1744 541 1816 Latinum,
581 1763 688 1806 seu
721 1746 932 1824 potius
989 1747 1417 1808 emendaverit
1470 1766 1547 1808 ex
1594 1747 1881 1826 Origenis
1989 1748 2123 1805 tum
2148 1744 2336 1823 juxta
2366 1747 2523 1808 LXX
2551 1764 2694 1806 curn
2727 1743 2926 1806 obelis
2972 1748 3036 1805 et
3092 1742 3428 1804 asteriscis.
3461 1742 3654 1803 Dein-

256 1841 545 1920 Hexaplis,
611 1843 896 1904 nonnihil
951 1843 1320 1922 ambiguum
1406 1845 1673 1906 videtur.
1760 1849 1884 1908 Pro
1916 1833 2070 1901 Bde
2124 1841 2291 1903 idem
2353 1843 2684 1904 manifesto
2743 1840 3004 1921 probari
3058 1839 3309 1901 videtur
3357 1858 3436 1901 ex
3491 1857 3654 1919 qua-

255 1952 314 1994 eo
367 1937 635 1998 maxime
691 1938 931 1998 faciunt
990 1957 1130 2018 qua
1187 1939 1484 2018 leguntur
1542 1941 1753 2002 multis
1818 1942 1884 2002 in
1993 1945 2138 2001 tuor
2247 1942 2451 2003 solum
2580 1939 3079 2022 prafatiunculis
3214 1958 3357 2018 qua
3471 1937 3655 2000 nobis

254 2030 385 2092 locis
438 2034 578 2112 ejus
660 2037 1104 2114 scriptionum,
1189 2039 1298 2097 ubi
1383 2039 1731 2115 generatim
1807 2040 1884 2100 de
1991 2043 2330 2116 supersunt
2384 2039 2449 2098 in
2507 2039 2904 2119 supradictos
2959 2037 3177 2098 libros.
3262 2039 3419 2098 Nam
3497 2053 3653 2096 con-

251 2130 513 2192 omnibus
592 2132 771 2193 libris
851 2134 1156 2195 versionis
1237 2137 1401 2196 LXX
1452 2136 1515 2196 id
1565 2136 1886 2198 afﬁrmare
1993 2135 2194 2212 geries
2247 2141 2617 2198 cunctarum
2674 2135 3118 2215 prafationum
3194 2136 3266 2193 B.
3344 2133 3652 2211 Hierony-

247 2228 393 2288 visus
421 2235 512 2291 est
541 2231 836 2310 egregius
860 2231 988 2312 ipse
1007 2233 1280 2294 Doctor;
1316 2252 1464 2294 nam
1503 2234 1612 2295 lib.
1647 2252 1692 2297 Il
1723 2240 1883 2315 Apo-
1994 2231 2103 2309 mi,
2161 2252 2353 2312 quam
2412 2233 2721 2296 habemus
2777 2232 3115 2312 separatim
3188 2230 3254 2291 in
3329 2229 3653 2291 nonnullis

251 2324 412 2402 logia
438 2327 744 2388 adversus
767 2329 1060 2390 Ruﬁnum
1100 2330 1382 2392 vindicat
1401 2350 1467 2392 se
1497 2331 1577 2392 ab
1602 2334 1881 2410 ejusdem
1993 2332 2473 2411 antiquissimis,
2530 2331 2976 2405 monumentis,
3029 2348 3104 2390 ac
3159 2329 3223 2389 in
3261 2346 3527 2408 corpore
3553 2328 3654 2390 Bi-

255 2423 763 2500 rephrebensione
822 2433 885 2487 et
968 2427 1254 2506 objectis,
1341 2429 1603 2492 dicens:
1661 2428 1886 2510 Egone
1992 2426 2264 2488 bliorum
2311 2434 2444 2490 tum
2493 2429 2832 2503 editorum,
2876 2433 3008 2488 tum
3043 2425 3643 2505 manuscriptorum,

253 2527 441 2580 contra
467 2521 894 2603 Septuaginta
923 2524 1300 2606 Interpretes
1330 2525 1584 2607 aliquid
1608 2547 1746 2588 sum
1794 2528 1878 2588 lo-
1993 2531 2268 2602 quatuor
2322 2527 2656 2589 solumodo
2714 2526 2942 2588 retinet
2999 2525 3296 2604 prologos
3363 2523 3648 2604 duplices

254 2625 428 2694 cutus,
460 2640 620 2699 quos
653 2627 796 2681 ante
824 2643 1021 2683 annos
1056 2622 1397 2704 plurimos,
1448 2625 1883 2706 diligentissi-
1991 2622 2057 2683 in
2087 2623 2411 2686 volumina
2441 2643 2642 2700 sacra,
2704 2641 2932 2703 nempe
2959 2623 3023 2684 in
3071 2621 3267 2683 libros
3311 2620 3478 2694 Jobi,
3526 2623 3650 2682 Da-

252 2735 331 2773 me
378 2720 754 2791 emendatos,
816 2741 955 2781 mea:
1012 2721 1252 2802 lingua
1325 2723 1634 2784 siudiosis
1709 2725 1880 2804 dedi,
1992 2722 2176 2800 vidis,
2209 2725 2568 2786 Salomonis
2598 2725 2752 2787 etin
2806 2722 3314 2802 Paralipomena.
3374 2719 3645 2799 Reliqui,

253 2832 382 2890 quos
411 2817 696 2894 quotidie
727 2819 793 2877 in
849 2826 1148 2880 conventu
1227 2824 1503 2889 fratrum
1578 2824 1879 2894 edissero,
1991 2819 2131 2899 ipso
2216 2821 2548 2883 advivente
2620 2823 3033 2899 Hieronymo,
3121 2819 3466 2897 perierant,
3537 2822 3650 2878 aut

253 2930 486 2989 gnarum
543 2915 844 2976 Psalmos
899 2917 1048 2997 iugi
1103 2919 1507 2980 meditatione
1565 2922 1884 2983 decanto?
1991 2924 2159 2979 certe
2213 2937 2357 2980 eum
2417 2919 2719 2980 latebant.
2779 2922 2984 2986 Quare
3013 2921 3222 2977 autem
3287 2934 3325 2976 a
3375 2913 3647 2975 librariis

253 3016 352 3070 etc.
383 3012 550 3072 Idem
589 3014 862 3092 legimus
919 3017 1292 3095 prafatione
1346 3019 1410 3078 in
1460 3021 1884 3100 Paralipome-
1990 3016 2432 3078 omitterentur
2476 3017 2736 3097 reliqua
2793 3015 3159 3095 Hieronymi
3217 3012 3640 3094 prafationes,

257 3126 362 3168 non
389 3109 598 3172 libros.
665 3116 733 3172 In
790 3113 1060 3192 epistola
1115 3118 1215 3190 28,
1268 3116 1349 3176 ad
1402 3117 1756 3193 Lucinium,
1791 3119 1882 3181 ita
1993 3114 2044 3174 si
2099 3134 2238 3194 qua
2301 3115 2564 3176 fuissent
2619 3114 2805 3176 edita
2863 3131 3008 3175 cum
3065 3111 3430 3191 bujusmodi
3472 3109 3649 3171 libris

249 3224 471 3284 quoque
529 3211 753 3270 scribit
807 3211 884 3271 de
940 3214 1364 3291 Septuaginta
1428 3217 1883 3294 Interpretibus
1914 3197 1958 3266 C
1996 3212 2189 3272 versis
2243 3214 2342 3274 vel
2399 3212 2750 3274 emendatis
2795 3211 2983 3291 juxta
3037 3211 3192 3271 LXX
3240 3211 3648 3288 Interpretes,

247 3303 434 3364 Latine
511 3307 778 3367 redditis
853 3330 867 3368 :
956 3308 1381 3390 Septuaginta
1464 3311 1880 3394 Interpretum
1996 3309 2171 3370 nulla
2218 3315 2427 3388 potest
2476 3310 2601 3371 alia
2657 3309 2966 3387 assignari
3028 3307 3209 3379 ratio,
3267 3324 3458 3386 quam
3509 3323 3652 3384 qua

251 3399 556 3462 editionem
618 3410 677 3462 et
733 3411 790 3463 te
845 3405 1070 3466 habere
1125 3428 1246 3467 non
1303 3408 1546 3489 dubito,
1606 3416 1666 3469 et
1745 3417 1887 3470 ante
1996 3417 2208 3468 movet
2261 3413 2327 3468 ut
2391 3407 2724 3469 credamus
2754 3413 3030 3486 quatuor
3063 3410 3308 3466 tantum
3352 3404 3417 3465 in
3472 3403 3653 3465 sche-

251 3515 422 3555 annos
488 3499 818 3579 plurimos
903 3502 1404 3583 diligentissime
1501 3507 1884 3568 emendatam
1995 3507 2160 3569 dulis
2207 3508 2410 3569 sancti
2467 3507 2756 3569 Doctoris
2838 3506 3027 3568 fuisse
3112 3511 3414 3584 repertas.
3475 3505 3651 3564 Unus

256 3594 538 3655 studiosis
563 3599 838 3658 tradidi.
872 3602 1286 3662 Emendatam
1340 3608 1584 3663 tantum
1637 3604 1740 3664 hic
1788 3605 1884 3665 di-
1994 3625 2123 3684 pra
2199 3607 2441 3667 cunctis
2524 3605 2931 3668 Cassiodorus
3014 3621 3233 3665 omnes
3310 3606 3640 3664 memorat.

134 3763 144 3775 .
253 3689 323 3748 cit
348 3692 685 3756 editionem
713 3715 780 3758 se
814 3698 1144 3759 tradidisse
1192 3699 1469 3760 Latinis:
1530 3707 1596 3760 at
1650 3700 1712 3760 in
1752 3703 1885 3780 epi-
1993 3704 2203 3764 Tertio
2289 3703 2626 3782 scriptores
2709 3709 2973 3774 veteres,
3050 3719 3210 3780 quos
3301 3718 3499 3779 usque
3580 3698 3648 3760 in

253 3787 390 3847 stola
447 3794 586 3862 135,
651 3793 733 3855 ad
790 3796 1097 3856 Sunniam
1161 3802 1224 3856 et
1289 3796 1602 3857 Fretelam
1658 3799 1886 3860 versio-
1991 3799 2158 3860 hanc
2189 3800 2353 3860 diem
2414 3800 2559 3878 legi,
2620 3818 2746 3860 non
2804 3799 3216 3860 recordentur
3263 3797 3530 3858 aliorum
3578 3795 3649 3857 li-

254 3903 372 3945 nem
401 3892 722 3969 appellat:
760 3893 926 3962 Κοινὴ
986 3899 1187 3953 autem
1248 3894 1393 3968 ista,
1455 3893 1570 3954 lzoc
1608 3901 1702 3955 est
1729 3916 1886 3956 com-
1991 3895 2460 3975 brorumjuxta
2492 3898 2646 3958 LXX
2707 3895 3020 3957 editorum
3080 3895 3160 3956 ab
3217 3895 3641 3972 Hieronymo:

254 3985 435 4042 munis
509 3989 732 4060 editio,
810 3991 1040 4070 inquit,
1124 3991 1259 4073 ipsa
1330 3997 1423 4050 est
1477 4011 1608 4071 qua
1660 3999 1719 4052 et
1771 3999 1884 4058 Se-
1990 3997 2121 4057 imo
2203 4000 2457 4056 sanctus
2533 3994 2926 4074 Augustinus
3037 3992 3428 4071 diligentiam
3507 3989 3644 4068 ejus

255 4083 586 4159 btuaginta.
648 4087 772 4146 Sed
829 4087 942 4148 hoc
1001 4089 1259 4148 interest
1315 4089 1476 4148 inter
1533 4095 1878 4170 utramque,
1987 4093 2337 4154 admiratus
2414 4092 2480 4152 in
2553 4092 2824 4154 editione
2898 4091 3042 4151 libri
3111 4089 3232 4152 Job
3297 4087 3641 4149 secundum

250 4178 395 4254 quod
447 4181 611 4248 κοινὴ
657 4192 779 4262 pro
861 4185 1017 4246 locis
1091 4192 1150 4245 et
1205 4185 1602 4268 temporibus,
1658 4194 1716 4246 et
1754 4197 1881 4270 pro
1989 4192 2241 4252 eosdem
2272 4192 2424 4251 LXX
2475 4189 2833 4270 (ignorabat
2886 4188 3276 4266 Augustinus
3331 4185 3643 4265 Hierony-

253 4276 541 4340 roluntate
598 4281 997 4362 scriptorum,
1057 4290 1229 4344 vetus
1312 4290 1605 4366 corrupta
1686 4287 1881 4347 editio
1992 4307 2163 4350 mum
2197 4287 2316 4348 hoc
2366 4287 2499 4366 jam
2544 4288 2734 4348 fuisse
2781 4286 2999 4348 labore
3045 4283 3488 4364 perfunctum),
3535 4284 3646 4344 ad-

250 4380 343 4432 est.
374 4377 466 4437 Εα
497 4385 708 4438 autem
739 4399 871 4457 qua
901 4379 1162 4441 habetur
1191 4383 1256 4442 in
1276 4380 1588 4459 Ἑξαπλοῖς,
1617 4388 1676 4442 et
1696 4403 1853 4463 quan

2039 4391 2282 4447 ortatur
2309 4384 2487 4445 illum
2537 4389 2606 4444 ut
2663 4384 2911 4444 Gracas
2967 4381 3302 4444 canonicas
3360 4379 3642 4458 Scriptu-

248 4489 340 4530 nos
368 4478 687 4547 vertimus,
724 4477 860 4557 ipsa
890 4484 981 4536 est
1000 4498 1134 4558 qua
1156 4480 1221 4539 in
1270 4481 1659 4541 eruditorum
1690 4481 1878 4542 libris
1913 4557 1942 4561 _
1988 4503 2114 4559 ras,
2150 4501 2289 4561 qua
2321 4481 2738 4561 Septuaginta
2794 4484 3217 4560 Interpretum
3267 4476 3644 4539 auctoritate

250 4565 583 4654 incorrupta
635 4580 694 4632 et
749 4575 1149 4634 immaculata
1204 4576 1620 4658 Septuaginta
1668 4579 1874 4640 Inter-
1909 4557 1954 4620 θ
1986 4557 2425 4659 perhibentur,
2488 4557 2940 4656 interpretetur
2970 4557 3281 4638 Ecclesia
3336 4573 3573 4634 Latina
3621 4589 3638 4633 :

246 4672 455 4728 eretum
540 4670 883 4731 translatio
967 4680 1345 4735 reservatur.
1431 4677 1550 4736 Sed
1665 4694 1878 4738 rursus
1983 4680 2109 4740 Per
2138 4678 2272 4752 hoc,
2309 4678 2538 4757 inquit,
2585 4677 2936 4758 plurimum
2980 4674 3334 4758 profueris,
3393 4673 3454 4732 si
3508 4691 3640 4732 eam

247 4759 336 4821 lib.
389 4783 453 4828 ιιι
500 4769 836 4848 Apologia
898 4771 1199 4832 adversus
1269 4773 1569 4834 Rufinum
1623 4773 1876 4835 nomine
1991 4775 2276 4837 Graecam
2333 4774 2755 4856 Scripturam,
2815 4794 2995 4852 quam
3053 4770 3470 4853 Septuaginta
3502 4777 3638 4850 ope-

247 4865 682 4927 θωθηάἃῑίοοὶε
711 4868 1010 4928 ﬁnditur:
1064 4869 1240 4929 ΜίῘιί
1291 4891 1412 4929 non
1470 4869 1706 4941 licebit,
1737 4877 1878 4937 bost
1983 4876 2112 4934 rati
2140 4880 2306 4948 sunt,
2343 4874 2582 4934 Latina
2642 4872 2895 4932 veritati
2952 4869 3336 4948 reddideris,
3387 4887 3519 4948 qua
3573 4867 3638 4927 in

244 4956 644 5044 Septuaginta
700 4965 1058 5045 editionem,
1120 4988 1305 5047 quam
1375 4967 1878 5047 diligentissime
1981 4971 2252 5030 diversis
2306 4969 2630 5030 codicibus
2688 4969 2777 5028 ita
2837 4969 3012 5028 varia
3070 4973 3184 5046 est,
3247 4971 3315 5026 ut
3374 4963 3639 5025 tolerari

244 5063 610 5122 emendatam
663 5074 809 5123 ante
837 5085 1035 5125 annos
1075 5065 1396 5146 plurimos
1437 5085 1577 5126 mea
1635 5067 1875 5146 lingua
1982 5069 2086 5128 vix
2099 5068 2330 5148 possit,
2366 5073 2425 5126 et
2457 5067 2546 5126 ita
2575 5071 2860 5147 suspecta
2915 5086 2989 5124 ne
3047 5066 3111 5125 in
3177 5063 3399 5126 Graeco
3456 5059 3640 5121 aliud

242 5150 583 5220 lzominibus
637 5161 810 5240 dedi,
871 5170 990 5223 etc.
1055 5167 1196 5224 Hac
1256 5171 1400 5224 sunt
1457 5170 1686 5242 prater
1748 5166 1871 5225 alia
1983 5166 2358 5236 inveniatur,
2395 5170 2464 5222 ut
2496 5163 2640 5222 inde
2687 5163 2943 5242 aliquid
2980 5163 3270 5243 proferri
3325 5165 3437 5220 aut
3477 5166 3640 5238 pro-

243 5254 444 5326 qnibus
500 5257 760 5336 probari
814 5267 1022 5338 potest
1079 5281 1154 5323 ex
1238 5262 1376 5340 ipso
1465 5261 1865 5340 Hieronymo,
1980 5261 2121 5321 bari
2144 5260 2488 5320 dubitatur.
2526 5262 2614 5319 Ea
2669 5278 2816 5319 vero
2878 5260 3191 5320 scribebat
3245 5255 3638 5334 Augustinus

240 5361 442 5414 cuncta
493 5355 790 5417 editionis
845 5363 1077 5420 Graca
1136 5359 1458 5421 volumina
1517 5359 1596 5420 ab
1645 5359 1866 5420 eodem
1978 5360 2246 5440 epistola
2278 5362 2372 5432 71,
2409 5376 2551 5419 cum
2576 5356 2712 5436 jam
2745 5357 3065 5419 laberetur
3121 5373 3324 5418 annus
3367 5371 3406 5412 a
3454 5350 3638 5411 Chri-

238 5443 404 5509 fuisse
458 5453 686 5514 Latine
761 5472 1066 5519 conversa
1124 5476 1236 5518 seu
1293 5457 1630 5518 emendata
1682 5456 1868 5535 juxta
1977 5459 2056 5520 sti
2112 5460 2442 5519 nativitate
2472 5458 2612 5517 403.
2669 5459 2762 5518 Ex
2810 5477 2938 5538 quo
2995 5455 3404 5534 intelligimus
3460 5450 3636 5512 haud

239 5541 645 5628 Hexaplorum
701 5553 1052 5616 veritatem.
1112 5557 1345 5617 Contra
1387 5574 1537 5616 vero
1597 5554 1868 5617 militant
1972 5556 2380 5638 improbabili
2437 5554 2820 5634 conjectura,
2878 5555 3187 5634 quosdam
3245 5556 3632 5610 tantummo-

240 5641 491 5718 plurima
544 5667 742 5730 eaque
802 5653 1182 5714 validissima
1265 5658 1659 5731 argumenta.
1738 5653 1867 5715 Pri-
1975 5655 2055 5717 do
2085 5657 2278 5720 libros
2347 5653 2686 5734 Scriptura
2744 5658 3000 5725 Graca,
3060 5667 3166 5711 seu
3220 5645 3639 5728 Septuaginta
