4060 6190
411 327 491 388 se
1569 276 1895 384 PATltUM
1938 317 2642 384 BENEDIGTINORUM
3156 396 3174 413 ο
3735 311 3818 376 so

405 459 852 539 Intarpretum,
951 459 1174 520 Latine
1253 456 1446 518 fuisse
1556 472 1892 518 conversos
1971 469 2047 513 ac
2074 451 2130 519 A
2163 453 2652 533 transgulatum,
2710 458 2926 517 Grace
2981 450 3472 515 convertendum
3529 446 3822 510 tradidit.

410 559 644 619 Graca
689 558 838 619 fidei
893 557 1170 618 redditos
1225 555 1307 616 ab
1362 555 1766 635 Hieronymo.
1823 555 2055 615 Verum

413 654 712 733 inspectis
763 653 1124 731 diligentius
1174 653 1509 731 Augustini
1565 671 1638 713 ac
1692 647 2058 729 Hieronymi

410 755 580 836 ultro
611 755 893 832 citroque
923 753 1086 813 datis
1134 753 1440 832 epistolis,
1489 753 1888 832 exploratum
1939 769 2056 811 no-

407 856 504 916 bis
552 861 665 927 est,
729 855 1183 935 Hieronymum
1240 854 1532 916 universa
1585 854 2055 932 Scripturarum

410 953 652 1014 Veteris
682 953 1088 1014 instrumenti
1116 953 1464 1029 volumina,
1500 952 1835 1013 emendata
1870 950 2059 1030 juxta

405 1049 834 1128 Hexaplorum
893 1050 1104 1122 fidem,
1167 1051 1401 1111 Latinis
1459 1049 1787 1110 tradidisse
1849 1065 1864 1107 :
1940 1047 2059 1108 etsi

402 1146 811 1225 paucissima,
942 1147 1274 1208 nebulonis
1367 1147 1724 1226 cujuspiam
1835 1145 2056 1206 fraude

398 1245 613 1306 aliisve
658 1251 1016 1325 temporum
1072 1245 1344 1325 injuriis,
1407 1246 1486 1307 ad
1522 1250 1810 1325 posteros
1837 1260 2058 1323 perve-

400 1344 628 1405 nerint.
689 1345 986 1407 Manebat
1043 1362 1209 1406 anno
1267 1344 1497 1407 Christi
1553 1347 1674 1407 404
1762 1342 2058 1421 Augusti-

405 1459 556 1501 num
617 1441 1057 1522 Hieronymus,
1109 1447 1326 1502 vetera
1381 1441 1676 1503 editionis
1730 1441 1886 1501 LXX
1956 1441 2056 1500 ln-

408 1544 749 1618 terpretnm
806 1540 1196 1620 exemplaria
1279 1540 1637 1614 emendata,
1716 1539 1794 1600 de
1838 1542 2056 1598 Graco

384 1621 468 1699 'in
501 1639 798 1699 Latinum
848 1639 1240 1700 transtulisse
1299 1638 1535 1718 lingua
1591 1657 1721 1700 sua
1778 1635 2054 1698 homini-

398 1736 538 1798 bus.
600 1737 803 1808 Quare
885 1735 1051 1797 hanc
1126 1736 1489 1816 Hieronymi
1573 1734 2053 1797 translationem

2165 554 2400 619 Quarto
2457 552 2815 632 petentibus
2899 551 3263 613 Chromatio
3343 555 3408 609 et
3477 546 3816 607 Heliodoro

2165 651 2499 730 episcopis,
2533 651 2730 711 libros
2760 650 3118 711 Salomonis
3167 667 3243 708 ex
3300 646 3604 708 Hebraica
3653 643 3817 706 veri-

2165 752 2294 806 tate
2325 747 2629 808 convertit
2659 747 2720 806 in
2754 746 3030 824 linguam
3064 744 3379 805 Latinam.
3439 741 3668 812 Quinto
3729 757 3819 800 re-

2166 862 2421 904 currens
2451 844 2532 904 ad
2564 844 2944 923 principium
2976 841 3267 912 Canonis,
3323 840 3553 900 librum
3609 838 3814 899 Gene-

2165 959 2326 1016 seos,
2388 950 2451 1003 et
2525 943 2804 1020 reliquos
2875 938 3293 1003 Pentateuchi
3365 939 3816 1016 interpretatus

2165 1048 2280 1112 est,
2341 1040 2712 1102 obsecrante
2766 1039 3085 1101 Desiderio
3142 1056 3278 1099 suo.
3338 1036 3559 1097 Libros
3633 1035 3818 1095 deni-

2165 1157 2287 1218 que
2315 1139 2876 1218 Josue,Judicum,
2938 1138 3129 1209 Ruth,
3188 1155 3262 1198 ac
3321 1135 3542 1196 Esther
3587 1136 3817 1195 Eusto-

2165 1238 2309 1299 chio
2338 1238 2569 1317 virgini
2599 1256 2831 1317 negare
2861 1257 2985 1300 non
3018 1235 3258 1318 potuit:
3321 1234 3415 1297 uti
3468 1251 3583 1295 nec
3630 1236 3820 1294 Para-

2164 1336 2486 1417 lipomena
2542 1336 2930 1398 Chromatio.
2993 1335 3116 1396 Sed
3175 1340 3246 1394 ut
3325 1338 3570 1411 tempus
3626 1349 3814 1392 suum

2163 1434 2428 1513 singulis
2487 1434 2938 1510 voluminibus,
3023 1439 3332 1512 quantum
3401 1430 3560 1492 scire
3631 1429 3817 1491 nobis

2166 1531 2332 1604 licet,
2370 1531 2750 1610 praﬁnitum
2781 1531 2885 1601 sit,
2924 1530 3092 1590 hisce
3122 1529 3287 1589 notis
3317 1545 3390 1588 ac
3429 1527 3814 1588 characteri-

2164 1628 2282 1689 bus
2311 1628 2778 1707 chronologicis
2832 1627 2990 1688 illud
3047 1626 3378 1704 designare
3431 1622 3815 1685 curavimus.

2243 1729 2407 1786 Ante
2437 1726 2596 1787 alios
2624 1725 2818 1805 igitur
2850 1725 3042 1786 libros
3099 1723 3371 1786 Canonis
3391 1721 3658 1796 Hebrai,
3697 1723 3814 1781 La-

397 1852 506 1894 Beu
563 1834 1068 1896 emendationem
1125 1835 1418 1896 editionis
1472 1833 1913 1914 Septuaginta,
1970 1832 2049 1892 ad
2080 1822 2129 1888 B
2159 1823 2287 1884 tine
2321 1823 2596 1902 primum
2628 1823 2825 1884 edidit
2853 1822 3178 1884 volumina
3225 1819 3534 1882 Samuelis
3591 1825 3654 1880 et
3683 1821 3810 1879 Ma-

396 1951 464 1994 se
504 1933 1053 1994 transmittendam
1106 1933 1383 2012 postulat
1435 1932 1827 2010 Augustinus
1876 1947 2044 1990 anno

394 2033 722 2111 sequenti:
755 2032 996 2092 Deinde
1025 2031 1224 2108 nobis,
1257 2032 1465 2112 inquit
1493 2033 1676 2111 epist.
1733 2033 1832 2103 82,
1895 2028 2046 2088 mit-

396 2135 516 2206 tas,
551 2129 820 2203 obsecro,
857 2130 1425 2212 interpretationem
1456 2136 1630 2191 tuam
1676 2129 1753 2189 de
1795 2128 2048 2208 Septua-

394 2228 609 2308 ginta,
630 2247 815 2308 quam
838 2233 895 2287 te
913 2228 1192 2289 edidisse
1203 2227 1570 2302 nesciebam,
1594 2233 1716 2289 etc.
1738 2245 1752 2301 ;
1777 2227 1856 2288 ad
1875 2226 2047 2305 quod

395 2325 738 2405 respondet
782 2326 1206 2406 Hieronymus
1261 2327 1441 2406 epist.
1501 2328 1602 2399 94,
1663 2323 1829 2404 apud
1883 2327 2044 2402 Aug.

395 2426 511 2484 1⁵72
535 2441 549 2483 :
591 2423 920 2485 Grandem
935 2424 1152 2485 Latini
1171 2425 1476 2485 sermonis
1495 2424 1562 2485 in
1583 2424 1707 2485 ista
1716 2421 2048 2505 provincia

396 2522 786 2582 notariorum
817 2522 1104 2604 patimur
1116 2523 1455 2605 penuriam
1480 2541 1496 2584 :
1539 2528 1598 2582 et
1627 2521 1866 2582 idcirco
1879 2528 2049 2602 pra-

395 2619 588 2701 ceptis
615 2621 745 2681 tuis
758 2628 980 2702 parere
1003 2641 1124 2681 non
1138 2630 1498 2703 possumus,
1532 2620 1796 2681 maxime
1817 2619 1883 2678 in
1914 2616 2047 2678 edi-

399 2718 568 2779 tione
619 2717 1061 2801 Septuaginta,
1119 2740 1252 2801 qua
1298 2719 1623 2780 asteriscis
1670 2717 2053 2799 verubusque

395 2815 701 2876 distincta
730 2823 842 2878 est.
903 2817 1216 2900 Pleraque
1271 2818 1434 2878 enim
1483 2817 1728 2900 prioris
1785 2816 2047 2894 laboris,

393 2913 623 2980 ﬁaude
650 2913 1006 2988 cuiusdam,
1039 2916 1392 2977 amisimus.
1416 2918 1563 2977 Hac
1583 2916 1914 2996 perpaucis
1936 2934 2049 2976 an-

399 3011 497 3071 nis
525 3017 670 3072 ante
701 3012 943 3072 obitum
1002 3033 1184 3074 suum
1246 3014 1564 3074 scribebat
1619 3017 1684 3074 S.
1746 3013 2052 3091 Hierony-

397 3125 562 3180 mus,
594 3125 761 3168 anno
792 3109 1030 3170 scilicet
1082 3111 1202 3171 416
1256 3110 1533 3170 ineunte.
1593 3109 1772 3173 Unde
1823 3109 2051 3188 procli-

2152 1919 2421 1998 lachim,
2483 1939 2625 2000 qua
2704 1920 2893 1982 hodie
2967 1927 3242 1999 quatuor
3323 1919 3560 1996 Regum
3617 1916 3814 1977 libros

2152 2036 2475 2078 vocamus.
2508 2019 2686 2087 Quod
2727 2018 2941 2079 statim
2990 2034 3362 2097 persuasum
3417 2015 3536 2076 erit
3591 2014 3821 2076 lectori

2153 2117 2460 2188 studioso,
2522 2122 2594 2178 ut
2640 2117 3077 2197 prafationem
3127 2117 3274 2178 huic
3336 2113 3598 2178 editioni
3654 2131 3818 2190 pra-

2154 2214 2342 2274 ﬁxam
2404 2216 2729 2294 perlegere
2777 2214 3066 2277 voluerit.
3127 2217 3294 2275 Nam
3350 2212 3651 2293 prologus
3705 2211 3825 2270 iste

2154 2313 2218 2374 in
2252 2313 2447 2374 libros
2476 2318 2720 2393 Regum
2754 2314 2983 2375 dicitur
3009 2313 3414 2395 Principium
3469 2309 3817 2392 galeatum,

2158 2410 2328 2490 quod
2362 2410 2555 2490 possit
2613 2411 2908 2471 omnibus
2963 2409 3162 2482 libris,
3220 2429 3378 2489 quos
3417 2407 3494 2469 de
3547 2404 3814 2466 Hebrao

2160 2509 2581 2588 Hieronymus
2613 2509 2898 2570 vertebat
2950 2508 3014 2569 in
3069 2509 3392 2581 Latinum,
3436 2505 3812 2568 convenire:

2158 2604 2293 2666 Hic
2305 2606 2626 2688 prologus
2654 2607 3150 2688 Scripturarum,
3182 2606 3409 2684 inquit,
3461 2603 3646 2684 quasi
3690 2621 3813 2682 ga-

2159 2706 2392 2768 leatum
2443 2705 2856 2788 principium,
2916 2704 3202 2766 omnibus
3258 2703 3471 2782 libris,
3528 2724 3682 2785 quos
3738 2703 3817 2763 de

2159 2805 2427 2868 Hebrao
2458 2808 2759 2868 vertimus
2790 2808 2856 2868 in
2881 2806 3195 2887 Latinum,
3229 2806 3554 2867 convenire
3574 2810 3814 2887 potest.

2159 2904 2493 2967 Galeatum
2542 2905 2696 2966 dicit
2749 2906 3152 2985 principium,
3205 2904 3372 2985 quod
3429 2909 3622 2984 caput
3671 2920 3812 2963 sua-

2161 3021 2301 3063 rum
2363 3003 2722 3064 versionum
2774 3003 3141 3064 defenderet
3193 3003 3495 3063 adversus
3551 3000 3816 3062 amulos

2161 3119 2307 3161 suos
2335 3119 2349 3160 :
2385 3101 2513 3160 sive
2543 3101 2711 3179 quod
2745 3099 2938 3179 priori
2967 3099 3363 3161 translationi
3394 3117 3523 3160 sua
3553 3117 3629 3160 ex
3685 3099 3811 3159 He-

396 3221 473 3264 ve
531 3209 624 3265 est
674 3207 950 3280 credere,
1016 3207 1096 3268 ab
1145 3225 1219 3268 eo
1253 3207 1508 3267 minime
1547 3207 1836 3268 restituta
1866 3207 2054 3267 fuisse
2083 3193 2128 3260 C
2166 3200 2340 3261 brao
2371 3199 2632 3278 praeﬁxa
2659 3199 2763 3273 sit,
2797 3204 2860 3260 et
2908 3198 3089 3278 quasi
3143 3198 3457 3277 generalis
3511 3198 3816 3278 prologus

396 3299 723 3362 volumina
777 3301 911 3374 illa,
974 3323 1116 3382 qua
1169 3305 1248 3364 de
1302 3305 1720 3384 Septuaginta
1776 3303 2051 3365 editione

397 3395 572 3457 fraus
625 3397 744 3476 ipsi
795 3400 1170 3480 suppilarat.
1223 3404 1320 3462 Ita
1368 3419 1465 3462 res
1515 3402 1568 3462 si
1617 3419 1684 3462 se
1732 3401 2047 3474 habuerit,

399 3495 559 3556 nihil
589 3497 817 3558 mirum
867 3508 964 3560 est
1023 3501 1193 3578 quod
1249 3518 1284 3561 e
1341 3506 1436 3560 tot
1489 3500 1918 3562 voluminibus
1972 3500 2049 3562 de

397 3586 618 3647 Graco
676 3587 741 3647 in
802 3588 1093 3649 Latinum
1151 3589 1475 3669 eloquium
1533 3590 1872 3663 conversis,
1942 3609 2049 3652 sex

398 3686 644 3743 tantum
708 3685 891 3746 nobis
943 3687 1280 3766 supersint.
1359 3688 1665 3750 Caterum
1740 3687 2047 3750 librorum

396 3779 765 3860 hujusmodi
793 3784 1131 3846 editionem
1165 3803 1307 3846 cum
1367 3787 1681 3848 asteriscis
1737 3791 1800 3848 et
1826 3786 2044 3861 obelis,

394 3879 566 3942 intra
621 3881 1130 3962 quinquennium
1187 3885 1529 3964 perfectam
1580 3903 1715 3946 esse
1771 3889 2045 3965 oportet,

397 3979 479 4040 ab
509 3997 678 4041 anno
732 3982 963 4042 Christi
1015 3983 1254 4045 scilicet
1305 3986 1423 4045 385
1479 3990 1748 4046 exeunte
1802 3985 1884 4046 ad
1942 4003 2050 4045 an-

397 4095 550 4137 num
579 4079 698 4140 390
725 4079 822 4140 vel
853 4082 967 4141 391
1004 4081 1354 4161 ineuntem,
1411 4081 1562 4162 quia
1619 4100 1785 4142 anno
1840 4081 2050 4142 Domi-

396 4174 462 4236 ni
489 4177 600 4236 391
665 4179 976 4257 posterior
1021 4179 1350 4241 translatio
1404 4179 1548 4242 Jobi
1597 4187 1658 4241 et
1691 4179 2049 4242 Salomonis

398 4271 689 4334 absoluta
717 4276 835 4337 fuit
885 4277 965 4338 ab
1021 4278 1241 4340 eodem
1291 4278 1697 4360 Hieronymo,
1759 4285 1831 4341 ut
1884 4279 2049 4340 infra

398 4368 662 4432 dicetur.

477 4470 874 4548 Prapostero
917 4472 1207 4536 similiter
1233 4475 1453 4536 ordine
1507 4481 1698 4555 atque
1761 4475 2046 4551 confuso,

2157 3298 2222 3358 in
2253 3297 2618 3376 Scripturas
2649 3315 2686 3358 a
2716 3315 2782 3358 se
2811 3316 3023 3358 versas
3052 3297 3496 3376 pramittatur.
3529 3295 3811 3375 Idipsum

2161 3395 2491 3456 manifeste
2548 3395 2875 3456 declarant
2947 3394 3229 3473 ejusdem
3301 3394 3548 3475 prologi
3619 3393 3813 3455 verba

2155 3493 2376 3554 isthac
2403 3510 2418 3553 ε
2453 3491 2617 3573 Lege
2644 3513 2799 3573 ergo
2815 3492 3092 3574 primum
3113 3491 3369 3553 Samuel
3385 3497 3444 3551 et
3463 3490 3812 3552 Malachim

2159 3611 2380 3662 meum,
2415 3591 2692 3672 inquam,
2730 3611 2950 3652 meum.
2991 3590 3332 3672 Quidquid
3348 3590 3510 3651 enim
3531 3587 3815 3651 crebrius

2157 3689 2445 3750 vertendo
2473 3695 2532 3749 et
2559 3690 2941 3750 emendando
2971 3689 3318 3750 sollicitius
3347 3694 3406 3749 et
3431 3689 3802 3766 didicimus,

2156 3793 2215 3846 et
2241 3793 2536 3858 tenemus,
2595 3792 2878 3848 nostrum
2934 3791 3047 3848 est.
3106 3787 3388 3848 Primum
3449 3786 3576 3866 legi
3611 3786 3811 3847 voluit

2159 3885 2481 3946 volumina
2518 3889 2780 3965 Regum,
2815 3885 2965 3964 quia
3010 3885 3131 3946 hac
3180 3891 3326 3946 ante
3373 3891 3602 3947 catera
3656 3903 3809 3946 con-

2155 3989 2426 4047 verterat
2474 3984 2552 4046 de
2621 3985 2884 4045 Hebrao
2938 3984 3003 4044 in
3062 3984 3355 4045 Latinum
3413 4001 3812 4050 sermonem:

2157 4085 2342 4146 aliter
2373 4085 2592 4163 utique
2623 4085 2924 4157 dicturus,
2959 4084 3011 4144 si
3041 4102 3184 4163 qua
3240 4084 3378 4146 alia
3429 4084 3658 4147 veteris
3712 4085 3815 4146 In-

2160 4183 2494 4244 strumenti
2629 4182 3184 4262 interpretationes
3323 4184 3810 4263 pracessissent.

2157 4281 2565 4360 Exemplaria
2595 4279 2784 4360 hujus
2832 4281 3058 4360 prioris
3108 4281 3538 4344 translationis
3592 4284 3808 4343 Roma

2155 4378 2642 4442 inveniebantur
2688 4380 2859 4460 apud
2908 4379 3323 4441 Domnionem
3381 4386 3528 4440 ante
3575 4398 3812 4441 annum

2157 4477 2388 4538 Christi
2446 4481 2584 4554 393,
2643 4499 2770 4560 quo
2826 4477 3061 4556 scripta
3124 4475 3494 4555 perhibetur
3546 4477 3816 4555 epistola

397 4569 468 4625 ut
496 4572 684 4628 antea
740 4569 1123 4645 monuimus,
1183 4573 1504 4635 Canonem
1563 4574 1892 4636 Hebraica
1949 4592 2051 4635 ve.
2077 4561 2126 4629 D
2159 4575 2260 4646 52,
2290 4575 2368 4635 ad
2401 4576 2926 4648 Pammachium;
2961 4573 3070 4634 ubi
3116 4572 3436 4652 conceptis
3481 4573 3690 4634 verbis
3746 4575 3813 4636 id

395 4661 600 4724 ritatis
653 4667 873 4728 Latine
927 4669 1332 4751 interpretari
1384 4673 1596 4753 capit,
1653 4679 1738 4748 et,
1799 4673 2048 4735 Christo

394 4760 760 4840 adjuvante,
794 4767 1156 4848 complevit.
1207 4772 1356 4831 Non
1404 4770 1572 4832 enim
1629 4789 1668 4832 a
1696 4770 1902 4851 primo
1941 4789 2050 4832 us-

394 4877 519 4939 que
575 4862 656 4923 ad
706 4866 1115 4929 novissimum
1167 4868 1356 4948 juxta
1411 4869 1696 4930 ordinem
1755 4887 1882 4949 quo
1933 4869 2051 4929 ibi-

390 4958 534 5019 dem
594 4961 933 5041 leguntur;
992 4967 1105 5028 sed
1162 4974 1235 5029 ut
1290 4966 1498 5046 potuit
1551 4972 1615 5029 et
1669 4973 1736 5029 ut
1791 4973 2050 5046 rogatus

390 5056 533 5132 fuit,
565 5057 656 5120 ita
703 5060 904 5123 libros
960 5064 1370 5127 Hebraorum
1401 5067 1463 5126 in
1499 5066 1784 5127 Latinum
1817 5084 2052 5127 sermo-

391 5174 535 5218 nem
584 5161 930 5224 transtulit.
993 5163 1303 5225 Samuelis
1357 5169 1422 5226 et
1475 5165 1812 5226 Malachim
1866 5164 2048 5226 volu-

391 5256 564 5318 mina
649 5257 854 5337 primo
938 5257 1417 5333 φιλοπονωτάταις
1491 5263 1706 5326 Paula
1787 5263 2050 5344 ejusque

394 5353 540 5417 ﬁlia
595 5355 942 5420 Eustochio
1023 5359 1436 5436 προσεφώνησε.
1521 5361 1812 5422 Secundo
1905 5379 2052 5440 pro-

394 5450 621 5528 phetas
678 5473 897 5517 omnes
954 5455 1229 5536 majores
1283 5465 1474 5539 atque
1531 5459 1806 5521 minores
1871 5459 2049 5520 sede-

391 5548 514 5610 cim
549 5552 781 5616 eisdem
814 5555 1152 5636 delegavit.
1211 5557 1421 5619 Tertio
1478 5557 1645 5619 circa
1698 5557 1864 5618 idem
1895 5563 2051 5620 tem-

389 5664 510 5728 pus
540 5650 899 5731 SOphronio
930 5654 1183 5736 roganti
1229 5655 1610 5720 Psalterium
1662 5657 1738 5719 de
1785 5656 2049 5721 Hebrao

2156 4672 2497 4734 affirmavit
2526 4675 2973 4752 Hieronymus:
3007 4669 3340 4744 Miseram,
3370 4669 3596 4751 inquit,
3637 4689 3812 4750 qua-

2155 4769 2301 4828 dam
2357 4772 2466 4824 τῶν
2500 4770 2916 4845 ὑπομνημάτων
2979 4767 3044 4827 in
3085 4766 3429 4850 prophetas
3483 4767 3811 4830 duodecim

2157 4874 2371 4931 sancto
2405 4866 2592 4928 Patri
2615 4865 2986 4941 Domnioni,
3014 4867 3268 4929 Samuel
3305 4888 3544 4950 quoque
3570 4874 3630 4929 et
3657 4867 3812 4930 Ma-

2157 4966 2412 5046 lachim,
2447 4966 2518 5027 id
2544 4971 2657 5043 est,
2690 4971 2961 5046 quatuor
3003 4966 3370 5047 Regnorum
3419 4966 3636 5041 libras,
3689 4974 3808 5032 etc.

2157 5070 2238 5128 Et
2266 5086 2343 5128 ne
2375 5066 2625 5144 longius
2673 5065 2928 5143 evagari
2983 5066 3332 5144 contingat,
3383 5066 3535 5145 quid
3581 5066 3660 5127 de
3705 5067 3813 5128 Jo-

2158 5165 2262 5238 bo,
2321 5164 2472 5243 quid
2555 5163 2635 5224 de
2693 5164 2963 5225 sedecim
3023 5162 3350 5242 prophetis
3423 5164 3654 5226 ibidem
3713 5164 3810 5224 di-

2158 5267 2330 5325 ctum
2362 5261 2668 5340 legamus,
2704 5260 2976 5321 breviter
3003 5260 3227 5321 afferre
3259 5280 3384 5322 non
3444 5260 3557 5321 abs
3609 5280 3675 5321 re
3704 5261 3807 5322 sit.

2157 5365 2246 5423 De
2275 5360 2436 5422 Jobo
2469 5359 2724 5438 quidem
2754 5359 2844 5420 ita
2897 5359 3091 5421 habet
3139 5361 3360 5421 eadem
3417 5359 3684 5438 epistola
3728 5361 3814 5421 ad

2154 5457 2637 5520 Pammachium
2681 5473 2695 5517 :
2773 5456 3104 5518 Transtuli
3155 5465 3350 5538 nuper
3390 5454 3515 5524 Job
3573 5457 3640 5516 in
3690 5456 3815 5518 Iin-

2156 5576 2351 5638 guam
2383 5561 2702 5632 nostram;
2733 5553 2918 5633 cujus
2946 5554 3259 5638 exemplar
3286 5574 3323 5613 a
3369 5561 3585 5615 sancta
3632 5554 3815 5616 Mar-

2159 5653 2342 5734 cella,
2376 5653 2750 5716 consobrina
2806 5659 2938 5731 tua,
2989 5653 3228 5736 poteris
3285 5654 3588 5716 mutuari.
3647 5653 3813 5736 Lege
