4060 6190
247 355 312 412 Bt
1651 347 2072 409 PHULEGOM
2084 347 2261 406 ENA.
3584 348 3665 406 62

249 484 532 544 eumdem
570 483 860 545 Gracum
887 488 948 543 et
969 481 1286 559 latinum,
1349 488 1408 542 et
1464 488 1720 542 veterem
1777 483 1904 543 edi-
1933 479 1989 548 Î‘
2017 478 2284 552 lumina,
2316 477 2650 541 Latinitate
2687 479 2970 554 donavit,
3003 485 3074 542 ut
3128 479 3302 544 testis
3359 485 3454 543 est
3498 499 3662 561 prm-

252 582 486 642 tionem
516 589 746 642 nostrae
774 581 1190 641 translationi
1218 589 1546 662 compara;
1578 586 1637 640 et
1665 580 1909 661 liquido

253 677 628 759 pervidebis,
685 685 987 759 quantum
1043 678 1238 738 distet
1293 679 1458 738 inter
1487 678 1804 738 veritatem
1855 682 1912 736 et

256 775 674 835 mendacium.
759 777 850 837 De
935 775 1387 854 prophetarum
1483 774 1912 836 voluminibus

253 875 433 952 prius
476 873 851 935 meminerat
908 873 1006 934 his
1062 873 1309 935 verbis:
1369 872 1590 934 Libros
1646 873 1910 933 sedecim

250 971 721 1053 prophetarum,
799 991 956 1052 quos
1024 971 1090 1031 in
1173 970 1460 1032 Latinum
1515 972 1594 1032 de
1647 970 1912 1032 Hebraeo

252 1089 537 1130 sermone
594 1070 773 1146 verti,
807 1069 871 1129 si
899 1068 1161 1149 legeris,
1221 1075 1280 1129 et
1335 1069 1640 1130 delectari
1689 1076 1747 1130 te
1800 1069 1915 1130 hoc

252 1175 432 1248 opere
489 1176 863 1248 comperero,
880 1166 1260 1249 provocabis
1290 1188 1404 1228 nos
1453 1168 1640 1229 etiam
1697 1174 1914 1229 caetera

249 1263 480 1325 clausa
548 1264 830 1326 armario
888 1285 1011 1325 non
1070 1270 1296 1328 tenere.
1352 1267 1642 1328 Armario
1699 1267 1915 1328 clausa

253 1369 404 1424 tunc
435 1363 745 1442 temporis
775 1363 1037 1424 tenebat
1082 1369 1314 1443 praeter
1351 1363 1486 1443 jam
1535 1365 1736 1426 dictas
1783 1383 1917 1425 ver-

253 1462 486 1534 siones,
548 1461 949 1523 Psalmorum
1010 1462 1488 1524 translationem
1557 1462 1912 1542 Sephronio

256 1566 720 1640 nuncupatam,
773 1567 837 1622 et
886 1560 1080 1622 libros
1131 1561 1508 1634 Salomonis,
1559 1580 1720 1640 quos
1761 1561 1916 1621 dixi-

258 1677 398 1719 mus
427 1658 754 1720 dedicasse
781 1658 1152 1721 Chromatio
1182 1666 1245 1721 et
1272 1659 1636 1722 Heliodoro.
1675 1662 1916 1721 Cetera

256 1757 588 1817 volumina
641 1758 870 1818 veteris
924 1758 1313 1819 Testamenti
1369 1759 1659 1819 nondum
1735 1763 1916 1818 erant

2020 577 2173 638 fatio
2204 577 2283 637 ad
2314 579 2729 638 Domnionem
2775 585 2839 638 et
2893 578 3320 657 Rogatianum
3356 597 3370 638 :
3431 578 3663 640 librum

2020 682 2232 735 autem
2269 679 2587 737 Geneseos
2631 676 2877 736 dedisse
2925 676 3246 737 Desiderio
3289 683 3432 756 post
3489 677 3665 738 deci-

2023 790 2194 831 mum
2252 779 2547 850 quartum
2609 791 2846 832 annum
2901 773 3242 834 Theodosii
3327 774 3658 853 principis,

2021 869 2209 950 plane
2241 871 2438 949 liquet
2466 888 2543 931 ex
2575 869 2760 948 epist.
2796 872 2934 944 154,
2978 871 3166 932 modo
3198 872 3666 932 consentiamus

2021 967 2311 1028 eumdem
2344 985 2478 1028 esse
2533 967 2949 1041 Desiderium,
3010 967 3112 1028 cui
3169 975 3429 1048 propter
3459 968 3664 1029 nomi-

2022 1066 2120 1128 nis
2147 1067 2515 1128 vaticinium
2572 1067 2931 1146 gratulatur
2960 1072 3090 1128 tam
3119 1067 3184 1126 in
3233 1067 3353 1128 hac
3396 1067 3666 1147 epistola

2021 1183 2212 1243 quam
2254 1165 2320 1225 in
2378 1165 2747 1245 praefatione
2804 1165 2884 1226 ad
2932 1169 3161 1226 Genes.
3221 1168 3535 1226 Praeterea
3586 1166 3666 1225 de

2022 1263 2286 1325 Hebraeo
2353 1264 2645 1325 Genesim
2729 1264 2914 1324 vertit
2990 1264 3360 1342 priusquam
3433 1263 3664 1324 librum

2023 1361 2321 1422 edidisset
2403 1362 2482 1422 de
2565 1362 2820 1440 Optimo
2876 1379 3107 1440 genere
3187 1360 3668 1441 interpretandi,

2021 1459 2082 1520 in
2116 1479 2242 1539 quo
2291 1461 2488 1521 multa
2543 1461 2798 1539 collegit
2854 1461 2932 1522 de
2988 1460 3182 1522 veteri
3237 1464 3665 1534 Testamento,

2023 1577 2163 1637 quae
2195 1559 2256 1618 in
2288 1560 2445 1619 LXX
2477 1577 2601 1620 non
2658 1559 2977 1638 leguntur.
3033 1558 3228 1620 Plura
3284 1557 3538 1620 tandem
3590 1557 3668 1618 de

2020 1657 2353 1735 Opusculis
2428 1657 2797 1736 Hieronymi
2851 1657 3141 1737 repetita,
3204 1663 3317 1718 aut
3372 1662 3540 1718 certe
3594 1656 3670 1716 si-

2023 1754 2198 1814 milia
2254 1754 2423 1815 dicta
2479 1755 2881 1833 reperiuntur
2935 1755 3204 1835 epistola
3261 1756 3377 1816 154
3445 1759 3509 1815 et
3561 1757 3661 1827 52,

259 1855 336 1915 de
391 1855 660 1916 Hebraeo
714 1856 932 1916 Latine
991 1873 1296 1918 conversa
1347 1874 1362 1916 :
1417 1855 1708 1935 quamvis
1777 1855 2211 1934 ipsquuam
2297 1852 2572 1913 diximus
2630 1853 2930 1932 scriptam
3019 1852 3098 1913 ad
3186 1851 3668 1913 Pammachium

259 1953 498 2014 scribat
551 1970 720 2014 anno
777 1952 1009 2014 Christi
1060 1954 1202 2027 392,
1264 1954 1523 2033 quando
1584 1952 1910 2015 contexuit

255 2051 620 2130 catalogum
663 2051 741 2112 de
795 2050 1224 2131 Scriptoribus
1308 2051 1782 2130 Ecclesiasticis,
1843 2069 1909 2112 se

255 2149 754 2210 Instrumentum
779 2155 956 2210 vetus
978 2149 1166 2229 juxta
1195 2149 1574 2211 Hebraicum
1630 2155 1910 2212 transtu-

256 2246 428 2308 lisse.
461 2247 614 2319 Quaa
660 2247 712 2308 si
757 2265 885 2308 non
933 2266 1120 2309 nemo
1177 2248 1257 2309 de
1307 2248 1572 2326 singulis
1606 2248 1784 2309 libris
1812 2249 1910 2309 in-

259 2345 607 2423 telligenda
639 2345 902 2424 putavit,
936 2345 1204 2406 multum
1237 2364 1275 2406 a
1305 2364 1454 2408 vero
1515 2365 1659 2408 eum
1708 2346 1913 2407 disce-

262 2443 413 2504 dere
472 2461 724 2504 necesse
781 2448 914 2504 est:
975 2443 1126 2522 quia
1181 2461 1258 2504 ex
1303 2443 1573 2523 epistola
1627 2444 1706 2505 ad
1735 2444 1916 2505 Luci-

271 2542 472 2614 nium,
507 2546 573 2602 et
594 2559 668 2602 ex
698 2541 1066 2621 prmfatione
1095 2541 1158 2602 in
1190 2541 1424 2602 librum
1451 2543 1643 2605 Josue
1692 2541 1914 2622 explo-

271 2647 478 2700 ratum
551 2639 884 2713 habemus,
942 2640 1356 2701 Pentateuchi
1413 2641 1911 2714 translationem,

273 2745 468 2818 atque
497 2738 689 2798 trium
749 2737 1022 2798 aliorum
1073 2738 1485 2816 voluminum,
1535 2757 1806 2819 quorum
1851 2740 1918 2800 in

271 2836 492 2897 eodem
526 2835 794 2914 prologo
823 2835 1130 2910 meminit,
1164 2856 1293 2898 non
1324 2838 1514 2899 fuisse
1562 2838 1915 2899 absolutam

268 2941 416 2995 ante
446 2934 687 2994 exitum
719 2937 784 2995 S.
843 2935 1057 2995 Paulae
1115 2936 1356 3010 matris,
1416 2937 1481 2996 id
1529 2944 1644 3010 est,
1680 2954 1918 2997 annum

263 3031 495 3092 Christi
526 3032 669 3092 404.
697 3030 884 3092 Liber
913 3033 1064 3092 item
1094 3034 1265 3093 Ezrw
1313 3033 1519 3094 editus
1575 3034 1806 3096 dicitur
1853 3035 1918 3094 in

2018 1968 2185 2011 anno
2216 1949 2448 2010 Christi
2483 1951 2624 2011 293.
2659 1952 2944 2024 Quatuor
2998 1950 3275 2030 reliquos
3323 1953 3670 2012 Pentateu-

2018 2047 2122 2110 chi
2199 2047 2395 2109 libros
2479 2047 2669 2110 variis
2755 2048 3091 2110 distractus
3148 2047 3670 2127 occupationibus

2019 2147 2346 2209 absolvere
2375 2167 2500 2209 non
2534 2148 2741 2228 potuit
2780 2154 2927 2209 ante
2969 2166 3206 2209 annum
3264 2147 3492 2208 Christi
3547 2148 3668 2206 404

2019 2247 2118 2306 vel
2147 2246 2288 2307 405.
2324 2246 2504 2318 Quod
2560 2247 2694 2326 ipse
2742 2265 2857 2306 nos
2911 2246 3125 2307 docuit
3179 2245 3552 2326 praefatione
3601 2245 3668 2304 in

2018 2346 2230 2421 Josue,
2298 2347 2568 2408 dicens:
2645 2345 2914 2406 Tandem
2952 2345 3162 2424 finito
3242 2342 3669 2406 Pentateucho

2023 2442 2265 2524 Moysi,
2299 2443 2468 2505 velut
2493 2445 2740 2525 grandi
2747 2450 2978 2520 fenore
3008 2443 3289 2519 liberati,
3321 2444 3406 2505 ad
3457 2441 3669 2511 Iesum

2026 2542 2238 2611 ï¬lium
2270 2542 2446 2603 Nave
2471 2563 2725 2604 manum
2756 2543 3088 2603 mittimus.
3122 2545 3200 2604 Et
3245 2543 3412 2604 infra
3441 2559 3456 2602 :
3515 2540 3669 2602 ÏƒÎ¹Îµ-
3789 2599 3800 2606 .

2029 2646 2228 2700 terum
2246 2645 2401 2721 post
2427 2645 2658 2702 sanctae
2695 2639 2916 2701 Paulae
2961 2639 3426 2718 dormitionem,
3485 2637 3671 2712 cuius

2027 2738 2156 2824 vita
2188 2738 2446 2798 virtutis
2475 2737 2814 2820 exemplum
2843 2744 2960 2816 est,
2993 2743 3053 2798 et
3081 2737 3194 2798 hos
3232 2737 3456 2813 libros,
3516 2755 3672 2817 quos

2027 2834 2374 2896 Eustochio
2431 2835 2682 2915 virgini
2736 2855 2970 2915 negare
3025 2855 3147 2895 non
3189 2837 3400 2917 potui,
3459 2834 3672 2893 decre-

2029 2934 2254 3008 vimus,
2291 2940 2409 2995 etc.
2441 2934 2512 2994 Id
2543 2951 2694 3012 ergo
2729 2938 2870 3013 post
2899 2933 3142 2994 obitum
3174 2939 3409 2993 sanctae
3455 2930 3670 2992 Paulae

2028 3031 2345 3092 scribebat
2398 3031 2860 3110 Hieronymus:
2922 3031 3090 3090 unde
3147 3035 3418 3110 apparet
3474 3035 3674 3090 trans-

265 3131 644 3210 praafatione
677 3130 1002 3210 aliquanto
1034 3137 1317 3210 tempore
1350 3138 1492 3211 post
1529 3133 1920 3212 exemplaria
2031 3129 2329 3190 lationem
2390 3128 2584 3188 totius
2641 3127 3056 3190 Pentateuchi
3112 3145 3238 3189 non
3288 3127 3478 3187 fuisse
3526 3144 3668 3206 per-

264 3227 726 3308 prophetarum
765 3274 780 3301 ,
815 3247 1054 3290 moram
1089 3230 1256 3290 enim
1291 3230 1504 3290 attulit
1535 3231 1682 3291 huic
1712 3237 1916 3292 trans-
1947 3225 1991 3295 C
2031 3228 2257 3288 tectam
2317 3226 2436 3286 nisi
2494 3232 2638 3306 post
2693 3245 2929 3288 annum
2989 3226 3221 3287 Christi
3295 3228 3437 3298 404,
3523 3223 3673 3302 quia

263 3327 492 3388 talioni
522 3326 962 3406 Hieronymus,
999 3346 1187 3406 quam
1223 3346 1334 3407 per
1366 3334 1491 3389 tres
1520 3347 1719 3390 annos
1766 3347 1916 3390 con-

263 3425 479 3486 tinuos
548 3424 865 3504 petierunt
917 3425 1250 3487 scribendo
1337 3432 1400 3487 et
1486 3426 1913 3501 rescribendo,

263 3521 548 3600 insignes
598 3521 695 3582 illi
751 3523 1060 3583 Domnion
1123 3528 1184 3583 et
1240 3523 1649 3602 Rogatianus.
1697 3525 1916 3587 Libros

261 3618 484 3698 itaque
515 3619 828 3680 Samuelis
857 3627 921 3682 et
967 3620 1298 3682 Malachim
1349 3621 1714 3684 immediate
1762 3623 1914 3684 sub-

261 3717 556 3797 sequitur
609 3717 813 3778 versio
870 3718 1062 3779 Jobi:
1125 3719 1354 3780 Jobum
1414 3727 1625 3781 autem
1682 3720 1916 3801 excipit

260 3815 538 3877 sedecim
569 3815 1022 3896 prophetarum
1055 3817 1411 3879 translatio.
1448 3818 1683 3879 Deinde
1732 3819 1913 3880 Psal-

263 3915 494 3976 terium
529 3932 603 3976 ac
636 3913 780 3975 libri
811 3914 1190 3977 Salomonis.
1225 3916 1530 3979 Universa
1559 3915 1696 3979 hac
1735 3918 1913 3980 volu-

262 4010 432 4072 mina
490 4011 965 4090 Scripturarum
1023 4011 1102 4074 de
1158 4012 1424 4075 Hebraeo
1478 4013 1542 4074 in
1614 4015 1908 4076 Latinum

265 4107 682 4170 transtulerat
707 4109 1129 4189 Hieronymus
1159 4129 1326 4172 anno
1358 4111 1589 4172 Christi
1617 4115 1755 4187 392,
1782 4131 1908 4192 quo

260 4206 458 4268 edidit
495 4206 733 4266 librum
779 4207 857 4268 de
902 4207 1062 4269 Viris
1111 4208 1491 4271 Illustribus.
1542 4211 1909 4292 Eodemque

257 4309 549 4383 tempore
570 4304 967 4383 Sophronius
989 4303 1126 4383 ejus
1149 4307 1478 4368 familiaris
1499 4309 1575 4368 de
1598 4309 1824 4370 Latino
1841 4311 1906 4371 in

257 4401 549 4462 Graecum
580 4400 905 4480 eloquium
953 4403 1260 4465 nonnulla
1308 4422 1386 4465 ex
1433 4405 1532 4466 his
1584 4415 1909 4468 converte-

253 4506 376 4560 rat.
407 4497 832 4580 Sophronias,
863 4500 962 4560 vir
1017 4501 1293 4585 apprime
1328 4504 1642 4579 eruditus,
1701 4506 1909 4587 inquit

2026 3331 2242 3386 sancta
2279 3324 2414 3386 haec
2448 3325 2631 3384 vidua
2664 3323 2793 3384 vita
2825 3323 3091 3385 excessit
3143 3341 3226 3386 vn
3281 3325 3420 3384 Kal.
3454 3322 3668 3397 Febr.,

2023 3423 2300 3486 Honorio
2358 3427 2644 3502 Augusto
2703 3421 2904 3484 sexies
2959 3428 3022 3484 et
3078 3423 3447 3484 Aristaeneto
3515 3439 3667 3482 con-

2023 3521 2288 3593 sulibus,
2349 3520 2416 3581 id
2473 3526 2589 3592 est,
2647 3523 2727 3581 26
2777 3518 3060 3598 januarii
3115 3519 3266 3581 anni
3292 3521 3432 3580 404.
3465 3520 3668 3580 Tanto

2023 3626 2237 3681 autem
2300 3636 2570 3679 maerore
2599 3618 2810 3679 luctus
2849 3619 3204 3697 exagitatus
3259 3623 3354 3679 est
3409 3623 3471 3678 et
3525 3637 3670 3678 con-

2021 3719 2222 3778 fectus
2281 3717 2723 3797 Hieronymus,
2789 3723 2858 3777 ut
2940 3718 3182 3796 absque
3255 3717 3668 3784 translatione

2021 3815 2167 3876 libri
2195 3814 2516 3876 Paschalis
2547 3834 2586 3876 a
2639 3815 2996 3896 Theophila
3053 3816 3228 3894 editi,
3288 3814 3448 3875 nihil
3494 3815 3668 3876 aliud

2022 3913 2217 3975 divini
2272 3914 2482 3993 operis
2539 3931 2654 3993 per
2706 3913 2966 3993 longum
3025 3913 3326 3994 temporis
3391 3913 3666 3992 spatium

2020 4011 2294 4073 scribere
2326 4011 2624 4091 potuerit.
2660 4013 2754 4072 Ex
2811 4030 2936 4091 quo
2961 4039 2964 4044 Î¹
2993 4030 3119 4074 non
3150 4011 3416 4072 obscure
3471 4009 3668 4089 signi-

2017 4110 2266 4184 ï¬catur,
2337 4109 2707 4171 Octateuchi
2764 4109 3266 4182 translationem,
3318 4109 3499 4186 cujus
3536 4124 3669 4168 me-

2017 4208 2203 4269 minit
2229 4208 2294 4269 in
2324 4207 2594 4287 epistola
2623 4210 2724 4286 28,
2761 4209 2841 4268 ad
2891 4208 3240 4281 Lucinium,
3301 4205 3658 4267 absolutam

2015 4307 2204 4368 fuisse
2261 4325 2428 4367 anno
2485 4305 2719 4366 Christi
2778 4307 2895 4366 404
2971 4312 3264 4379 exeunte,
3333 4304 3435 4368 vel
3491 4322 3658 4367 anno

2014 4405 2134 4465 405
2184 4409 2503 4465 currente.
2563 4407 2894 4465 Postremo
2950 4404 3179 4466 librum
3239 4404 3663 4484 Paralipome-

2015 4519 2140 4563 non
2174 4501 2370 4563 edidit
2393 4500 2578 4578 juxta
2609 4501 2943 4563 Hebraeum
3002 4521 3170 4564 anno
3223 4502 3455 4564 Christi
3498 4502 3658 4563 396:

253 4600 315 4659 S.
351 4599 595 4659 Doctor
622 4597 684 4658 in
745 4599 1038 4678 catalogo
1087 4601 1479 4680 Scriptorum
1528 4598 1984 4666 Ecclesiasti-D
2019 4599 2328 4661 maturius
2358 4599 2524 4659 enim
2569 4598 2718 4660 huic
2771 4599 3174 4661 translationi
3230 4605 3482 4679 tempus
3517 4599 3667 4659 assi-

255 4713 505 4768 corum,
546 4694 875 4776 Opuscula
904 4716 1035 4756 mea
1066 4697 1132 4757 in
1172 4697 1466 4760 Graecum
1485 4699 1766 4782 eleganti
1785 4721 1911 4762 ser-

253 4813 431 4855 mone
481 4792 857 4854 translutit:
916 4793 1301 4856 Psalterium
1357 4816 1596 4878 quoque
1649 4803 1710 4858 et
1755 4807 1910 4880 pro-

235 4890 500 4972 phetas,
532 4910 686 4972 quos
713 4891 792 4952 de
821 4889 1091 4954 Hebraeo
1123 4893 1187 4953 in
1235 4893 1528 4956 Latinum
1585 4896 1905 4958 vertimus.

249 4991 341 5051 Ea
400 4997 557 5051 sunt
615 5008 757 5069 quae
815 5009 1014 5071 usque
1069 4990 1135 5052 in
1185 4991 1322 5072 jam
1370 4993 1610 5056 dictum
1670 5013 1908 5056 annum

247 5086 603 5149 Theodosii
685 5087 988 5167 principis
1070 5089 1387 5151 decimum
1471 5097 1770 5172 quartum
1845 5099 1910 5156 et

245 5185 494 5248 Christi
517 5185 657 5259 392,
691 5186 770 5247 de
799 5186 1064 5248 Hebraeo
1095 5188 1160 5248 in
1190 5190 1481 5250 Latinum
1523 5209 1901 5266 sermonem,

245 5285 419 5345 etde
453 5283 685 5344 Latino
739 5283 804 5345 in
866 5287 1155 5346 Graecum
1215 5290 1525 5350 translata
1582 5297 1766 5352 erant
1825 5291 1905 5352 ab

244 5383 645 5460 Hieronymo
677 5399 750 5442 ac
779 5381 1158 5462 Sephronio.
1193 5385 1290 5446 Ab
1322 5404 1490 5448 anno
1522 5394 1733 5449 autem
1787 5391 1908 5452 392

243 5482 326 5541 ad
387 5499 635 5541 annum
678 5480 910 5542 Christi
968 5483 1086 5543 394
1143 5484 1349 5546 editus
1425 5487 1676 5549 videtur
1747 5488 1910 5551 liber

243 5582 455 5658 Eam,
489 5597 563 5640 ac
584 5578 743 5640 liber
769 5579 1072 5643 Genesis:
1103 5599 1252 5644 nam
1281 5585 1506 5647 Ezram
1539 5584 1712 5648 brevi
1747 5591 1909 5648 tem-

241 5677 428 5759 poris
473 5676 810 5740 intervallo
867 5684 1012 5759 post
1066 5679 1240 5744 edita
1291 5683 1744 5765 prephetarem
1801 5703 1912 5748 vo-

2020 4698 2202 4776 gnari
2230 4716 2357 4758 non
2387 4703 2616 4777 potest,
2650 4696 2801 4777 quia
2827 4697 2893 4758 in
2959 4697 3330 4778 praefatione
3385 4697 3664 4777 perfecta

2017 4795 2128 4857 illa
2181 4795 2386 4856 versio
2483 4794 2715 4856 dicitur
2792 4801 2936 4875 post
3017 4795 3346 4875 epistolam
3433 4797 3532 4869 10,
3585 4796 3663 4857 de

2018 4893 2260 4974 optimo
2319 4912 2544 4973 genere
2589 4894 3082 4974 interpretandi:
3141 4893 3392 4976 Scripsi
3443 4901 3657 4975 nuper,

2016 4992 2224 5071 inquit
2252 4993 2692 5072 Hieronymus,
2724 4991 2960 5053 librum
3015 4993 3093 5053 de
3154 4993 3384 5074 optimo
3438 5010 3665 5073 genere

2021 5090 2497 5172 interpretandi,
2584 5091 2914 5150 ostendens
3003 5090 3122 5152 illa
3203 5090 3282 5152 de
3309 5089 3662 5170 Evangelia

2019 5188 2293 5270 (Matth.
2354 5206 2421 5263 Î¹Î¹,
2487 5191 2585 5264 15,
2643 5187 2745 5248 Ex
2799 5187 3093 5271 digypto
3178 5189 3390 5250 vocavi
3423 5187 3658 5265 ï¬lium

2018 5306 2240 5366 meum,
2274 5291 2394 5347 etc.
2428 5285 2612 5346 Liber
2665 5291 2877 5347 autem
2935 5287 3016 5348 ad
3071 5285 3548 5349 Pammachium
3581 5282 3660 5344 de

2016 5386 2257 5466 Optimo
2312 5384 2850 5464 interpretationis
2905 5403 3135 5465 genere
3190 5386 3393 5448 editus
3420 5381 3656 5442 ibidem

2016 5487 2318 5550 asseritur
2341 5486 2521 5548 annis
2564 5485 2812 5548 circiter
2866 5486 3086 5567 viginti
3138 5492 3474 5566 postquam
3533 5486 3659 5546 Eu-

2017 5584 2175 5647 sebii
2230 5582 2632 5646 Cmsariensis
2689 5587 2947 5663 Ï‡ÏÎ¿Î½Î¹Îºá½¹Î½
3006 5585 3072 5645 in
3129 5581 3421 5644 Latinum
3450 5588 3658 5644 verte-

2016 5689 2138 5747 rat.
2207 5683 2445 5756 Quibus
2527 5681 2646 5745 rite
2726 5682 3077 5764 perpensis,
3160 5679 3658 5745 existimavimus
