4060 6190
407 311 488 372 63
1575 308 1898 374 PATRUM
1946 308 2645 370 BENEDICTINORUM
3737 313 3816 370 64

410 462 555 506 cum
614 444 1001 507 doctioribus
1085 445 1235 506 viris
1291 443 1621 526 epistolam
1681 449 1788 508 {Ol
1861 445 2139 524 scrip-A
2173 443 2394 522 pulsus
2454 441 2672 504 Latine
2727 441 3020 512 reddidit,
3087 461 3213 504 non
3286 441 3552 520 ambigit
3634 463 3814 504 suam

408 549 540 602 tam
574 559 712 602 esse
746 561 911 603 anno
944 544 1084 614 396,
1147 560 1220 603 ac
1276 543 1454 605 brevi
1512 543 1814 623 temporis
1855 541 2053 602 inter-

409 639 602 710 vallo,
640 640 808 716 quod
843 640 1143 702 adverbio
1199 649 1394 723 nuper
1447 641 1599 702 satis
1657 640 2053 720 exprimitur,

407 739 938 819 Paralipomenon
971 740 1200 802 librum
1233 741 1309 802 de
1344 741 1611 803 Hebraeo
1653 759 2050 802 conversum.

408 836 653 897 Diutius
708 837 772 897 in
830 837 930 898 his
997 837 1512 900 adnotationibus
1595 837 2056 916 chronologicis

406 934 703 995 lectorem
756 935 1012 995 trahere
1066 941 1454 1015 poteramus,
1515 936 1635 997 nisi
1683 953 2054 1016 persuasum

406 1030 588 1092 nobis
618 1037 783 1092 esset
832 1033 1033 1093 multa
1073 1033 1443 1112 hujusmodi
1493 1040 1854 1114 temporum
1919 1050 2054 1094 mo-

405 1133 618 1189 menta
674 1129 978 1208 prmﬁniri
1032 1129 1139 1190 vix
1194 1149 1267 1192 ac
1327 1149 1405 1192 ne
1459 1131 1563 1192 vix
1624 1131 1876 1210 quidem
1937 1148 2052 1210 po-

404 1227 636 1302 tuisse;
669 1235 781 1288 aut
810 1229 1056 1290 etiamsi
1085 1230 1509 1292 invenerimus
1569 1249 1800 1310 magno
1845 1230 2054 1291 studio

405 1329 468 1385 et
557 1324 796 1401 labore,
878 1344 1105 1405 parum
1193 1329 1526 1407 profutura
1619 1327 2051 1407 cognovimus.

407 1423 556 1489 Quae
589 1421 902 1484 habentur
933 1441 1084 1503 ergo
1115 1443 1152 1485 a
1184 1425 1366 1486 nobis
1396 1427 1730 1505 perstricta
1759 1425 2052 1499 breviter,

408 1518 658 1580 curioso
687 1519 910 1582 lectori
938 1521 1064 1582 sint
1091 1521 1264 1584 satis.

488 1618 564 1679 II.
647 1617 840 1699 Apud
924 1624 1176 1682 Graecos
1259 1628 1322 1683 et
1403 1622 1660 1683 Latinos
1714 1621 2052 1683 editionem

407 1716 878 1794 Scripturarum
911 1718 1468 1798 Hieronymianam
1519 1720 1733 1780 statim
1787 1717 2054 1779 lectitari

2164 540 2748 619 interpretationem
2838 539 3160 600 benevolis
3253 539 3630 618 placituram
3714 559 3811 611 ac,

2167 637 2437 698 lectione
2495 637 2750 698 assidua
2807 641 3026 698 Romae
3082 637 3410 698 terendam
3471 639 3639 716 apud
3699 657 3809 700 eos

2168 735 2465 808 maxime,
2501 735 2613 813 qui
2669 752 2836 795 nunc
2892 735 3195 814 temporis
3251 735 3589 797 Christiani
3629 754 3814 798 sena-

2169 837 2271 894 tus
2300 833 2474 893 fuere
2506 831 2770 893 lumina.
2834 835 2904 892 In
2960 831 3241 894 Ecclesia
3295 833 3593 895 Africana
3622 852 3814 912 quam

2171 929 2505 991 familiaris
2569 930 2758 991 fuerit
2841 929 3208 1010 Hieronymi
3313 931 3518 992 versio
3592 932 3816 993 Latina

2163 1028 2349 1108 juxta
2378 1033 2542 1092 LXX
2578 1034 2982 1109 Interpretes,
3041 1031 3194 1091 satis
3250 1030 3650 1110 exploratum
3708 1030 3818 1092 ha-

2166 1129 2390 1190 bemus
2445 1147 2524 1190 ex
2573 1129 2734 1190 libro
2790 1129 3286 1192 Adnotationum
3365 1131 3432 1191 S.
3480 1129 3815 1208 Augustini

2165 1228 2230 1288 in
2257 1229 2400 1291 Job.
2439 1231 2604 1290 Nam
2652 1229 2719 1289 in
2762 1247 2836 1290 eo
2894 1229 3213 1290 volumine
3280 1229 3524 1290 nullum
3579 1230 3656 1290 de
3715 1247 3816 1290 ve-

2165 1325 2404 1386 teribus
2511 1326 2926 1405 interpretum
3037 1327 3322 1406 sequitur
3397 1327 3811 1405 Augustinus,

2165 1423 2274 1484 sed
2305 1427 2509 1484 totum
2568 1423 2761 1484 habet
2817 1441 2893 1484 ex
2953 1424 3366 1485 translatione
3422 1443 3612 1503 quam
3675 1423 3814 1484 Hie-

2169 1538 2471 1601 ronymus
2524 1521 2739 1596 edidit,
2799 1521 3030 1583 additis
3089 1521 3289 1583 obelis
3343 1528 3406 1582 et
3474 1521 3809 1583 asteriscis.

2165 1619 2283 1680 Vix
2312 1625 2524 1680 autem
2583 1619 2742 1680 mihi
2799 1639 3078 1700 unquam
3136 1638 3506 1699 persuasum
3550 1620 3672 1680 erit
3732 1620 3814 1680 ab

2164 1716 2590 1777 eruditissimo
2621 1716 2925 1795 scriptore
2980 1717 3124 1778 libri
3179 1718 3256 1776 de
3345 1716 3570 1777 Claris
3621 1717 3814 1776 inter-

405 1812 670 1891 cmpisse
698 1814 973 1876 secundo
1031 1815 1168 1876 loco
1227 1817 1710 1878 afﬁrmavimus.
1755 1817 1880 1876 Nec
1933 1815 2054 1876 im-
2088 1809 2469 1894 Bpretibus,
2554 1814 2829 1894 priorem
2899 1814 3265 1895 Hieronymi
3346 1815 3710 1892 editionem,
3776 1834 3810 1876 e

411 1909 663 1981 merito,
697 1929 840 1971 cum
873 1917 1144 1992 utraque
1175 1912 1459 1991 ejusdem
1493 1917 1558 1974 S.
1619 1913 1904 1974 Doctoris
1954 1912 2053 1972 in-

413 2007 796 2087 terpretatio,
831 2015 892 2069 et
936 2028 1075 2088 quae
1136 2011 1310 2089 prior
1366 2012 1536 2072 edita
1582 2016 1673 2072 est
1733 2030 1766 2071 e
1823 2011 2055 2072 Graecis

411 2105 565 2167 LXX
626 2107 1114 2188 exemplaribus,
1175 2127 1249 2170 ac
1311 2110 1622 2188 posterior
1677 2109 1758 2170 ad
1814 2109 2051 2170 fontem

411 2201 744 2262 Hebraeum
778 2203 1129 2274 elaborata,
1180 2206 1464 2266 omnium
1508 2205 1872 2268 Latinarum
1921 2223 2054 2266 ver-

409 2298 657 2360 sionum
711 2301 1177 2364 absolutissima
1225 2303 1588 2366 haberetur.
1639 2307 1728 2366 De
1780 2322 1853 2366 ea
1911 2323 2051 2383 quas

410 2395 693 2458 derivata
775 2403 910 2460 erat
991 2417 1025 2461 e
1109 2401 1525 2481 Septuaginta
1598 2402 2052 2482 Interpretibus

408 2494 688 2556 scribens
737 2496 819 2558 ad
869 2497 1329 2578 Hieronymum
1411 2499 1800 2579 Augustinus
1864 2499 2047 2579 epist.

407 2594 488 2653 83
515 2592 668 2655 dicit
699 2613 766 2656 se
819 2595 996 2657 illam
1053 2596 1434 2670 desiderare,
1494 2603 1564 2658 ut
1591 2603 1852 2658 caeteras
1897 2597 2052 2676 abji-

408 2691 534 2751 ciat
589 2691 843 2754 Latinas
893 2693 1469 2774 interpretationes,
1557 2701 1620 2756 et
1702 2694 2049 2757 multorum

409 2786 680 2848 aliorum
737 2788 1189 2852 translatorum
1245 2796 1460 2852 careat
1495 2790 1815 2870 imperitia
1852 2809 1865 2851 :
1900 2780 2050 2852 Ideo

409 2889 635 2961 autem,
737 2885 966 2966 inquit,
1078 2887 1368 2949 desidero
1480 2889 2047 2970 interpretationem

2164 1911 2586 1990 Septuaginta
2641 1914 2874 1973 Senum
2954 1913 3473 1992 interpretatione
3557 1913 3806 1974 deriva-

2165 2014 2317 2081 tam,
2351 2026 2385 2069 θ
2416 2008 2637 2069 Latino
2666 2013 2882 2070 Graece
2910 2009 3137 2070 iterum
3171 2028 3441 2083 versam,
3503 2028 3542 2070 a
3573 2011 3808 2071 Graecis

2163 2107 2438 2168 studiose
2496 2113 2851 2186 susceptam
2907 2126 3060 2168 esse.
3115 2108 3274 2180 Quid
3331 2108 3497 2169 enim
3556 2126 3807 2170 necesse

2162 2205 2369 2266 fuerat
2445 2223 2520 2267 ea
2573 2225 2716 2285 qua:
2765 2207 2828 2266 in
2905 2208 3208 2287 Hexaplis
3292 2208 3712 2281 habebantur,
3773 2235 3807 2277 θ

2162 2304 2388 2366 Latino
2471 2306 2854 2386 Hieronymo
2910 2307 2974 2367 in
3030 2312 3317 2368 Graecum
3364 2308 3592 2368 iterum
3653 2324 3804 2368 con-

2161 2406 2426 2475 vertere,
2487 2407 2550 2464 et
2606 2408 2817 2464 actum
2894 2422 3082 2483 agere
3138 2405 3202 2464 in
3257 2405 3531 2466 editione
3605 2404 3811 2482 Scrip-

2160 2505 2444 2561 turarum
2475 2501 2506 2561 ?
2553 2501 2734 2574 Quod
2779 2501 2973 2580 igitur
3029 2502 3106 2563 de
3154 2508 3448 2582 suspecta
3503 2520 3618 2562 sua
3673 2501 3810 2562 edi-

2161 2598 2332 2660 tione
2387 2599 2559 2678 apud
2614 2604 2869 2661 Grmcos
2926 2599 3214 2662 meminit
3272 2601 3692 2680 Hieronymus
3735 2599 3808 2659 li-

2159 2697 2274 2759 bro
2303 2697 2580 2760 secundo
2611 2699 2911 2761 adversus
2934 2701 3254 2777 Ruﬁnum,
3314 2701 3376 2761 id
3437 2701 3571 2761 sine
3611 2700 3804 2762 dubio

2159 2795 2237 2857 de
2315 2797 2728 2860 translatione
2810 2799 3165 2878 posteriori,
3254 2818 3396 2878 qua:
3477 2799 3808 2859 'Hebraica

2158 2893 2326 2954 dicta
2356 2901 2472 2969 est,
2529 2895 3011 2974 intelligendum
3070 2902 3194 2958 est:
3263 2896 3436 2956 Unde
3481 2895 3803 2977 putabam,

405 2987 576 3043 tuam
631 2982 708 3044 de
734 2982 1178 3066 Septuaginta,
1241 2991 1310 3046 ut
1361 2991 1421 3044 et
1476 2991 1650 3046 tanta
1679 2986 2046 3048 Latinorum
2154 2998 2382 3080 inquit,
2436 2999 2582 3060 bene
2636 3001 2860 3061 mereri
2913 3002 2990 3060 de
3045 3001 3292 3061 Latinis
3349 3001 3523 3080 meis,
3577 3006 3636 3060 et
3690 3021 3806 3061 ηο-

370 3075 845 3162 ¹Ῑηίενρνιιηηδ
932 3083 1045 3163 qui
1126 3083 1584 3164 qualescunque
1665 3085 1811 3145 ausi
1871 3092 2042 3166 sunt,

2155 3099 2431 3154 strorum
2509 3096 2595 3155 ad
2676 3096 3042 3157 discendum
3123 3099 3366 3158 animos
3422 3097 3734 3157 concitare
3783 3117 3802 3156 :

405 3183 707 3258 quantum
741 3187 1102 3260 possumus,
1155 3181 1470 3261 imperitia
1523 3201 1864 3246 careamus.
1928 3186 2047 3243 So-
2078 3185 2120 3252 C
2158 3191 2328 3271 quod
2410 3192 2596 3252 etiam
2663 3192 2878 3254 Graeci
2958 3215 3199 3256 versum
3255 3196 3332 3256 de
3387 3195 3608 3255 Latino
3659 3201 3808 3276 post

416 3275 722 3358 phronius
757 3277 928 3357 apud
985 3279 1258 3351 Graecos,
1316 3279 1410 3339 vir
1467 3285 1530 3340 et
1585 3279 1718 3359 ipse
1760 3280 2049 3359 apprime

409 3371 715 3449 eruditus,
791 3378 1035 3437 Graecas
1090 3376 1376 3438 similiter
1461 3378 1785 3438 fastidiens
1864 3378 2050 3439 inter-

408 3473 815 3552 pretationes,
875 3493 1105 3536 novam
1162 3475 1274 3537 abs
1321 3476 1703 3556 Hieronymo
1758 3477 2047 3538 Latinam

407 3571 744 3633 editionem
802 3573 1254 3636 studiosissime
1311 3576 1673 3654 postulavit.
1734 3575 1934 3654 Hujus
1961 3576 2051 3637 ita

411 3669 696 3745 meminit
766 3671 1186 3752 Hieronymus
1243 3673 1613 3752 praefatione
1669 3673 1732 3734 in
1803 3673 2046 3734 Psalte-

412 3766 575 3827 rium
616 3767 1018 3843 Hebraicum,
1071 3771 1133 3831 id
1187 3776 1303 3844 est,
1363 3772 1442 3832 de
1497 3771 1761 3832 Hebraeo
1831 3771 2049 3833 Latine

407 3864 774 3927 redditum:
832 3866 1314 3928 Studiosissime
1353 3866 1726 3948 postulasti,
1789 3873 1858 3927 ut
1904 3873 2050 3948 post

407 3963 740 4044 Aquilam,
789 3971 849 4026 et
901 3965 1361 4044 Symmachum,
1419 3971 1480 4025 et
1547 3964 2044 4042 Theodotionem,

399 4081 618 4124 novam
699 4064 1034 4124 editionem
1097 4064 1322 4124 Latino
1391 4084 1670 4124 sermone
1741 4066 2048 4140 transfer-

387 4179 538 4219 rem.
597 4159 837 4221 Aiebas
895 4161 1061 4222 enim
1114 4167 1172 4220 te
1233 4161 1445 4241 magis
1499 4160 1906 4242 interpretum
1939 4181 2046 4220 va-

383 4255 605 4316 rietate
689 4257 960 4338 turbari,
1021 4266 1080 4320 et
1109 4280 1316 4320 amore
1411 4280 1532 4340 quo
1616 4259 1873 4338 laberis,
1951 4259 2048 4321 vel

393 4354 830 4434 translatione,
865 4356 961 4418 vel
973 4358 1234 4436 judicio
1291 4377 1420 4418 meo
1476 4377 1603 4417 esse
1667 4363 2042 4436 contentum,

396 4456 645 4516 Graecas
716 4456 911 4534 igitur
991 4457 1368 4538 Latinasque
1446 4458 1789 4520 multorum
1847 4458 2043 4519 inter-

2160 3293 2368 3348 tantos
2455 3290 2818 3371 interpretes
2875 3311 2995 3351 non
3033 3292 3398 3368 fastidiunt
3453 3292 3650 3351 :inde
3738 3292 3804 3352 in

2157 3385 2403 3466 culpam
2462 3407 2664 3466 vocor,
2747 3393 2806 3447 et
2872 3390 3205 3449 nauseanti
3259 3387 3574 3449 stomacho
3632 3387 3804 3448 cibos

2161 3485 2406 3564 iugero.
2495 3487 2885 3566 Sophronius
2967 3489 3331 3569 Hieronymi
3388 3487 3802 3560 necessarius,

2158 3589 2229 3642 ut
2256 3583 2700 3662 pervulgatum
2735 3591 2848 3658 est,
2891 3587 3267 3648 Psalterium
3327 3587 3407 3647 ab
3465 3605 3537 3646 eo
3583 3587 3659 3646 de
3690 3587 3803 3645 He-

2157 3679 2373 3740 braica
2400 3682 2660 3742 veritate
2693 3684 3091 3755 translatum,
3136 3691 3199 3745 et
3255 3701 3475 3745 omnes
3531 3683 3800 3744 sedecim

2157 3778 2503 3857 prOphetas
2559 3782 2770 3842 Grmce
2827 3789 3192 3860 reposuerat
3253 3804 3266 3842 :
3327 3801 3517 3861 quam
3585 3782 3801 3841 editio-

2157 3893 2302 3935 nem
2362 3877 2561 3938 Graeci
2607 3879 2884 3939 studiose
2942 3889 3374 3958 susceperunt,
3450 3899 3575 3939 non
3626 3878 3801 3938 dedi-

2156 3971 2333 4050 gnati
2390 3973 2629 4051 aliquid
2689 3977 2962 4035 mutuari
3020 3995 3054 4034 a
3117 3977 3350 4036 Latinis
3414 3977 3798 4036 hominibus.

2157 4071 2289 4130 Hoc
2346 4077 2440 4132 est
2497 4073 2665 4150 quod
2725 4074 2952 4134 docere
2984 4093 3099 4133 nos
3130 4075 3329 4134 voluit
3357 4075 3797 4152 Hieronymus,

2156 4187 2283 4228 non
2330 4168 2534 4230 solum
2589 4168 2723 4248 jam
2783 4171 3041 4233 laudato
3099 4172 3425 4251 Apologias
3502 4173 3804 4232 adversus

2157 4265 2461 4328 Ruﬁnum
2519 4267 2880 4330 testimonio
2929 4288 2943 4343 ;
3005 4271 3113 4330 sed
3176 4271 3549 4348 praefatione
3611 4269 3798 4330 etiam

2155 4364 2221 4424 in
2309 4367 2554 4439 Ezram,
2636 4365 2741 4427 ubi
2799 4368 3076 4428 studium
3138 4386 3211 4428 ac
3293 4367 3801 4428 benevolentiam

2157 4456 2520 4515 Graecorum
2553 4458 3027 4528 commendans,
3090 4456 3452 4516 Latinorum
3513 4455 3629 4514 sibi
3689 4455 3807 4515 ob-

392 4558 643 4632 pretum
729 4554 1174 4617 translationes
1255 4573 1400 4616 cum
1485 4555 1845 4636 respuerint
1931 4554 2048 4616 viri
2081 4557 2124 4622 Ι)
2158 4552 2560 4612 trectantium
2617 4552 2939 4629 injuriam,
3003 4558 3065 4612 et
3111 4553 3338 4629 ingrati
3383 4553 3442 4610 in
3489 4551 3576 4610 eis
3607 4553 3806 4611 animi

393 4647 706 4711 doctiores
736 4656 868 4712 tum
903 4652 1071 4732 apud
1127 4654 1402 4728 Graecos,
1460 4657 1593 4713 tum
1655 4651 1827 4731 apud
1886 4652 2046 4712 Lati-

392 4765 531 4822 nos,
563 4765 638 4809 ac
667 4766 884 4810 earum
913 4751 1222 4813 varietate
1291 4757 1484 4829 atque
1539 4749 1860 4830 imperitia
1916 4769 2042 4811 non

390 4846 653 4908 minime
713 4850 1121 4912 turbarentur
1176 4869 1190 4911 :
1253 4868 1647 4929 consequens
1730 4855 1885 4922 erat,
1972 4854 2043 4910 ut

389 4945 915 5025 Hieronymianas
999 4947 1318 5010 versiones
1398 4951 1792 5028 appeterent,
1884 4966 2043 5026 quas

391 5043 700 5105 similibus
737 5046 906 5108 vitiis
959 5066 1173 5109 carere
1232 5065 1452 5108 omnes
1508 5051 1836 5108 noverant.
1897 5045 2042 5107 Ideo

390 5142 745 5220 gratulatur
802 5145 920 5206 sibi
967 5147 1388 5225 Hieronymus
1447 5144 1554 5207 lib.
1608 5161 1651 5206 ιι
1710 5143 2039 5224 Apologia:

389 5241 688 5302 adversus
743 5242 1068 5314 Ruﬁnum,
1129 5244 1302 5323 quod
1386 5248 1678 5305 Romana
1763 5242 2044 5303 Ecclesia

389 5337 663 5418 suscepit
731 5337 1121 5400 Psalterium
1208 5360 1389 5400 suum
1465 5339 2038 5400 emendatissimum

2154 4649 2390 4710 crimen
2445 4649 2566 4710 hoc
2624 4650 2813 4710 modo
2869 4651 3283 4728 conqueritur
3321 4671 3332 4709 :
3368 4649 3573 4708 Porro
3615 4647 3802 4708 aliud

2152 4752 2266 4822 est,
2295 4747 2356 4805 si
2401 4746 2642 4806 clausis
2701 4747 2869 4826 quod
2923 4747 3168 4807 dicitur
3224 4746 3426 4807 oculis
3487 4744 3648 4806 mihi
3698 4768 3808 4806 vo-

2154 4845 2296 4904 lunt
2317 4843 2706 4918 maledicere,
2767 4851 2826 4904 et
2881 4865 3002 4905 non
3062 4845 3396 4904 imitantur
3433 4844 3805 4906 Graecorum

2153 4942 2435 5002 studium
2494 4963 2566 5002 ac
2622 4942 3124 5020 benevolentiam,
3185 4943 3296 5023 qui
3346 4950 3486 5011 post
3544 4944 3808 5025 Septua-

2150 5042 2338 5122 ginta
2408 5040 2868 5114 Translatores,
2929 5042 3072 5120 jam
3141 5041 3400 5102 Christi
3449 5041 3804 5120 Evangelia

2150 5144 2537 5214 coruscante,
2558 5138 2818 5207 fudaos
2849 5145 2906 5198 et
2935 5139 3340 5218 Hebionitas,
3377 5140 3543 5220 legis
3587 5140 3808 5199 veteris

2154 5238 2543 5318 interpretes,
2629 5237 2936 5318 Aquilam
3010 5238 3323 5316 videlicet,
3410 5245 3470 5297 et
3524 5237 3808 5304 Symma—

2149 5335 2355 5407 chum,
2389 5341 2447 5394 et
2488 5333 2995 5408 leeodotionem,
3029 5341 3087 5395 et
3131 5337 3374 5396 curiose
3429 5336 3678 5415 legunt,
3739 5341 3805 5394 et

389 5434 567 5505 iuxta
619 5435 1038 5517 Septuaginta
1095 5436 1515 5518 Interpretes:
1578 5444 1639 5498 et
1671 5435 2040 5516 prmfatione
2141 5442 2256 5514 per
2293 5432 2606 5512 Origenis
2665 5433 2935 5494 laborem
2993 5435 3059 5496 in
3119 5430 3433 5503 Ἐξαπλοῖς,
3486 5434 3798 5495 Ecclesiis

386 5530 449 5589 in
491 5531 720 5592 librum
776 5533 1329 5613 Paralipomenon,
1375 5553 1573 5612 quem
1662 5532 2041 5594 nominatis-

381 5626 525 5689 simi
587 5631 950 5693 Domnionis
1019 5639 1080 5694 et
1141 5632 1477 5712 Rogatiani
1556 5631 1847 5712 precibus
1927 5631 2042 5692 im-

2149 5531 2546 5593 dedicarunt.
2617 5531 2871 5610 Quanto
2928 5535 3138 5613 magis
3193 5533 3410 5593 Latini
3455 5533 3637 5611 grati
3666 5552 3798 5592 esse

2147 5627 2458 5705 deberent,
2517 5631 2688 5711 quod
2742 5632 3154 5693 exsultantem
3223 5636 3542 5691 cernerent
3605 5629 3802 5714 (ἔγω-⁸
