4060 6190
256 366 318 422 65
1623 345 2232 410 PROLEGOMENA.
3559 351 3638 412 66

252 498 391 558 ciam
422 515 456 552 a
485 513 546 552 se
574 489 827 570 aliquid
878 487 1163 547 mutuari
1205 485 1224 544 !
1253 489 1387 547 Non
1421 485 1603 546 aliter
1631 482 1874 544 Graecia
1901 482 1957 548 Α
1991 481 2156 542 modi
2211 487 2366 543 textt
2421 483 2701 544 fabulam
2729 501 2744 544 :
2829 485 3110 556 Quidam
3155 489 3368 559 frater
3424 493 3636 547 noster

254 593 546 656 exsultans
577 608 612 648 a
663 587 898 648 Latinis
932 592 1219 646 mutuata
1252 591 1365 652 est,
1411 584 1580 663 quod
1613 581 1876 643 studiosi

256 699 377 772 post
431 694 632 748 tantos
686 686 1063 764 interpretes
1119 702 1243 743 non
1301 683 1675 752 fastidirent,
1758 679 1873 738 nisi

257 787 571 866 suscipiens
627 782 1102 845 translationem
1177 780 1730 860 Hieronymianam
1801 777 1878 836 de

257 887 492 949 Hebraeo
548 883 610 943 in
669 881 962 942 Latinum
1013 880 1270 948 editam,
1358 897 1549 957 quam
1605 876 1879 956 Sophro-

257 986 377 1045 nius
423 987 706 1042 Grrecam
793 978 939 1039 fecit
1013 978 1200 1056 juxta
1267 976 1668 1055 promissum,
1751 993 1876 1053 quo

254 1082 400 1162 apud
465 1080 915 1158 Hieronymum
974 1075 1325 1147 tenebatur,
1388 1074 1480 1135 uti
1511 1073 1698 1134 fidem
1730 1071 1880 1132 facit

255 1176 507 1257 ejusdem
546 1173 833 1253 praefatio
863 1173 927 1232 in
972 1171 1368 1231 Psalmorum
1427 1169 1683 1230 librum.
1738 1172 1875 1229 Ma-

254 1277 359 1356 jori
387 1274 589 1334 adhuc
647 1271 855 1332 studio
912 1277 1216 1349 susceptae
1251 1273 1394 1329 sunt
1424 1268 1594 1348 apud
1625 1267 1879 1328 Latinos

258 1381 308 1435 et
347 1377 654 1451 usurpatae
712 1368 1076 1447 Hieronymi
1135 1367 1575 1428 translationes
1631 1384 1707 1426 ex
1763 1368 1881 1424 He-

258 1471 461 1532 braicis
493 1474 822 1549 prognatae
853 1484 866 1526 :
902 1484 1048 1526 nam
1113 1466 1394 1526 omnium
1455 1463 1879 1525 Ecclesiarum

258 1589 353 1630 usu
384 1567 753 1648 quotidiano
785 1565 1132 1626 celebratas
1163 1563 1374 1637 fuisse,
1407 1563 1582 1623 testis
1636 1567 1727 1622 est
1786 1566 1879 1622 ta-

257 1667 487 1726 bescens
547 1663 785 1723 invidia
874 1661 1102 1733 Ruﬁni,
1162 1661 1272 1740 qui
1346 1665 1608 1740 propter
1663 1659 1878 1720 odium

259 1763 504 1826 auctoris
568 1780 689 1821 non
752 1779 856 1820 eas
906 1759 1094 1819 modo
1149 1757 1572 1837 repudiabat;
1633 1757 1741 1818 sed
1816 1756 1878 1815 in

1985 579 2327 660 episcopus,
2379 599 2516 639 cum
2549 581 2825 641 lectitari
2869 582 3253 644 instituisset
3299 583 3365 644 in
3414 583 3636 645 Eccle-

1986 677 2106 751 sia,
2139 678 2244 736 cui
2262 683 2510 758 praeest,
2564 678 3130 760 interpretationem
3191 687 3384 752 tuam,
3446 683 3636 743 movit

1987 773 2288 852 quiddam
2376 775 2566 854 longe
2609 775 2798 834 aliter
2853 776 2962 836 abs
3019 784 3076 837 te
3117 780 3400 860 positum
3467 781 3637 862 apud

1985 869 2202 936 Ionam
2245 870 2642 953 prophetam,
2683 893 2868 952 quam
2900 881 3034 934 erat
3091 877 3368 936 omnium
3427 879 3634 938 sensi-

1989 967 2103 1028 bus
2160 969 2586 1049 memoriaeque
2637 971 3069 1045 inveteratum,
3125 979 3183 1032 et
3241 980 3331 1034 tot
3386 981 3637 1036 statum

1986 1067 2483 1128 successionibus
2514 1068 2932 1144 decantatum,
2968 1079 3088 1131 etc.
3121 1073 3213 1132 Ex
3235 1072 3355 1134 hoc
3383 1078 3631 1153 Augus-

1987 1165 2103 1226 tini
2159 1166 2298 1227 loco
2359 1167 2546 1246 plane
2602 1167 2820 1246 liquet,
2883 1168 3221 1230 nonnullos
3279 1171 3343 1230 in
3408 1172 3635 1233 Africae

1988 1263 2274 1342 partibus
2347 1264 2678 1344 episcopos
2757 1264 3004 1344 privata
3058 1266 3325 1328 lectione
3382 1269 3639 1330 minime

1990 1367 2345 1434 contentos,
2432 1362 3018 1442 interpretationem
3102 1383 3330 1426 novam
3416 1367 3638 1429 Hiero-

1990 1458 2165 1538 nymi
2203 1459 2265 1519 in
2324 1460 2451 1520 suis
2508 1461 2787 1522 ecclesiis
2843 1462 3095 1542 publice
3152 1463 3486 1544 legendam
3542 1465 3641 1526 in-

1987 1557 2284 1633 stituisse,
2316 1557 2509 1637 idque
2567 1565 2713 1620 ante
2770 1579 3007 1622 annum
3039 1561 3268 1623 Christi
3325 1565 3466 1636 403,
3510 1583 3640 1643 quo

1989 1654 2225 1734 scripta
2282 1655 2510 1716 dicitur
2589 1658 2926 1735 Augustini
2981 1659 3248 1737 epistola
3330 1663 3432 1734 71,
3507 1661 3644 1741 jam

1986 1751 2270 1814 laudata.
2359 1754 2740 1816 Psalterium
2829 1775 2867 1816 a
2954 1764 3174 1819 sancto
3257 1759 3644 1840 Hieronymo

263 1881 398 1923 nova
449 1861 563 1920 illa
618 1859 819 1919 sancti
879 1857 1155 1918 doctoris
1211 1857 1484 1918 editione
1534 1855 1774 1933 ﬂagitia
1831 1849 2371 1922 etBtranslatum
2404 1869 2476 1912 ex
2510 1852 2774 1913 Hebraeo
2836 1871 2901 1914 se
2962 1872 3088 1914 non
3147 1853 3379 1916 habere
3425 1857 3645 1918 scribit

259 1959 565 2037 sacrilegia
613 1962 976 2037 perpetrata
1033 1973 1167 2016 esse
1230 1953 1430 2015 voluit
1484 1959 1700 2014 orator
1755 1953 1888 2032 ipse

261 2055 833 2118 criminosissimus:
869 2053 1003 2113 Illa
1034 2073 1196 2123 vero,
1258 2051 1466 2130 inquit
1519 2051 1628 2110 lib.
1691 2066 1736 2110 ιι
1790 2051 1888 2110 In-

258 2157 490 2216 vectiva-
552 2173 680 2214 suae
737 2153 798 2212 in
877 2152 1355 2230 Hieronymum,
1413 2167 1545 2229 quae
1601 2168 1765 2207 nunc
1821 2152 1887 2207 tu

261 2253 694 2333 interpretaris,
771 2256 831 2309 et
872 2258 994 2332 per
1048 2247 1340 2308 ecclesias
1371 2252 1430 2306 et
1487 2245 1884 2323 monasteria,

261 2359 354 2417 per
401 2349 625 2431 oppida
681 2354 740 2407 et
810 2346 1070 2407 castella
1128 2344 1532 2422 transmittis,
1584 2342 1888 2423 quomodo

262 2446 692 2528 suscipiemus?
767 2451 1060 2523 tanquam
1144 2443 1387 2515 divina,
1445 2462 1524 2500 an
1592 2446 1886 2520 tanquam

264 2544 503 2605 bunrana
535 2545 564 2604 ἰ
593 2545 678 2604 Et
709 2544 867 2624 quid
877 2543 1186 2621 facimus,
1220 2541 1389 2622 quod
1430 2559 1563 2621 qua?
1615 2538 1886 2621 prophe-

266 2647 443 2700 tarum
473 2643 570 2702 vel
598 2641 1043 2722 Iegislatorum
1103 2637 1460 2700 nominibus
1517 2637 1882 2714 titulantur,

268 2740 483 2800 veriora
567 2739 696 2800 haec
743 2738 852 2799 abs
911 2744 986 2812 te,
1041 2757 1225 2818 quam
1274 2735 1391 2796 illa
1440 2756 1571 2816 quae
1618 2733 1889 2816 apostoli

258 2837 675 2918 probaverunt,
738 2834 1201 2914 aﬂirmantur?
1256 2833 1440 2893 Istud
1495 2832 1886 2893 commissum

265 2934 355 2994 dic
405 2934 710 3015 quomodo
768 2931 1244 2992 emendabitur:
1310 2931 1432 2991 imo
1498 2933 1676 3007 nefas
1731 2949 1888 3010 quo-

266 3033 420 3092 moa’o
494 3031 917 3114 expiabitur?
991 3030 1066 3090 Si
1127 3030 1290 3090 enim
1379 3030 1444 3089 in
1519 3027 1888 3111 explicanda

264 3129 385 3210 lege
410 3130 663 3212 aliquid
691 3130 880 3189 aliter
954 3129 1224 3189 sensisse
1297 3126 1654 3188 damnabile
1723 3125 1891 3208 apud

265 3234 311 3286 te
380 3229 659 3304 ducitur,
774 3228 970 3295 ipsam
1055 3227 1255 3307 legem

264 3325 424 3386 aliud
503 3347 691 3407 quam
780 3325 1051 3408 apostoli
1135 3324 1561 3401 tradiderunt,
1647 3323 1888 3403 quoties

264 3423 600 3483 damnabile
624 3423 1052 3501 judicandum
1084 3422 1220 3481 est!
1277 3423 1440 3500 Ergo
1499 3439 1892 3500 quoquover-

264 3539 382 3581 sum
437 3523 804 3583 ferebantur
873 3520 1377 3599 Hieronymianaz
1448 3519 1891 3580 translationes

262 3637 359 3697 per
420 3620 721 3681 ecclesias
773 3625 836 3680 et
897 3619 1302 3690 monasteria,
1366 3636 1478 3696 per
1536 3617 1772 3697 oppida
1830 3621 1892 3676 et

264 3718 494 3778 castella
528 3717 919 3778 transmissa.
954 3719 1185 3777 Earum
1228 3715 1617 3795 exemplaria
1676 3718 1890 3776 Romae

264 3813 721 3876 inveniebantur
802 3821 934 3875 tum
992 3814 1164 3893 apud
1235 3814 1630 3875 doctissimos
1701 3813 1889 3886 viros,

265 3918 379 3971 tum
429 3913 604 3992 apud
649 3931 755 3973 eos
813 3913 924 3992 qui
971 3913 1320 3973 sanctitatis
1378 3913 1565 3972 laude
1624 3910 1894 3973 celebra-

267 4009 463 4070 tissimi
499 4012 758 4071 fuerunt
805 4011 865 4070 in
901 4009 1077 4071 urbe.
1137 4009 1601 4080 Pammachius,
1655 4009 1749 4069 vir
1779 4026 1893 4068 no-

269 4107 615 4179 bilissimus,
674 4107 851 4186 cujus
923 4109 986 4168 in
1044 4108 1236 4169 sacris
1320 4108 1544 4169 litteris
1616 4107 1893 4168 studium

270 4203 671 4285 Hieronymus
725 4204 843 4264 sibi
901 4204 1242 4283 aliquando
1325 4204 1624 4284 praetulit,
1704 4204 1897 4265 libros

269 4303 510 4362 sedecim
576 4301 1033 4383 Prophetarum
1081 4303 1251 4380 apud
1310 4320 1374 4362 se
1405 4302 1715 4364 habebat:
1750 4321 1893 4362 san-

1995 1948 2161 2009 idem
2193 1952 2257 2009 S.
2292 1950 2525 2010 Doctor
2553 1950 2735 2030 epist.
2770 1952 2912 2025 261,
2945 1953 3025 2013 ad
3073 1953 3417 2014 Audacem.
3478 1955 3644 2016 Illud

1996 2063 2146 2107 vero
2227 2051 2530 2126 tanquam
2611 2049 2954 2127 perfectam
3052 2049 3392 2112 editionem
3479 2051 3647 2113 Psal-

1998 2161 2246 2205 morum
2303 2145 2596 2207 Latinam
2651 2152 2918 2225 uterque
2973 2147 3294 2226 requirere
3367 2148 3640 2220 videtur,

1997 2240 2154 2302 side
2186 2242 2410 2303 eodem
2467 2242 2776 2304 Psalterio
2832 2244 2954 2305 ista
3010 2244 3482 2324 intelligamus:
3540 2246 3643 2307 Ita

1997 2337 2168 2398 illud
2221 2339 2391 2418 quod
2435 2342 2778 2420 perfectum
2836 2347 2929 2400 est
2983 2347 3179 2402 tecum
3237 2363 3349 2404 nos
3406 2364 3646 2426 quoque

1996 2435 2402 2516 requirimus.
2437 2437 2631 2500 Plura
2688 2457 2765 2500 ex
2819 2440 3169 2519 Augustino
3224 2441 3486 2504 inferius
3541 2442 3639 2504 di-

1996 2535 2196 2596 cenda
2225 2541 2609 2615 supersunt;
2669 2543 3058 2620 quapropter
3111 2537 3210 2601 his
3259 2557 3644 2604 commemo-

1996 2631 2210 2692 randis
2265 2651 2432 2694 nunc
2501 2635 2900 2713 supersedeo.
2999 2636 3245 2698 Laudat
3325 2638 3642 2718 praecipue

1998 2729 2415 2810 Hieronymus
2463 2731 2526 2792 in
2573 2732 2836 2794 Lucinio
2917 2735 3154 2796 Baetica
3211 2735 3520 2797 fervorem
3577 2741 3641 2797 et

1995 2828 2272 2889 studium
2304 2829 2796 2908 Scripturarum,
2847 2850 2975 2910 quo
3032 2832 3301 2894 describi
3345 2833 3464 2894 sibi
3492 2835 3638 2896 fecit

1995 2925 2301 3004 opuscula
2375 2944 2770 3007 quascunque
2853 2930 2918 2990 S.
3003 2933 3235 2990 Doctor
3287 2930 3635 2993 dictaverat

1997 3024 2076 3084 ab
2106 3024 2532 3086 adolescentia
2575 3043 2776 3105 usque
2830 3027 2898 3087 in
2956 3044 3190 3089 annum
3247 3028 3478 3090 Christi
3508 3029 3637 3091 cir-

1995 3122 2150 3182 citer
2179 3123 2342 3182 394:
2378 3122 2712 3202 Hispanias
2771 3124 2938 3185 enim
2994 3132 3415 3206 occupaverat
3472 3146 3639 3208 prae-

1379 3230 1732 3308 pervertere
1815 3224 1881 3283 in
1912 3221 1956 3290 C.
1995 3219 2168 3281 clara
2196 3220 2561 3300 Hieronymi
2591 3239 2664 3282 ac
2693 3221 2828 3301 ejus
2885 3222 3393 3286 lucubrationum
3443 3226 3637 3288 fama.

1998 3317 2164 3378 unde
2194 3317 2552 3380 vehementi
2607 3319 2916 3382 desiderio
2971 3322 3263 3384 incensus
3319 3323 3640 3401 Lucinius,

1998 3433 2107 3474 sex
2164 3415 2244 3476 ad
2319 3415 2770 3496 Hieronymum
2831 3419 3000 3480 misit
3028 3421 3335 3496 notarios,
3365 3423 3477 3502 qui
3531 3423 3642 3485 de-

2000 3515 2233 3593 scripta
2261 3514 2452 3593 hujus
2509 3514 2888 3578 immortalis
2932 3517 3169 3596 ingenii
3232 3528 3646 3583 monumenta

2001 3611 2081 3673 ad
2111 3629 2176 3672 se
2207 3613 2576 3692 perferrent.
2635 3615 2793 3676 Huic
2851 3617 3198 3678 rescribens
3229 3618 3647 3699 Hieronymus

2001 3727 2256 3770 suarum
2287 3711 2629 3790 Scriptura:
2659 3713 3007 3776 editionum
3039 3715 3325 3778 meminit
3378 3716 3476 3778 his
3505 3735 3648 3778 ver-

2001 3808 2099 3868 bis
2132 3829 2146 3868 :
2187 3807 2506 3870 Canonem
2535 3809 2868 3872 Hebraicae
2896 3813 3205 3888 veritatis,
3238 3820 3479 3897 excepto
3515 3814 3647 3876 Oc-

2001 3905 2306 3985 tateucho,
2340 3927 2516 3987 quem
2548 3928 2713 3967 nunc
2743 3909 2808 3968 in
2841 3909 3130 3971 manibus
3161 3910 3374 3992 habeo,
3424 3912 3650 3994 pueris

2004 4003 2134 4061 tuis
2181 4007 2240 4060 et
2295 4003 2566 4063 notariis
2625 4003 2776 4064 dedi
2829 4005 3330 4068 describendum.
3390 4007 3651 4089 Septua-

2001 4101 2191 4180 ginta
2223 4099 2635 4181 Interpretum
2667 4102 3002 4163 editionem
3031 4110 3090 4163 et
3138 4109 3194 4163 te
3237 4103 3468 4164 habere
3532 4125 3654 4164 non

2007 4198 2248 4277 dubito,
2282 4205 2341 4258 et
2368 4205 2511 4258 ante
2564 4219 2762 4259 annos
2795 4199 3118 4281 plurimos
3157 4201 3658 4282 diligentissime

2006 4297 2388 4358 emendatam
2421 4297 2731 4358 studiosis
2789 4299 3059 4360 tradidi.
3123 4300 3369 4362 Novum
3440 4301 3656 4362 Testa-

267 4407 354 4460 cta
408 4401 709 4462 Marcella
739 4401 1032 4480 exempla
1063 4400 1205 4460 libri
1244 4398 1352 4464 [ob
1387 4421 1399 4459 ε
1434 4406 1686 4461 sanctus
1710 4401 1898 4460 Pater
2009 4401 2275 4455 mentum
2313 4393 2548 4455 Grecae
2595 4396 2855 4457 reddidi
2900 4398 3285 4460 auctoritati.
3351 4398 3438 4461 Ut
3492 4399 3655 4460 enim

267 4497 561 4558 Domnion
621 4495 968 4556 Samuelem
1024 4501 1083 4555 et
1112 4494 1462 4556 Malachim
1492 4497 1573 4574 ;in
1607 4497 1893 4556 Latinum
2007 4500 2274 4554 veterum
2306 4494 2613 4554 librorum
2638 4495 2822 4570 ﬁdes
2852 4495 2929 4554 de
2982 4495 3273 4556 Hebraeis
3319 4497 3657 4558 volumini-

269 4589 334 4651 de
362 4592 628 4654 Hebraeo
659 4610 948 4653 sermone
1002 4611 1336 4654 conversos
1393 4593 1682 4653 manibus
1737 4611 1890 4673 quo-
1929 4594 1971 4659 D
2005 4593 2118 4654 bus
2149 4593 2564 4652 examinanda
2607 4598 2720 4670 est,
2759 4593 2848 4652 ita
2870 4614 3163 4654 novorum
3195 4594 3408 4656 (ἓνδεί
3433 4616 3662 4656 sermo-

269 4689 401 4750 tidie
455 4690 728 4763 terebat,
790 4691 880 4750 uti
923 4691 1173 4751 abunde
1223 4697 1517 4751 testatum
1575 4695 1781 4750 exstat
1835 4689 1900 4749 in

271 4787 519 4865 epistola
550 4790 630 4847 52
660 4789 739 4848 ad
789 4787 1265 4848 Pammachium
1307 4787 1562 4867 scripta.
1598 4789 1900 4848 Eumdem

273 4903 434 4946 usum
486 4887 662 4965 apud
722 4885 1091 4946 Latinorum
1153 4887 1506 4966 episcopos,
1581 4904 1654 4947 ac
1715 4885 1905 4946 Italos

274 4985 597 5064 praecipue,
654 4983 924 5061 probare
1006 4991 1275 5062 possunt
1329 4983 1622 5064 qumdam
1673 4984 1904 5063 praefa-

270 5081 556 5141 tiunculze
606 5080 834 5141 veteris
886 5081 1310 5142 Testamenti:
1360 5082 1566 5161 ipsum
1623 5081 1904 5160 epistolae

269 5188 323 5239 et
358 5179 671 5259 opuscula
723 5181 1029 5241 nonnulla
1059 5185 1122 5244 S.
1185 5182 1521 5259 Augustini
1580 5182 1906 5242 manifeste

269 5277 720 5340 demonstrant.
785 5280 1019 5338 Narrat
1069 5281 1454 5359 Augustinus
1487 5279 1755 5359 epistola
1808 5281 1902 5352 71,

269 5377 423 5454 apud
480 5376 938 5454 Hieronymum
996 5377 1096 5450 88,
1157 5378 1476 5456 quomodo
1550 5377 1908 5438 institutum

269 5480 414 5533 esset
472 5474 558 5534 ah
639 5471 954 5533 Africanae
1038 5474 1369 5554 cujusdam
1429 5474 1720 5536 Ecclesia:
1781 5473 1910 5552 epi-

270 5587 472 5647 scopo,
512 5576 580 5630 ut
626 5589 790 5630 nova
823 5570 1191 5652 Hieronymi
1259 5571 1696 5651 interpretatio
1768 5590 1912 5651 pro-

272 5663 599 5742 phetarum
655 5666 719 5728 in
779 5665 1054 5727 Ecclesia
1103 5669 1444 5746 legeretur,
1495 5674 1556 5728 et
1612 5667 1912 5746 hujusce-

2010 4691 2111 4751 nis
2169 4710 2445 4751 normam
2503 4690 2842 4752 desiderat.
2891 4695 3168 4773 Excepto
3211 4693 3428 4772 itaque
3471 4696 3659 4758 Octa-

2009 4788 2262 4862 teucho,
2313 4806 2543 4850 novam
2601 4807 2676 4849 ex
2759 4789 3022 4851 Hebraeo
3077 4791 3661 4870 interpretationem

2012 4886 2385 4965 Hieronymi
2469 4887 2914 4966 Hispaniarum
2999 4887 3290 4950 Ecclesia:
3373 4908 3664 4970 suscepe-

2013 4991 2161 5046 runt
2215 4985 2384 5045 circa
2431 5003 2666 5044 annum
2718 4986 2857 5046 395.
2905 4988 3154 5064 Parque
3185 4993 3279 5047 est
3336 4993 3406 5048 ut
3450 4987 3665 5048 creda-

2016 5100 2153 5142 mus
2211 5082 2484 5160 priorem
2566 5080 2702 5160 ejus
2759 5081 3100 5144 editionem
3185 5083 3664 5163 diligentissime

2015 5179 2412 5241 emendatam
2437 5178 2626 5258 juxta
2679 5179 2869 5240 fidem
2920 5181 3368 5261 Hexaplorum,
3422 5181 3666 5260 aliquot

2016 5276 2198 5338 annis
2254 5283 2402 5338 ante
2481 5276 2822 5338 adventum
2881 5279 3271 5340 notariorum
3329 5279 3545 5340 Lucini
3601 5278 3663 5338 in

2017 5375 2441 5452 Palaestinam,
2491 5375 2681 5436 fuisse
2730 5377 3168 5456 pervulgatam
3227 5378 3394 5456 apud
3451 5377 3669 5456 Hispa-

2020 5491 2135 5535 nos
2163 5479 2227 5534 et
2256 5479 2627 5553 usurpatam
2660 5473 2740 5535 ab
2787 5493 3008 5536 eorum
3066 5475 3382 5536 studiosis.
3443 5475 3515 5536 Id
3573 5483 3672 5536 sat

2023 5570 2352 5631 manifesto
2403 5571 2680 5632 indicare
2741 5572 3034 5635 videntur
3088 5572 3282 5634 verba
3330 5571 3486 5634 haec.
3555 5573 3670 5632 Se-

2006 5669 2357 5751 ptuaginta
2389 5669 2804 5752 Interpretum
2866 5670 3196 5730 editionem
3253 5675 3313 5731 et
3364 5676 3420 5732 te
3452 5669 3674 5733 habere
