4060 6190
389 332 469 394 67
1557 316 1890 380 PATRUM
1937 315 2642 382 BENEDICTINORUM
3727 329 3812 390 68

393 488 517 530 non
562 463 806 538 dubito,
864 466 984 526 etc.
1043 462 1210 522 Nam
1287 455 1568 536 alioquin
1651 453 2033 535 descriptam
2063 454 2120 523 Α
2147 453 2306 516 ritus
2331 455 2552 530 sancti,
2587 475 2714 518 non
2745 461 2960 519 tamen
2987 455 3050 519 in
3096 457 3306 537 capita
3357 476 3434 520 ac
3489 477 3803 543 paragra-

389 567 554 628 hanc
584 565 925 628 editionem
956 577 1098 620 cum
1157 555 1298 617 aliis
1347 553 1668 634 Opusculis
1718 553 1800 615 ad
1855 551 2037 614 Luci-

389 667 561 727 nium
597 659 1042 725 transmisisset
1085 655 1527 734 Hieronymus.

467 765 577 825 III.
613 756 881 838 Capituli
915 752 1326 836 praecedentis
1375 754 1750 830 argumenta
1804 749 2033 811 iterum

389 858 882 940 comprobantur
910 853 1008 914 his
1037 870 1180 932 qua:
1210 849 1479 911 dicenda
1526 847 1915 928 suscepimus
1968 847 2034 909 in

384 963 519 1019 tota
547 953 797 1017 articuli
839 952 1019 1013 istius
1057 947 1465 1011 continentia.
1527 945 1818 1026 Quisquis
1867 945 2034 1006 enim

380 1074 457 1118 ex
513 1052 873 1115 auctoribus
902 1047 1239 1110 coaetaneis
1284 1047 1350 1106 in
1403 1064 1550 1106 suos
1608 1063 1756 1106 usus
1811 1044 2034 1105 Hiero-

377 1152 708 1233 nymianas
755 1147 1047 1209 adhibuit
1105 1143 1572 1215 translationes,
1636 1142 1810 1203 testis
1859 1142 2032 1203 haud

379 1251 574 1311 dubio
658 1246 902 1308 accedit
976 1243 1262 1324 locuples
1317 1242 1398 1303 ad
1459 1240 2030 1302 manifestationem

379 1347 606 1428 prioris
650 1344 997 1415 sententias,
1063 1359 1193 1421 qua
1274 1339 1612 1401 statuimus
1667 1337 2033 1417 Hieronymi

378 1446 634 1508 Latinas
661 1443 1000 1522 Scripturse
1041 1458 1237 1501 sacras
1295 1436 1851 1516 interpretationes
1906 1435 2032 1496 lec-

383 1545 552 1606 tione
634 1542 1058 1604 studiosorum
1134 1535 1310 1597 brevi
1379 1535 1571 1596 fuisse
1655 1533 2025 1594 celebratas.

379 1641 726 1722 Hesychius
782 1637 997 1716 magni
1052 1635 1221 1696 illius
1276 1632 1476 1694 sancti
1530 1631 1818 1710 Gregorii
1891 1634 2028 1692 Na-

377 1739 655 1802 zianzeni
701 1739 798 1817 (ut
845 1734 1071 1814 fertur)
1126 1731 1493 1810 discipulus.
1555 1729 2025 1810 Hierosolymo-

2147 551 2310 631 phos
2364 553 2682 628 distincta,
2716 555 2809 616 uti
2861 555 3218 618 concedunt
3272 575 3494 619 omnes
3551 559 3801 622 divina-

2148 667 2288 710 rum
2367 651 2837 729 Scripturarum
2919 652 3360 714 studiosissimi
3437 655 3804 720 defensores

2145 765 2220 807 ac
2276 747 2606 826 diligentes
2661 748 3088 828 indagatores.
3150 753 3325 812 Hanc
3407 752 3600 832 igitur
3657 773 3800 818 ver-

2145 863 2327 906 suum
2388 847 2853 909 distinctionem
2912 848 2976 908 in
3036 849 3198 910 libro
3257 851 3589 914 duodecim
3648 873 3801 933 pro-

2143 941 2482 1022 phetarum
2569 943 2841 1006 retinere
2916 945 3118 1006 voluit
3175 947 3545 1026 Hesychius,
3623 952 3800 1029 quod

2144 1042 2495 1122 antiquitus
2524 1061 2562 1104 a
2593 1043 2740 1104 viris
2769 1044 3002 1106 sanctis
3035 1050 3404 1124 usurpatam
3463 1047 3742 1110 novisset
3777 1068 3795 1125 ;

2143 1147 2206 1201 et
2262 1140 2466 1201 doctis
2521 1141 2757 1220 pariter
2806 1148 2868 1202 et
2921 1141 3194 1204 indoctis
3242 1145 3460 1206 utilem
3518 1147 3654 1208 fore
3711 1157 3793 1216 ad

2142 1237 2627 1318 intelligentiam
2659 1239 3060 1300 oraculorum
3092 1240 3610 1320 propheticorum
3643 1262 3789 1304 cum

2141 1337 2526 1416 Hieronymo
2609 1343 2892 1416 speraret
2946 1355 2960 1410 ;

2140 1445 2255 1518 φῶν
2304 1443 2339 1510 ἡ
2389 1445 2497 1496 τῶν
2557 1441 2760 1517 στίχων
2815 1442 3100 1518 σαφηνίζει
3180 1441 3465 1520 διαίρεσις,
3524 1438 3589 1500 id
3673 1445 3792 1513 est,

2137 1531 2351 1592 Multa
2407 1532 2571 1592 enim
2627 1532 2890 1596 obscura
2948 1539 3008 1593 et
3065 1534 3300 1595 incerta
3357 1535 3638 1596 elucidat
3667 1535 3796 1598 haec

2138 1648 2424 1689 versuum
2476 1629 2828 1692 distinctio.
2891 1632 2984 1692 Ila
3029 1631 3376 1711 Hesychius
3429 1632 3792 1713 Hierosoly-

2139 1726 2440 1800 mitanus,
2473 1729 2582 1806 qui
2613 1728 3045 1792 distinctiones
3077 1747 3189 1808 per
3239 1730 3522 1791 membra
3550 1731 3788 1793 divisas

3059 1342 3253 1400 Πολλᾶ
3307 1346 3401 1418 μὲν
3482 1350 3590 1402 τῶν
3651 1347 3794 1403 ἆσα-

375 1857 513 1900 rum
545 1837 895 1917 presbyter,
930 1833 1170 1912 primus
1199 1831 1264 1891 in
1301 1846 1557 1890 censum
1606 1828 1818 1888 veniat
1865 1827 2029 1887 inter
2057 1830 2103 1896 Β
2131 1823 2196 1884 in
2228 1824 2502 1886 editione
2533 1826 2923 1905 Hieronymi,
2958 1825 3225 1905 diligens
3252 1832 3317 1888 et
3347 1827 3484 1908 ipse
3515 1828 3789 1909 scriptor

376 1954 484 1998 eos
576 1934 687 2014 qui
766 1931 1127 1993 testimonia
1209 1928 1677 2006 Scripturarum
1759 1925 2027 1985 recitent

367 2036 554 2116 juxta
611 2031 952 2095 editionem
1009 2026 1566 2105 Hieronymianam
1613 2023 1690 2084 de
1745 2021 2027 2084 fontibus

375 2130 700 2194 Hebraicis
730 2128 1103 2190 derivatam.
1137 2124 1250 2184 Ille
1306 2121 1501 2199 igitur
1556 2120 1667 2180 lib.
1703 2136 1724 2181 ι
1780 2121 2022 2181 Comm.

369 2231 437 2291 in
464 2228 835 2298 Leviticum,
882 2229 1217 2304 postquam
1276 2219 1590 2281 attulisset
1646 2216 2025 2278 versiculum

373 2330 452 2390 30
507 2325 731 2406 capitis
784 2343 845 2384 Iv
887 2321 1069 2401 juxta
1126 2317 1546 2398 Septuaginta
1601 2319 2019 2394 Interpretes:

373 2425 460 2487 Et
490 2423 668 2485 tollet
694 2427 754 2482 et
773 2425 963 2503 ponet
1016 2417 1310 2478 sacerdos
1368 2413 1743 2494 sanguinem
1777 2412 2028 2495 peccati

375 2524 588 2604 digito
631 2529 815 2603 super
869 2537 1104 2580 cornua
1161 2514 1391 2576 altaris
1447 2511 2022 2591 holocaustomatis,

371 2620 652 2683 subdidit
707 2617 920 2679 statim
974 2615 1196 2676 isthmc
1246 2613 1326 2673 de
1383 2610 1698 2672 Hebraica
1749 2610 2022 2671 transla-

371 2717 588 2779 tione:
631 2713 824 2792 Quod
850 2710 1280 2784 Hieronymus
1326 2707 1533 2767 simili
1587 2726 1774 2766 sensu
1821 2705 2027 2766 edidit

372 2814 622 2876 dicens:
670 2810 988 2890 Tolletque
1017 2806 1309 2868 sacerdos
1337 2805 1415 2866 de
1443 2803 1765 2884 sanguine
1810 2803 2024 2884 digito

373 2932 486 2973 suo
527 2917 797 2992 tangens
822 2927 1058 2970 cornua
1115 2904 1368 2965 altaris.
1404 2907 1638 2964 Iterum
1697 2903 1778 2963 ad
1833 2908 2025 2982 caput

371 3028 502 3079 xix,
537 3027 699 3070 vers.
765 3010 862 3080 l2,
925 3005 1207 3084 ejusdem
1266 3001 1514 3063 Livitici
1566 3000 2019 3063 translationis.

381 3106 884 3185 Hieronymianm
912 3104 1003 3164 ita
1056 3101 1469 3163 recordatur:
1529 3097 1708 3160 Unde
1779 3098 2018 3179 dicens,

2135 1925 2530 1985 conservavit
2557 1924 2622 1984 in
2655 1925 2992 1986 duodecim
3021 1925 3375 2009 prophetis.

2215 2024 2306 2082 Ex
2365 2022 2761 2102 Hesychiano
2818 2023 2929 2085 illo
3015 2044 3132 2089 usu
3215 2024 3506 2087 nonnihil
3580 2025 3790 2088 laudis

2135 2119 2381 2180 accedit
2409 2121 2917 2200 Hieronymianaa
2947 2122 3212 2186 editioni
3265 2123 3730 2201 Scripturarum
3767 2142 3782 2184 :

2135 2218 2243 2279 sed
2270 2236 2522 2278 omnem
2555 2219 3166 2281 commendationem
3198 2221 3444 2286 excedit
3492 2222 3662 2301 quod
3710 2223 3789 2284 de

2135 2331 2230 2388 ea,
2264 2313 2365 2375 vel
2395 2332 2472 2376 ex
2509 2316 2729 2376 eadem
2789 2316 3200 2378 translatione
3259 2318 3573 2383 Hebraica
3629 2319 3782 2381 scri-

2133 2417 2313 2490 ptum
2371 2413 2684 2492 reperitur
2736 2413 2802 2473 in
2885 2415 3354 2476 commentariis
3425 2416 3786 2496 Augustini.

2133 2507 2330 2570 Modo
2387 2527 2525 2570 eam
2610 2510 2765 2572 citat
2847 2529 2990 2571 cum
3077 2511 3429 2575 honorifica
3511 2515 3788 2578 auctoris

2133 2607 2735 2668 commemoratione
2768 2625 2783 2682 ;
2818 2627 2984 2669 nunc
3017 2609 3357 2672 utilitatem
3389 2617 3452 2672 et
3509 2612 3780 2676 facilita-

2132 2710 2259 2765 tem
2319 2705 2456 2784 ejus
2512 2706 2886 2785 prsedicans,
2923 2707 3350 2770 obscuriorem
3408 2719 3470 2771 et
3525 2710 3784 2775 intrica-

2132 2807 2264 2864 tam
2292 2806 2452 2864 LXX
2511 2807 2934 2883 Interpretum
2993 2806 3330 2868 editionem
3379 2807 3643 2888 abjicit.
3705 2829 3786 2874 ex

2130 2901 2242 2963 illa
2287 2902 2560 2982 denique
2633 2905 3130 2984 Hieronymiana
3209 2906 3406 2969 libros
3499 2909 3784 2989 integros

2132 2999 2505 3061 Christianae
2588 3001 2812 3080 pietati
2896 3020 3022 3062 non
3107 3023 3330 3082 parum
3415 3007 3784 3086 profuturos

2134 3096 2434 3158 contexit.
2469 3101 2623 3158 Cum
2657 3097 2768 3158 lib.
2802 3115 2866 3158 IV
2911 3099 2990 3160 de
3030 3100 3326 3162 Doctrina
3355 3103 3582 3164 Christ.
3639 3123 3782 3184 cap.

380 3204 528 3266 Non
558 3202 847 3265 leoabitis
904 3219 1120 3262 nomen
1179 3198 1246 3257 in
1295 3196 1558 3277 injusto,
1616 3195 1916 3257 addidit:
1965 3203 2024 3258 et
2054 3194 2098 3263 (Γ.
2135 3195 2198 3268 7,
2230 3212 2406 3254 num.
2440 3195 2516 3255 15
2577 3201 2639 3254 et
2695 3213 2900 3275 seqq.,
2958 3197 3301 3276 respondet
3360 3198 3524 3260 male
3579 3200 3784 3263 doctis

379 3323 500 3363 non
547 3299 981 3384 profanabitis
1040 3315 1257 3358 nomen
1311 3295 1581 3356 Domini
1633 3293 1762 3354 Dei
1803 3296 2016 3358 vestri.

384 3400 577 3478 Quod
604 3397 986 3473 Hieronymi
1024 3393 1362 3456 translatio
1391 3392 1598 3453 edidit
1629 3413 1646 3452 :
1698 3391 1842 3452 Non
1882 3393 2021 3454 bol-

374 3497 510 3558 lues
549 3516 768 3558 nomen
826 3493 955 3554 Dei
994 3492 1111 3554 tui.
1162 3492 1338 3582 Idem
1392 3489 1739 3570 Hesychius
1788 3490 2018 3552 librum

370 3595 704 3656 duodecim
791 3593 1108 3654 minorum
1193 3588 1650 3669 pr0phetarum
1737 3589 2020 3649 versibus

372 3693 736 3755 distinctum
797 3690 1066 3752 edidisse
1117 3687 1367 3764 videtur
1421 3687 1502 3748 ad
1559 3685 1916 3766 exemplum
1950 3687 2014 3748 S.

371 3789 762 3871 Hieronymi,
804 3789 915 3870 qui
953 3785 1209 3848 utilitati
1257 3784 1612 3863 legentium
1658 3785 2011 3859 consulens,

370 3907 601 3952 novam
640 3905 818 3948 suam
851 3905 928 3948 ex
987 3884 1252 3946 Hebraeo
1311 3882 1650 3943 editionem
1709 3899 1822 3960 per
1876 3883 2017 3944 cola

366 3992 429 4048 et
453 3992 772 4048 commata
801 3984 1154 4063 descripsit,
1189 3987 1257 4042 ut
1300 3985 1599 4042 testatum
1660 3986 1864 4040 exstat
1892 3980 2012 4041 ini-

363 4085 452 4148 tio
511 4084 902 4164 prmfationis
982 4082 1047 4142 in
1132 4079 1357 4142 Isaiam
1439 4077 1840 4156 pr0phetam.
1926 4081 2012 4138 De

365 4183 634 4245 utilitate
684 4188 748 4244 et
781 4180 1128 4244 commodis
1184 4175 1547 4254 hujusmodi
1599 4174 2013 4236 distinctionis

364 4300 657 4342 versuum
706 4279 991 4341 meminit
1042 4277 1234 4338 etiam
1267 4272 1614 4354 Hesychius
1661 4271 1725 4332 in
1783 4273 2013 4351 princi-

364 4378 470 4459 pio
523 4378 797 4459 propriae
845 4373 1319 4446 lucubrationis,
1383 4389 1573 4449 quam
1659 4369 1748 4431 ita
1801 4371 2016 4432 inscri-

364 4482 536 4557 ptam
569 4475 835 4555 legimus
864 4479 1036 4535 tomo
1071 4473 1213 4533 VIII
1243 4468 1616 4532 Griticorum
1649 4485 2006 4529 sacrorum:

2133 3289 2518 3369 hominibus,
2575 3293 2686 3373 qui
2742 3300 2992 3354 nostros
3041 3301 3330 3357 auctores
3357 3315 3570 3359 sacros
3625 3317 3779 3361 con-

2128 3389 2502 3452 temnendos
2533 3396 2782 3470 putant,
2816 3409 2940 3452 non
2973 3392 3124 3471 quia
3173 3413 3300 3456 non
3351 3395 3610 3470 habent,
3671 3398 3782 3459 sed

2130 3487 2280 3566 quia
2307 3507 2436 3550 non
2475 3495 2818 3561 ostentant,
2853 3508 3046 3568 quam
3077 3490 3264 3551 nimis
3319 3491 3425 3552 isti
3479 3493 3776 3574 diligunt,

2127 3587 2552 3666 eloquentiam
2589 3606 2603 3662 ;
2641 3607 2718 3648 ex
2748 3589 2917 3649 illius
2966 3590 3295 3669 prophetae
3351 3591 3514 3653 libro
3574 3595 3768 3672 potis-

2125 3683 2378 3765 simum,
2441 3686 2548 3764 qui
2608 3703 2675 3746 se
2759 3692 3080 3765 pastorem
3139 3688 3238 3748 vel
3320 3691 3774 3754 armentarium

2124 3783 2315 3844 fuisse
2399 3784 2572 3863 dicit,
2631 3783 2901 3846 aliorum
2986 3785 3444 3865 prophetarum
3546 3789 3776 3868 probat

2124 3878 2576 3959 eloquentiam.
2635 3883 2772 3942 Non
2830 3887 3066 3956 autem,
3129 3884 3358 3963 inquit,
3393 3885 3512 3948 hoc
3539 3888 3768 3951 faciam

2123 3977 2469 4038 secundum
2504 3979 2924 4058 Septuaginta
2953 3981 3383 4061 Interpretes;
3445 3986 3553 4046 sed
3611 3987 3774 4051 sicut
3892 3971 3896 3975 l

2121 4094 2198 4137 ex
2231 4078 2495 4139 Hebraeo
2543 4078 2606 4138 in
2665 4079 2962 4140 Latinum
3019 4081 3364 4160 eloquium,
3407 4084 3774 4166 presbytero

2119 4172 2513 4245 Hieronymo
2544 4176 2874 4258 utriusque
2927 4176 3171 4258 linguai
3201 4180 3408 4261 perito
3463 4182 3775 4263 interpre-

2121 4278 2315 4348 tante,
2352 4275 2658 4336 translata
2687 4281 2832 4336 sunt
2861 4276 3055 4338 verba
3081 4281 3295 4340 Amos.
3328 4281 3501 4343 Erat.
3554 4285 3774 4364 Itaque

2119 4379 2292 4433 recto
2324 4375 2661 4452 Augustini
2711 4375 2954 4454 judicio
2987 4377 3341 4456 expeditior
3397 4385 3460 4440 et
3489 4399 3771 4446 commo-

2121 4470 2259 4531 dior
2313 4472 2750 4552 interpretatio
2809 4474 3301 4553 Hieronymiana
3374 4477 3455 4537 ad
3507 4478 3771 4540 demon-

359 4573 624 4647 Ἦσυχίου
689 4565 1055 4647 πρισϐυτὲρου
1125 4563 1524 4642 Ἰεροσολύμων
1581 4564 1859 4640 Στιχηρὸν
1905 4568 2013 4620 τῶν

2132 4569 2445 4630 strandam
2527 4572 2983 4649 prophetarum
3057 4577 3417 4634 sanctorum
3477 4574 3772 4654 eloquen-

365 4679 433 4755 ιβ’
485 4697 805 4756 προφητχν,
839 4670 959 4730 hoc
989 4674 1102 4740 est,
1140 4663 1453 4736 Hesychii
1466 4661 1827 4745 presbyteri
1852 4662 2014 4723 Hie-

361 4768 805 4846 rosolymitani
857 4766 1183 4828 duodecim
1245 4761 1698 4846 prophetarum
1773 4761 2012 4822 distin-

360 4868 486 4928 ctio
517 4867 584 4928 in
620 4867 870 4927 modum
901 4883 1212 4925 versuum.
1247 4861 1510 4923 Multum
1556 4863 1766 4919 autem
1796 4879 1835 4920 a
1863 4878 2010 4921 vero

361 4966 659 5027 aberrant
691 4965 783 5025 illi
812 4963 923 5044 qui
980 4981 1210 5024 nomen
1269 4963 1552 5023 Graecum
1585 4965 1849 5040 στιχηρὸν
1883 4959 2012 5019 sive

361 5067 627 5147 στιχηδὸν
663 5063 1036 5142 pertrahunt
1065 5060 1145 5122 ad
1176 5059 1642 5121 distinctionem
1691 5060 1755 5118 in
1801 5059 2012 5136 capita

363 5169 426 5225 et
454 5161 940 5243 paragraphos:
999 5159 1150 5240 quia
1203 5157 1338 5218 haec
1385 5157 1570 5237 longe
1617 5157 1863 5218 diversa
1917 5161 2011 5217 est

361 5262 441 5324 ab
475 5279 550 5323 ea
581 5279 772 5340 quam
803 5259 923 5320 sibi
953 5256 1281 5338 proposuit
1309 5255 1676 5335 Hesychius,
1725 5255 2012 5316 observa-

363 5368 620 5440 tamque
652 5360 836 5421 docet
891 5358 1059 5436 apud
1118 5355 1458 5433 scriptores
1513 5354 2003 5433 hagiographos,

362 5459 425 5520 in
455 5459 783 5530 Psalterio,
841 5453 1222 5525 Proverbiis,
1279 5452 1677 5531 Ecclesiaste,
1727 5452 1871 5523 Job,
1948 5457 2010 5513 et

361 5556 429 5617 in
484 5556 742 5618 Cantico
771 5553 1186 5617 canticorum.
1220 5551 1370 5622 Quae
1401 5548 1657 5630 quidem
1688 5548 2010 5611 volumina

366 5657 566 5716 metro
596 5657 658 5715 et
685 5652 968 5716 versibus
995 5651 1169 5713 fuere
1209 5647 1565 5740 conscripta
1595 5647 1818 5710 afﬂatu
1872 5647 2010 5728 Spi-

2119 4668 2295 4742 tiam,
2375 4687 2566 4747 quam
2625 4669 2748 4729 alia
2805 4675 2984 4730 vetus
3041 4675 3102 4730 et
3169 4671 3440 4750 Vulgata
3495 4691 3530 4732 e
3615 4675 3766 4738 LXX

2119 4765 2571 4844 Interpretibus
2657 4766 2968 4828 derivata.
3029 4767 3292 4830 Miratus
3345 4788 3484 4830 sum
3542 4773 3771 4852 saepius

2119 4867 2362 4924 tantam
2394 4863 2666 4924 inveniri
2725 4864 3129 4926 concordiam
3178 4865 3343 4927 inter
3395 4877 3770 4946 praesentem

2119 4967 2400 5022 nostram
2456 4961 2801 5023 editionem
2859 4962 3342 5042 prophetarum,
3418 4972 3483 5028 et
3561 4968 3771 5030 locum

2118 5061 2312 5118 Amos
2371 5058 2451 5120 ab
2535 5060 2894 5138 Augustino
2992 5060 3302 5134 citatum;
3388 5062 3549 5124 nihil
3605 5067 3772 5128 enim

2119 5156 2280 5218 inest
2335 5157 2714 5218 discriminis
2771 5175 2976 5238 neque
3033 5158 3096 5218 in
3164 5161 3511 5234 sententiis,
3571 5183 3776 5246 neque

2117 5257 2181 5318 in
2215 5257 2614 5320 distinctione
2643 5264 3062 5320 commotum.
3085 5259 3232 5321 Tria
3277 5261 3417 5322 cola
3445 5263 3774 5342 prophetas

2119 5358 2314 5415 Amos
2343 5355 2550 5434 capite
2575 5360 2779 5428 sexto,
2818 5373 2979 5417 vers.
3015 5357 3076 5430 3,
3124 5363 3183 5431 4,
3246 5357 3367 5420 hoc
3427 5359 3616 5423 modo
3673 5363 3775 5424 de-

2117 5452 2354 5531 scripta
2409 5451 2708 5530 leguntur
2730 5469 2745 5512 :

2402 5585 2512 5660 Qui
2552 5587 2823 5660 separati,
2861 5587 3036 5660 estis
3059 5586 3119 5643 in
3151 5585 3305 5660 diem
3339 5587 3586 5660 malum,

2472 5658 2540 5714 Et
2586 5657 3074 5734 appropinquatio
3103 5658 3227 5718 solo
3256 5657 3588 5734 iniquitatis
3621 5681 3635 5721 :
