4060 6190
250 347 317 407 69
1613 319 1872 380 Ρηοω

1983 317 2225 380 MENA.
3557 329 3636 389 70

373 469 476 538 Qui
506 461 775 539 dormitis
802 460 863 539 in
891 455 1076 539 lectis-
1090 451 1408 539 eburneis;

442 543 506 596 Et
531 533 812 594 lascivitis
841 531 902 586 in
935 529 1138 584 stratis
1164 529 1370 581 vestris
1395 540 1408 580 :

375 613 476 680 Qui
506 606 811 680 comeditis
840 617 1062 680 agnum
1093 599 1164 654 de
1194 611 1392 680 grege,

437 685 504 740 Et
532 681 743 738 vitulos
773 678 844 732 de
875 672 1068 730 medio
1101 672 1372 728 armenti.

254 854 326 912 De
381 845 610 908 eisdem
656 857 806 901 vero
854 831 1181 896 verbisita
1235 827 1486 890 disserit
1538 829 1603 888 S.
1661 827 1876 904 Augu-

251 949 426 1009 stinus
499 959 672 1002 num.
736 940 811 999 18
866 932 1149 1014 ejusdem
1205 947 1346 1008 cap.
1380 929 1416 985 '1
1467 925 1603 1005 jam
1635 921 1877 983 laudati

255 1047 320 1106 de
369 1041 663 1106 Doctrina
715 1035 944 1098 Christ.
996 1050 1010 1092 :
1074 1028 1205 1092 Ista
1261 1047 1369 1086 sex
1425 1021 1692 1084 membro
1749 1027 1875 1081 tres

255 1142 589 1207 bimembres
618 1138 926 1201 circuitus
983 1131 1339 1192 ediderunt.
1389 1126 1534 1188 Non
1563 1123 1727 1184 enim
1757 1123 1872 1203 ait,

255 1242 410 1316 «Qui
469 1237 744 1318 separati
775 1234 922 1296 estis
976 1231 1042 1292 in
1100 1229 1268 1290 diem
1327 1225 1590 1295 malum,
1623 1222 1731 1302 qui
1761 1241 1876 1301 ap-

253 1334 667 1420 propinquatis
733 1331 895 1393 solio
970 1325 1344 1408 iniquitatis,
1424 1321 1533 1401 qui
1589 1319 1878 1380 dormitis

250 1419 304 1502 in
353 1439 518 1500 lectis
592 1433 908 1505 eburneis,
989 1428 1098 1508 qui
1175 1423 1476 1486 lascivitis
1544 1421 1609 1482 in
1666 1419 1878 1482 stratis

254 1537 467 1608 vestris,
525 1535 636 1613 qui
713 1527 1042 1593 comeditis
1115 1541 1349 1604 agnum
1409 1521 1486 1582 de
1543 1536 1756 1598 grege,
1815 1522 1880 1578 et

1894 451 1953 522 Α
1981 451 2142 515 viter
2169 457 2551 534 quaestiones
2579 460 2658 519 20
2713 463 2777 520 et
2805 459 2883 518 54
2927 457 2992 519 in
3023 458 3581 521 Deuteronomium
3611 476 3629 534 ;

1983 550 2171 622 7,45,
2208 555 2304 626 19,
2365 557 2464 628 24,
2523 559 2626 628 25,
2663 555 2725 615 in
2783 555 3016 616 librum
3075 557 3314 628 Josue;
3373 559 3473 631 16,
3526 560 3629 632 37,

1977 649 2077 720 47,
2139 653 2238 722 56,
2298 652 2362 712 in
2419 653 2694 724 Judices,
2756 654 2866 713 ubi
2929 658 3185 714 sanctus
3245 654 3634 734 Augustinus

1979 743 2522 828 interpretationis
2578 769 2655 812 ex
2711 751 2980 811 Hebraeo
3064 751 3300 812 auxilia
3379 753 3628 833 quaerit,

1981 840 2285 925 tanquam
2339 849 2474 930 ejus
2528 868 2670 930 quas
2727 849 3033 928 majorem
3097 850 3380 929 praebeat
3423 851 3631 913 lucem

1983 941 2064 1002 ad
2117 944 2600 1026 intelligentiam
2648 946 3144 1026 Scripturarum.
3195 951 3403 1011 Unum
3433 949 3633 1010 instar

1982 1043 2263 1104 omnium
2323 1046 2405 1105 sit
2461 1046 2642 1106 nobis
2709 1044 3142 1106 testimonium
3217 1046 3399 1120 illud,
3459 1047 3630 1127 quod

1983 1160 2060 1203 ex
2116 1144 2588 1208 Deuteronomii
2641 1146 2848 1226 capite
2905 1145 3151 1207 decimo
3208 1152 3435 1225 quarto
3466 1166 3628 1209 vers.

1983 1243 2061 1302 28
2089 1247 2151 1302 et
2189 1245 2267 1304 29
2321 1251 2670 1324 sumptum,
2731 1244 3030 1324 proponit
3087 1243 3460 1304 solvendum
3518 1245 3629 1307 lib.

1982 1356 2044 1415 v,
2078 1357 2185 1416 qu.
2219 1344 2317 1418 20,
2380 1339 2444 1400 in
2500 1340 2668 1401 idem
2727 1339 3314 1401 Deuteronomium.
3352 1341 3632 1403 Recitata

1980 1433 2175 1514 igitur
2205 1437 2356 1496 LXX
2387 1441 2806 1516 Interpretum
2866 1443 3167 1498 contextu
3227 1455 3431 1511 sacro,
3491 1439 3638 1500 sub-
3707 1479 3710 1482 ~

1974 1531 2191 1611 jungit
2219 1535 2529 1597 nonnulla
2583 1536 2660 1595 de
2698 1535 2957 1596 decimis
3015 1554 3157 1614 quas
3215 1537 3633 1616 quaestionem

253 1637 455 1698 vitulos
498 1633 579 1693 de
628 1629 835 1692 medio
885 1625 1174 1688 armenti.
1208 1646 1240 1679 »
1310 1619 1389 1682 Si
1418 1620 1508 1680 ita
1536 1618 1874 1695 diceretur,
1983 1629 2174 1708 hujus
2245 1631 2368 1694 ιοοί
2443 1638 2868 1712 pepererunt;
2943 1633 3157 1712 sicque
3231 1635 3474 1696 accedit
3551 1636 3633 1698 ad

254 1739 388 1793 esset
415 1731 666 1814 quidem
712 1725 916 1788 ethoc
948 1721 1319 1806 pulchrae",
1374 1724 1442 1779 ut
1471 1716 1548 1778 αὖ
1578 1737 1700 1776 τιηο
1722 1723 1878 1797 ρνο-
1983 1727 2260 1807 ejusdem
2312 1731 2704 1792 difﬁcultatis
2748 1731 3167 1792 solutionem:
3217 1731 3343 1792 Sed
3372 1732 3632 1795 obscure

256 1831 472 1892 nomine
529 1827 789 1910 repetito
846 1821 1112 1903 singula
1166 1840 1274 1880 56x
1331 1815 1601 1879 ητενηδνα
1647 1815 1873 1874 decu"
1903 1825 1952 1892 Β
1970 1828 2248 1908 positum
2278 1835 2393 1906 est,
2425 1830 2576 1910 quia
2606 1851 2728 1890 non
2777 1835 2871 1889 est
2899 1829 3206 1890 distincta
3241 1831 3363 1890 ista
3393 1832 3635 1894 decima

254 1936 450 2007 rerent,
482 1934 543 1987 et
597 1921 1070 2008 pronuntiantis
1126 1939 1265 1980 voce
1300 1915 1567 1996 singula
1580 1912 1872 1992 ﬁniren-

254 2037 376 2088 tur:
405 2027 512 2086 sed
525 2023 873 2108 pulchrius
902 2023 1155 2098 factum
1212 2021 1326 2094 est,
1386 2019 1455 2074 ut
1500 2013 1696 2073 eidem
1715 2019 1873 2092 pro-

256 2125 467 2186 nomini
521 2128 727 2183 essent
783 2121 850 2180 in
927 2117 1071 2179 bina
1154 2113 1450 2182 subnexa,
1534 2129 1666 2190 qua:
1748 2114 1873 2168 tres

256 2223 570 2283 sententias
625 2219 1044 2301 explicarent:
1106 2232 1291 2273 unam
1349 2210 1434 2269 ad
1488 2208 1874 2290 captivitatis

247 2319 822 2402 pronuntiationem,
880 2314 988 2394 qui
1049 2309 1324 2391 separati
1382 2308 1530 2368 estis
1585 2306 1650 2366 in
1707 2307 1873 2367 diem

257 2419 488 2495 malum,
553 2423 615 2477 et
667 2409 1194 2494 appropinquatis
1251 2405 1408 2467 solio
1461 2403 1812 2483 iniquitatis
1857 2421 1870 2464 :

255 2516 486 2576 alteram
547 2515 632 2574 ad
685 2511 1042 2587 libidinem,
1106 2505 1215 2586 qui
1267 2502 1554 2564 dormitis
1609 2501 1674 2562 in
1700 2501 1876 2562 lectis

256 2613 543 2684 eburneis,
605 2618 668 2672 et
723 2609 1021 2669 lascivitis
1089 2606 1156 2665 in
1229 2601 1406 2662 lectis
1463 2599 1732 2660 vestris;
1793 2599 1879 2660 ad

255 2711 618 2770 oerocitatem
679 2726 819 2766 vero
849 2703 1100 2764 tertiam
1149 2698 1584 2782 pertinentem,
1630 2696 1740 2774 qui
1767 2713 1875 2756 co-

258 2809 476 2869 meditis
504 2825 742 2886 agnum
792 2804 870 2864 de
916 2819 1129 2880 grege,
1180 2804 1243 2858 et
1291 2796 1522 2856 vitulos
1563 2794 1638 2854 de
1670 2793 1876 2856 medio

259 2905 559 2966 armenti:
622 2907 691 2962 ut
746 2901 814 2961 in
852 2902 1164 2982 potestate
1236 2893 1324 2954 sit
1366 2891 1873 2975 pronuntiantis,

1980 1926 2057 1987 ab
2111 1927 2252 2008 illa,
2308 1949 2492 2009 quam
2551 1928 2750 1988 voluit
2805 1948 2942 1988 cum
2996 1927 3228 1988 Levitis
3288 1928 3353 1989 in
3399 1950 3466 1990 eo
3497 1930 3632 1991 loco

1982 2026 2375 2106 manducari,
2434 2047 2610 2108 quem
2669 2026 2986 2087 Dominus
3047 2026 3344 2106 elegisset
3401 2029 3628 2110 templo

1982 2143 2119 2184 suo.
2153 2123 2284 2184 Sed
2313 2124 2380 2183 in
2408 2144 2480 2183 ea
2539 2124 3069 2206 interpretatione,
3111 2143 3246 2204 quae
3273 2129 3366 2183 est
3393 2145 3466 2184 ex
3491 2124 3634 2186 He-

1983 2220 2165 2301 braeo,
2198 2222 2475 2304 apertius
2531 2221 2646 2283 lioc
2700 2221 3073 2282 distinctum
3114 2221 3480 2303 reperimus.
3512 2222 3636 2284 Ait

1983 2319 2170 2380 enim.
2212 2325 2396 2382 Anno
2455 2320 2640 2382 tertio
2697 2320 3026 2400 separabis.
3077 2318 3272 2380 aliam
3327 2320 3638 2382 decimam

1985 2435 2058 2480 ex
2089 2419 2405 2489 omnibus,
2469 2437 2611 2498 quas
2671 2425 3019 2480 nascuntur
3074 2418 3189 2479 tibi
3221 2436 3294 2479 eo
3327 2424 3636 2499 tempore,

1985 2521 2046 2575 et
2076 2532 2341 2594 repones
2397 2516 2565 2576 intra
2609 2515 2842 2594 januas
2901 2523 3064 2590 tuas,
3128 2517 3466 2595 venietque
3520 2520 3638 2578 Le-

1983 2612 2160 2686 vites,
2197 2613 2307 2692 qui
2362 2613 2554 2675 aliam
2614 2632 2739 2676 non
2800 2612 2994 2674 habet
3047 2620 3290 2692 partem
3323 2632 3439 2675 nec
3488 2633 3638 2695 pos-

1984 2709 2325 2771 sessionem
2384 2716 2620 2786 tecum,
2680 2717 2742 2772 et
2799 2712 3172 2790 peregrinus
3243 2717 3306 2772 et
3360 2712 3638 2791 pupillus

1985 2813 2048 2868 et
2076 2809 2288 2880 vidua,
2323 2810 2432 2889 qui
2488 2810 2656 2870 intra
2685 2815 2902 2888 portas
2958 2816 3098 2870 tuas
3127 2814 3295 2882 sunt,
3330 2816 3392 2869 et
3421 2828 3634 2872 come-

1984 2907 2135 2968 dent
2163 2914 2225 2968 et
2281 2908 2760 2979 saturabuntur,
2819 2913 2891 2967 ut
2947 2907 3282 2968 benedicat
3338 2907 3453 2968 tibi
3510 2911 3635 2970 Do-

255 3009 437 3062 utrum
465 2999 736 3082 singula
749 2998 984 3078 ﬁniat,
1043 3001 1102 3056 et
1157 2991 1427 3054 membra
1473 2990 1607 3050 δίητ
1634 3009 1760 3068 δεκι
1795 3009 1877 3048 απ
1985 3005 2192 3067 minus
2223 3007 2386 3067 Deus
2416 3011 2562 3066 tuus
2591 3005 2656 3066 in
2715 3005 2956 3065 cunctis
3001 3004 3297 3085 operibus
3328 3023 3634 3068 manuum

253 3100 496 3179 primum
528 3105 588 3158 et
621 3097 873 3158 tertium
904 3101 965 3155 et
1018 3092 1304 3175 quintum
1345 3109 1484 3150 voce
1510 3087 1872 3170 suspendat,

1985 3110 2260 3178 tuarum,
2293 3124 2435 3185 qua:
2465 3105 2685 3166 feceris
2715 3103 2932 3185 (Deut.
2969 3122 3094 3178 xw,
3127 3107 3228 3179 28,
3261 3106 3634 3185 29.)Primo

253 3204 301 3255 et
343 3195 675 3256 secundum
717 3194 956 3276 primo,
1016 3195 1310 3272 quartum
1365 3186 1572 3265 tertio,
1632 3191 1868 3284 sextum
1901 3190 1945 3259 C
1984 3201 2099 3263 hoc
2129 3203 2330 3284 ipsum
2373 3202 2642 3284 planius
2673 3208 2765 3262 est
2820 3203 2989 3282 quod
3044 3208 3162 3276 ait,
3191 3205 3372 3264 Anno
3402 3204 3631 3266 tertio:

253 3294 445 3374 quinto
473 3292 911 3370 connectendo,
974 3296 1099 3350 tres
1158 3283 1520 3348 bimembres
1567 3283 1875 3343 circuitus
1986 3300 2383 3380 intelligitur
2436 3300 2599 3360 enim
2675 3320 2798 3360 αηο
2853 3321 3017 3360 anno
3092 3301 3504 3364 ίηίεννκίςςοε
3566 3303 3634 3362 in

253 3392 660 3452 ἄιειηίίεςίηιε
719 3389 940 3461 fati“,
1029 3393 1148 3448 etc.
1235 3384 1396 3452 Ουίά
1481 3381 1879 3443 manifestius
1981 3397 2400 3480 Septuaginta
2430 3403 2658 3475 autem,
2717 3398 3011 3479 quoniam
3067 3403 3221 3461 Post
3277 3408 3403 3460 tres
3434 3419 3636 3463 annos

253 3489 356 3551 dici
383 3496 633 3571 poterat
686 3489 766 3551 ad
824 3483 1363 3566 comprobandum
1408 3481 1876 3541 distinctionem

257 3605 525 3649 versuum
557 3589 624 3648 in
673 3591 889 3648 nostra
945 3582 1217 3644 editione
1271 3577 1694 3658 usurpatam?
1750 3578 1876 3638 Ha-

252 3682 534 3746 besiniis
593 3703 733 3763 qua:
794 3681 1080 3761 superius
1136 3697 1174 3740 a
1231 3676 1413 3738 nobis
1473 3675 1668 3736 allata
1707 3679 1875 3745 sunt,

255 3781 357 3841 tria
384 3781 542 3855 cola,
577 3800 688 3842 sex
745 3784 1062 3840 commata
1119 3773 1469 3856 prophetiae
1509 3776 1724 3832 Amos.
1757 3775 1879 3832 Sex

254 3876 383 3938 item
437 3877 832 3958 Augustinus
889 3873 1174 3954 agnoscit
1244 3870 1551 3942 membra,
1623 3887 1696 3929 ac
1753 3875 1879 3930 tres

257 3972 616 4035 bimembres
672 3973 988 4046 circuitus,
1053 3971 1160 4050 qui
1217 3967 1479 4029 totidem
1536 3965 1878 4026 sententias

255 4072 570 4150 explicant.
608 4072 672 4132 Si
704 4071 843 4149 quis
900 4087 1049 4147 ergo
1107 4067 1468 4128 criticorum
1523 4063 1588 4123 in
1622 4063 1740 4124 hac
1769 4065 1880 4124 Ca-

257 4171 412 4231 nonis
484 4170 812 4232 chraicas
895 4167 1174 4229 veritatis
1251 4164 1525 4226 editione
1609 4163 1880 4223 voluerit

254 4267 466 4347 aliquid
584 4267 1068 4348 reprehendere,
1178 4262 1466 4324 consulat
1561 4259 1879 4340 Opuscula

255 4365 602 4448 Hieronymi
658 4371 724 4426 et
777 4363 1135 4442 Augustini,
1191 4379 1370 4422 suam
1429 4357 1876 4420 conscientiam

253 4464 488 4539 recolat,
550 4464 763 4524 videat
836 4462 1120 4523 ordinem
1195 4466 1565 4536 textumque
1636 4474 1877 4517 sermo-

1983 3497 2173 3576 dixit,
2210 3497 2519 3557 incertum
2545 3502 2640 3556 est
2695 3502 2910 3558 utrum
2954 3517 3058 3557 eos
3116 3497 3353 3558 medios
3380 3517 3513 3558 esse
3541 3518 3639 3559 vo-

1984 3593 2178 3654 luerit
2233 3599 2301 3655 ut
2330 3594 2550 3674 quinto
2607 3613 2848 3675 quoque
2904 3614 3068 3654 anno
3106 3596 3330 3672 ﬁeret.
3387 3594 3639 3657 Deinde

1984 3711 2122 3751 cum
2155 3691 2271 3764 ait,
2331 3698 2394 3752 et
2449 3692 2774 3772 separabis
2831 3693 3020 3753 aliam
3083 3693 3419 3765 decimam,
3477 3694 3639 3754 satis

1985 3790 2262 3851 ostendit
2317 3795 2493 3850 extra
2550 3811 2682 3850 esse
2740 3790 2945 3870 illam,
3007 3810 3191 3872 quam
3249 3791 3451 3852 voluit
3501 3812 3637 3852 eum

1987 3889 2190 3970 ipsum
2219 3889 2332 3969 qui
2381 3889 2593 3970 oﬂ'ert,
2654 3889 3032 3950 manducare
3086 3910 3227 3952 cum
3282 3891 3419 3951 suis
3448 3896 3507 3950 et
3535 3890 3641 3950 Le-

1985 3987 2137 4046 vitis
2168 3987 2233 4046 in
2264 4006 2332 4047 eo
2380 3985 2538 4064 loco,
2596 4006 2773 4066 quem
2828 3985 3148 4047 Dominus
3203 3986 3520 4067 elegisset.
3551 3985 3640 4048 Et

1986 4085 2147 4146 hanc
2175 4086 2337 4145 enim
2397 4085 2592 4146 aliam
2649 4085 2951 4145 decimam
3009 4086 3180 4144 intra
3229 4084 3459 4157 januas
3488 4105 3638 4145 suas

1984 4203 2119 4244 eum
2134 4191 2370 4263 ponere
2415 4180 2728 4262 pracepit,
2789 4201 2912 4240 non
2969 4181 3054 4240 ad
3110 4201 3247 4241 eum
3294 4181 3497 4242 locum
3527 4183 3638 4241 de-

1984 4284 2174 4360 ferre,
2236 4279 2344 4340 ubi
2397 4278 2716 4340 Dominus
2771 4298 2837 4338 se
2894 4278 3096 4339 voluit
3158 4279 3459 4352 invocari,
3512 4285 3636 4342 etc.

1986 4381 2075 4441 Ex
2135 4377 2319 4439 unico
2379 4378 2488 4438 illo
2559 4377 2700 4438 loco
2787 4377 3294 4439 manifestissime
3373 4378 3638 4439 demon-

1985 4482 2242 4547 stratur,
2305 4473 2889 4553 interpretationem
2979 4474 3343 4555 Hieronymi
3404 4475 3636 4553 proba-

249 4559 348 4633 nis,
398 4567 460 4623 et
513 4567 671 4622 tunc
727 4565 941 4620 nostro
999 4557 1225 4632 labori,
1285 4556 1337 4615 si
1391 4554 1694 4635 potuerit,
1763 4553 1872 4614 de-

1983 4573 2286 4634 tissimam
2358 4571 2550 4632 fuisse
2627 4571 3005 4649 Augustino,
3093 4553 3227 4652 quit
3285 4590 3426 4633 eam
3485 4572 3638 4633 citat

248 4657 452 4720 trahat.

311 4757 459 4817 Sunt
487 4761 554 4818 et
583 4755 709 4817 alia
734 4753 879 4816 loca
929 4753 1090 4815 bene
1124 4750 1324 4812 multa
1372 4749 1438 4810 in
1469 4749 1697 4829 quibus
1725 4749 1870 4810 Hie-

245 4855 468 4932 ronymi
548 4852 877 4914 translatio
965 4849 1272 4912 Hebraica
1356 4853 1714 4909 recensetur
1791 4845 1872 4908 ab

246 4950 599 5029 Augustino.
633 4949 1027 5023 Quindecim,
1087 4949 1152 5008 ni
1194 4946 1402 5019 fallor,
1437 4951 1780 5007 occurrunt
1807 4944 1871 5005 in

247 5044 400 5107 libris
451 5049 881 5120 Quaestionum
966 5046 1029 5105 in
1106 5042 1675 5123 Heptateuchum:
1758 5059 1874 5102 nec

246 5141 297 5204 in
346 5144 466 5206 illis
527 5146 896 5224 ambiguum
929 5143 1080 5223 quid
1124 5142 1242 5202 nisi
1295 5159 1438 5201 raro
1470 5139 1868 5221 proponitur,

245 5243 393 5318 quod
423 5243 646 5325 aliqua
703 5244 960 5302 veritate
1015 5239 1338 5302 Hebraica
1396 5259 1523 5300 non
1567 5239 1872 5315 solvatur,

245 5347 300 5399 ut
325 5340 518 5419 ipsius
549 5341 880 5418 Augustini
935 5340 1141 5401 verbis
1191 5344 1350 5414 utar,
1405 5356 1546 5416 quae
1577 5337 1875 5416 leguntur

243 5441 569 5513 quaestione
627 5442 742 5500 152
825 5439 889 5498 in
962 5438 1270 5500 Genesim.
1358 5440 1647 5515 Longum
1714 5443 1877 5497 esset

242 5537 718 5600 acfastidiosum
777 5535 995 5598 lectori
1054 5536 1358 5610 studioso,
1419 5534 1473 5596 si
1528 5553 1606 5596 ex
1654 5533 1874 5595 ordine

243 5633 475 5714 singula
503 5636 639 5700 haec
696 5636 1066 5717 replicarem
1093 5653 1108 5698 :
1167 5634 1460 5697 indicabo
1489 5638 1702 5697 tamen
1734 5632 1872 5695 bre-

1983 4677 2290 4751 tanquam
2327 4669 2705 4749 planiorem,
2763 4687 2838 4730 ac
2893 4670 3104 4731 sensui
3161 4670 3632 4751 Scripturarum

1985 4767 2377 4849 assequendo
2436 4765 2708 4828 maxime
2768 4769 3356 4830 accommodatam:
3415 4769 3479 4829 in
3535 4773 3639 4831 Se-

1985 4867 2319 4947 ptuaginta
2348 4870 2563 4925 autem
2595 4864 2862 4926 multum
2895 4864 3295 4926 obscuritatis
3325 4867 3633 4944 agnoscit,

1982 4971 2045 5026 et
2075 4965 2376 5042 pleraque
2408 4961 2733 5041 perplexa,
2795 4962 3024 5039 quibus
3081 4963 3472 5023 elucidandis
3501 4980 3638 5025 suc-

1983 5067 2196 5123 currat
2278 5061 2587 5138 interpros
2689 5059 3108 5139 Hieronymus
3197 5080 3452 5123 necesse
3531 5061 3632 5121 sit.

1983 5159 2264 5222 Breviter
2336 5157 2454 5216 ista
2529 5157 3040 5232 transcurrimus,
3101 5164 3170 5220 ut
3239 5177 3316 5218 ex
3371 5157 3633 5240 Speculo

1984 5261 2048 5320 S.
2107 5253 2438 5334 Augustini
2511 5252 2886 5331 ampliorem
2945 5272 3344 5316 accersamus
3405 5254 3633 5332 proba-

1984 5355 2170 5417 tionis
2253 5358 2483 5413 nostraa
2567 5351 2994 5428 splendorem,
3089 5353 3239 5431 quia
3315 5352 3473 5413 nihil
3554 5351 3636 5413 ad

1984 5469 2241 5515 causam
2326 5449 2832 5528 Hieronymianm
2933 5451 3236 5511 versionis
3336 5456 3431 5512 est
3513 5468 3632 5529 po-

1983 5559 2221 5705 tm(inid
2280 5629 2361 5693 sit
2414 5646 2563 5691 vero
2621 5629 2959 5711 Speculum
3016 5627 3370 5708 Augustini,
3420 5628 3634 5692 Possi-
