4060 6190
374 331 454 392 67
1542 317 1874 380 PATRUM
1921 317 2627 383 BENEDIG’I‘INORUM
3712 331 3788 393 68

378 486 501 528 non
546 461 790 537 dubito,
848 465 969 525 etc.
1028 461 1194 522 Nam
1271 455 1553 536 alioquin
1636 453 2017 534 descriptam
2047 455 2103 524 Α
2131 453 2290 517 ritus
2315 456 2536 531 sancti,
2571 476 2698 520 non
2729 462 2943 521 tamen
2970 457 3034 520 in
3081 459 3291 539 capita
3342 479 3418 522 ac
3474 479 3780 545 paragra-

373 566 538 626 hanc
567 563 909 626 editionem
940 576 1082 620 cum
1141 555 1282 616 aliis
1331 553 1652 634 epusculis
1702 553 1783 615 ad
1839 552 2021 614 Luci-

372 665 544 724 nium
579 658 1026 723 transmisisset
1070 654 1511 733 Hieronymus.

449 763 561 823 III.
596 755 866 836 Capituli
899 752 1310 835 prmcedentis
1359 754 1734 830 argumenta
1787 749 2016 810 iterum

371 857 866 938 comprobantur
895 853 993 913 his
1021 870 1163 932 qum
1194 849 1462 911 dicenda
1509 847 1898 928 suscepimus
1952 847 2018 909 in

369 961 503 1018 tota
531 952 781 1016 articuli
823 951 1002 1012 istius
1041 947 1448 1010 continentia.
1511 945 1802 1026 Quisquis
1851 946 2018 1006 enim

363 1072 440 1116 ex
496 1051 856 1114 auctoribus
885 1047 1223 1109 coaetaneis
1267 1046 1333 1106 in
1387 1063 1533 1106 suos
1591 1063 1740 1106 usus
1795 1044 2016 1105 Hiero-

361 1151 692 1232 nymianas
739 1146 1031 1208 adhibuit
1089 1143 1556 1215 translationes,
1619 1141 1794 1203 testis
1841 1141 2015 1203 haud

362 1249 558 1310 dubio
641 1245 886 1307 accedit
959 1242 1245 1323 locuples
1301 1242 1382 1302 ad
1442 1240 2014 1302 manifestationem

361 1346 590 1427 prioris
633 1343 981 1414 sententia},
1046 1359 1176 1420 qua
1257 1339 1594 1400 statuimus
1650 1337 2016 1417 Hieronymi

361 1445 616 1506 Latinas
645 1442 984 1521 Scripturaa
1023 1457 1220 1501 sacras
1279 1437 1833 1515 interpretationes
1889 1435 2014 1497 lec-

365 1543 534 1604 tione
617 1540 1041 1602 studiosorum
1116 1535 1292 1596 brevi
1362 1536 1553 1595 fuisse
1636 1533 2007 1594 celebratas.

361 1640 708 1720 Hesychius
765 1637 980 1715 magni
1035 1634 1203 1694 illius
1258 1632 1458 1693 sancti
1513 1631 1800 1710 Gregorii
1873 1634 2011 1693 Na-

359 1739 638 1800 zianzeni
683 1737 781 1815 (ut
829 1733 1054 1813 fertur)
1109 1730 1475 1810 discipulus.
1537 1729 2008 1810 Hierosolymo-

2130 551 2293 632 phos
2348 554 2666 629 distincta,
2699 557 2793 616 uti
2844 557 3202 619 concedunt
3256 577 3478 621 omnes
3535 561 3778 625 divina-

2131 668 2272 710 rum
2351 652 2822 730 Scripturarum
2903 654 3343 716 studiosissimi
3421 657 3781 722 defensores

2129 765 2203 808 ac
2259 747 2590 827 diligentes
2644 749 3072 830 indagatores.
3134 755 3309 814 Hanc
3390 754 3584 834 igitur
3641 776 3778 820 ver-

2129 863 2311 907 suum
2371 848 2836 910 distinctionem
2895 849 2960 910 in
3019 850 3181 912 libro
3241 853 3573 916 duodecim
3632 875 3779 936 pro-

2127 942 2466 1022 phetarum
2551 945 2824 1007 retinere
2899 947 3101 1008 voluit
3158 949 3529 1028 Hesychius,
3607 955 3778 1031 quod

2127 1043 2478 1122 antiquitus
2507 1062 2545 1105 a
2575 1045 2723 1105 viris
2752 1046 2985 1108 sanctis
3018 1054 3388 1126 usurpatam
3445 1051 3724 1112 novisset
3757 1071 3773 1128 ;

2125 1148 2189 1202 et
2245 1141 2448 1202 doctis
2504 1141 2740 1220 pariter
2789 1149 2851 1204 et
2903 1143 3178 1206 indoctis
3225 1147 3444 1208 utilem
3501 1149 3637 1211 fore
3694 1159 3772 1218 ad

2125 1238 2610 1318 intelligentiam
2642 1241 3043 1301 oraculorum
3075 1243 3593 1321 propheticorum
3625 1265 3768 1307 cum

2123 1337 2509 1416 Hieronymo
2591 1344 2875 1416 speraret
2929 1357 2943 1412 ;

2123 1445 2238 1518 φῶν
2286 1443 2322 1511 ἡ
2371 1445 2480 1497 τῶν
2539 1443 2743 1518 στίχων
2798 1443 3083 1519 σαφηνίζει
3163 1442 3448 1522 διαίρεσις,
3507 1440 3570 1502 id
3656 1447 3772 1516 est,

2120 1531 2334 1593 Multa
2390 1534 2554 1594 enim
2609 1533 2872 1596 obscura
2931 1540 2991 1594 et
3047 1535 3283 1596 incerta
3340 1537 3620 1598 elucidat
3649 1537 3774 1600 hac

2121 1649 2406 1689 versuum
2459 1630 2810 1694 distinctio.
2874 1633 2966 1693 Ita
3011 1633 3358 1713 Hesychius
3411 1634 3771 1716 Hierosoly-

2121 1727 2422 1800 mitanus,
2455 1729 2564 1807 qui
2595 1729 3028 1794 distinctiones
3059 1749 3172 1810 per
3220 1732 3504 1793 membra
3532 1733 3768 1796 divisas

3042 1344 3237 1401 Πολλὰ
3290 1348 3384 1420 μὲν
3465 1352 3573 1404 τῶν
3633 1349 3772 1405 ἆσα-

357 1855 496 1898 rum
528 1835 876 1916 presbyter,
913 1832 1153 1911 primus
1182 1830 1246 1890 in
1283 1845 1540 1888 censum
1589 1827 1800 1888 veniat
1847 1827 2011 1888 inter
2039 1831 2085 1897 Β
2114 1823 2178 1885 in
2210 1825 2485 1886 editione
2515 1827 2904 1906 Hieronymi,
2941 1827 3208 1907 diligens
3234 1834 3299 1890 et
3329 1829 3465 1910 ipse
3497 1830 3769 1912 scriptar

358 1952 466 1997 eos
559 1932 669 2012 qui
749 1930 1109 1992 testimonia
1191 1927 1660 2006 Scripturarum
1740 1925 2010 1986 recitant

348 2034 536 2114 juxta
593 2030 934 2094 editionem
992 2025 1547 2104 Hieronymianam
1594 2023 1672 2084 de
1728 2021 2009 2084 fontibus

357 2129 682 2193 Hebraicis
712 2126 1085 2188 derivatam.
1120 2123 1232 2184 Ille
1288 2121 1483 2199 igitur
1537 2119 1649 2180 lib.
1684 2136 1706 2180 Ι
1761 2121 2004 2181 Comm.

351 2229 418 2290 in
446 2227 818 2296 Leviticum,
864 2228 1199 2303 postquam
1258 2219 1572 2280 attulisset
1628 2216 2006 2278 versiculum

353 2329 433 2388 3O
489 2323 713 2404 capitis
766 2341 826 2382 Iv
869 2320 1051 2400 juxta
1108 2317 1527 2397 Septuaginta
1584 2319 2001 2394 Interpretes:

355 2423 442 2486 Et
471 2422 650 2484 tollet
675 2426 736 2480 et
755 2424 944 2502 ponet
998 2416 1292 2478 sacerdos
1349 2413 1725 2494 sanguinem
1759 2413 2009 2495 peccati

356 2523 570 2603 digito
612 2528 797 2602 super
850 2537 1085 2578 cornua
1141 2513 1372 2575 altaris
1429 2511 2003 2591 holocaustomatis,

352 2619 634 2681 subdidit
688 2615 900 2678 statim
955 2614 1177 2675 isthaec
1228 2612 1307 2673 de
1365 2609 1680 2672 Hebraica
1731 2610 2004 2671 transla-

353 2715 570 2777 tione:
613 2712 804 2791 Quod
831 2709 1262 2783 Hieronymus
1307 2706 1514 2767 simili
1569 2726 1754 2766 sensu
1801 2706 2007 2766 edidit

353 2813 603 2874 dicens:
651 2809 970 2889 Tolletque
998 2805 1291 2868 sacerdos
1319 2805 1396 2865 de
1423 2804 1746 2884 sanguine
1790 2804 2005 2884 digito

354 2931 467 2971 suo
507 2916 778 2990 tangens
803 2926 1039 2969 cornua
1095 2904 1349 2964 altaris.
1384 2906 1619 2964 Iterum
1678 2903 1759 2962 ad
1815 2908 2006 2982 caput

351 3027 483 3078 xtx,
519 3025 680 3069 vers.
747 3009 843 3078 12,
906 3003 1187 3083 ejusdem
1247 3000 1494 3062 Livitici
1546 3000 2000 3064 translationis.

362 3105 864 3183 Hieronymianaa
893 3102 983 3164 ita
1037 3101 1449 3162 recordatur:
1509 3096 1689 3159 Unde
1759 3098 1998 3179 dicens,

2117 1925 2512 1986 conservavit
2539 1925 2604 1984 in
2637 1926 2974 1988 duodecim
3003 1927 3357 2010 prophetis.

2196 2024 2288 2083 Ex
2347 2023 2743 2102 Hesychiano
2800 2025 2911 2086 illo
2998 2045 3114 2090 usu
3197 2027 3488 2089 nonnihil
3562 2028 3771 2091 laudis

2117 2120 2362 2181 accedit
2391 2121 2899 2202 Hieronymianae
2929 2123 3193 2188 editioni
3246 2125 3711 2203 Scripturarum
3749 2145 3764 2187 :

2117 2218 2226 2279 sed
2251 2236 2504 2280 omnem
2536 2220 3148 2282 commendationem
3179 2222 3426 2288 excedit
3473 2225 3644 2303 quod
3692 2226 3770 2287 de

2117 2331 2212 2388 ea,
2246 2314 2346 2376 vel
2376 2333 2454 2376 ex
2490 2316 2710 2378 eadem
2770 2317 3182 2380 translatione
3240 2320 3555 2384 Hebraica
3609 2322 3762 2383 scri-

2115 2417 2294 2491 ptum
2352 2413 2665 2493 reperitur
2718 2414 2783 2474 in
2867 2417 3336 2478 commentariis
3406 2419 3766 2498 Augustini.

2113 2507 2311 2570 Modo
2368 2528 2506 2571 eam
2591 2511 2746 2574 citat
2828 2530 2972 2572 cum
3060 2513 3410 2577 honoriﬁca
3492 2518 3768 2580 auctoris

2114 2608 2716 2670 commemoratione
2749 2626 2764 2682 ;
2800 2628 2966 2670 nunc
2999 2610 3338 2674 utilitatem
3371 2619 3434 2674 et
3490 2615 3760 2678 facilita-

2114 2711 2240 2766 tem
2299 2705 2437 2785 ejus
2493 2707 2867 2786 prtedicans,
2904 2709 3330 2772 obscuriorem
3389 2721 3451 2773 et
3506 2713 3764 2776 intrica-

2113 2807 2245 2864 tam
2273 2806 2434 2864 LXX
2491 2808 2915 2884 Interpretum
2973 2808 3311 2870 editionem
3360 2809 3624 2890 abjicit.
3686 2832 3766 2876 ex

2111 2901 2224 2963 illa
2269 2903 2540 2983 denique
2614 2906 3111 2985 Hieronymiana
3191 2908 3386 2971 libros
3480 2911 3765 2991 integros

2113 2999 2486 3062 Christianae
2569 3002 2792 3081 pietati
2877 3021 3004 3064 non
3087 3024 3312 3084 parum
3396 3010 3765 3088 profuturos

2115 3097 2414 3158 contexit.
2449 3102 2604 3159 Cum
2637 3098 2748 3159 lib.
2783 3117 2846 3159 tv
2891 3101 2970 3161 de
3010 3102 3307 3164 Doctrina
3335 3104 3563 3166 Christ.
3619 3126 3763 3187 cap.

361 3202 508 3265 Non
539 3200 828 3264 leoabitis
885 3218 1101 3260 nomen
1160 3198 1226 3257 in
1275 3196 1538 3276 injusto,
1596 3195 1896 3256 addidit:
1946 3194 2079 3264 etC
2115 3195 2178 3269 7,
2211 3213 2386 3254 num.
2421 3196 2496 3256 15
2558 3202 2619 3256 et
2675 3214 2881 3276 seqq.,
2938 3199 3281 3277 respondet
3340 3201 3505 3262 male
3560 3202 3764 3266 doctis

359 3321 482 3361 non
528 3297 962 3383 profanabitis
1020 3314 1237 3357 nomen
1291 3294 1561 3356 Domini
1613 3293 1742 3354 Dei
1784 3296 1997 3358 vestri.

364 3398 558 3476 Quod
585 3395 966 3472 Hieronymi
1004 3393 1342 3455 translatio
1371 3391 1578 3452 edidit
1609 3413 1626 3452 :
1678 3391 1822 3452 Non
1861 3393 2001 3454 ool-

355 3495 491 3556 lues
529 3515 748 3556 nomen
807 3492 935 3553 Dei
974 3491 1091 3552 tui.
1142 3491 1318 3552 Idem
1372 3489 1719 3569 Hesychius
1769 3490 1997 3552 librum

350 3593 685 3654 duodecim
771 3591 1088 3652 minorum
1174 3569 1630 3668 prophetarum
1717 3589 2000 3649 versibus

353 3692 716 3753 distinctum
777 3689 1047 3751 edidisse
1097 3687 1348 3762 videtur
1400 3686 1482 3746 ad
1539 3685 1896 3765 exemplum
1929 3687 1994 3748 S.

351 3788 742 3868 Hieronymi,
784 3787 895 3868 qui
933 3785 1188 3847 utilitati
1237 3783 1578 3862 legentium
1638 3785 1990 3859 consulens,

350 3905 580 3949 novam
620 3904 797 3947 suam
830 3903 909 3946 ex
966 3883 1231 3944 Hebraao
1291 3881 1630 3942 editionem
1689 3899 1801 3960 per
1855 3883 1996 3944 cola

346 3991 409 4046 et
432 3991 751 4047 commata
780 3982 1134 4062 descripsit,
1168 3985 1236 4041 ut
1280 3984 1578 4041 testatum
1640 3986 1844 4040 exstat
1872 3980 1992 4041 ini-

344 4083 432 4146 tio
491 4083 882 4162 praefationis
961 4080 1026 4140 in
1111 4079 1337 4141 Isaiam
1419 4076 1819 4156 prephetam.
1905 4081 1992 4139 De

344 4181 613 4243 utilitate
663 4187 726 4242 et
759 4179 1108 4242 commodis
1164 4174 1526 4253 hujusmodi
1579 4174 1992 4236 distinctionis

343 4298 636 4340 versuum
685 4277 970 4340 meminit
1021 4275 1212 4337 etiam
1246 4271 1593 4352 Hesychius
1640 4271 1704 4332 in
1763 4272 1992 4351 princi-

343 4376 449 4457 pio
503 4377 775 4456 propriae
823 4371 1298 4445 lucubrationis,
1361 4388 1552 4448 quam
1639 4369 1727 4430 ita
1780 4371 1994 4433 inscri-

343 4479 515 4555 ptam
549 4473 814 4553 legimus
843 4478 1015 4533 tomo
1050 4471 1192 4532 VIII
1222 4467 1594 4530 Griticorum
1627 4485 1985 4529 sacrorum:

2113 3290 2498 3370 hominibus,
2556 3294 2666 3374 qui
2722 3301 2972 3356 nostros
3021 3302 3311 3358 auctores
3337 3317 3550 3360 sacros
3605 3320 3759 3364 con-

2108 3391 2482 3452 temnendos
2513 3397 2762 3471 putant,
2796 3411 2921 3453 non
2953 3394 3105 3473 quia
3153 3414 3281 3457 non
3331 3396 3590 3473 habent,
3651 3401 3763 3462 sed

2109 3487 2260 3566 quia
2288 3508 2415 3550 non
2455 3496 2798 3562 ostentant,
2832 3509 3026 3570 quam
3057 3492 3244 3552 nimis
3299 3493 3404 3554 isti
3459 3496 3756 3577 diligunt,

2106 3587 2532 3667 eloquentiam
2569 3607 2583 3662 ;
2621 3607 2698 3650 ex
2727 3590 2896 3650 illius
2945 3592 3274 3671 pr0phetaa
3331 3593 3494 3656 libro
3554 3597 3749 3674 potis-

2105 3684 2358 3765 simum,
2421 3687 2528 3765 qui
2588 3705 2654 3748 se
2739 3693 3059 3766 pastorem
3119 3690 3218 3750 vel
3299 3693 3755 3757 armentarium

2103 3783 2295 3844 fuisse
2379 3785 2551 3864 dicit,
2611 3785 2881 3846 aliorum
2965 3787 3424 3866 prophetarum
3525 3792 3756 3870 probat

2104 3879 2556 3959 eloquentiam.
2615 3885 2752 3943 Non
2809 3889 3046 3958 autem,
3108 3885 3336 3965 inquit,
3371 3887 3492 3950 hoc
3519 3890 3748 3953 faciam

2102 3978 2448 4038 secundum
2484 3981 2904 4059 Septuaginta
2932 3983 3363 4063 Interpretes;
3423 3988 3532 4048 sed
3590 3990 3754 4053 sicut
3874 3973 3878 3977 l

2101 4094 2176 4137 ex
2211 4078 2474 4140 Hebraeo
2522 4079 2586 4139 in
2643 4080 2940 4141 Latinum
2999 4082 3343 4162 eloquium,
3385 4087 3754 4167 presbytero

2098 4172 2493 4246 Hieronymo
2523 4177 2853 4258 utriusque
2906 4177 3150 4259 linguae
3180 4182 3388 4263 perito
3441 4184 3756 4266 interpre-

2099 4278 2294 4350 tante,
2331 4275 2637 4337 translata
2665 4282 2812 4337 sunt
2840 4277 3033 4339 verba
3058 4283 3274 4342 Amos.
3307 4283 3480 4345 Erat.
3533 4287 3755 4366 Itaque

2097 4379 2271 4434 recto
2304 4376 2641 4452 Augustini
2689 4375 2933 4456 judicio
2965 4379 3320 4458 expeditior
3376 4387 3439 4443 et
3467 4401 3751 4447 commo-

2100 4469 2238 4532 dior
2292 4472 2729 4552 interpretatio
2787 4475 3280 4554 Hieronymiana
3353 4479 3434 4539 ad
3485 4480 3751 4543 demon-

338 4571 603 4645 Ἢσυχίου
668 4563 1034 4645 πρεσϐυτέρου
1104 4562 1503 4641 Ἱεροσολύμων
1559 4564 1838 4639 Στιχηρὸν
1884 4568 1991 4620 τῶν

2113 4570 2424 4631 strandam
2505 4573 2962 4650 prophetarum
3036 4579 3396 4635 sanctorum
3455 4577 3753 4656 eloquen-

343 4677 412 4752 ιβ’
464 4696 784 4755 προφητχν,
818 4668 938 4728 hoc
968 4672 1081 4739 est,
1118 4663 1432 4734 Hesychii
1445 4661 1806 4744 presbyteri
1831 4662 1993 4723 Hie-

339 4767 783 4844 rosolymitani
835 4765 1162 4827 duodecim
1223 4760 1676 4846 prophetarum
1751 4761 1991 4822 distin-

339 4866 464 4926 ctio
495 4866 562 4926 in
599 4865 849 4926 modum
879 4883 1190 4924 versuum.
1225 4861 1488 4922 Multum
1535 4863 1744 4918 autem
1775 4878 1813 4920 a
1842 4878 1989 4921 vero

340 4964 638 5025 aberrant
669 4963 762 5023 illi
790 4963 901 5042 qui
958 4981 1188 5022 nomen
1248 4962 1530 5022 Graecum
1563 4965 1828 5040 στιχηρὸν
1862 4958 1990 5019 sive

340 5065 606 5145 στιχηδὸν
641 5062 1015 5141 pertrahunt
1043 5059 1123 5120 ad
1154 5058 1621 5120 distinctionem
1670 5059 1732 5118 in
1779 5059 1990 5136 capita

341 5167 404 5223 et
432 5159 918 5241 paragraphos:
977 5158 1128 5239 quia
1181 5157 1316 5217 haec
1362 5156 1548 5236 longe
1595 5157 1840 5217 diversa
1896 5161 1989 5218 est

339 5260 420 5321 ab
452 5277 528 5321 ea
558 5277 749 5338 quam
781 5258 901 5319 sibi
931 5255 1259 5337 pr0posuit
1286 5255 1654 5334 Hesychius,
1702 5255 1991 5317 observa-

340 5366 598 5438 tamque
629 5358 814 5419 docet
869 5357 1037 5435 apud
1097 5354 1435 5432 scriptores
1491 5354 1981 5433 hagiographos,

339 5457 402 5518 in
433 5457 761 5528 Psalterio,
820 5452 1199 5524 Proverbiis,
1256 5451 1654 5531 Ecclesiaste,
1705 5452 1848 5523 Job,
1926 5457 1986 5513 et

339 5554 406 5615 in
461 5554 720 5616 Cantico
749 5552 1164 5615 canticorum.
1198 5550 1349 5621 Quae
1378 5548 1635 5629 quidem
1666 5548 1988 5610 volumina

344 5656 544 5714 metro
573 5656 636 5714 et
662 5650 946 5714 versibus
973 5650 1146 5712 fuere
1187 5647 1542 5738 conscripta
1573 5647 1796 5710 afﬂatu
1850 5646 1987 5728 Spi-

2097 4668 2274 4743 tiam,
2354 4687 2544 4748 quam
2603 4670 2726 4730 alia
2783 4676 2962 4731 vetus
3019 4677 3080 4732 et
3147 4672 3418 4752 Vulgata
3474 4693 3508 4734 e
3594 4678 3746 4741 LXX

2097 4766 2550 4845 lnterpretibus
2636 4767 2947 4830 derivata.
3008 4769 3270 4831 Miratus
3324 4789 3464 4832 sum
3520 4775 3751 4854 saepius

2097 4867 2340 4924 tantam
2373 4863 2644 4925 inveniri
2704 4866 3107 4927 concordiam
3156 4867 3321 4928 inter
3373 4879 3749 4949 praesentem

2097 4967 2379 5022 nostram
2435 4962 2779 5024 editionem
2836 4963 3320 5044 prophetarum,
3396 4974 3460 5029 et
3539 4969 3751 5032 locum

2096 5061 2290 5119 Amos
2350 5059 2429 5120 ab
2514 5061 2872 5139 Augustino
2969 5061 3280 5135 citatum;
3366 5064 3526 5126 nihil
3583 5070 3752 5130 enim

2097 5157 2259 5218 inest
2313 5157 2692 5218 discriminis
2749 5177 2954 5239 neque
3010 5159 3074 5220 in
3142 5163 3489 5237 sententiis,
3548 5185 3755 5247 neque

2095 5257 2160 5318 in
2193 5257 2592 5320 distinctione
2621 5265 3039 5321 commatum.
3062 5260 3210 5322 Tria
3255 5263 3394 5324 cola
3423 5265 3754 5344 praphette

2097 5358 2291 5415 Amos
2321 5356 2526 5434 capite
2553 5361 2756 5430 sexto,
2795 5374 2957 5419 vers.
2992 5358 3054 5432 3,
3103 5364 3160 5433 4,
3223 5359 3344 5421 hoc
3405 5361 3593 5425 modo
3651 5365 3754 5426 de-

2095 5452 2332 5531 scripta
2387 5452 2686 5532 leguntur
2707 5470 2722 5512 :

2379 5585 2505 5662 Qu_i
2529 5587 2801 5662 separati
2839 5588 3014 5662 estis_
3037 5587 3096 5644 in
3128 5587 3282 5662 diem
3317 5589 3564 5662 malum,

2448 5659 2517 5715 Et
2563 5659 3051 5735 appropinquatis
3079 5659 3204 5719 solo
3233 5659 3564 5736 iniquitatis
3599 5683 3612 5722 :
