4060 6190
255 332 324 392 69
1621 302 1887 364 pausat

1995 300 2233 363 MENA.
3564 309 3643 370 70

381 453 485 524 Qui
515 445 784 524 dormitis
810 444 872 524 in
901 439 1084 524 lectis.
1098 435 1416 524 eburneis;

450 527 516 581 Et
540 518 821 578 lascivitis
851 516 912 571 in
944 512 1146 569 stratis
1172 512 1378 565 vestris
1403 524 1417 564 :

383 597 484 665 Qui
515 591 820 665 comeditis
850 601 1071 665 agnum
1101 584 1172 638 de
1203 595 1400 665 grege,

444 670 513 726 Et
541 665 752 723 vitulos
782 662 854 716 de
884 656 1076 714 medio
1110 656 1381 712 armenti.

259 839 333 897 De
390 830 619 893 eisdem
665 842 815 886 vero
864 818 1071 880 verbis
1099 815 1189 877 ita
1243 811 1495 874 disserit
1547 813 1612 872 S.
1670 810 1884 886 Augu-

257 933 435 994 stinus
509 944 682 987 num.
746 925 820 983 l8
876 915 1158 999 ejusdem
1213 931 1355 992 cap.
1389 913 1425 969 7
1477 909 1612 989 jam
1644 904 1886 966 laudati

262 1032 327 1090 de
378 1025 672 1090 Doctrina
725 1019 954 1082 Christ.
1005 1035 1020 1076 :
1083 1013 1214 1077 Ista
1271 1031 1379 1070 sex
1434 1005 1702 1068 membro
1759 1009 1884 1064 tres

261 1127 598 1191 bimembres
628 1122 936 1185 circuitus
993 1115 1348 1177 ediderunt.
1398 1110 1544 1172 Non
1573 1106 1737 1168 enim
1767 1106 1882 1186 ait,

261 1227 420 1300 «Qui
480 1221 754 1303 separati
785 1219 932 1280 estis
986 1215 1051 1276 in
1110 1213 1278 1274 diem
1338 1208 1600 1279 malum,
1633 1205 1741 1286 qui
1771 1223 1886 1303 ap-

258 1319 677 1405 propinquatis
744 1315 905 1378 solio
981 1309 1354 1392 iniquitatis,
1434 1304 1542 1385 qui
1599 1302 1887 1405 dormitis

256 1401 311 1486 in
361 1401 530 1484 lectis
603 1417 918 1489 eburneis,
999 1413 1108 1493 qui
1184 1407 1486 1496 lascivitis
1555 1405 1619 1465 in
1676 1401 1888 1464 stratis

257 1522 477 1593 vestris,
536 1519 647 1598 qui
723 1511 1052 1577 comeditis
1125 1525 1359 1588 agnum
1419 1505 1495 1565 de
1553 1519 1766 1582 grege,
1826 1504 1890 1561 et

258 1621 464 1682 vitulos
509 1618 590 1678 de
638 1614 846 1676 medio
896 1609 1186 1672 armenti.
1219 1630 1252 1662 »
1320 1603 1399 1665 Si
1429 1603 1518 1663 ita
1547 1601 1884 1678 diceretur,

259 1725 396 1778 esset
424 1715 677 1798 quidem
723 1718 782 1772 et
812 1710 928 1771 hoc
958 1705 1330 1790 pulchrum,
1384 1708 1453 1762 ut
1481 1699 1558 1761 ab
1588 1720 1710 1798 uno
1732 1706 1888 1780 pro-

1903 434 1961 504 Α
1989 433 2150 497 viter
2178 439 2560 516 quaestiones
2588 441 2667 501 20
2722 445 2786 501 et
2813 440 2891 500 5t
2935 438 3000 500 in
3031 439 3590 501 Deuteronomium
3619 456 3637 515 ς

1991 533 2179 604 7,!5,
2217 537 2312 608 19,
2373 539 2472 609 24,
2533 540 2634 610 25,
2671 536 2734 597 in
2792 536 3025 597 librum
3084 538 3323 610 Josue;
3381 539 3481 612 16,
3535 540 3637 612 3'7,

1986 633 2086 703 47,
2148 635 2247 704 56,
2306 634 2371 694 in
2427 635 2704 704 Judices,
2765 634 2875 694 ubi
2937 638 3194 695 sanctus
3254 634 3643 715 Augustinus

1988 726 2531 811 interpretationis
2587 751 2663 793 ex
2719 732 2989 793 Hebraeo
3073 731 3308 793 auxilia
3389 733 3637 814 quaerit,

1989 822 2294 907 tanquam
2348 831 2482 912 ejus
2537 850 2678 911 quas
2736 831 3043 909 majorem
3107 831 3390 910 praebeat
3432 831 3640 894 lucem

1991 924 2073 984 ad
2127 926 2609 1007 intelligentiam
2657 927 3153 1007 Scripturarum.
3204 931 3413 992 Unum
3444 929 3642 991 instar

1991 1026 2272 1086 omnium
2332 1028 2414 1087 sit
2470 1027 2650 1088 nobis
2718 1025 3152 1087 testimonium
3227 1027 3408 1101 illud,
3468 1028 3640 1107 quod

1992 1143 2070 1186 ex
2125 1127 2598 1189 Deuteronomii
2650 1128 2857 1208 capite
2914 1127 3160 1188 decimo
3217 1133 3444 1206 quarto
3475 1147 3637 1190 vers.

1993 1225 2071 1284 28
2099 1230 2161 1284 et
2199 1227 2276 1286 29
2331 1233 2680 1306 sumptum,
2741 1224 3039 1305 proponit
3097 1224 3470 1285 solvendum
3527 1225 3639 1288 lib.

1992 1339 2053 1398 v,
2088 1339 2195 1399 qu.
2229 1326 2327 1400 20,
2389 1321 2454 1382 in
2510 1322 2678 1383 idem
2735 1319 3324 1382 Deuterouomium.
3361 1322 3642 1383 Recitato

1991 1415 2185 1496 igitur
2215 1419 2366 1478 LXX
2396 1423 2816 1498 Interpretum
2877 1424 3178 1479 contextu
3237 1437 3441 1492 sacro,
3501 1419 3648 1480 sub-
3715 1459 3718 1462 ~

1985 1513 2201 1594 jungit
2229 1517 2540 1578 nonnulla
2593 1518 2670 1577 de
2708 1516 2967 1577 decimis
3026 1535 3168 1595 quas
3225 1518 3642 1597 quaestionem

1994 1611 2184 1692 hujus
2255 1613 2379 1676 loci
2453 1619 2879 1694 pepererunt;
2953 1614 3167 1693 sicque
3242 1615 3484 1676 accedit
3561 1617 3644 1678 ad

1994 1709 2271 1790 ejusdem
2322 1713 2714 1774 difﬁcultatis
2758 1712 3178 1773 solutionem:
3227 1712 3354 1773 Sed
3383 1712 3642 1776 obscure

261 1797 482 1878 nomine
541 1811 800 1892 repetito
858 1805 1122 1888 singula
1177 1824 1285 1864 Sex
1342 1798 1612 1862 ητενηδνα
1658 1797 1884 1857 dea"-
1914 1808 1962 1874 B
1981 1810 2258 1891 positum
2289 1817 2404 1888 est,
2436 1811 2586 1892 quia
2616 1832 2739 1872 non
2787 1816 2881 1870 est
2910 1810 3217 1871 distincta
3251 1811 3374 1871 ista
3403 1812 3646 1874 decima

260 1920 460 1993 rerent,
491 1918 555 1972 et
609 1905 1081 1993 pronuntiantis
1137 1922 1276 1963 voce
1311 1897 1578 1980 singula
1591 1895 1883 1976 finiren-

260 2021 384 2073 tur:
413 2012 524 2072 sed
536 2008 884 2092 pulchrius
914 2008 1167 2082 factum
1223 2005 1338 2078 est,
1397 2002 1466 2058 ut
1511 1996 1707 2056 eidem
1727 2002 1884 2075 pro-

262 2111 477 2172 namini
532 2112 738 2168 essent
795 2106 861 2165 in
938 2102 1083 2163 bina
1165 2096 1462 2165 subnexa,
1545 2112 1677 2174 quae
1759 2097 1884 2151 tres

261 2207 582 2268 sententias
637 2203 1056 2285 explicarent:
1118 2216 1302 2258 unam
1361 2193 1445 2253 ad
1499 2191 1885 2273 captivitatis

253 2304 834 2387 pronuntiationem,
892 2299 998 2379 qui
1061 2293 1336 2375 separati
1394 2291 1541 2351 estis
1597 2289 1660 2349 in
1719 2290 1884 2350 diem

262 2405 499 2481 malum,
565 2408 627 2463 et
679 2393 1206 2479 appropinquatis
1262 2388 1420 2451 solio
1472 2386 1824 2466 iniquitatis
1868 2404 1882 2447 :

260 2501 497 2561 alteram
559 2499 643 2559 ad
698 2495 1055 2571 libidinem,
1118 2490 1227 2570 qui
1279 2486 1566 2548 dormitis
1621 2485 1686 2545 in
1712 2484 1888 2546 lectis

261 2599 555 2670 eburneis,
617 2602 681 2656 et
736 2592 1032 2654 lascivitis
1102 2589 1167 2649 in
1241 2585 1418 2646 lectis
1475 2583 1744 2644 vestris;
1805 2582 1890 2642 ad

261 2695 630 2756 veracitatem
691 2711 831 2751 vero
861 2687 1112 2748 tertiam
1161 2681 1596 2766 pertinentem,
1643 2679 1752 2757 qui
1779 2697 1887 2739 co-

264 2794 488 2854 meditis
515 2809 754 2870 agnum
805 2788 882 2848 de
929 2803 1142 2865 grege,
1192 2788 1255 2843 et
1303 2779 1534 2840 vitulos
1575 2777 1651 2837 de
1682 2777 1888 2838 medio

264 2890 571 2951 armenti:
635 2892 703 2946 ut
759 2885 825 2946 in
865 2886 1176 2966 potestate
1248 2877 1335 2938 sit
1379 2873 1885 2958 pronuntiantis,

261 2993 447 3047 utrum
475 2984 748 3067 singula
761 2983 997 3062 ﬁniat,
1055 2985 1115 3039 et
1169 2975 1440 3038 membra
1486 2973 1620 3034 sint
1646 2992 1774 3051 sex,
1808 2992 1889 3031 an

258 3086 509 3165 primum
541 3089 602 3143 et
635 3082 886 3142 tertium
917 3085 977 3139 et
1030 3076 1317 3159 quintum
1357 3093 1496 3133 voce
1524 3070 1884 3153 suspendat,

1991 1908 2068 1970 ab
2121 1909 2262 1989 illa,
2319 1931 2502 1991 quam
2562 1910 2762 1970 voluit
2815 1929 2952 1970 cum
3007 1909 3239 1969 Levitis
3298 1909 3364 1969 in
3410 1930 3477 1970 eo
3508 1911 3643 1972 loco

1993 2009 2386 2088 manducari,
2444 2029 2621 2090 quem
2680 2008 2996 2069 Dominus
3058 2007 3355 2087 elegisset
3413 2009 3639 2090 templo

1993 2125 2130 2166 suo.
2164 2105 2295 2166 Sed
2324 2106 2391 2166 in
2419 2126 2491 2165 ea
2549 2105 3080 2187 interpretatione,
3122 2124 3257 2186 qua:
3284 2111 3377 2164 est
3404 2125 3476 2164 ex
3501 2104 3645 2166 He-

1995 2203 2176 2283 braeo,
2209 2204 2486 2286 apertius
2543 2203 2657 2265 hoc
2711 2203 3084 2264 distinctum
3125 2201 3490 2284 reperimus.
3523 2203 3647 2264 Ait

1995 2302 2182 2362 enim.
2223 2308 2408 2364 Anno
2466 2302 2652 2364 tertio
2709 2301 3039 2382 separabis,
3089 2299 3282 2362 aliam
3338 2301 3648 2362 decimam

1997 2418 2069 2462 ex
2101 2401 2417 2472 omnibus,
2481 2419 2622 2480 qua)
2682 2406 3031 2462 nascuntur
3086 2399 3201 2460 tibi
3232 2417 3306 2460 eo
3339 2404 3647 2480 tempore,

1997 2503 2058 2558 et
2087 2515 2352 2576 repones
2409 2498 2576 2558 intra
2621 2497 2854 2576 januas
2913 2504 3075 2571 tuas,
3139 2498 3477 2576 venietque
3532 2500 3649 2558 Le-

1995 2595 2172 2669 vites,
2209 2596 2319 2675 qui
2373 2596 2565 2657 aliam
2626 2614 2750 2657 non
2812 2594 3006 2656 habet
3059 2601 3302 2674 partem
3336 2613 3451 2656 nec
3499 2613 3649 2675 pos-

1996 2692 2336 2754 sessionem
2395 2698 2631 2768 tecum,
2691 2698 2754 2754 et
2811 2693 3184 2772 peregrinus
3255 2697 3318 2753 et
3371 2693 3650 2772 pupillus

1997 2796 2060 2851 et
2088 2791 2300 2863 vidua,
2335 2792 2445 2870 qui
2501 2791 2668 2852 intra
2697 2797 2914 2870 portas
2971 2797 3110 2851 tuas
3139 2795 3306 2864 sunt,
3342 2797 3404 2850 et
3433 2809 3646 2852 come-

1996 2890 2147 2950 dent
2175 2897 2238 2950 et
2294 2890 2773 2960 saturabuntur,
2831 2894 2903 2948 ut
2959 2888 3294 2949 benedicat
3350 2888 3465 2948 tibi
3522 2891 3647 2950 Do-

1997 2988 2204 3049 minus
2235 2989 2399 3049 Deus
2428 2993 2574 3048 tuus
2603 2987 2668 3047 in
2727 2986 2968 3046 cunctis
3013 2985 3309 3066 operibus
3341 3003 3646 3048 manuum

1997 3093 2272 3160 tuarum,
2306 3106 2448 3167 quae
2477 3086 2698 3148 feceris
2727 3084 2945 3166 (Deut.
2981 3103 3107 3159 xlv,
3140 3088 3240 3160 28,
3273 3087 3404 3166 29.)
3424 3087 3647 3148 Primo

259 3188 308 3240 et
351 3180 687 3242 secundum
730 3178 969 3261 primo,
1029 3179 1323 3256 quartum
1379 3170 1585 3248 ίενίίον
1634 3173 1881 3267 νδεκίὲινη
1914 3173 1958 3241 C
1997 3183 2112 3245 hoc
2142 3186 2342 3267 ipsum
2385 3184 2654 3266 planius
2685 3189 2778 3244 est
2832 3184 3001 3264 quod
3057 3189 3174 3256 ait,
3204 3186 3384 3244 Anno
3415 3185 3644 3246 tertio:

259 3280 456 3360 quinto
486 3276 924 3354 connectendo,
987 3280 1112 3334 tres
1171 3267 1533 3332 bimembres
1580 3265 1888 3326 circuitus

259 3377 672 3438 decentissime
731 3373 953 3446 faciat,
1042 3376 1161 3432 etc.
1248 3367 1409 3436 Quid
1494 3363 1892 3426 manifestius

258 3475 364 3537 dici
392 3481 647 3556 poterat
699 3473 780 3535 ad
838 3467 1376 3550 comprobandum
1421 3464 1889 3524 distinctionem

263 3591 538 3634 versuum
569 3574 637 3633 in
686 3575 904 3632 nostra
958 3567 1231 3628 editione
1284 3561 1707 3642 usurpatam?
1763 3561 1890 3620 Ha-

258 3668 352 3730 bes
376 3671 438 3730 in
467 3670 548 3730 iis
607 3687 746 3748 quae
807 3665 1093 3744 superius
1150 3681 1188 3724 a
1245 3659 1426 3721 nobis
1486 3658 1682 3719 allata
1720 3662 1888 3728 sunt,

261 3767 366 3827 tria
394 3767 556 3840 cola,
591 3785 702 3827 sex
758 3768 1076 3825 commata
1133 3756 1482 3840 prophetia:
1523 3759 1738 3815 Amos.
1771 3757 1892 3815 Sex

260 3862 393 3924 item
447 3862 846 3942 Augustinus
903 3857 1189 3939 agnoscit
1258 3853 1565 3926 membra,
1637 3870 1710 3912 ac
1767 3857 1892 3913 tres

263 3959 630 4020 bimembres
686 3957 1002 4030 circuitus,
1067 3955 1175 4034 qui
1229 3950 1494 4013 totidem
1550 3947 1892 4009 sententias

261 4058 584 4136 explicant.
621 4057 687 4116 Si
717 4055 858 4133 quis
913 4071 1063 4132 ergo
1121 4051 1482 4112 criticorum
1537 4046 1602 4106 in
1635 4047 1754 4106 hac
1783 4049 1894 4106 Ca-

263 4156 424 4216 nonis
497 4154 827 4216 Hebraicaa
908 4150 1188 4213 veritatis
1266 4148 1539 4209 editione
1622 4146 1894 4205 voluerit

260 4253 478 4332 aliquid
598 4251 1082 4332 reprehendere,
1192 4245 1480 4309 consulat
1576 4241 1893 4322 Opuscula

261 4351 616 4432 Hieronymi
673 4356 738 4410 et
791 4347 1150 4427 Augustini,
1205 4362 1384 4407 suam
1443 4341 1890 4403 conscientiam

259 4450 501 4524 recolat,
565 4449 777 4509 videat
851 4446 1134 4507 ordinem
1208 4449 1580 4520 textumque
1651 4457 1891 4500 sermo-

1999 3282 2396 3363 intelligitur
2449 3282 2612 3342 enim
2689 3301 2811 3342 uno
2866 3301 3030 3342 anno
3104 3282 3516 3345 intermisso:
3579 3283 3646 3342 in

1994 3379 2414 3463 Septuaginta
2444 3385 2670 3456 autem,
2730 3379 3024 3460 quoniam
3079 3384 3234 3442 Post
3289 3388 3416 3441 tres
3447 3399 3649 3444 annos

1997 3479 2186 3558 dixit,
2223 3479 2532 3539 incertum
2559 3483 2652 3538 est
2708 3483 2923 3539 utrum
2967 3498 3070 3538 eos
3129 3478 3365 3539 medios
3393 3498 3526 3538 esse
3554 3498 3652 3540 vo-

1997 3575 2192 3636 luerit
2246 3581 2315 3638 ut
2344 3576 2564 3656 quinto
2620 3594 2861 3657 quoque
2917 3596 3081 3636 anno
3119 3577 3343 3654 ﬁeret.
3401 3575 3652 3638 Deinde

1997 3693 2135 3734 cum
2169 3673 2285 3746 ait,
2345 3680 2407 3734 et
2463 3674 2788 3753 separabis
2845 3674 3033 3735 aliam
3097 3673 3432 3746 decimam,
3490 3674 3652 3734 satis

1999 3772 2276 3833 ostendit
2330 3777 2507 3832 extra
2564 3792 2695 3832 esse
2754 3771 2958 3851 illam,
3020 3791 3204 3852 quam
3263 3772 3464 3832 voluit
3515 3791 3651 3832 eum

2001 3872 2203 3954 ipsum
2233 3871 2345 3952 qui
2395 3871 2607 3952 oﬂert,
2667 3871 3045 3931 manducare
3099 3890 3240 3931 cum
3295 3871 3432 3931 suis
3461 3877 3520 3930 et
3549 3870 3654 3930 Le-

1999 3969 2150 4029 vitis
2181 3969 2247 4029 in
2277 3989 2345 4028 eo
2395 3967 2551 4046 loco,
2610 3987 2787 4048 quem
2842 3966 3162 4028 Dominus
3217 3967 3534 4047 elegisset.
3565 3965 3654 4027 Et

1999 4067 2162 4128 hanc
2189 4068 2351 4127 enim
2411 4067 2607 4127 aliam
2663 4066 2965 4126 decimam
3023 4066 3194 4126 intra
3243 4065 3472 4138 ianuas
3502 4085 3652 4125 suas

1998 4185 2134 4226 eum
2149 4173 2384 4245 ponere
2429 4161 2742 4244 praecepit,
2803 4181 2926 4221 non
2983 4162 3068 4222 ad
3123 4181 3260 4222 eum
3307 4161 3510 4222 locum
3540 4163 3650 4222 de-

1999 4267 2188 4342 ferre,
2250 4261 2359 4322 ubi
2412 4260 2730 4321 Dominus
2786 4279 2851 4319 se
2908 4259 3110 4320 voluit
3172 4259 3474 4332 invocari,
3527 4265 3650 4322 etc.

2001 4363 2090 4423 Ex
2149 4359 2334 4421 unico
2393 4360 2503 4419 illo
2575 4358 2715 4419 loco
2801 4358 3308 4420 manifestissime
3387 4358 3652 4419 demon-

2000 4465 2257 4529 stratur,
2320 4455 2904 4534 interpretationem
2994 4455 3358 4535 Hieronymi
3419 4455 3651 4533 proba-

255 4545 357 4619 nis,
409 4553 472 4608 et
528 4552 686 4607 tunc
741 4549 956 4605 nostro
1013 4541 1240 4615 labori,
1300 4539 1352 4599 si
1406 4537 1709 4618 potuerit,
1778 4535 1887 4597 de-

1997 4555 2301 4618 tissimam
2371 4553 2565 4613 fuisse
2642 4553 3020 4631 Augustino,
3107 4554 3215 4632 qui
3300 4571 3442 4613 eam
3499 4552 3652 4613 citat

254 4643 465 4705 trahat.

318 4743 472 4803 Sunt
501 4746 570 4803 et
598 4739 724 4801 alia
750 4738 894 4801 loca
945 4737 1106 4799 bene
1138 4733 1338 4796 multa
1388 4733 1453 4794 in
1483 4731 1712 4812 quibus
1740 4731 1886 4792 Hie-

251 4840 482 4918 ronymi
563 4836 892 4899 translatio
980 4833 1288 4896 Hebraica
1372 4836 1729 4892 recensetur
1806 4827 1887 4890 ab

252 4937 614 5016 Augustino.
649 4933 1042 5008 Quindecim,
1103 4932 1168 4992 ni
1209 4930 1418 5002 fallor,
1452 4933 1795 4990 occurrunt
1823 4927 1886 4987 in

253 5031 411 5094 libris
465 5032 896 5106 Quaestionum
981 5030 1044 5090 in
1121 5026 1691 5107 Heptateuchum:
1773 5043 1890 5085 nec

251 5127 305 5189 in
355 5130 479 5192 illis
543 5130 912 5209 ambiguum
944 5127 1095 5207 quid
1139 5125 1257 5185 nisi
1312 5143 1454 5185 raro
1486 5122 1884 5204 proponitur,

251 5229 405 5305 quod
437 5229 662 5309 aliqua
719 5228 976 5287 veritate
1031 5223 1354 5286 Hebraica
1413 5242 1539 5284 non
1582 5222 1887 5298 solvatur,

251 5334 306 5386 ut
334 5326 534 5405 ipsius
565 5325 895 5404 Augustini
951 5324 1157 5385 verbis
1207 5327 1366 5397 utar,
1421 5340 1562 5399 quae
1593 5321 1891 5398 leguntur

249 5426 585 5500 quaestione
644 5427 758 5485 152
842 5423 904 5483 in
979 5421 1286 5484 Geuesim.
1375 5424 1664 5498 Longum
1730 5425 1893 5480 esset

248 5539 310 5580 ac
337 5523 735 5585 fastidiosum
792 5520 1011 5582 lectori
1071 5520 1375 5592 studioso,
1436 5517 1490 5578 si
1544 5536 1623 5578 ex
1671 5516 1891 5578 ordine

250 5619 489 5700 singula
520 5621 655 5684 haec
713 5620 1125 5701 replicarem:
1183 5616 1476 5679 indicabo
1505 5621 1718 5679 tamen
1751 5615 1889 5678 bre-

1998 4658 2304 4734 tanquam
2341 4650 2720 4732 planiorem,
2778 4668 2853 4711 ac
2907 4651 3118 4712 sensui
3177 4651 3647 4730 Scripturarum

2001 4749 2392 4831 assequendo
2451 4747 2724 4810 maxime
2783 4749 3372 4810 accommodatam:
3429 4749 3495 4809 in
3550 4752 3654 4811 Se-

2001 4849 2334 4929 ptuaginta
2364 4852 2578 4907 autem
2610 4845 2877 4906 multum
2910 4845 3310 4907 obscuritatis
3340 4846 3648 4925 agnoscit,

1997 4953 2060 5008 et
2089 4947 2391 5025 pleraque
2423 4943 2748 5022 perplexa,
2811 4943 3040 5020 quibus
3097 4943 3487 5004 elucidandis
3517 4961 3654 5004 suc-

1999 5049 2212 5106 currat
2293 5043 2602 5120 interpres
2704 5040 3124 5120 Hieronymus
3213 5060 3467 5103 necesse
3546 5041 3648 5101 sit.

1997 5141 2280 5204 Breviter
2352 5138 2470 5198 ista
2546 5137 3056 5213 transcurrimus,
3117 5145 3186 5200 ut
3255 5157 3331 5199 ex
3386 5136 3648 5220 Speculo

2000 5243 2063 5302 S.
2122 5234 2454 5316 Augustini
2527 5233 2901 5312 ampliorem
2961 5253 3360 5296 accersamus
3420 5234 3649 5313 proba-

2000 5338 2186 5400 tionis
2269 5341 2499 5395 nostrae
2583 5332 3010 5410 splendorem,
3104 5334 3255 5412 quia
3330 5332 3488 5393 nihil
3569 5331 3652 5394 ad

2001 5452 2256 5497 causam
2341 5430 2849 5510 Hieronymiauae
2949 5432 3251 5492 versionis
3352 5436 3447 5492 est
3529 5448 3647 5509 po-

1999 5541 2237 5688 tm(inid
2296 5612 2377 5676 sit
2430 5628 2580 5674 vero
2637 5610 2975 5692 Speculum
3032 5607 3386 5688 Augustini,
3436 5609 3650 5673 Possi-
