4060 6190
367 367 441 428 ιη
1531 355 1862 418 PATRUM
1903 353 2608 422 BENEDICTINORUM
3533 291 3541 301 ’
3695 369 3771 427 72

364 501 510 564 dius
539 500 602 560 in
654 497 792 577 ejus
845 495 990 557 Vita
1042 511 1180 572 cap.
1241 493 1319 554 28
1373 495 1590 569 aperte
1645 488 2012 563 declaravit,
2047 487 2352 554 Amoris:
2407 492 2854 555 commendare
2910 493 3230 571 volebant,
3273 494 3558 558 lectionis
3615 501 3772 561 LXX

373 602 628 662 dicens:
672 597 924 676 Quique
970 593 1270 676 prodesse
1326 589 1614 651 omnibus
1671 588 1904 668 volens,
1966 593 2024 648 et

371 696 721 760 volentibus
751 693 949 755 multa
1007 689 1313 753 librorum
1372 689 1581 770 legere
1635 692 1693 746 et
1749 707 1872 748 non
1915 707 2026 745 va-

375 794 672 872 lentibus,
733 812 805 850 ex
862 796 1122 869 utroque
1177 787 1395 848 divino
1463 784 1869 863 Testamento,
1930 804 2026 842 ve-

374 902 500 956 tere
553 899 612 952 et
667 911 842 968 novo,
897 888 1227 970 praemissa
1271 884 1671 966 praefatione,
1727 886 2024 963 oraecepta

376 991 594 1052 divina
624 1007 729 1048 seu
759 987 946 1046 vetita
1003 985 1088 1044 ad
1134 984 1274 1043 vitae
1327 981 1615 1062 regulam
1635 979 2024 1061 pertinentia

375 1086 704 1169 excerpsit,
762 1090 945 1165 atque
972 1103 1046 1142 ex
1103 1081 1205 1141 his
1263 1100 1451 1140 unum
1512 1079 1782 1139 codicem
1831 1077 2022 1152 fecit;

375 1192 445 1247 ut
503 1185 616 1266 qui
672 1182 856 1243 vellet
909 1181 1166 1261 legeret,
1228 1184 1412 1258 atque
1470 1176 1534 1235 in
1590 1196 1657 1235 eo
1716 1173 1812 1234 vel
1840 1195 2023 1254 quam

369 1283 661 1345 obediens
693 1280 854 1358 Deo,
919 1277 1348 1338 inobediensve
1402 1279 1581 1347 esset,
1631 1277 2020 1352 agnosceret,

367 1388 426 1442 et
482 1381 597 1442 hoc
651 1389 803 1462 opus
860 1377 1060 1438 voluit
1112 1373 1449 1453 Speculum
1510 1371 1846 1454 appellare.
1905 1371 2027 1430 Hu-

363 1479 472 1560 jus
553 1478 772 1558 Operis
855 1475 1182 1537 lectionem
1267 1471 1718 1534 commendans
1805 1474 2026 1548 postea

372 1575 780 1639 Cassiodorus
835 1572 944 1634 lib.
1018 1571 1096 1632 de
1180 1568 1580 1631 Institutione
1663 1564 2022 1625 divinarum

367 1674 721 1737 litterarum
753 1689 892 1750 cap.
959 1669 1053 1743 l6,
1115 1667 1189 1728 de
1249 1684 1322 1727 eo
1381 1665 1471 1725 ita
1523 1661 1877 1724 scribebat:
1914 1660 2021 1720 Li-

371 1774 476 1834 ber
532 1772 809 1846 eiusdem
882 1766 1272 1848 (Augustini)
1348 1763 1534 1844 quasi
1599 1759 2024 1844 philosophiae

2135 593 2578 671 Interpretum,
2643 594 2754 674 qui
2793 593 2985 673 jurat
3027 597 3321 676 proximo
3377 617 3512 670 suo,
3563 605 3776 659 etnon

2134 687 2390 767 decipit,
2453 699 2755 771 tanquam
2814 695 3042 753 veteris
3098 713 3354 773 prorsus
3409 696 3613 770 obliti,
3666 718 3777 758 no-

2132 805 2275 848 vam
2306 789 2492 852 istam
2524 789 2601 851 de
2658 791 2830 852 fonte
2887 793 3192 853 Hebraico
3243 793 3611 868 derivatum,
3661 796 3772 863 lu-

2135 890 2237 943 rat
2266 891 2336 944 ut
2363 906 2428 946 se
2455 888 2720 968 afﬁgat,
2781 895 2840 948 et
2882 909 3003 948 non
3061 895 3280 962 mutat,
3341 891 3568 952 animis
3598 895 3777 954 imbi-

2132 981 2382 1044 berunt.
2418 987 2626 1066 thue
2679 1005 2897 1047 omnes
2955 987 3147 1046 libros
3201 991 3584 1050 Testamenti
3615 998 3778 1050 vete.

2133 1079 2218 1138 ris
2274 1082 2798 1158 protocanonicos
2881 1101 3006 1143 uno
3083 1083 3276 1143 verbo
3361 1085 3774 1163 comprehen-

2134 1175 2303 1250 dam,
2339 1179 2682 1258 repudiatis
2706 1198 2781 1240 ex
2840 1179 3086 1260 integro
3136 1182 3552 1260 Septuaginta
3585 1187 3780 1244 Inter-

2133 1277 2439 1355 pretibus,
2498 1279 2810 1340 Canonem
2874 1279 3193 1340 Hebraicae
3251 1281 3529 1342 veritatis
3575 1302 3783 1344 susce-

2133 1381 2361 1452 perunt
2428 1376 2719 1437 Ecclesiae
2777 1377 3040 1450 Latinae,
3131 1396 3256 1438 una
3313 1398 3454 1438 cum
3514 1381 3783 1458 Speculo

2132 1472 2333 1531 sancti
2392 1474 2723 1552 Augustini
2797 1476 3218 1554 Hipponensis
3292 1477 3591 1556 episcopi.
3674 1478 3778 1538 Ni-

2132 1566 2222 1627 hil
2280 1569 2340 1629 in
2395 1569 2516 1631 hoc
2599 1589 2790 1650 Opere
2875 1572 3084 1651 posuit
3149 1579 3402 1633 sanctus
3487 1575 3773 1645 antistes,

2133 1667 2300 1744 quod
2333 1685 2365 1726 e
2395 1686 2554 1746 pura
2584 1668 2952 1748 Hieronymi
3003 1669 3409 1731 translatione
3442 1671 3775 1744 Hebraica,

2131 1762 2252 1824 hoc
2283 1770 2396 1838 est,
2432 1783 2465 1825 e
2494 1768 2747 1826 Canone
2796 1767 3116 1828 Hebraicaa
3171 1767 3450 1830 veritatis
3493 1788 3618 1830 non
3651 1788 3777 1830 ma-

368 1871 655 1949 moralis,
686 1888 862 1950 quem
905 1875 1031 1948 pro
1063 1863 1340 1926 moribus
1394 1860 1809 1922 instituendis
1839 1865 2021 1939 atque
2051 1862 2098 1925 B
2132 1862 2342 1921 narit:
2431 1871 2661 1940 prmter
2741 1864 3046 1924 nonnulla
3127 1866 3505 1945 scriptorum
3593 1867 3770 1941 vitia,

365 1965 770 2047 corrigendis
847 1984 918 2022 ex
992 1961 1211 2021 divina
1288 1956 1664 2018 auctoritate
1730 1954 2015 2034 collegit,

366 2063 816 2147 Speculumque
898 2057 1266 2134 nominavit,
1363 2074 1596 2135 magna
1682 2053 2022 2112 intentione

367 2161 676 2243 legendus
706 2164 819 2219 est.
852 2156 1070 2218 Talem
1126 2155 1358 2215 librum
1415 2149 1836 2231 philosOphiee
1888 2167 2022 2210 mo-

367 2261 539 2332 ralis,
619 2275 806 2336 quem
895 2253 1186 2315 omnibus
1269 2249 1640 2312 Christianis
1724 2248 2021 2327 prodesse

366 2356 570 2417 voluit
625 2352 1037 2433 Augustinus,
1097 2350 1264 2411 unde
1348 2352 1714 2426 excerptum
1775 2345 2021 2424 putas?

365 2455 460 2516 Ex
515 2451 956 2531 Septuaginta,
1014 2465 1096 2508 an
1154 2464 1232 2507 ex
1291 2443 1605 2505 Hebraica
1655 2440 2022 2520 Hieronymi

364 2545 940 2630 interpretatione?
1001 2545 1179 2605 Certe
1224 2543 1381 2604 LXX
1441 2543 1863 2619 Interpretum
1917 2556 2017 2598 as-

367 2655 571 2711 sertor
601 2645 987 2726 quandoque
1042 2641 1161 2702 fuit
1214 2639 1602 2719 Augustinus
1659 2636 1848 2698 etiam
1908 2635 2022 2696 ad-

368 2765 585 2809 versus
667 2745 1152 2822 Hieronymum.
1216 2756 1404 2817 quem
1481 2735 1744 2797 obtentu
1829 2733 2024 2794 eccle-

366 2844 633 2906 siasticae
681 2843 908 2902 futurae
969 2835 1460 2919 perturbationis
1518 2833 1598 2894 ab
1657 2832 1866 2894 studio
1898 2833 2021 2892 He-

367 2942 587 3005 braica
660 2935 1120 3017 interpretandi
1205 2933 1522 2995 deterrere
1605 2929 1884 2992 volebat.
1945 2931 2024 2988 At

372 3035 902 3118 Hieronymianiae
960 3029 1391 3094 translationis
1457 3027 1816 3108 splendore,
1873 3025 2020 3100 fide,

375 3136 703 3207 facilitate,
735 3150 809 3193 ac
867 3129 1141 3191 utilitate
1196 3127 1450 3189 tandem
1507 3123 1854 3205 perculsus,
1916 3140 2023 3201 po-

2130 1976 2270 2036 qua:
2306 1958 2493 2020 modo
2542 1977 2576 2020 e
2632 1967 2845 2020 nostra
2902 1961 3171 2022 Canonis
3229 1962 3502 2024 editione
3557 1981 3768 2022 emen-

2130 2054 2268 2116 dari
2298 2062 2561 2134 possunt
2589 2056 2652 2117 in
2713 2058 3004 2138 Speculo,
3067 2059 3160 2118 uti
3217 2065 3277 2118 et
3332 2078 3446 2119 nos
3476 2061 3776 2121 nonnulla

2129 2149 2194 2212 in
2252 2153 2503 2214 Canone
2558 2155 3032 2216 emcndavimus
3089 2156 3312 2218 moniti
3370 2156 3450 2218 ab
3509 2157 3776 2236 Speculo

2130 2250 2332 2310 sancti
2379 2253 2737 2331 Augustini.
2791 2253 2998 2314 Habes
3047 2254 3258 2332 igitur,
3305 2255 3654 2315 Christiane
3687 2254 3769 2315 le-

2130 2353 2285 2421 ctor,
2349 2350 2696 2427 permultas
2769 2352 3110 2411 sententias
3185 2369 3378 2411 sacrm
3437 2352 3776 2430 Scripturae

2131 2445 2426 2506 recitatas
2499 2465 2572 2507 ex
2660 2447 3026 2528 Hieronymi
3111 2449 3521 2509 translatione
3605 2450 3771 2526 apud

2129 2550 2416 2606 sanctum
2472 2547 2892 2626 Augustinum
2944 2565 2958 2607 :
3039 2547 3233 2608 habes
3285 2554 3347 2608 et
3404 2566 3564 2627 opus
3622 2548 3771 2607 inte-

2131 2661 2314 2721 grum
2357 2645 2540 2722 juxta
2616 2647 2904 2706 eamdem
2983 2645 3567 2724 interpretationem
3629 2662 3774 2704 con-

2131 2739 2355 2813 ditum,
2388 2741 2449 2800 in
2485 2761 2611 2821 quo
2671 2742 2874 2822 major
2932 2762 3076 2822 pars
3133 2744 3400 2804 Canonis
3453 2741 3774 2803 Hebraicae

2130 2837 2412 2897 veritatis
2467 2847 2836 2900 conservata
2893 2847 3006 2900 est.
3065 2839 3267 2899 Aliam
3335 2839 3604 2918 denique
3662 2856 3776 2899 nec

2135 2935 2509 2996 mediocrem
2562 2937 2770 3016 capiet
2824 2937 3182 3009 utilitatem,
3247 2937 3353 3017 qui
3411 2956 3487 2997 ex
3525 2939 3779 2996 Canonc

2132 3033 2454 3095 Hebraicae
2512 3035 2792 3096 veritatis
2861 3054 3193 3096 numerum
3253 3053 3543 3097 versuum
3603 3053 3768 3095 men-

2132 3129 2284 3190 dose
2314 3131 2472 3192 adeo
2531 3149 2896 3210 expressum
2947 3132 3012 3192 in
3070 3131 3349 3210 antiquis
3397 3129 3781 3191 editionibus

377 3235 503 3296 tius
558 3252 632 3295 ex
691 3250 766 3292 ea
823 3228 1100 3290 maximo
1142 3217 1582 3288 emolumento
1640 3220 2015 3293 edocendas.
2050 3219 2096 3288 (Σ
2134 3227 2387 3306 Speculi
2442 3228 2703 3289 inﬁnitis
2759 3229 2912 3290 locis
2971 3229 3298 3290 restituere
3354 3227 3644 3289 voluerit.
3707 3230 3774 3287 In

374 3349 567 3412 quam
600 3345 830 3408 magno
887 3324 1187 3387 seandalo
1242 3321 1456 3402 plebes
1510 3317 1742 3381 Christi
1769 3326 2018 3396 pertur-

373 3428 617 3490 bandas
673 3423 1005 3487 intellexit.
1065 3419 1400 3501 Egregium
1467 3422 1806 3497 propterea
1861 3432 2021 3494 Opus

373 3524 653 3606 Speculi,
715 3524 885 3602 quod
963 3519 1270 3582 memoria
1315 3515 1620 3577 'maxime
1675 3512 2018 3574 tenendum

373 3631 531 3696 erat,
589 3630 792 3686 totum
852 3623 931 3684 de
986 3639 1151 3682 nova
1207 3616 1572 3695 Hieronymi
1640 3613 2020 3692 interpreta-

374 3726 546 3788 tione
604 3729 969 3787 contextum
1046 3720 1287 3783 Latinis
1368 3715 1682 3787 Ecclesiis,
1767 3703 2020 3790 suisque

376 3823 725 3906 praesertim
808 3817 1119 3882 Africanis
1175 3815 1420 3878 edidit:
1481 3811 1637 3872 nihil
1725 3809 2020 3886 deinceps

510 3919 864 3982 sacerdotio
915 3921 1226 3988 metuens,
1286 3911 1532 3974 etiamsi
1588 3907 1880 3970 ﬁdelibus
1933 3906 2025 3966 in-

375 4023 623 4100 gereret
650 4017 850 4077 multa
879 4015 960 4076 ab
1023 4013 1408 4092 Hieronymo
1463 4009 1649 4086 longe
1697 4005 1878 4067 aliter
1909 4021 2026 4082 po-

372 4117 517 4192 sita,
573 4133 764 4195 quam
821 4117 958 4175 erat
1013 4109 1298 4174 omnium
1354 4104 1641 4167 sensibus
1669 4101 2022 4163 memoriae-

374 4235 498 4297 que
551 4215 997 4288 inveteratum,
1058 4215 1121 4272 et
1149 4212 1246 4270 tot
1301 4211 1558 4267 mtatum
1608 4199 2025 4264 successioni-

375 4315 495 4377 bus
550 4314 978 4376 decantatum.
1039 4309 1188 4378 Quis
1243 4306 1525 4369 crederet
1579 4301 1890 4366 Psalterio
1949 4319 2027 4360 ex

377 4411 701 4475 Hebraicis
731 4414 1042 4490 prognato
1101 4407 1306 4468 locum
1364 4403 1428 4464 in
1487 4399 1825 4480 Augustini
1880 4401 2027 4477 Spe-

378 4511 523 4574 culo
553 4509 1052 4585 concedendum,
1114 4510 1177 4566 et
1213 4503 1378 4565 senis
1433 4500 1718 4578 linguam
1775 4497 1863 4558 ibi
1893 4514 2027 4558 esse

2131 3343 2294 3384 nova
2351 3326 2637 3386 similiter
2692 3327 2965 3387 editione
3015 3327 3257 3388 domini
3311 3325 3508 3387 nostri
3562 3325 3776 3386 Blam-

2129 3421 2236 3500 pin
2296 3423 2688 3484 dissonantes
2746 3443 3044 3485 numeros
3121 3424 3184 3484 in
3245 3441 3391 3484 mss.
3453 3421 3776 3483 codicibus

2129 3519 2492 3598 designatos
2575 3521 2936 3600 emendare,
2998 3540 3073 3582 ac
3157 3521 3482 3600 proprium
3540 3517 3768 3579 valebit

2131 3635 2436 3695 reponere
2490 3637 2848 3694 numerum,
2907 3637 3046 3679 eum
3107 3637 3334 3697 nempe
3393 3635 3577 3696 quem
3638 3634 3775 3676 san-

2130 3722 2267 3775 ctus
2323 3717 2712 3795 Augustinus
2785 3716 3089 3788 definivit,
3151 3717 3498 3776 versionem
3558 3715 3772 3773 Hiero-

2131 3813 2492 3892 nymianam
2579 3833 2692 3893 per
2747 3814 2887 3875 cola
2953 3832 3026 3874 ac
3109 3820 3426 3875 commata
3511 3811 3771 3872 divisam

2131 3909 2435 3972 imitatus.
2499 3911 2799 3992 Exempla
2853 3930 3155 3974 sumanus
3211 3930 3287 3973 ex
3344 3909 3630 3982 Psalmis,
3676 3906 3778 3968 ubi

2134 4008 2406 4088 primum
2445 4010 2607 4070 notis
2654 4010 2782 4070 suis
2840 4019 3050 4070 mouet
3109 4027 3223 4069 nos
3281 4007 3549 4068 domnus
3578 4007 3782 4067 Blam-

2134 4106 2265 4184 pin,
2317 4107 2639 4184 quomodo
2698 4107 2778 4167 ad
2835 4106 3023 4166 fidem
3086 4125 3232 4166 mss.
3293 4105 3578 4166 codicum
3612 4102 3781 4164 resti-

2134 4210 2310 4264 tuere
2365 4205 2676 4265 curaverit
2735 4221 3062 4264 numerum
3123 4220 3417 4264 versuum
3479 4201 3775 4262 mendose

2135 4319 2498 4380 expressum
2558 4301 2619 4360 in
2681 4301 2995 4382 prioribus
3051 4299 3435 4361 editionibus
3506 4296 3781 4377 Speculi.

2134 4399 2445 4460 Columna
2474 4400 2594 4460 694
2652 4399 2844 4479 hujus
2899 4399 3138 4478 Operis,
3201 4397 3287 4457 sic
3345 4395 3614 4473 legimus
3644 4394 3784 4456 scri-

2136 4506 2363 4576 ptum:
2403 4501 2532 4559 «In
2590 4498 2834 4577 psalmo
2893 4514 3060 4568 xxvr,
3125 4512 3287 4557 vers.
3323 4496 3401 4553 1:
3461 4492 3598 4552 Lux
3655 4511 3786 4550 mea

379 4608 807 4670 mutandam?
838 4609 1003 4668 Nam
1061 4601 1259 4664 veteri
1312 4599 1711 4662 Psalmorum
1761 4592 2026 4656 editioni
2057 4587 2106 4654 D
2140 4594 2480 4673 Dominus,
2539 4600 2598 4654 et
2651 4595 2931 4655 salutare
2987 4611 3208 4670 meum,
3267 4609 3443 4671 quem
3503 4587 3792 4647 timebo?

383 4713 578 4788 atque
630 4706 789 4769 adeo
848 4700 1264 4766 modulationi
1321 4701 1585 4761 assueta:
1656 4693 2037 4755 Christiano-

381 4823 522 4866 rum
555 4823 758 4877 aures,
818 4803 1256 4880 universaeque
1305 4796 1674 4859 Latinorum
1717 4789 2028 4863 Ecclesiae,

381 4902 727 4964 novitatem
760 4901 1020 4963 alterius
1076 4897 1480 4968 sustinentes,
1539 4891 1821 4969 linguam
1879 4906 2036 4968 quo-

383 4999 724 5062 dammodo
785 5005 1062 5060 mutasse
1116 4995 1433 5055 videntur.
1490 4991 1587 5051 Ita
1642 4988 1884 5066 psalmo
1941 5004 2034 5047 se-

382 5095 590 5158 cundo
643 5114 806 5158 vers.
867 5097 943 5155 23
1000 5097 1059 5154 et
1135 5092 1238 5161 24,
1295 5087 1361 5148 in
1429 5085 1701 5164 Vulgata
1758 5082 2033 5144 editione

380 5211 543 5256 vers.
604 5195 704 5268 i2,
762 5211 877 5272 pro
934 5185 1398 5273 Apprehendite
1453 5181 1883 5265 disciplinam,
1935 5199 2034 5239 ne-

378 5293 632 5374 quando
665 5291 982 5352 irascatur
1037 5286 1380 5363 Dominus,
1443 5291 1501 5342 et
1517 5279 1798 5364 pereatis
1827 5278 1904 5338 de
1933 5277 2033 5337 via

377 5395 591 5465 justa;
626 5389 924 5469 legebant
951 5387 1014 5447 iu
1063 5383 1337 5465 Speculo
1385 5379 1678 5442 Ecclesiae
1721 5375 2032 5438 Africana:

380 5494 444 5549 et
473 5489 708 5550 Latina:
757 5488 987 5566 linguae
1046 5483 1363 5554 homines,
1422 5478 1700 5540 Adorate
1748 5483 1925 5556 pure,
1962 5492 2035 5532 ne

379 5591 542 5654 forte
572 5587 909 5666 irascatur,
942 5589 1001 5644 et
1041 5581 1323 5666 pereatis
1381 5579 1458 5639 de
1485 5577 1608 5635 via.
1668 5574 1814 5635 Pari
1847 5571 2032 5632 modo

381 5683 490 5764 qui
546 5691 864 5767 praecepta
920 5681 1134 5745 divina
1195 5698 1271 5742 ex
1325 5676 1572 5758 psalmo
1630 5689 1751 5746 XIV,
1809 5672 1870 5750 4,
1906 5686 2035 5731 me-

2141 4692 2458 4754 Dominus
2498 4689 2826 4770 fortitudo
2894 4688 3032 4748 vitae
3104 4705 3268 4763 mem,
3329 4702 3504 4763 quem
3553 4681 3787 4758 formi-

2143 4789 2366 4850 dabo?
2420 4791 2496 4849 Et
2551 4795 2693 4868 post
2748 4793 3024 4866 quatuor
3078 4802 3318 4852 versus,
3377 4780 3452 4840 Si
3507 4779 3796 4840 steterint

2143 4888 2471 4949 adversum
2503 4907 2595 4947 me
2623 4892 2832 4947 castra
2883 4883 3068 4964 (ibid.
3128 4881 3215 4961 3),
3254 4885 3373 4941 etc.
3411 4897 3427 4950 ;
3465 4904 3491 4934 ‹‹
3528 4880 3595 4938 In
3631 4878 3792 4938 notis

2144 4992 2378 5055 autem,
2418 4985 2626 5045 littera
2655 5005 2706 5058 e,
2769 4983 3006 5061 optime
3038 4980 3173 5039 haec
3225 4977 3564 5038 observata
3597 4981 3739 5035 sunt
3774 4991 3786 5032 :

2147 5108 2179 5142 «
2213 5088 2281 5145 In
2311 5084 2487 5163 prius
2519 5082 2722 5154 editis,
2757 5080 2842 5140 Et
2873 5083 3025 5160 post
3055 5076 3280 5136 tertius
3322 5093 3560 5133 versus.
3600 5075 3794 5152 Repo-

2143 5182 2352 5243 nimus
2409 5200 2480 5242 ex
2544 5197 2713 5253 mss,
2777 5180 2864 5238 Et
2901 5179 3052 5256 post
3105 5177 3398 5253 quatuor.
3439 5193 3467 5227 ι)
3507 5169 3788 5230 Restituit

2144 5279 2337 5358 igitur
2367 5295 2532 5339 nova
2581 5275 2770 5337 editio
2824 5271 3077 5353 Speculi
3124 5269 3408 5331 ordinem
3462 5286 3534 5328 ac
3581 5284 3793 5327 nume-

2144 5356 2285 5430 rum
2351 5384 2672 5439 versuum,
2758 5368 2948 5444 prout
3017 5359 3390 5439 legebantur
3477 5356 3645 5436 apud
3704 5374 3799 5416 ve‘

2148 5472 2331 5537 teres,
2393 5465 2500 5525 sed
2577 5462 2899 5524 nonnulla:
2958 5459 3333 5538 scriptorum
3397 5455 3640 5516 menda:
3699 5471 3793 5513 ca-

2145 5563 2451 5642 stigandae
2515 5562 2774 5622 veniunt
2855 5561 2918 5621 in
2995 5555 3287 5636 Speculo,
3377 5558 3446 5613 ut
3531 5569 3796 5630 sequens

2146 5659 2424 5722 Canonis
2461 5657 2660 5720 nostri
2721 5661 3050 5720 contextus
3107 5648 3437 5711 manifeste
3493 5648 3792 5709 declarat.
