4060 6190
227 426 292 484 73
1599 414 2214 479 PROLOGOMENA.
3525 419 3604 479 74

220 555 452 617 Psalmo
502 568 662 613 xxm
709 550 896 630 juxta
952 550 1274 624 Hebraos,
1335 550 1455 612 hoc
1503 550 1691 647 modo
1734 569 1830 611 su-
1863 549 2238 627 Afenorans
2298 548 2485 627 (ibid.
2545 551 2608 631 5)
2654 571 2668 612 :
2728 570 2837 613 sex
2896 568 3176 630 namque
3226 567 3446 612 versus
3500 550 3607 612 de-

221 652 447 733 periora
469 649 659 710 verba
686 666 724 709 a
754 648 937 709 nobis
964 649 1135 710 edita
1165 650 1502 728 leguntur:

349 764 616 821 Dominus
647 762 747 818 lux
777 779 928 835 mea,
960 768 1019 820 et
1046 764 1303 821 salutare
1335 780 1551 833 meum,

507 852 679 906 quem
714 835 933 891 timebo
954 836 983 892 τ

341 908 612 966 Dominus
647 908 925 964 fortitudo
956 908 1087 963 vita
1118 924 1279 977 mea,
1312 908 1634 979 quem.for-

512 979 746 1033 midaho
768 978 797 1033 ‘l

512 995 746 1034 [11111830

335 1054 471 1109 Cum
502 1050 1045 1123 appropinquarent
1080 1049 1225 1104 mihi
1259 1048 1524 1122 maligni,

405 1129 466 1178 ut
488 1124 861 1178 comederent
889 1138 1123 1177 carnem
1159 1138 1351 1177 meam
1377 1138 1391 1176 :

337 1195 535 1249 Hostes
566 1194 679 1249 mei
708 1200 766 1249 et
794 1193 1017 1248 inimici
1045 1191 1174 1260 mei,

401 1265 507 1337 ipsi
541 1265 911 1337 impegerunt
937 1270 995 1320 et
1016 1264 1373 1320 ceciderunt.

338 1338 391 1391 Si
421 1338 683 1393 steterint
712 1338 993 1392 adversus
1013 1352 1104 1391 me
1135 1343 1345 1403 castra,

403 1409 521 1465 Non
555 1409 783 1465 timebit
811 1424 909 1463 cor
939 1424 1159 1464 meum.

285 1516 624 1576 Lectionem
682 1516 919 1594 itaque,
983 1534 1159 1596 quem
1215 1511 1588 1591 formidabo
1651 1511 1679 1572 ,θ
1735 1530 1834 1573 se-

216 1619 467 1692 quuntur
521 1619 798 1693 quatuor
856 1632 1077 1673 versus
1133 1629 1334 1691 usque
1382 1611 1463 1670 ad
1523 1610 1707 1671 illud.
1758 1610 1835 1671 Si

214 1710 488 1789 steterint,
566 1717 688 1772 etc.
769 1713 906 1770 Hoc
987 1709 1246 1770 minime
1301 1709 1571 1769 assecuti
1637 1712 1831 1768 Lova-

215 1807 430 1869 nienses
507 1808 789 1887 theologi
865 1813 1170 1887 putarunt
1244 1806 1636 1885 designatam
1698 1824 1832 1866 esse

1954 653 2217 707 currunt
2248 666 2390 708 cum
2449 649 2578 709 suis
2634 649 2861 709 litteris
2899 648 3226 728 alphabeti
3284 648 3601 720 Hebraici,

1950 744 2012 805 id
2071 751 2188 820 est,
2242 746 2465 825 gimel,
2523 744 2763 823 daletlz,
2824 744 2919 824 he,
2979 766 3114 825 van,
3174 747 3347 820 zain,
3398 745 3599 826 heith,

1951 862 2066 903 nec
2122 862 2159 905 a
2220 862 2599 924 quocunque
2651 844 2954 924 scriptore
3010 844 3341 924 pauciores
3387 864 3606 908 nume-

1949 942 2073 1001 rari
2135 949 2421 1021 possunt.
2481 942 2594 1003 Hic
2649 942 2845 1020 igitur
2900 942 3022 1002 loci
3078 943 3450 1021 castiganda
3505 951 3602 1004 est

1952 1058 2114 1100 nova
2174 1047 2389 1101 nostra
2445 1040 2637 1100 editio
2695 1058 2958 1119 operum
3003 1041 3204 1100 sancti
3232 1041 3588 1120 Augustini,

1948 1137 2129 1217 cujus
2186 1138 2527 1217 Speculum
2591 1138 2700 1217 qui
2757 1139 3036 1217 exegerit
3107 1139 3187 1199 ad
3274 1141 3591 1199 Canonem

1947 1236 2183 1296 editum
2256 1235 2577 1296 Hebraica
2633 1236 2937 1310 veritatis,
3008 1241 3299 1297 sexcenta
3381 1236 3599 1315 depre-

1946 1334 2202 1410 hendet,
2265 1355 2407 1416 qua
2476 1336 2685 1396 adhuc
2740 1335 3182 1397 emendatione
3238 1334 3594 1414 indigeant.

1946 1435 2079 1493 Nos
2112 1451 2258 1494 vero
2288 1434 2377 1494 ire
2410 1450 2748 1513 pergamus
2777 1433 2856 1493 ad
2915 1451 2991 1494 ea
3029 1451 3171 1513 qua
3229 1439 3388 1520 sunt
3445 1451 3602 1513 pra-

1944 1530 2135 1591 sentis
2166 1531 2461 1592 instituti.

2022 1630 2172 1689 Post
2227 1629 2674 1707 Augustinum,
2725 1628 2837 1708 qui
2902 1647 3067 1690 unus
3125 1647 3243 1709 pro
3299 1622 3596 1690 Omnibus

1943 1743 2074 1785 esse
2107 1729 2354 1804 poterat
2382 1725 2463 1785 ad
2495 1725 2931 1805 probationem
2980 1726 3321 1806 proposita
3380 1743 3589 1787 asser-

1947 1823 2133 1883 tionis
2190 1830 2419 1884 nostra
2477 1842 2741 1885 numero
2800 1824 3008 1898 tertio,
3071 1824 3310 1902 absque
3354 1822 3591 1901 injuria

215 1904 268 1964 in
315 1906 574 1984 Speculo
634 1906 698 1967 S.
757 1905 1095 1984 Augustini
1124 1904 1593 1965 distinctionem
1635 1904 1827 1964 versi-

1948 1939 2062 1981 non
2119 1921 2524 1982 reticeremus
2582 1922 2659 1981 de
2728 1921 2962 1999 insigni
3019 1920 3308 1982 auditore
3363 1921 3583 1982 Hiero-

217 2004 489 2073 culorum,
575 2021 721 2082 qua
795 2003 858 2062 in
915 2002 1186 2080 Vulgata
1241 2002 1470 2063 Latina
1523 2001 1827 2062 hodierno

219 2118 314 2160 usu
360 2108 604 2181 recepta
662 2107 757 2161 est
788 2119 801 2160 :
837 2100 1004 2161 unde
1033 2099 1286 2160 tertium
1316 2118 1564 2159 versum
1600 2100 1829 2178 psalmi

218 2215 333 2259 xm
382 2199 475 2259 vel
530 2215 703 2259 xxvu
759 2198 928 2277 apud
985 2198 1307 2273 Hebraos,
1340 2197 1560 2258 eodem
1606 2196 1828 2258 ordine

222 2295 275 2354 in
344 2297 804 2373 exemplaribus
888 2296 1224 2372 Augustini
1307 2295 1614 2374 scriptum
1695 2313 1828 2355 esse

226 2394 497 2466 arbitrati,
554 2399 930 2474 posuerunt,
989 2392 1261 2475 Etpost,
1313 2393 1539 2453 tertius
1567 2412 1824 2452 versus:

222 2488 283 2549 Si
305 2492 590 2566 steterint,
627 2498 775 2562 etc.,
809 2510 951 2553 cum
985 2510 1108 2552 non
1142 2492 1365 2554 tertius
1394 2510 1613 2553 versus
1668 2496 1829 2551 esset

223 2591 363 2666 apud
411 2597 655 2651 veteres
709 2593 948 2659 Patres,
999 2590 1105 2651 sed
1138 2589 1348 2669 potius
1377 2589 1677 2671 septimus
1709 2607 1828 2647 nu-

221 2693 546 2767 meraretur,
632 2687 723 2747 uti
809 2686 999 2747 fidem
1078 2686 1321 2748 faciunt
1375 2686 1649 2747 Canonis
1704 2688 1826 2746 He-

217 2782 408 2846 braica
476 2785 766 2847 veritatis
845 2786 990 2845 libri
1067 2805 1213 2847 mss.
1289 2789 1483 2847 Porro
1544 2786 1607 2845 in
1665 2803 1830 2846 nova

220 2882 449 2943 editione
478 2883 736 2962 Speculi
793 2883 921 2943 duo
982 2885 1220 2961 priores
1272 2902 1488 2944 versus
1544 2882 1826 2961 ejusdem

221 2981 408 3053 psalmi
435 2981 686 3041 nullum
745 2980 978 3041 debent
1004 2980 1241 3041 habere
1289 2987 1594 3059 punctum
1626 2980 1829 3042 inter-

223 3078 463 3152 rogandi,
495 3079 651 3157 quia
680 3078 1200 3138 manifestissime
1231 3086 1498 3158 apparet
1577 3098 1827 3139 sensum

223 3171 376 3248 hujus
424 3176 774 3253 Scriptura
825 3194 953 3235 non
1005 3193 1143 3236 esse
1186 3176 1656 3254 interrogantis,
1721 3175 1832 3235 sed

1937 2019 2110 2099 nymi
2140 2019 2475 2097 Philippo;
2531 2018 2631 2079 hic
2691 2037 2966 2099 namque
3010 2026 3371 2080 coataneus
3428 2019 3583 2079 scri-

1936 2123 2083 2193 ptor
2163 2116 2517 2195 pracipuos
2620 2135 2733 2177 suo
2838 2118 3214 2197 praceptori
3308 2116 3584 2178 honores

1937 2214 2202 2288 addidit,
2264 2233 2408 2275 cum
2467 2214 2594 2275 suis
2646 2215 2709 2275 in
2797 2215 3027 2275 Jobum
3101 2214 3584 2276 Commentariis

1936 2312 2283 2372 versionem
2318 2312 2875 2392 llieronymianam
2918 2331 2993 2373 ex
3051 2313 3318 2373 Hebrao
3377 2310 3577 2372 solam

1939 2409 2342 2469 edisserehat.
2406 2412 2493 2471 Ne
2551 2409 2692 2488 quis
2749 2428 2897 2471 vero
2928 2410 2989 2470 in
3024 2409 3285 2471 dubium
3333 2414 3585 2470 revocet

1938 2507 2438 2569 Commentarios
2490 2507 2794 2586 Philippi,
2868 2513 3133 2587 propter
3198 2508 3364 2568 idem
3426 2525 3586 2587 opus

1937 2604 2106 2682 quod
2196 2605 2450 2665 nomine
2534 2606 2719 2666 Beda
2805 2605 3042 2666 editum
3120 2605 3585 2678 circumfertur,

1938 2702 2297 2762 meminerit
2351 2702 2745 2763 Gcnnadium
2806 2702 2869 2763 in
2929 2702 3230 2780 Catalogo
3290 2703 3586 2763 Virorum

1937 2799 2280 2860 Illustrium
2314 2798 2431 2859 ista
2488 2799 2565 2859 de
2621 2799 2917 2877 Philippo
2948 2799 3176 2860 litteris
3204 2818 3279 2859 ac
3340 2815 3590 2859 memo-

1937 2896 2045 2955 ria
2085 2896 2452 2956 tradidisse:
2514 2895 2857 2978 Philippus
2905 2895 3253 2977 presbyter,
3318 2896 3590 2977 optimus

1937 2993 2196 3053 auditor
2275 2992 2676 3072 Hieronymi,
2771 2992 3246 3055 Commentatus
3325 2995 3391 3053 in
3473 2991 3588 3060 Iob

1939 3091 2145 3150 edidit
2202 3111 2482 3152 sermone
2538 3091 2817 3173 simplici
2846 3091 3069 3165 libros,
3103 3099 3223 3153 etc.
3271 3091 3592 3153 Genuinos

1936 3189 2081 3248 illos
2136 3189 2415 3268 Philippi
2470 3191 2971 3251 Commentarios
3009 3209 3083 3251 ex
3119 3196 3298 3271 parte
3346 3188 3583 3251 descri-

226 3269 556 3333 aftirmantis
602 3272 962 3351 propheta,
1004 3272 1178 3352 quod
1222 3274 1529 3334 Dominus
1584 3291 1700 3334 sua
1754 3272 1834 3332 sit

1948 3294 2086 3365 ptos
2168 3287 2396 3347 retinet
2475 3288 2674 3348 codex
2735 3269 3137 3348 monasterii
3185 3287 3382 3349 nostri
3435 3288 3589 3348 Cor—

222 3365 324 3438 lux,
384 3377 443 3429 et
492 3370 805 3430 fortitudo
860 3370 1005 3431 vita
1036 3371 1256 3449 ipsius.
1298 3389 1486 3450 quem
1516 3371 1739 3431 timere
1769 3388 1836 3432 se

224 3462 363 3527 dicit.
416 3468 802 3546 Principium
870 3486 1125 3547 quoque
1212 3469 1438 3547 psalmi
1499 3469 1836 3548 perturba-

231 3567 337 3623 tum
363 3566 536 3625 estin
570 3565 869 3644 Speculo,
901 3566 1010 3626 ubi
1040 3584 1224 3627 voces
1269 3567 1429 3639 ista,
1495 3566 1625 3627 Lux
1679 3585 1833 3643 mea,

232 3664 555 3735 pracedunt
618 3681 861 3736 vocem,
917 3662 1256 3724 Dominus.
1321 3667 1453 3726 Nec
1511 3665 1713 3725 solum
1772 3665 1837 3725 in

225 3763 507 3822 sententiis
561 3760 1032 3822 emendandum
1078 3769 1173 3822 est
1230 3763 1569 3840 Speculum
1629 3781 1662 3822 e
1719 3765 1835 3824 Ca-

228 3872 356 3917 noue
423 3859 752 3920 Hebraica
828 3859 1154 3931 veritatis;
1233 3861 1341 3920 sed
1418 3861 1481 3921 in
1559 3861 1837 3921 numeris

231 3954 382 4014 etiam
430 3975 730 4017 versuum
790 3956 871 4017 ab
902 3958 1256 4034 Augustino
1286 3957 1653 4036 designatis.
1688 3963 1838 4019 Pes-

231 4048 352 4111 sime
400 4054 656 4132 quidem
716 4054 877 4133 psal;
938 4071 1135 4115 xxxm
1197 4062 1341 4133 post
1367 4074 1618 4116 versum
1667 4057 1837 4116 deci-

232 4164 366 4208 mum
414 4152 709 4229 quintum
771 4152 1101 4230 legebatur
1155 4153 1217 4212 in
1277 4153 1482 4226 editis,
1545 4157 1635 4212 Et
1660 4159 1835 4235 post,

229 4252 448 4319 quartus
503 4267 751 4326 versus,
807 4250 979 4326 quod
1032 4250 1113 4309 ad
1146 4249 1334 4309 fidem
1368 4268 1515 4311 mss.
1550 4251 1838 4311 codicum

230 4340 298 4400 ita
323 4353 507 4407 mutat
537 4365 707 4407 nova
738 4348 929 4407 editio
958 4364 972 4406 :
1007 4345 1096 4407 Et
1100 4352 1275 4428 post,
1336 4353 1559 4428 septem
1599 4368 1834 4408 versus.

229 4444 301 4509 At,
348 4452 409 4503 ut
458 4463 683 4505 verum
730 4446 959 4524 fatear,
1016 4452 1300 4523 superest
1360 4447 1570 4507 adhuc
1657 4447 1839 4507 lectio

1944 3384 2214 3443 beiensis
2261 3390 2410 3445 ante
2475 3391 2826 3461 nongentos
2882 3404 3082 3446 annos
3136 3386 3201 3446 in
3280 3385 3594 3445 membra-

1945 3482 2040 3541 nis
2098 3482 2551 3543 rohustissimis
2606 3484 2737 3543 sive
2811 3484 3197 3544 densissimis
3271 3489 3589 3556 exaratus,

1946 3580 2053 3657 qui
2130 3580 2195 3640 in
2276 3581 2661 3641 bibliotheca
2746 3582 3312 3642 San-Germanensi
3402 3580 3598 3641 habet

1948 3678 2334 3738 numericam
2368 3685 2583 3738 notam
2618 3680 2759 3740 660.
2793 3683 2989 3740 Totus
3031 3679 3173 3739 libri
3231 3679 3354 3740 Job
3412 3696 3597 3740 sacer

1946 3781 2279 3835 contextus
2358 3776 2422 3835 in
2522 3776 2642 3836 hoc
2729 3777 3074 3855 exemplari
3160 3777 3433 3855 scriptus
3503 3782 3597 3837 est

1947 3874 2168 3932 litteris
2203 3873 2593 3933 uncialibus:
2631 3873 3066 3935 interlineares
3112 3893 3261 3935 vero
3318 3874 3595 3953 Philippi

1946 3971 2396 4030 Commentarii
2520 3972 3015 4051 Longobardicis
3127 3972 3596 4033 characteribus

1946 4073 2093 4127 sunt
2148 4067 2377 4142 adiecti
2432 4085 2447 4126 :
2505 4069 2754 4145 quibus,
2792 4070 2855 4128 ni
2911 4069 3117 4141 fallor,
3181 4070 3333 4129 satis
3372 4068 3595 4149 explo-

1949 4170 2087 4223 rata
2118 4164 2298 4223 nobis
2328 4171 2421 4224 est
2452 4172 2604 4224 atas
2635 4184 2750 4224 ms.
2786 4166 3038 4227 codicis.
3104 4166 3339 4227 Eadem
3374 4185 3593 4239 manu,

1951 4262 2314 4339 eisdemque
2372 4262 2846 4323 characteribus
2904 4264 3403 4342 Longobardicis
3486 4264 3603 4324 ist-

1956 4360 2092 4418 hac
2147 4359 2382 4437 scripta
2438 4359 2738 4437 leguntur
2792 4362 2855 4421 in
2916 4361 3043 4421 ﬁne
3100 4362 3603 4423 Commentario-

1949 4474 2088 4515 rum
2125 4474 2139 4515 :
2175 4455 2330 4515 Hac
2388 4456 2821 4538 interpretatio
2876 4465 3157 4541 excerpta
3213 4466 3307 4519 est
3362 4461 3440 4519 de
3498 4481 3607 4519 ex-

236 4538 519 4610 panlulum
577 4542 968 4620 depravata:
1030 4561 1139 4602 sea:
1196 4542 1386 4615 enim,
1448 4562 1572 4603 non
1614 4550 1838 4625 septem
1937 4553 2251 4633 positione
2279 4552 2592 4636 Philippi.
2648 4560 2717 4616 1n
2773 4557 2865 4616 his
2937 4538 3131 4635 igitur
3178 4559 3492 4637 excerptis
3547 4564 3610 4619 et

238 4652 411 4697 versus
463 4646 614 4700 sunt
669 4639 752 4699 ab
803 4639 914 4699 illo
970 4656 1176 4710 versu.
1241 4659 1446 4719 quare
1494 4649 1728 4722 pacem,
1784 4647 2236 4728 etDEpitome
2303 4652 2717 4729 expositionis
2768 4653 3042 4732 Philippi
3115 4655 3466 4734 presbyteri
3543 4655 3609 4715 in

231 4738 548 4814 persequere
605 4757 738 4797 eam
790 4736 999 4814 (Psal.
1058 4754 1279 4807 xxxul,
1342 4740 1467 4817 15),
1522 4741 1602 4799 ad
1652 4739 1841 4799 istum

233 4846 415 4907 usque,
459 4834 658 4912 juxta
716 4840 809 4894 est
881 4833 1200 4894 Dominus
1282 4836 1577 4895 contritis
1660 4836 1846 4897 corde

238 4924 389 4999 (ibid.
446 4934 567 5011 19).
631 4934 1054 5001 Quamobrem
1103 4933 1166 4993 in
1225 4934 1496 5011 Speculo
1554 4934 1678 5012 legi
1734 4953 1844 4994 ne-

237 5040 374 5087 cesse
424 5037 554 5090 est:
622 5028 710 5090 Et
750 5036 921 5111 post,
980 5050 1088 5089 sex
1117 5050 1353 5091 versus.
1387 5032 1573 5091 Nulla
1631 5040 1844 5093 autem

235 5135 346 5183 cum
410 5126 601 5189 fuerit
674 5128 1057 5206 ambiguitas
1121 5128 1184 5188 in
1244 5128 1645 5189 distinctione
1712 5148 1849 5190 ver-

241 5235 390 5283 suum
442 5225 673 5303 psalmi
726 5243 843 5297 cxi,
904 5227 1015 5304 qui
1070 5226 1354 5304 singulos
1409 5245 1556 5287 suos
1630 5246 1846 5288 versus

238 5312 388 5389 juxta
436 5341 773 5382 numerum
834 5324 1280 5384 Hebraicarum
1315 5323 1669 5384 litterarum
1703 5344 1847 5404 par-

242 5414 361 5475 titos
430 5419 705 5480 retinere
791 5421 998 5491 debet,
1091 5422 1286 5481 miror
1376 5424 1700 5500 quomodo
1786 5425 1848 5484 in

240 5526 396 5587 opere
449 5518 704 5596 Specnli
763 5526 1177 5580 numerentur
1233 5520 1632 5580 solummodo
1665 5522 1849 5598 quin-

241 5624 336 5683 que
363 5630 576 5675 versus
631 5616 712 5675 ab
751 5615 889 5676 istis
942 5615 1172 5689 verbis,
1205 5615 1367 5676 volet
1394 5618 1588 5678 nimis
1645 5619 1852 5696 (Psal.

1951 4749 2093 4818 Job,
2154 4767 2352 4827 purus
2414 4748 2552 4809 ﬂuit
2608 4756 2779 4810 totus
2832 4769 3011 4811 sacer
3091 4760 3301 4812 textus
3372 4754 3611 4832 absque

1954 4846 2080 4904 illis
2137 4846 2610 4919 additamentis,
2674 4867 2816 4926 qua
2874 4849 2939 4907 in
2996 4848 3181 4909 editis
3259 4850 3434 4911 libris
3494 4850 3611 4912 sub

1957 4943 2212 5002 nomine
2315 4944 2680 5023 Hieronymi
2790 4946 3153 5023 frequenter
3248 4955 3609 5009 occurrunt.

1958 5043 2093 5100 Duo
2151 5045 2320 5111 sunt,
2382 5041 2557 5101 verbi
2610 5044 2840 5118 gratia,
2876 5044 3311 5108 additamenta
3339 5046 3460 5107 Job
3517 5065 3616 5105 ca-

1959 5137 2085 5214 pite
2115 5153 2157 5209 1,
2192 5141 2259 5197 21
2301 5144 2362 5197 et
2394 5141 2493 5207 22,
2533 5156 2785 5217 nempe,
2825 5139 2991 5200 sicut
3019 5139 3297 5202 Domino
3336 5142 3615 5224 placuit,

1959 5233 2049 5293 ita
2093 5236 2329 5303 factum
2387 5244 2503 5312 est,
2564 5242 2626 5295 et
2682 5244 3168 5317 consequenter,
3233 5239 3427 5300 labiis
3456 5240 3614 5299 suis.

1958 5336 2111 5398 Qua
2168 5332 2383 5391 omnia
2441 5334 2773 5411 superﬂua
2831 5354 2967 5396 esse
3016 5342 3078 5396 et
3109 5337 3420 5408 addititia,
3478 5356 3621 5415 per-

1960 5429 2173 5506 spicue
2251 5429 2730 5491 demonstratur
2787 5451 2864 5493 ex
2924 5434 3405 5493 Commentariis
3461 5453 3614 5496 mss.

1962 5526 2237 5604 Philippi
2298 5528 2674 5606 presbyteri,
2738 5537 2807 5591 ut
2904 5549 2985 5591 ex
3070 5530 3326 5591 scholiis
3384 5534 3617 5595 nostris

1962 5623 2127 5683 infra
2158 5624 2376 5703 positis
2407 5627 2529 5686 col.
2586 5628 2728 5688 799.
2787 5632 3106 5689 Praterea
3160 5627 3405 5706 insigne
3461 5630 3621 5693 illud

242 5718 334 5781 Cll,
392 5712 450 5790 1)
509 5730 710 5792 usque
766 5713 847 5775 ad
900 5714 1032 5787 illa,
1092 5712 1313 5776 Bonus
1363 5715 1463 5775 vir
1503 5715 1768 5778 clemens
1797 5724 1857 5779 et
1966 5721 2497 5797 additamentum,
2557 5724 2808 5786 Anima
2863 5725 3025 5785 enim
3084 5725 3390 5788 esurienti
3437 5728 3623 5790 etiam

537 5851 803 5914 ΡΑτιιοι.
849 5852 1118 5916 XXVIII.

3265 5867 3302 5925 3
