4060 6190
385 373 465 432 75
1551 367 1880 430 PATRUM
1925 367 2631 433 BENEDIGTINORUM
3474 340 3479 349 ’
3709 375 3781 434 76

387 522 604 565 amara
656 501 874 563 dulcia
929 522 1061 563 esse
1115 500 1428 581 videntur,
1488 500 1660 580 quod
1728 500 1794 561 in
1851 499 2034 561 editis
2062 504 2117 571 Α
2147 506 2317 562 tusta
2346 502 2685 564 translatio
2713 503 3025 582 dissonat,
3058 503 3208 584 quia
3245 503 3413 583 quod
3448 503 3514 564 iu
3544 502 3662 565 hac
3713 507 3782 567 de

386 602 557 682 apud
611 601 1066 680 Hieronymum
1123 598 1606 661 Commentariis
1653 597 1885 677 legitur
1940 616 2040 658 ca-

391 702 522 782 pite
553 716 639 775 v1,
702 717 860 759 vers.
918 700 959 759 6
1001 697 1170 771 Jobi,
1205 715 1333 758 non
1381 701 1649 775 apparet
1695 696 1866 775 apud
1894 694 2040 756 Phi-

394 800 644 879 lippum
754 796 1123 875 Hieronymi
1227 795 1540 873 optimum
1654 793 2034 854 auditorem.

396 896 576 961 Unde
631 895 892 974 colligas
944 893 1318 973 Hieronymi
1401 898 1792 954 coaetaneum
1892 891 2038 951 scri-

387 1000 634 1076 ptorem
695 1011 822 1053 non
881 991 1071 1053 aliam
1130 991 1195 1051 in
1252 990 1378 1052 suis
1423 989 1745 1070 opusculis
1774 989 2038 1050 transla-

388 1092 626 1153 tionem
715 1090 1002 1151 Latinam
1080 1088 1200 1149 sibi
1255 1087 1658 1167 proposuisse
1724 1104 2040 1165 exponen-

392 1190 564 1260 dam,
656 1188 777 1248 nisi
879 1186 1437 1266 Hieronymianam
1520 1185 1694 1246 illam
1780 1202 2032 1257 novam,

391 1305 583 1367 quam
641 1286 931 1365 superius
983 1284 1351 1345 dicebamus
1403 1283 1468 1343 in
1501 1282 1771 1362 Speculo
1818 1286 1880 1343 S.
1918 1285 2037 1343 Au-

396 1383 633 1464 gustini
686 1388 1147 1445 conservatam.
1204 1385 1445 1443 Prater
1498 1380 1814 1459 integrum
1892 1380 2037 1441 Jobi

399 1488 666 1555 textum,
725 1481 960 1541 multas
1014 1479 1482 1558 Scripturarum
1561 1477 1904 1538 sententias
1962 1495 2036 1537 ac

391 1579 851 1660 prophetarum
892 1595 1212 1638 sermones
1259 1577 1483 1637 recitat
1507 1575 1835 1655 Philippus
1849 1574 2036 1654 juxta

393 1677 735 1740 editionem
784 1694 1011 1738 novam
1069 1674 1166 1737 sui
1220 1673 1524 1753 magistri,
1587 1679 1658 1734 ut
1708 1678 1803 1733 est
1874 1671 2035 1731 illud

389 1794 640 1838 comma
694 1774 997 1836 omissum
1057 1790 1097 1835 a
1149 1774 1309 1834 LXX
1379 1771 1890 1833 Translatoribus
1968 1771 2031 1830 in

2145 598 2281 659 Deo
2311 600 2574 678 dicitur,
2608 600 2722 662 hoc
2752 601 2817 661 in
2850 600 2972 662 illa
3001 602 3078 662 de
3108 601 3499 678 adversariis
3537 608 3597 661 et
3634 612 3780 684 per-

2146 695 2532 757 secutoribus
2589 704 2987 759 memoratur.
3037 698 3164 759 Sed
3211 704 3412 759 tamen
3444 701 3610 780 quia
3663 700 3782 762 hac

2146 814 2301 853 nooa
2350 795 2689 857 translatio
2736 817 2809 856 ex
2856 795 3125 857 Hebrao
3173 796 3353 857 nobis
3390 798 3781 881 Arabicoque

2145 891 2390 971 eloquio
2416 899 2637 953 cuncta
2666 895 2877 955 verius
2924 895 3353 965 transfudisse
3390 895 3776 977 perhibetur,

2145 990 2519 1050 credendum
2574 997 2667 1050 est
2719 992 3040 1072 quidquid
3094 992 3162 1052 in
3219 1012 3288 1051 ea
3361 993 3602 1055 dicitur
3653 1016 3670 1054 :
3729 1002 3782 1055 et

2146 1094 2383 1168 oportet
2431 1094 2500 1148 ut
2542 1088 2723 1149 verba
2773 1089 2959 1150 illius
3017 1102 3233 1150 nostra
3285 1092 3589 1172 expositio
3637 1093 3777 1153 sub-

2146 1185 2351 1245 tiliter
2407 1186 2695 1248 rimetur.
2754 1187 2877 1247 Ait
2927 1208 3124 1268 ergo:
3183 1187 3478 1249 Mutatus
3525 1210 3610 1270 es,
3662 1197 3777 1252 etc.

2146 1284 2242 1344 Ita
2272 1286 2534 1363 Magnus
2587 1285 2695 1345 ille
2751 1286 3110 1365 Gregorius,
3181 1286 3471 1349 Ecclesia
3527 1289 3781 1350 catholi-

2145 1399 2235 1442 ca
2291 1381 2528 1456 lumen,
2588 1401 3109 1463 summorumque
3163 1385 3535 1463 pontiﬁcum
3596 1387 3781 1449 decus

2144 1484 2206 1539 et
2235 1479 2582 1560 exemplar.
2616 1484 2810 1549 Quem
2844 1482 2897 1542 si
2935 1482 3190 1543 fuissem
3252 1483 3587 1555 aliquoties
3642 1484 3779 1545 imi-

2143 1581 2312 1636 tatus
2368 1578 2433 1637 in
2483 1577 2667 1639 laude
2742 1579 3248 1659 Hieronymiana
3332 1581 3778 1661 translationis,

2144 1673 2411 1735 dicendo
2469 1693 2609 1736 eam
2659 1676 2841 1737 nobis
2899 1678 3109 1737 verius
3164 1685 3391 1740 cuncta
3421 1680 3782 1741 transfudis-

2142 1790 2231 1847 se,
2292 1791 2366 1833 ac
2428 1774 2808 1835 credendum
2868 1776 3185 1856 quidquid
3255 1777 3321 1837 in
3404 1795 3481 1838 ea
3555 1778 3781 1857 legitur

391 1875 516 1935 ﬁne
546 1871 809 1952 capituli
863 1888 910 1932 ιι
956 1869 1137 1932 Isaia
1195 1867 1914 1949 propheta:Quiescite
1955 1865 2031 1927 ab
2060 1874 2109 1938 B
2139 1870 2480 1950 scriptum:
2542 1874 2707 1933 Deus
2761 1873 2965 1934 bone!
3030 1878 3303 1953 quantos
3350 1876 3776 1937 sustinuissem

389 1970 636 2032 homine
690 1969 875 2045 cuius
930 1967 1199 2049 spiritus
1254 1967 1321 2027 in
1377 1965 1639 2027 naribus
1691 1964 1828 2038 eius
1900 1970 2032 2025 est:

398 2074 546 2147 quia
604 2066 885 2127 excelsus
943 2070 1267 2146 reputatus
1322 2069 1417 2123 est
1446 2064 1576 2145 ipse
1604 2062 1758 2141 (Isa.
1792 2080 1858 2138 II,
1908 2062 2030 2141 22).

398 2168 528 2228 Hac
560 2164 873 2227 sententia
926 2165 1124 2226 utitur
1178 2162 1511 2242 Philippus
1565 2162 1630 2222 in
1671 2162 1853 2223 editis
1908 2179 2037 2222 om-

396 2263 583 2324 nibus
637 2259 1145 2333 Commentariis,
1203 2277 1346 2320 cum
1405 2259 1483 2318 de
1538 2257 1785 2319 Christo
1850 2257 2038 2317 inter-

391 2365 677 2440 pretatur
702 2359 814 2420 illa
841 2357 1034 2420 verba
1087 2357 1206 2418 Job
1263 2374 1401 2435 cap.
1457 2373 1654 2430 xxvn,
1715 2361 1791 2416 3:
1862 2353 2036 2432 Quia

397 2459 596 2519 donec
661 2461 941 2539 superest
1014 2453 1258 2515 halitus
1339 2453 1407 2513 in
1464 2473 1577 2532 me,
1652 2458 1711 2513 et
1767 2451 2035 2534 spiritus

387 2555 516 2617 Dei
588 2556 656 2616 in
730 2552 994 2615 naribus
1070 2551 1244 2613 meis.
1307 2550 1496 2613 Plura
1578 2568 1916 2629 congerere
1971 2549 2036 2610 in

401 2661 696 2736 promptu
731 2660 867 2716 erat
894 2672 968 2715 ex
999 2651 1309 2732 Procopio
1357 2651 1546 2712 etiam
1605 2652 1864 2721 Gazao;
1927 2650 2036 2710 sed

388 2753 854 2833 longitudinem
885 2751 1060 2831 fugio
1116 2751 1182 2811 in
1234 2768 1302 2812 re
1358 2749 1510 2811 satis
1566 2766 1879 2828 superque
1936 2748 2038 2808 de-

392 2857 765 2914 monstrata.

469 2951 571 3012 ιν.
654 2948 797 3010 Dixi
868 2948 934 3008 in
1001 2945 1280 3009 Ecclesia
1353 2949 1645 3007 Romana
1718 2948 2033 3023 receptam

389 3048 581 3109 fuisse
663 3057 951 3124 tempore
1023 3042 1331 3122 Gregorii.
1401 3043 1617 3119 Magni
1699 3046 2036 3119 utramque

392 3147 862 3227 Scripturarum
894 3143 1256 3216 editionem,
1292 3146 1356 3203 et
1383 3147 1683 3214 veterem,
1715 3147 1778 3202 et
1805 3159 2033 3201 novam

2143 1967 2419 2046 impetus
2474 1976 2537 2030 et
2592 1972 2835 2032 furores
2879 1972 3229 2063 .sciolorum
3288 1972 3477 2052 hujus
3532 1980 3776 2054 tempo-

2144 2064 2252 2137 ris,
2285 2066 2393 2145 qui
2425 2085 2524 2127 me
2565 2068 2936 2129 temeritatis
2983 2069 3349 2131 insimulare
3402 2070 3634 2132 alicubi
3680 2091 3785 2133 au-

2144 2162 2195 2222 si
2249 2169 2418 2239 sunt,
2477 2166 2645 2244 quod
2700 2165 3000 2227 dixissem
3031 2167 3375 2228 Ecclesiam
3430 2171 3774 2234 Romanam

2145 2277 2471 2339 nunquam
2502 2261 2861 2325 discessisse
2890 2281 2929 2324 a
2957 2264 3234 2343 Vulgata
3274 2266 3517 2339 Latina,
3575 2267 3640 2327 in
3693 2286 3782 2328 re-

2145 2356 2262 2417 bus
2291 2359 2481 2420 etiam
2524 2360 3010 2441 chronologicis.
3075 2363 3199 2425 Sed
3256 2380 3459 2443 apage
3515 2383 3554 2425 a
3609 2365 3789 2426 nobis

2145 2455 2512 2534 hujusmodi
2567 2459 2926 2538 scriptores,
2988 2461 3098 2539 qui
3156 2461 3391 2522 lberias
3451 2462 3783 2524 naniasli-

2144 2554 2273 2614 bris
2304 2555 2683 2617 authenticis
2724 2558 3092 2636 praferunt,
3144 2577 3260 2620 nec
3310 2559 3623 2639 judicium
3677 2562 3789 2621 Ec-

2144 2651 2347 2713 clesia
2418 2653 2530 2713 Dei
2600 2672 2938 2716 suorumve
3014 2657 3384 2735 pontificum
3461 2658 3785 2719 nobiscum

2145 2756 2611 2813 consectantur.

2226 2848 2492 2911 Matrem
2524 2850 2804 2911 omnium
2838 2851 3287 2926 Ecclesiarum,
3347 2853 3469 2929 cui,
3528 2862 3785 2917 auctore

2144 2950 2295 3020 Deo,
2357 2948 2651 3026 prasedit
2704 2950 3064 3029 Gregorius,
3094 2951 3353 3012 'catera
3408 2970 3627 3013 omnes
3673 2957 3789 3014 La-

2145 3045 2294 3105 tina
2348 3051 2580 3105 secuta
2637 3052 2806 3120 sunt,
2851 3065 3080 3108 novam
3141 3067 3219 3109 ex
3275 3048 3540 3110 Hebrao
3569 3050 3790 3111 editio-

2145 3160 2285 3202 nem
2320 3142 2786 3222 Scripturarum
2837 3142 3269 3224 suscipientes,
3330 3165 3404 3207 eo
3463 3148 3633 3226 quod
3688 3148 3788 3208 in-

387 3241 967 3323 Hieronymianam.
1044 3243 1202 3300 Nam
1262 3237 1406 3298 licet
1465 3255 1683 3298 omnes
1736 3236 2103 3307 EcclesiaC
2143 3244 2238 3299 ter
2266 3258 2485 3300 omnes
2540 3240 2728 3319 longe
2784 3248 3136 3320 prastaret.
3187 3243 3530 3305 Clariorem
3561 3245 3791 3305 essein

387 3341 620 3406 Christi
649 3340 886 3421 primas
941 3341 1154 3417 partes
1212 3335 1558 3396 tribuerent
1611 3334 1706 3395 illi
1762 3334 2030 3394 transla-

392 3439 569 3510 tioni,
629 3455 820 3518 quam
869 3436 948 3497 de
994 3433 1275 3495 fontibus
1306 3432 1626 3494 Hebraicis
1681 3432 2029 3493 derivatam

387 3543 717 3611 noverant,
795 3539 1055 3614 propter
1109 3531 1550 3611 antiquitatem
1610 3537 1823 3592 tamen
1876 3531 2029 3592 Vul-

387 3643 555 3715 gata
586 3633 821 3697 Italica
852 3630 1176 3705 versionis,
1212 3628 1553 3690 noluerunt
1580 3648 1838 3710 prorsus
1896 3634 2028 3689 stu-

386 3735 559 3796 dium
619 3733 698 3794 ab
756 3731 975 3792 eadem
1038 3730 1344 3809 abjicere,
1403 3735 1588 3790 caute
1643 3727 2029 3807 pedetentim

387 3833 604 3895 omnia
646 3830 970 3900 facientes,
1008 3834 1076 3889 ut
1129 3828 1301 3909 quod
1358 3826 1745 3903 senescebat,
1806 3831 2030 3904 suapte

387 3932 467 3993 ad
520 3929 843 3991 interitum
901 3926 1165 3987 veniret.
1223 3927 1419 3987 Usum
1451 3930 1661 3986 autem
1702 3923 2030 4002 utriusque

383 4029 625 4091 Latina
679 4023 1215 4106 interpretationis
1268 4022 1484 4084 docuit
1538 4041 1652 4083 nos
1693 4022 1829 4101 ipse
1883 4025 2031 4081 Gre-

383 4127 597 4205 gorius
625 4129 897 4203 Magnus
931 4121 1198 4202 epistola
1226 4120 1635 4194 dedicatoria,
1686 4120 1815 4180 sive
1870 4137 2031 4198 pra-

383 4225 620 4285 t'atione
669 4220 1003 4284 Moralium
1060 4218 1523 4299 expositionum
1584 4218 1648 4278 in
1705 4216 1881 4290 Job;
1942 4217 2030 4277 ait

387 4320 554 4381 enim
614 4319 695 4380 ad
749 4319 940 4378 ﬁnem
983 4334 998 4378 :
1060 4317 1302 4377 Novam
1360 4335 1500 4376 vero
1548 4314 2026 4375 translationem

381 4417 650 4495 dissero,
709 4414 822 4475 sed
876 4420 944 4474 ut
990 4413 1514 4495 comprobationis
1571 4433 1761 4473 causa
1798 4412 2023 4493 exigit,

381 4535 547 4576 nunc
602 4533 852 4586 novam,
914 4532 1080 4572 nunc
1155 4516 1409 4571 veterem
1474 4519 1587 4593 per
1670 4510 2027 4571 testimonia

2140 3337 2369 3415 verbis,
2427 3355 2501 3398 ac
2557 3339 2943 3401 veraciorem
3001 3340 3066 3400 in
3151 3342 3501 3416 sententiis,
3576 3344 3794 3405 nullus

2141 3435 2547 3513 antiquorum
2607 3455 2839 3515 negare
2896 3438 3068 3499 visus
3123 3445 3253 3499 est:
3317 3439 3483 3500 unde
3513 3439 3794 3519 legimus

2141 3532 2311 3611 apud
2359 3533 2670 3594 Isidorum
2730 3535 3163 3613 Hlspalensem
3223 3536 3331 3597 lib.
3394 3555 3414 3597 ι
3469 3538 3549 3599 de
3605 3539 3787 3600 Ofﬁc.

2140 3629 2310 3691 Eccl.
2344 3649 2482 3709 cap.
2522 3635 2594 3692 12
2622 3648 2636 3690 :
2668 3630 2768 3691 De
2796 3630 3064 3693 Hebraeo
3121 3639 3324 3693 autem
3374 3634 3440 3694 in
3488 3635 3791 3696 Latinum

2140 3727 2453 3808 eloquium
2506 3731 2932 3790 tantummodo
2994 3729 3425 3802 Hieronymus
3466 3733 3794 3815 presbyter

2140 3846 2357 3886 sacras
2421 3826 2786 3909 Scripturas
2857 3829 3194 3889 convertit:
3260 3829 3443 3910 cujus
3504 3831 3786 3892 editione

2138 3925 2525 4004 generaliter
2632 3945 2843 3986 omnes
2943 3926 3242 3989 Ecclesia
3351 3949 3794 4011 usquequaque

2141 4028 2430 4102 utuntur,
2448 4032 2566 4105 pro
2594 4042 2661 4084 eo
2692 4024 2860 4104 quod
2889 4025 3168 4085 veracior
3197 4026 3285 4085 sit
3314 4027 3380 4086 in
3430 4028 3787 4107 sententiis,

2140 4125 2199 4179 et
2245 4119 2486 4180 clarior
2541 4120 2609 4180 in
2640 4120 2867 4182 verbis.
2898 4124 3051 4183 Cum
3088 4123 3230 4185 talis
3259 4124 3448 4186 fuerit
3484 4125 3796 4205 interpre—

2138 4217 2294 4278 tatio
2352 4218 2739 4297 Hieronymi,
2791 4226 2859 4280 ut
2916 4219 3234 4281 deﬁnitiva
3266 4222 3638 4301 pronuntiat
3687 4223 3797 4284 Isi-

2139 4316 2356 4390 dorus,
2392 4316 2618 4376 mirum
2650 4317 2801 4396 quid
2862 4323 2977 4393 est,
3036 4319 3087 4379 si
3145 4325 3415 4381 veterem
3472 4321 3800 4382 obscurio—

2137 4432 2267 4474 rem
2301 4414 2365 4474 in
2426 4415 2654 4487 verbis,
2715 4416 2777 4476 in
2838 4417 3164 4477 sententiis
3222 4436 3349 4478 non
3407 4419 3565 4479 adeo
3618 4437 3802 4480 vera-

2138 4529 2272 4572 cem
2333 4530 2553 4573 omnes
2625 4513 2919 4573 Ecclesia
3004 4513 3472 4592 repudiarint?
3522 4519 3612 4577 De
3670 4536 3800 4579 usu

390 4633 681 4674 assumo:
715 4616 785 4672 ut
808 4610 959 4692 quia
988 4609 1165 4670 sedes
1197 4608 1539 4690 apostolica
1595 4609 1727 4689 (cui
1781 4614 2030 4668 auctore
2060 4610 2106 4675 D
2138 4608 2350 4687 itaque
2437 4609 2945 4688 Hieronymiana
3017 4610 3451 4672 translationis
3526 4620 3800 4692 recepto

381 4711 518 4773 Deo
523 4709 866 4793 praesideo)
897 4713 1161 4787 utraque
1190 4706 1413 4781 utitur,
1450 4706 1572 4766 mei
1626 4726 1865 4786 quoque
1926 4705 2029 4766 la-

383 4809 494 4871 bor
547 4807 753 4869 studii
805 4827 879 4867 ex
953 4811 1216 4885 utraque
1254 4803 1601 4877 fulciatur.
1673 4807 1793 4871 Pro
1851 4810 2027 4864 textu

388 4906 667 4970 habebat
720 4921 978 4980 novam,
1036 4903 1103 4964 id
1158 4909 1252 4964 est
1315 4901 1706 4982 Hieronymi,
1768 4902 2028 4962 transla-

382 5006 645 5081 tionem,
703 5003 785 5064 ad
860 5001 1042 5082 cujus
1122 5006 1368 5061 tantum
1443 4999 2024 5080 comprobationem

378 5109 557 5164 vetus
587 5099 714 5162 alia
743 5099 824 5160 ab
877 5118 951 5160 eo
1010 5097 1459 5177 usurpabatur.
1508 5101 1827 5165 Quantum
1876 5115 2027 5158 vero

378 5197 782 5265 auctoritatis
842 5197 1217 5258 attribueret
1274 5194 1779 5274 Hieronymiana
1837 5212 2027 5274 super

376 5301 628 5373 Italam,
689 5302 907 5376 aperte
963 5292 1309 5355 declaravit
1361 5291 1470 5352 lib.
1524 5310 1606 5352 xx
1656 5292 2021 5363 Moralium,

377 5419 516 5480 cap.
571 5399 673 5469 23,
733 5392 843 5475 ubi
896 5391 1291 5471 expositione
1342 5408 1456 5449 sua
1512 5390 1679 5451 hunc
1735 5390 1883 5452 Jobi
1939 5391 2026 5452 lo-

381 5515 523 5557 cum
555 5494 870 5556 illustrat:
920 5487 1219 5549 Mutatus
1251 5506 1315 5546 es
1346 5485 1506 5546 mihi
1562 5486 1627 5547 in
1683 5486 2019 5566 crudelem,

382 5598 441 5652 et
472 5593 539 5653 in
570 5587 816 5651 duritia
848 5606 1072 5649 manus
1130 5591 1249 5646 tua
1279 5584 1641 5645 aduersaris
1698 5583 1858 5644 mihi
1885 5583 2023 5663 (job

378 5706 531 5766 xxx,
564 5687 949 5769 2|).Longe,
982 5686 1214 5767 inquit,
1262 5682 1338 5745 ab
1393 5681 1510 5744 hac
1564 5682 1869 5744 sententia
1923 5704 2021 5743 ve-

2135 4707 2303 4784 apud
2352 4724 2571 4767 omnes
2644 4707 2976 4781 Ecclesiae,
3065 4708 3223 4769 adeo
3309 4714 3606 4769 constans
3692 4718 3799 4772 est

2135 4803 2409 4881 Gregorii
2498 4821 2571 4863 ac
2654 4804 2876 4864 lsidori
2960 4805 3341 4880 testificatio,
3403 4813 3471 4867 ut
3528 4807 3792 4881 frustra,

2135 4901 2303 4980 quod
2362 4900 2553 4961 Italos
2628 4919 2702 4961 ac
2786 4902 3096 4982 Hispanos
3180 4909 3445 4983 spectat,
3506 4904 3791 4985 idipsum

2134 4998 2402 5059 aliorum
2460 4997 2835 5078 scriptorum
2890 5000 3217 5060 sententiis
3295 5000 3791 5063 atﬁrmaremus.

2132 5097 2231 5157 Ad
2261 5102 2573 5158 nostrates
2602 5096 2797 5175 igitur
2826 5097 3295 5177 properandum
3345 5104 3461 5172 est,
3513 5099 3663 5178 quia
3720 5098 3802 5158 ﬂ-

2134 5196 2275 5255 dem
2337 5194 2524 5256 etiam
2579 5195 2900 5257 Gallorum
2968 5195 3252 5275 postulat
3331 5196 3634 5258 articulus
3695 5214 3800 5258 se-

2133 5311 2352 5373 quens.

2212 5393 2283 5453 V.
2344 5390 2649 5452 Gallicani
2704 5391 2993 5453 Psalterii
3054 5410 3287 5453 nomen
3318 5392 3462 5454 tulit
3501 5392 3800 5454 Psalmo—

2131 5506 2271 5549 rum
2330 5487 2488 5549 liber
2541 5488 2620 5548 ab
2677 5488 3058 5570 Hieronymo
3105 5490 3335 5550 iterum
3371 5491 3791 5566 emendatus,

2138 5587 2478 5665 aditusque
2510 5603 2651 5647 cum
2687 5587 2885 5649 obelis
2912 5593 2973 5649 et
3029 5586 3381 5659 asteriscis;
3448 5588 3570 5649 hoc
3627 5605 3793 5651 vero

2129 5685 2383 5749 nomine
2464 5685 2779 5766 appellata
2864 5691 2957 5747 est
3030 5685 3340 5766 posterior
3395 5686 3505 5748 illa
3582 5686 3791 5749 editio
