4060 6190
283 426 345 480 77

279 670 466 715 omnes
532 652 801 731 primum
861 652 1262 716 discesserint
1303 657 1384 717 ab
1439 678 1554 720 usu
1614 665 1890 726 Romani

279 750 553 822 Psalterii,
583 750 713 810 sive
762 751 985 812 veteris
1043 752 1214 814 illius
1269 755 1564 818 editionis
1616 761 1881 838 Latinae,

278 868 437 929 quam
492 850 704 909 Romae
736 849 977 928 positus
1034 850 1456 932 Hieronymus
1517 875 1750 935 magna
1808 880 1886 922 ex

274 956 425 1028 parte
450 954 823 1009 correxerat.
859 948 1016 1010 Hinc
1046 957 1257 1012 autem
1306 953 1387 1013 ad
1445 955 1715 1032 gloriam
1773 964 1885 1022 Ec-

271 1046 566 1107 clesiarum
622 1051 982 1106 nostrarum
1035 1048 1327 1109 cumulus
1404 1053 1667 1127 accedit,
1756 1075 1881 1118 non

270 1147 443 1206 solum
496 1164 571 1205 ex
598 1161 672 1207 eo
727 1146 897 1223 quod
956 1164 989 1206 e
1048 1148 1298 1209 duobus
1330 1152 1700 1215 Psalterium
1735 1175 1882 1235 per-

268 1243 459 1304 fectius
525 1242 902 1303 retinuerint
955 1260 968 1317 ;
1025 1244 1135 1305 sed
1222 1248 1499 1310 maxime
1558 1252 1707 1329 quia
1766 1274 1877 1315 usu

267 1341 539 1421 psallendi
592 1340 659 1399 in
735 1340 1072 1402 Gallicanis
1148 1345 1438 1407 Ecclesiis
1527 1349 1878 1414 celebratus

265 1447 342 1501 est
408 1439 484 1499 ab
537 1438 803 1518 antiquo
861 1458 997 1500 aevo
1058 1440 1216 1502 liber
1272 1443 1379 1505 ille
1454 1447 1871 1525 Psalmorum,

265 1555 420 1617 quem
449 1555 584 1597 cum
616 1536 760 1597 aliis
818 1535 996 1599 libris
1051 1542 1373 1602 canonicis
1422 1544 1683 1622 publico
1741 1554 1874 1609 tan-

265 1636 380 1696 dem
433 1634 681 1695 decreto
739 1635 1031 1712 probavit
1117 1642 1509 1703 meumenica
1591 1646 1872 1722 synodus

264 1731 614 1793 Tridentina.
676 1733 928 1804 Quanta
1009 1752 1199 1813 porro
1256 1738 1446 1800 fuerit
1542 1742 1870 1821 diligentia

263 1836 571 1891 nostratem
655 1830 720 1891 in
802 1830 1215 1895 describenda
1302 1835 1498 1899 hocce
1560 1840 1867 1903 Psalterio

264 1946 377 1989 cum
402 1927 678 1989 astericis
704 1932 769 1989 et
823 1929 1040 2004 obelis,
1074 1949 1203 2041 non
1260 1932 1513 2041 aliunde
1564 1942 1861 2041 testatum
1893 1976 1940 2041 Β

262 2027 532 2100 volumus,
592 2046 785 2107 quam
843 2047 923 2089 ex
976 2029 1224 2092 infinita
1305 2034 1488 2113 copia
1573 2037 1862 2099 codicum

262 2144 379 2186 mss.
429 2126 533 2205 qui
588 2145 733 2188 cum
798 2127 1030 2189 talibus
1087 2129 1594 2193 distinctionibus
1650 2154 1866 2216 super-

260 2232 380 2285 sunt
430 2242 621 2303 usque
680 2223 870 2285 hodie
928 2226 990 2286 in
1037 2228 1378 2290 Gallicanis
1433 2231 1858 2296 bibliothecis.

262 2325 320 2383 In
344 2321 505 2384 Italia
532 2340 663 2382 non
692 2322 782 2382 ita
812 2323 1162 2398 abundant,
1196 2332 1258 2386 et
1318 2346 1637 2408 perpauca
1692 2333 1860 2411 apud

259 2439 380 2481 suos
425 2420 733 2481 invenisse
780 2439 847 2482 se
904 2422 1291 2501 exemplaria
1347 2427 1582 2488 fatetur
1639 2431 1862 2492 doctus

257 2519 417 2579 Carus
467 2517 820 2597 praesbyter
863 2518 1220 2598 theologus,
1306 2523 1415 2602 qui
1494 2524 1856 2588 inchoatam

253 2617 403 2677 nobis
429 2616 595 2677 dedit
648 2615 988 2676 editionem
1045 2619 1336 2680 Psalterii
1375 2621 1859 2702 Hieronymiani

251 2733 367 2775 cum
417 2734 605 2794 supra
666 2713 850 2775 dictis
904 2715 1236 2777 obelorum
1294 2724 1356 2780 et
1413 2724 1855 2786 asteriscorum

250 2813 432 2889 signis.
462 2815 612 2885 Nos,
645 2813 1196 2891 praestantissimos
1225 2815 1289 2876 id
1338 2836 1536 2895 genus
1583 2840 1655 2882 ac
1712 2842 1854 2903 per-

251 2912 442 2972 multos
469 2910 718 2972 codices
748 2929 897 2971 mss.
939 2914 1281 2985 consecuti,
1344 2918 1699 2996 supplenda
1754 2939 1857 2982 cu-

249 3010 485 3070 ravimus
539 3028 685 3088 quas
742 3009 958 3070 deesse
1004 3010 1382 3074 videbantur
1466 3016 1531 3076 in
1579 3019 1854 3080 editione

252 3110 492 3170 Romana
521 3109 689 3172 Cari.
724 3110 805 3168 At
861 3109 939 3170 de
997 3109 1099 3171 his
1153 3111 1298 3173 vide
1352 3114 1518 3176 infra
1570 3117 1853 3179 admoni-

248 3208 440 3267 tionem
468 3214 753 3268 nostram
784 3207 846 3266 in
910 3214 1248 3288 utrumque
1296 3212 1671 3276 Psalterium
1719 3221 1851 3280 Ro-

246 3323 460 3365 manum
491 3310 554 3366 et
584 3304 1002 3366 Gallicanum.

304 3402 625 3465 Galliarum
666 3403 977 3464 Ecclesias
1033 3423 1346 3468 summam
1401 3412 1840 3475 auctoritatem

241 3500 489 3562 tribuisse
529 3519 714 3562 novre
765 3519 843 3561 ex
898 3502 1164 3565 Hebraeo
1219 3506 1638 3583 translationi,
1699 3530 1843 3573 con-

233 3597 393 3673 jicere
443 3601 626 3661 nobis
683 3599 829 3660 licet
885 3618 962 3662 ex
1018 3601 1130 3663 illo
1160 3623 1298 3677 usu,
1335 3624 1521 3685 quem
1556 3623 1840 3673 conslan~

238 3703 310 3757 ter
356 3700 705 3760 retinebant
763 3699 828 3759 in
885 3700 1192 3763 Psalterio
1242 3703 1431 3783 juxta
1466 3709 1615 3770 LXX
1646 3712 1838 3772 Inter-

236 3803 406 3872 pretes
482 3796 823 3858 emendato
882 3799 1337 3876 posterioribus
1393 3806 1559 3866 curis
1613 3808 1834 3870 Hiero-

236 3895 393 3969 nymi.
450 3895 608 3954 Nam
681 3912 793 3954 cur
872 3894 937 3955 in
1016 3901 1150 3958 toto
1251 3918 1374 3960 non
1458 3904 1832 3983 reciperent,

237 3992 370 4065 quod
404 3992 465 4051 in
521 3991 815 4073 partibus
874 3998 1049 4054 tanto
1106 3996 1316 4057 studio
1367 4005 1834 4080 susceperant?

237 4088 336 4149 Hoc
384 4099 491 4164 est,
552 4091 611 4152 si
640 4091 1030 4170 exemplaria
1086 4097 1421 4158 emendata
1449 4099 1529 4159 ad
1590 4103 1833 4164 Grmcas

235 4184 767 4268 interpretationes,
853 4210 995 4270 quas
1082 4195 1339 4273 prOpius
1448 4198 1834 4262 accedebant

234 4286 597 4351 Hebraeorum
666 4290 1007 4364 codicibus,
1064 4311 1293 4371 magno
1323 4296 1532 4357 studio
1592 4307 1832 4361 nostra-

233 4388 304 4445 tes
341 4393 793 4468 susceperunt:
856 4395 1095 4467 quanta
1151 4396 1448 4470 putamus
1508 4396 1829 4460 voluntate

232 4484 526 4547 adhaesisse
577 4505 687 4547 eos
743 4487 1067 4548 Hebraicis
1126 4489 1397 4565 veritati,
1432 4500 1671 4571 quanta
1711 4496 1822 4575 ju-

229 4583 504 4646 cunditate
535 4585 613 4645 de
645 4585 820 4646 fonte
850 4585 1182 4663 purissimo
1242 4588 1534 4651 haustam
1593 4612 1825 4673 aquam

229 4679 488 4744 ebibissel
546 4684 779 4746 Verum
842 4702 917 4745 ne
974 4685 1354 4765 conjecturis
1414 4694 1660 4753 tantum
1718 4713 1826 4755 no-
1857 4713 1904 4777 D

226 4778 339 4839 stris
381 4788 738 4843 astruamus
795 4782 1157 4862 opinionem
1213 4785 1291 4845 de
1350 4806 1462 4846 usu
1521 4791 1828 4873 Hierony-

226 4876 413 4939 mianze
442 4880 874 4941 translationis
902 4882 1072 4960 apud
1127 4882 1368 4957 Gallos,
1430 4888 1603 4948 testis
1658 4907 1831 4952 acce-

223 4972 309 5034 dat
380 4976 641 5040 idoneus
719 4978 1083 5058 Stephanus
1150 4980 1349 5043 abbas
1404 4984 1830 5050 Cisterciensis

221 5075 515 5148 secundus,
551 5075 660 5155 qui
728 5095 861 5137 rem
920 5083 1203 5139 nostram
1263 5080 1450 5158 plane
1509 5085 1823 5149 conﬁciat.

220 5168 263 5225 ls
285 5170 460 5247 igitur
516 5173 711 5234 verbo
768 5180 959 5253 atque
988 5176 1280 5255 exemplo
1309 5197 1423 5238 suo
1456 5179 1659 5257 docet,
1722 5205 1829 5247 ve-

220 5268 379 5328 terem
464 5271 758 5331 Latinam
814 5270 1399 5353 interpretationem
1471 5280 1823 5357 neglectam

217 5359 371 5425 fuisse
416 5367 587 5446 apud
639 5373 969 5442 nostrates,
1026 5376 1286 5449 propter
1343 5390 1597 5448 novam,
1632 5398 1821 5457 quam

215 5458 360 5522 Italae
411 5466 707 5525 eemulam
764 5465 1087 5544 objecerat
1150 5469 1597 5551 Hieronymus.
1660 5481 1823 5539 Nam

212 5555 496 5641 descripta
552 5581 874 5625 sacrorum
931 5565 1278 5627 Bibliorum
1325 5573 1714 5650 exemplaria
1744 5580 1821 5638 ad

214 5669 359 5717 usum
415 5678 548 5721 sum
602 5663 1129 5741 cungregationis,
1191 5683 1333 5726 cum
1385 5668 1637 5748 aliquot
1666 5674 1825 5737 locis

214 5754 599 5820 redundantia
649 5777 723 5822 ac
768 5778 991 5839 parum
1047 5780 1326 5827 consona
1386 5767 1824 5852 Hieronymia-

896 504 907 509 ἒ
1635 429 2248 507 paomcousm.

270 556 434 635 iam.
484 553 658 624 LXX,
717 554 888 633 quod
945 555 1296 619 Galliarum
1357 561 1657 623 Ecclesiae
1725 565 1890 627 inter
1916 579 2099 645 Arias
2148 581 2418 645 versioni
2477 591 2830 668 reperisset,

3575 475 3657 534 78

2876 593 3047 659 illico
3094 599 3373 665 offensus
3430 604 3539 688 huj
3552 627 3656 669 us-

2003 675 2174 736 modi
2215 679 2508 756 dissidiis,
2544 693 2605 747 et
2659 691 2997 755 collatione
3052 698 3222 761 facta
3277 675 3652 769 Latinoi‘um

1998 787 2140 832 cum
2190 776 2469 841 Hebraeis
2528 785 2839 861 codicum,
2904 794 3223 858 eradenda
3280 805 3341 859 et
3398 800 3653 865 oblitte-

1996 872 2194 933 randa
2225 875 2423 939 voluit
2477 879 2543 940 in
2600 899 2714 943 suo
2744 885 3033 950 Historiae
3081 893 3308 957 divinae
3367 916 3643 978 apogra-

1993 966 2122 1044 pho
2179 990 2576 1057 quacunque
2616 981 2837 1044 abesse
2896 985 3270 1052 dicebantur
3337 966 3427 1054 in.
3461 966 3637 1061 {date

1996 1068 2323 1148 Hebraico,
2363 1096 2477 1139 nec
2533 1083 2741 1159 posita
2798 1085 3055 1148 vidisset
3110 1094 3279 1170 apud
3337 1096 3639 1179 Hierony-

1993 1182 2186 1228 mum.
2244 1172 2556 1252 Insignior
2606 1187 2699 1241 est
2752 1182 2928 1244 locus
2988 1204 3180 1265 quam
3234 1196 3305 1251 ut
3359 1211 3396 1252 a
3452 1196 3634 1258 nobis

1987 1270 2532 1348 praetermittatur,
2567 1284 2677 1338 aut
2733 1297 2811 1340 ex
2868 1301 2944 1343 eo
3000 1284 3222 1348 lectori
3253 1289 3494 1369 aliquid
3525 1295 3635 1355 de-

1986 1370 2223 1439 pereat.
2260 1370 2487 1431 Totum
2520 1375 2788 1453 proinde
2822 1383 3268 1460 transcribum,
3321 1391 3635 1466 quemad-

1987 1461 2235 1523 modum
2321 1485 2525 1549 nuper
2566 1473 2774 1535 editus
2829 1483 2923 1539 est
2979 1498 3018 1541 a
3074 1483 3319 1545 Domno
3391 1487 3637 1551 Joanne

1984 1556 2355 1660 litabillonio
2384 1567 2464 1626 ad
2495 1569 2734 1633 calcem
2796 1578 2948 1636 tom.
2982 1579 3065 1642 IV
3110 1598 3376 1660 operum
3431 1586 3635 1648 sancti

1979 1654 2283 1721 Bernardi
2310 1663 2430 1725 col.
2465 1683 2531 1728 χι
2564 1674 2626 1729 et
2655 1687 2765 1733 xu.

1977 1826 2249 1875 CBNSL'RA
2340 1834 2632 1883 STEPHANI
2729 1839 2990 1889 ABBATIS
3063 1847 3495 1898 CISTERCIENSIS
3575 1856 3623 1903 II

2310 1914 2387 1958 ΒΕ
2429 1917 2687 1971 ALIQUOT
2727 1922 2888 1969 LOCIS
2932 1926 3277 1974 BIBLIORUM.

2056 2052 2281 2116 frater
2307 2058 2681 2141 Stephanus,
2742 2065 2911 2127 Novi
2965 2069 3350 2135 Monasterii
3404 2076 3615 2155 abbas,

1972 2155 2032 2208 et
2048 2157 2466 2231 praesentibus
2521 2167 2580 2221 et
2614 2165 2875 2240 futuris
2930 2169 3128 2229 servis
3156 2170 3285 2232 Dei
3325 2173 3615 2254 salutem,

1973 2246 2166 2310 Hanc
2219 2252 2581 2319 Historiam
2637 2262 2908 2323 scribere
2951 2266 3370 2349 disponentes,
3460 2273 3624 2334 inter

1962 2349 2278 2430 plurimos
2335 2356 2557 2439 libros,
2617 2382 2773 2443 quos
2831 2365 2909 2425 de
2960 2367 3234 2430 diversis
3311 2370 3623 2435 Ecclesiis

1969 2455 2518 2536 congregavimus,
2606 2465 2676 2519 ut
2730 2464 3101 2527 veraciorem
3200 2488 3617 2550 sequeremur,

1970 2545 2035 2605 in
2066 2552 2390 2628 quemdam
2436 2559 2571 2629 fere
2626 2558 2702 2619 ab
2759 2562 3045 2624 omnibus
3095 2566 3360 2629 multum
3419 2571 3623 2632 disso-

1969 2655 2214 2709 nantem
2249 2652 2646 2735 impegimus.
2684 2658 2771 2718 Et
2826 2662 2977 2741 quia
3036 2664 3219 2725 illum
3268 2668 3614 2748 pleniorem

1966 2749 2210 2808 caeteris
2259 2750 2630 2835 invenimus,
2674 2758 2887 2835 ﬁdem
2946 2761 3006 2820 ei
3055 2767 3608 2848 accommodantes,

1965 2845 2127 2906 hanc
2183 2848 2571 2929 Historiam,
2631 2858 2970 2919 secundum
3026 2863 3196 2941 quod
3253 2864 3319 2924 in
3400 2867 3606 2928 eodem

1964 2944 2130 3006 libro
2187 2946 2558 3030 invenimus,
2615 2954 3009 3036 scripsimus.
3098 2959 3245 3038 Qua
3324 2963 3600 3045 digesta,

1963 3063 2085 3103 non
2116 3045 2355 3106 modice
2410 3048 2487 3109 de
2541 3051 2943 3116 dissonantia
2973 3056 3416 3122 Historiarum
3473 3068 3609 3124 tur-

1963 3140 2096 3201 bati
2150 3164 2410 3205 sumus:
2469 3149 2619 3228 quia
2679 3150 2795 3211 hoc
2808 3154 3007 3235 plena
3063 3157 3241 3218 docet
3290 3161 3479 3240 ratio,
3541 3167 3611 3223 ut

1961 3241 2131 3319 quod
2168 3241 2244 3302 ab
2302 3264 2423 3304 uno
2483 3246 2833 3330 interprete,
2871 3251 3161 3315 videlicet
3212 3255 3383 3319 beato
3441 3258 3611 3320 Hie-

1879 3339 1921 3405 C
1961 3358 2237 3414 ronymo,
2298 3361 2473 3422 quem
2533 3347 2770 3406 caeteris
2829 3349 3270 3433 interpretibus
3328 3356 3606 3437 omissis,

1952 3443 2262 3497 nostrates
2294 3438 2679 3523 iamjamque
2707 3456 3126 3529 susceperant,
3180 3452 3257 3511 de
3287 3473 3408 3513 uno
3464 3454 3609 3515 He-

1950 3531 2172 3594 braicze
2223 3537 2510 3597 veritatis
2564 3547 2739 3609 fonte
2795 3546 3176 3607 translatum
3234 3555 3348 3630 est,
3408 3571 3598 3612 unum

1947 3629 2162 3691 debeat
2203 3653 2449 3696 sonare.
2509 3636 2676 3698 Sunt
2731 3646 2935 3702 tamen
2992 3645 3248 3725 quidam
3350 3647 3590 3710 Veteris

1959 3728 2332 3791 Testamenti
2390 3732 2566 3814 libri,
2599 3739 2712 3817 qui
2767 3760 2888 3799 non
2946 3743 3024 3801 de
3079 3742 3420 3827 Hebraico,
3480 3750 3593 3808 sed

1944 3826 2021 3885 de
2058 3826 2414 3890 Cbaldaico
2444 3852 2722 3893 sermone
2751 3835 2827 3897 ab
2857 3839 3062 3899 eodem
3121 3847 3333 3903 nostro
3391 3844 3587 3904 inter-

1942 3931 2109 4005 prete
2167 3933 2316 3986 sunt
2371 3929 2722 3991 translati:
2780 3934 2929 4013 quia
2986 3936 3082 3997 sic
3131 3960 3232 3999 eos
3262 3941 3432 4022 apud
3467 3940 3592 4009 ,[ιιο

1942 4023 2109 4083 daeos
2163 4024 2418 4105 invenit,
2452 4028 2619 4089 sicut
2648 4031 2899 4113 ipsemet
2950 4035 3016 4094 in
3072 4037 3358 4118 Prologo
3405 4046 3592 4120 super

1940 4123 2213 4185 Daniele
2242 4126 2488 4207 scribit,
2525 4150 2755 4210 nosque
2786 4133 2936 4194 illos
2983 4135 3150 4197 sicut
3207 4143 3453 4198 caeteros
3514 4138 3592 4200 li-

1942 4221 2085 4282 bros
2107 4225 2446 4285 secundum
2478 4227 2613 4302 ejus
2644 4230 3121 4293 translationem
3170 4237 3581 4319 suscepimus.

1947 4319 2127 4381 Unde
2183 4341 2295 4381 nos
2352 4323 2617 4385 multum
2671 4327 2747 4386 de
2810 4329 3137 4392 discordia
3222 4340 3582 4395 nostrorum

1938 4418 2268 4500 librorum,
2302 4442 2455 4502 quos
2513 4424 2589 4485 ab
2621 4447 2742 4487 uno
2784 4427 3115 4513 interprete
3169 4435 3578 4516 suscepimus,

1937 4518 2346 4599 admirantes,
2366 4520 2626 4588 fudaos
2656 4528 2957 4605 quosdam
3014 4531 3080 4590 in
3135 4552 3252 4592 sua
3306 4532 3590 4615 Scriptu-

1939 4636 2011 4674 ra
2053 4617 2301 4697 peritos
2331 4619 2669 4701 adivimus,
2703 4644 2776 4683 ac
2832 4626 3331 4707 diligentissime
3361 4630 3591 4711 lingua

1936 4711 2221 4774 Romana
2253 4715 2701 4796 inquisivimus
2733 4720 2809 4779 de
2866 4724 3152 4785 omnibus
3212 4725 3351 4787 illis
3413 4727 3593 4787 Scri-

1933 4815 2272 4891 pturarum
2331 4813 2511 4894 locis,
2544 4815 2608 4875 in
2638 4817 2867 4897 quibus
2898 4820 3028 4882 illae
3066 4829 3281 4904 partes
3332 4830 3393 4884 et
3452 4847 3594 4885 ver-

1939 4928 2073 4986 sus,
2107 4930 2262 4989 quos
2294 4911 2359 4970 in
2392 4914 2697 4993 praedicto
2754 4923 2969 4979 nostro
3026 4922 3367 5005 exemplari
3417 4924 3591 4983 inve-

1938 5005 2281 5085 niebamus,
2318 5014 2376 5067 et
2401 5009 2527 5079 iam
2588 5012 2653 5071 in
2707 5012 2823 5073 hoc
2877 5025 3052 5097 opere
3110 5026 3324 5080 nostro
3357 5021 3591 5081 insere—

1940 5101 2178 5179 bamus,
2213 5126 2485 5187 quosque
2517 5108 2581 5167 in
2612 5109 2767 5170 aliis
2807 5112 3027 5174 multis
3079 5115 3405 5179 Historiis
3463 5118 3589 5177 La-

1939 5201 2095 5261 tinis
2172 5203 2654 5267 inveniebamus.
2728 5208 2864 5287 Qui
2918 5233 3065 5273 suos
3124 5214 3324 5276 libros
3371 5215 3592 5296 plures

1936 5318 2144 5358 coram
2205 5301 2384 5361 nobis
2470 5304 2865 5381 revolventes,
2928 5317 2987 5370 et
3018 5312 3082 5371 in
3114 5312 3272 5373 locis
3303 5312 3443 5372 illis
3481 5311 3593 5371 ubi

1935 5416 2037 5455 eos
2068 5398 2471 5478 rogabamus,
2505 5400 2887 5467 Hebraicam
2945 5411 3077 5471 sive
3160 5409 3582 5469 Chaldaicam

1941 5496 2339 5577 Scripturam
2402 5498 2707 5562 Romanis
2790 5506 2993 5566 verbis
3047 5507 3227 5567 nobis
3283 5515 3594 5589 exponen-

1937 5597 2048 5671 tes,
2098 5600 2319 5676 partes
2391 5598 2487 5658 vel
2544 5621 2781 5683 versus,
2835 5613 2953 5686 pro
3011 5604 3237 5685 quibus
3297 5606 3597 5667 turbaba-

1935 5711 2097 5766 mur,
2134 5694 2388 5755 minime
2417 5705 2793 5779 repererunt.
2839 5700 2986 5780 Qua
3004 5710 3269 5786 propter
3328 5704 3599 5766 Hebrai-

1934 5810 2015 5851 cae
2045 5797 2228 5871 atque
2280 5792 2651 5858 Chaldaicav
2708 5800 2980 5880 veritati,
3012 5807 3072 5863 et
3120 5803 3341 5865 multis
3404 5803 3589 5865 libris
