4060 6190
335 432 414 493 79

1504 422 1833 485 PATRUM
1877 423 2586 487 BENEDICTINORUM

3660 426 3742 487 80

336 562 607 642 Latinis,
641 560 754 643 qui
782 558 900 621 illa
932 577 1053 619 non
1083 554 1409 635 habebant,
1468 557 1580 618 sed
1618 565 1741 639 per
1769 558 1978 619 omnia
2008 561 2061 627 Α
2091 560 2550 621 emendationis
2633 579 2863 639 genere
2919 560 3331 641 pramonitus
3380 580 3508 622 non
3579 568 3744 624 esset

338 660 583 723 duabus
613 658 753 720 illis
809 655 1062 735 linguis
1118 652 1604 729 concordabant,
1662 655 1982 716 credentes
2093 657 2171 717 ab
2228 658 2364 736 ipso
2422 657 2825 738 Hieronymo,
2886 660 2995 737 qui
3040 659 3270 736 sapius
3324 658 3740 722 inculcatJu-

341 761 549 823 omnia
571 757 690 819 illa
715 754 1041 837 superﬂua
1051 762 1327 835 prorsus
1371 752 1749 834 abrasimus,
1810 754 1985 815 velu-
2094 755 2265 815 daos
2321 774 2457 815 esse
2511 756 3019 833 interrogandos,
3075 763 3138 816 et
3182 757 3574 818 diversarum
3636 778 3742 818 ur-

343 859 397 920 ti
425 859 490 920 in
521 855 739 917 multis
770 851 965 932 lzujus
995 850 1153 912 libri
1180 851 1339 912 locis
1381 856 1654 933 apparet,
1717 857 1776 911 et
1817 859 1984 933 pras-

342 957 517 1037 cipue
548 954 612 1012 in
643 950 833 1013 libris
863 950 1135 1030 Regum,
1197 948 1305 1009 ubi
1352 948 1556 1028 major
1594 957 1756 1030 pars
1812 969 1988 1009 erro-

343 1054 438 1114 ris
470 1048 919 1112 inveniebatur.
972 1047 1163 1109 Nunc
1216 1068 1356 1108 vero
1415 1067 1644 1121 omnes,
1707 1047 1822 1128 qui
1876 1046 1991 1107 hoc

344 1150 628 1212 volumen
704 1152 854 1207 sunt
928 1144 1177 1222 lecturi,
1264 1165 1590 1226 rogamus,
1688 1150 1990 1225 quatenus

345 1246 526 1309 nullo
583 1245 765 1307 modo
814 1243 1155 1326 praedictas
1168 1248 1413 1325 partes,
1473 1243 1570 1304 vel
1624 1263 1839 1303 versus
1892 1263 1996 1302 su-

338 1346 625 1429 perﬂuos
654 1342 804 1403 lzuic
857 1341 1030 1409 operi
1082 1340 1356 1423 amplius
1385 1340 1770 1421 adjungant.
1815 1339 1989 1400 Satis

348 1443 511 1504 enim
544 1442 709 1502 lucet
736 1441 803 1501 in
859 1438 1087 1521 quibus
1116 1439 1275 1500 locis
1329 1444 1528 1518 erant,
1584 1439 1733 1519 quia
1766 1459 1992 1498 rasura

340 1538 714 1625 pergameni
773 1538 985 1598 eadem
1044 1537 1181 1598 loca
1235 1557 1357 1597 non
1413 1536 1594 1597 celat.
1656 1535 1998 1597 Interdicio

353 1658 491 1700 mus
519 1637 703 1698 etiam
734 1634 1114 1696 auctoritate
1140 1633 1270 1695 Dei
1297 1640 1356 1693 et
1412 1639 1639 1695 nostrae
1701 1633 1996 1713 Congre-

351 1734 661 1817 gationis,
687 1753 761 1793 ne
789 1732 931 1813 quis
962 1731 1127 1792 hunc
1182 1730 1440 1810 librum,
1501 1751 1732 1811 magno
1788 1729 1999 1791 labore

339 1837 788 1917 praeparatum,
870 1829 1192 1891 inhoneste
1248 1835 1539 1909 tractare,
1600 1829 1696 1890 vel
1752 1828 1997 1909 ungula

2094 853 2267 913 bium
2304 854 2636 932 magistros
2693 854 3136 928 consulendos,
3197 855 3246 913 si
3305 855 3455 934 quid
3512 856 3576 915 in
3630 875 3746 917 sua

2097 969 2261 1011 nova
2290 951 2367 1010 de
2400 951 2661 1012 llebrao
2720 952 3132 1013 translatione
3192 971 3444 1014 movere
3499 955 3747 1014 contin-

2098 1055 2230 1126 gat.
2263 1050 2358 1109 Ita
2390 1049 2773 1109 laudabilem
2838 1057 3202 1111 sanctorum
3259 1051 3538 1111 virorum
3600 1070 3749 1130 ope-

2099 1165 2234 1206 ram
2291 1164 2364 1205 ac
2413 1146 2801 1224 diligentiam
2868 1148 3237 1208 temeritatis
3295 1167 3590 1208 accusare
3622 1170 3749 1210 non

2101 1251 2196 1306 est
2254 1247 2489 1306 veritus
2544 1244 2652 1306 ille
2709 1251 2955 1319 auctor,
3018 1247 3128 1324 qui
3182 1245 3557 1324 religionem
3614 1250 3749 1308 Ste-

2103 1342 2301 1420 phani
2358 1342 2456 1421 pie
2515 1341 2724 1422 potius
2781 1343 3070 1404 venerari
3153 1342 3499 1416 debuisset,
3557 1362 3750 1423 quam

2102 1440 2167 1500 in
2190 1457 2332 1500 eum
2368 1446 2495 1501 tam
2531 1439 2725 1500 libere
2777 1458 2956 1500 suam
3012 1457 3306 1501 exercere
3362 1440 3747 1502 facundiam.

2106 1537 2265 1609 Quid
2322 1537 2488 1597 enim
2544 1537 2828 1615 peccavit
2884 1536 3244 1617 Stephanus
3327 1538 3754 1600 Cisterciensis

2102 1634 2174 1694 in
2204 1634 2635 1696 emaculaudis
2689 1635 2883 1695 sacris
2936 1634 3361 1698 voluminibus
3410 1654 3622 1697 errore
3677 1636 3753 1696 li-

2105 1734 2460 1794 brariorum
2522 1732 2873 1811 interpolis,
2963 1734 3015 1793 si
3067 1733 3420 1794 Cassiodori
3504 1733 3756 1813 regulas

2106 1838 2358 1893 secutus
2396 1831 2524 1891 sit?
2572 1831 2980 1892 Cassiodorus
3040 1832 3208 1892 enim
3262 1831 3357 1892 vir
3412 1832 3757 1893 eruditissi—

354 1952 472 1993 sua
520 1939 634 2013 per
687 1929 1073 2011 scripturam
1132 1927 1228 1988 vel
1284 1927 1637 2007 marginem
1694 1927 1834 2002 eius
1889 1925 2086 1991 ali-B
2121 1946 2280 2001 mus,
2314 1945 2455 1987 cum
2489 1928 2744 1988 doceret
2799 1926 2961 1987 libro
3011 1927 3088 1987 de
3147 1928 3547 1989 Institutione
3604 1928 3757 1988 (11νὶ-

354 2029 513 2112 quid
541 2033 757 2089 notare
779 2031 1142 2109 praesumat.

435 2126 851 2189 Luculentum
911 2125 1071 2185 adeo
1135 2124 1340 2185 sancti
1399 2123 1518 2184 viri
1574 2123 2005 2185 testimonium

359 2243 481 2286 nos
510 2223 591 2285 ad
622 2221 780 2283 alias
810 2221 1216 2301 probationes
1273 2238 1399 2281 non
1456 2220 1605 2281 sinit
1645 2220 1818 2281 abire
1869 2241 1883 2278 :
1921 2219 2009 2279 di-

361 2327 525 2384 serte
555 2321 723 2381 enim
780 2336 913 2380 rem
944 2318 1337 2398 propositam
1372 2318 1735 2398 explicavit,
1776 2315 2010 2378 Gallos

364 2418 611 2481 scilicet
681 2422 993 2478 nostrates
1041 2416 1331 2476 Latinam
1390 2436 1421 2474 e
1457 2418 1646 2493 fonte
1695 2413 2014 2475 Hebraico

365 2516 701 2578 editionem
752 2513 1136 2583 Hieronymi
1175 2513 1573 2594 jamjamque
1618 2513 2011 2594 suscepisse:

370 2620 618 2676 caeteros
702 2633 843 2673 vero
922 2632 1131 2673 omnes
1190 2611 1556 2693 interpretes
1624 2610 2011 2693 repudiasse.

368 2714 722 2776 Galliarum
776 2712 970 2792 igitur
997 2712 1293 2773 Ecclesia
1333 2713 1789 2791 Hieronymum
1847 2709 2020 2770 velut

363 2810 693 2894 proprium
764 2809 1161 2892 interpretem
1246 2809 1695 2889 suscipiebant,
1781 2814 1845 2869 et
1913 2807 2022 2886 qui

371 2910 450 2971 ad
508 2909 921 2970 Hebraorum
979 2908 1226 2970 codices
1281 2907 1656 2969 adornatam
1712 2910 2022 2967 noverant

369 3008 572 3069 sancti
601 3007 888 3068 Doctoris
945 3006 1449 3079 translationem,
1473 3013 1590 3087 per
1620 3004 1829 3065 omnia
1880 3002 2018 3063 He-

372 3103 596 3165 braica
650 3109 837 3184 atque
901 3102 1275 3164 Chaldaicae
1348 3102 1602 3163 veritati
1674 3102 2016 3178 credentes,

372 3200 652 3282 superﬂa
708 3219 981 3281 quaque
1036 3220 1113 3262 ex
1171 3200 1312 3262 aliis
1393 3199 2021 3279 interpretationibus

2112 2043 2334 2086 narum
2390 2025 2764 2085 Litterarum
2795 2043 2936 2104 cap.
2990 2026 3088 2099 15,
3147 2024 3281 2086 Sub
3334 2044 3457 2105 qua
3513 2024 3756 2086 cautela

2114 2122 2318 2203 relegi
2374 2120 2590 2182 debeat
2617 2121 2880 2182 caelestis
2925 2125 3293 2202 auctoritas,
3326 2124 3417 2184 ita
3445 2123 3767 2202 conceptis

2116 2221 2291 2281 verbi
2323 2221 2659 2299 pracipit:
2721 2218 2972 2297 Quibus
3002 2219 3312 2301 possibile
3343 2220 3579 2297 fuerit,
3639 2219 3773 2281 He-

2124 2317 2350 2379 braam
2406 2317 2829 2399 Scripturam,
2890 2316 2985 2378 vel
3025 2317 3163 2392 eius
3218 2317 3500 2378 doctores
3558 2319 3773 2400 requi-

2123 2436 2260 2476 rere
2280 2435 2403 2476 non
2441 2415 2804 2475 detrectent.
2863 2414 3059 2475 Decet
3111 2415 3299 2489 enim,
3346 2421 3414 2476 ut
3471 2416 3635 2476 unde
3692 2416 3777 2476 ad

2134 2533 2246 2573 nos
2300 2513 2468 2572 venit
2523 2512 2834 2572 salutaris
2893 2512 3253 2592 translatio,
3318 2513 3465 2574 inde
3549 2514 3774 2575 iterum

2130 2610 2343 2672 redeat
2397 2610 2621 2670 decora
2668 2610 2991 2672 correctio.
3048 2611 3208 2672 Hinc
3263 2611 3464 2691 liquet
3519 2631 3556 2672 a
3603 2612 3779 2674 nullo

2128 2709 2584 2781 damnandam,
2643 2708 2752 2769 sed
2783 2707 3166 2769 laudandam
3202 2709 3410 2788 potius
3441 2710 3522 2777 ab
3580 2709 3779 2770 omni-

2128 2808 2248 2867 bus
2294 2806 2543 2867 abbatis
2598 2806 3031 2867 Cisterciensis
3079 2806 3496 2885 diligentiam,
3542 2825 3669 2887 qua
3696 2806 3778 2868 ad

2130 2911 2399 2965 statutas
2458 2905 2537 2965 ab
2593 2903 2732 2982 ipso
2790 2904 3175 2984 Hieronymo
3235 2905 3507 2984 regulas,
3570 2905 3779 2967 varios

2130 3002 2418 3063 codicum
2477 3020 2737 3062 suorum
2796 3020 3039 3063 errores
3128 3002 3326 3064 voluit
3429 3002 3777 3064 emendari.

2129 3099 2250 3161 Sed
2281 3099 2357 3159 de
2382 3098 2480 3159 his
2511 3098 2634 3159 alio
2665 3099 2806 3161 loco
2837 3099 3249 3161 commodius.

2210 3208 2312 3268 Vl.
2364 3206 2710 3267 Ecclesiam
2768 3207 3150 3269 catholicam
3207 3207 3464 3287 publico
3523 3206 3778 3268 decreto

374 3296 658 3360 derivata
733 3297 800 3359 in
884 3315 1099 3359 sacros
1183 3296 1430 3359 codices
1486 3292 1834 3358 Bibliorum
1880 3295 2022 3356 imis
2054 3295 2096 3363 C
2137 3303 2694 3384 Hieronymianam
2785 3305 3072 3365 Latinam
3130 3305 3609 3367 translationem
3667 3322 3787 3364 au-

384 3396 544 3458 ceris
600 3395 1055 3459 obliterabant.
1114 3395 1273 3457 Hinc
1327 3401 1506 3457 tanta
1577 3395 1764 3456 nobis
1846 3393 2029 3474 copia

382 3493 845 3573 exemplarium
949 3493 1224 3556 Canonis
1307 3494 1633 3555 Hebraica
1723 3492 2026 3565 veritatis,

381 3610 524 3671 qua
555 3592 619 3652 in
666 3591 1072 3653 Bibliothecis
1103 3593 1487 3653 Francorum
1544 3592 1782 3652 adhuc.
1817 3609 2029 3671 super-

383 3694 551 3750 sunt.
585 3690 871 3769 Quinque
926 3689 1026 3750 vel
1092 3708 1199 3750 sex
1255 3689 1621 3769 hujusmodi
1671 3688 2030 3768 antiquissi-

386 3804 523 3848 mos
581 3786 828 3848 codices
884 3787 1134 3849 Hebrai
1180 3786 1471 3858 Canonis,
1514 3787 1858 3849 Latinitate
1915 3787 2028 3848 do-

381 3890 566 3945 natos
594 3884 675 3945 ab
725 3884 1129 3964 Hieronymo,
1167 3884 1655 3964 suppeditarunt
1710 3883 1891 3945 nobis
1947 3884 2029 3945 ad

380 3989 753 4062 prasentem
785 3983 1125 4045 editionem
1166 3983 1505 4045 Gallicana
1560 3983 1972 4045 Bibliotheca
2008 4002 2022 4044 :

380 4098 523 4141 cum
565 4097 681 4142 nec
734 4081 993 4142 unicum
1053 4081 1381 4161 exemplar
1435 4081 1701 4143 inveniri
1752 4082 2029 4161 potuerit

378 4177 443 4238 in
474 4178 613 4239 aliis
643 4178 1027 4258 regionibus,
1062 4178 1171 4240 ubi
1204 4187 1416 4240 tamen
1458 4179 1774 4241 innumeri
1804 4198 2024 4260 super-

381 4292 516 4337 esse
545 4276 844 4338 dicuntur
890 4277 1137 4339 codices
1183 4277 1426 4339 Latina
1484 4278 1822 4356 Vulgata;
1883 4296 2023 4356 qua

379 4371 658 4451 quidem,
688 4373 806 4434 etsi
862 4373 1316 4454 Hieronymum
1361 4374 1643 4436 habebat
1698 4381 2023 4436 auctorem

382 4471 581 4533 multa
611 4477 826 4533 tamen
857 4472 1086 4535 retinet
1142 4473 1414 4535 admista
1467 4474 1545 4535 de
1599 4474 1737 4535 aliis
1795 4474 2026 4535 editio-

378 4570 588 4644 nibus,
620 4576 683 4632 et
710 4570 850 4631 hac
905 4571 1119 4632 omnia
1175 4577 1478 4652 tanquam
1522 4573 1845 4652 superﬂua
1892 4592 2025 4633 era-

2136 3402 2482 3463 thenticam
2564 3402 2940 3475 declarasse,
3026 3402 3344 3482 huiusque
3423 3419 3605 3463 usum
3662 3400 3787 3461 sibi

2136 3499 2477 3574 vindicare,
2556 3500 2956 3561 consentiunt
3018 3518 3237 3561 omnes
3291 3500 3390 3561 vel
3443 3498 3784 3560 mediocri-

2138 3603 2233 3659 ter
2286 3596 2476 3658 docti.
2534 3602 2905 3677 Quanquam
2965 3598 3131 3658 enim
3187 3598 3250 3657 in
3282 3596 3541 3675 vulgata
3569 3614 3784 3657 sacro—
3836 3658 3841 3661 .

2137 3714 2276 3756 rum
2307 3695 2647 3756 Bibliorum
2708 3695 2982 3756 editione
3036 3695 3266 3756 Latina
3322 3695 3566 3774 aliquot
3614 3694 3782 3755 inte-

2135 3793 2232 3872 gri
2277 3792 2420 3853 libri
2451 3794 2677 3854 retenti
2706 3794 2832 3853 sint
2861 3811 2937 3854 ex
2970 3793 3236 3871 antiqua
3291 3793 3403 3853 illa
3465 3792 3777 3864 versione,

2135 3909 2279 3970 qua
2310 3910 2423 3952 usu
2481 3891 2809 3952 obtinebat
2866 3897 3014 3951 ante
3070 3890 3575 3969 Hieronymum:
3638 3907 3780 3950 ma-

2135 3989 2306 4050 xima
2336 3996 2546 4049 tamen
2581 4007 2727 4068 pars
2758 3989 2998 4049 Veteris
3024 3988 3414 4049 'l‘estamenti
3445 4005 3604 4066 pura
3661 4006 3786 4065 pu-

2137 4094 2201 4148 ta
2256 4093 2350 4148 est
2378 4086 2815 4165 interpretatio
2846 4104 3036 4164 quam
3086 4104 3120 4145 e
3167 4085 3446 4146 fontibus
3500 4083 3781 4145 Hebrais

2135 4183 2317 4245 nobis
2346 4183 2543 4244 edidit
2599 4183 2868 4244 eximius
2906 4183 3013 4243 ille
3069 4182 3315 4244 doctor.
3377 4182 3533 4242 Huic
3587 4182 3783 4260 igitur

2135 4281 2643 4361 Hieronymiana
2698 4280 3119 4354 translationi,
3206 4278 3531 4359 adjunctis
3606 4278 3791 4339 Itala

2134 4377 2423 4446 partibus
2461 4377 2863 4459 quibusdam,
2916 4384 2975 4437 et
3030 4378 3097 4438 in
3145 4398 3334 4437 unum
3391 4376 3587 4437 veluti
3642 4396 3788 4436 cor-

2126 4486 2248 4560 pus
2302 4482 2615 4558 compacta
2664 4483 2948 4556 utraque,
2983 4475 3275 4555 efﬂoruit
3336 4472 3784 4553 Vulgatailla,

2133 4595 2267 4655 qua
2320 4592 2487 4634 nunc
2540 4574 2860 4633 omninum
2915 4578 3199 4632 versatur
3227 4569 3538 4646 manibus,
3567 4567 3795 4649 quam-

378 4667 587 4729 denda
614 4668 680 4728 in
709 4667 1033 4730 codicibus
1091 4668 1597 4750 Hieronymiana
1660 4668 2093 4732 translatio-D
2124 4693 2245 4754 qua
2318 4676 2653 4753 perpetuus
2729 4675 2820 4731 tot
2902 4668 3269 4729 saeculorum
3358 4672 3416 4726 et
3488 4671 3789 4726 constans

378 4765 475 4826 nis
539 4767 902 4846 procuravit
931 4767 1288 4846 Stephanus
1328 4768 1525 4828 abbas
1574 4767 2018 4828 Cisterciensis.

459 4865 767 4926 Caterum
845 4884 973 4927 non
1029 4872 1125 4926 est
1180 4864 1371 4944 hujus
1424 4865 1547 4926 loci
1602 4865 1887 4943 linguam
1963 4871 2026 4926 et

377 4978 701 5022 sermones
781 4961 982 5022 critici
1038 4960 1368 5041 cujusdam
1425 4962 1749 5042 scriptoris
1816 4968 2027 5022 retun-

378 5058 545 5130 dere,
583 5058 684 5137 qui
748 5057 1008 5119 utilibus
1064 5064 1347 5120 veterum
1431 5077 1506 5120 ac
1574 5059 2023 5121 hodiernorum

378 5156 837 5219 monachorum
894 5156 1215 5218 laboribus
1264 5156 1572 5231 invidens,
1625 5155 2027 5236 comparitio-

375 5273 520 5317 nem
599 5254 880 5316 criminis
960 5254 1294 5315 adornavit
1368 5255 1668 5317 adversus
1729 5254 2023 5316 abbatem

381 5352 801 5433 Stephanum,
863 5352 1035 5432 quod
1088 5351 1457 5414 Judaorum
1516 5354 1850 5432 magistros
1897 5352 2027 5413 adi-

375 5451 586 5526 visset,
648 5458 718 5512 ut
776 5469 852 5511 ex
909 5448 1231 5510 codicibus
1287 5450 1566 5512 Hebraeis
1598 5450 1907 5530 judicium
1939 5450 2026 5509 fa-

375 5554 578 5627 ceret,
637 5566 935 5628 quanam
1019 5547 1350 5609 retinenda
1405 5556 1613 5610 essent
1665 5549 1730 5608 in
1790 5549 2026 5608 Latinis

379 5662 701 5707 sacrorum
751 5646 1097 5708 Bibliorum
1157 5645 1647 5726 exemplaribus,
1733 5664 2024 5725 quanam

377 5759 528 5804 vero
559 5744 929 5822 castiganda
975 5743 1075 5807 vel
1155 5744 1574 5824 amputanda.
1609 5744 1800 5814 Quasi
1827 5745 1893 5807 in
1950 5762 2025 5805 eo

2133 4789 2287 4830 usus
2343 4769 2428 4828 ad
2470 4788 2582 4829 nos
2632 4766 3011 4827 transmisit.
3068 4769 3160 4829 Ita
3209 4771 3356 4826 ante
3386 4783 3501 4825 nos
3547 4764 3785 4825 scribe-

2133 4868 2243 4928 bat
2297 4873 2520 4927 auctor
2594 4866 2822 4926 eruditi
2870 4864 3015 4924 libri
3057 4864 3136 4924 de
3191 4860 3790 4940 Clarislnterpreti-

2132 4966 2273 5027 bus.
2332 4966 2464 5025 Hoc
2509 4964 2716 5041 ipsum
2775 4962 2990 5023 docuit
3044 4961 3258 5023 Sixtus
3338 4961 3411 5033 V,
3497 4958 3779 5038 pontifex

2137 5063 2474 5124 maximus.
2508 5061 2889 5122 Prafatione
2921 5060 3180 5139 pralixa
3210 5058 3432 5120 Bibliis
3462 5057 3610 5129 suis,
3671 5055 3782 5115 ubi

2131 5160 2421 5239 Vulgata
2454 5158 2748 5220 editionis
2777 5157 3219 5219 auctoritatem
3278 5154 3652 5235 pradicans,
3701 5152 3783 5213 de

2132 5258 2309 5320 libris
2332 5259 2393 5318 in
2426 5277 2501 5318 ea
2529 5257 2838 5318 contentis
2891 5254 3063 5315 hunc
3120 5255 3185 5315 in
3247 5253 3506 5315 modum
3565 5250 3771 5311 disse-

2135 5355 2291 5416 ruit:
2333 5353 2468 5432 Qui
2496 5372 2758 5433 namque
2795 5352 2861 5413 in
2892 5372 2960 5412 ea
3018 5351 3176 5413 libri
3229 5350 3629 5412 continentur
3682 5348 3785 5426 (ut

2133 5473 2170 5512 a
2229 5450 2575 5530 majoribus
2623 5450 2862 5510 nostris
2917 5450 3105 5530 quasi
3141 5457 3263 5530 per
3318 5467 3539 5508 manus
3596 5442 3775 5505 nobis

2135 5548 2440 5609 traditum
2471 5548 2586 5628 est)
2617 5547 2843 5607 retenti
2897 5552 3047 5607 sunt
3087 5545 3330 5627 partim
3395 5565 3468 5604 ex
3504 5560 3785 5603 commu-

2135 5645 2204 5706 ni
2258 5651 2315 5705 et
2376 5646 2823 5727 antiquissima
2886 5645 3156 5726 quadam
3199 5643 3474 5703 editione
3526 5638 3782 5714 Latina,

2133 5764 2318 5824 quam
2366 5749 2620 5805 sanctus
2678 5742 3108 5819 Hieronymus
3158 5738 3500 5821 Vulgatam
3545 5735 3785 5799 editio-
