4060 6190
302 310 368 369 81
1686 318 2300 386 PROLEGUMENA.
3139 351 3142 354 ‘
3611 336 3688 394 82

302 478 442 530 nem,
476 456 683 517 beatus
713 460 1130 539 Augustinus
1162 461 1418 541 Italam,
1449 471 1705 524 sanctus
1762 465 1930 526 Gre-
1961 451 2014 518 Α
2046 455 2356 517 habeatur
2409 459 2470 518 in
2529 477 2690 536 pura
2737 463 2799 519 et
2856 477 2978 518 non
3014 460 3276 522 confusa
3322 460 3688 543 Hieronymi

297 557 504 636 gorius
533 565 786 618 veterem
835 560 1314 621 translationem
1370 565 1708 644 appellant,
1746 587 1928 646 quam

2043 555 2455 616 translatione
2494 555 2822 617 Hebraica.
2882 557 3214 617 Decretum
3266 559 3483 639 itaque
3537 579 3688 622 con-

298 661 527 714 sanctus
559 656 778 715 itidem
810 658 1228 738 Augustinus
1292 662 1534 721 caeteris
1591 683 1725 742 qum
1785 670 1910 723 tum

2040 653 2164 712 cilii
2212 655 2559 714 'l‘ridentini
2621 654 2696 713 de
2743 654 3016 715 editione
3076 662 3138 716 et
3186 675 3298 716 usu
3359 677 3682 721 sacrorum

290 753 558 833 plurimae
590 755 655 812 in
690 775 806 814 usu
837 762 1038 835 erant,
1073 757 1259 817 etiam
1278 760 1738 839 praeferendam
1795 782 1930 821 cen-

295 849 427 927 suit,
475 849 642 930 quod
670 857 829 910 esset
857 852 1178 913 verborum
1207 855 1486 915 tenacior
1515 877 1651 916 cum
1683 859 1927 939 perspi-

293 947 499 1006 cuitate
528 949 842 1008 sententia
877 971 888 1009 :
916 952 1152 1032 partim
1183 973 1256 1010 ex
1302 955 1508 1012 sancti
1546 953 1928 1024 Hieronymi

292 1047 685 1108 translatione
709 1049 804 1109 vel
833 1052 1258 1112 emendatione
1287 1054 1524 1114 adsciti
1533 1059 1745 1131 fuere,
1790 1057 1924 1136 qui-

291 1143 389 1204 bus
418 1145 650 1206 idcirco
691 1153 965 1227 quantus
1013 1148 1213 1209 honor
1267 1151 1640 1219 deferendus
1698 1153 1805 1231 sit,
1868 1154 1923 1213 is

279 1243 466 1321 facile
494 1245 831 1326 intelligit,
863 1249 977 1328 qui
1004 1269 1212 1308 eorum
1238 1251 1597 1332 interpretis
1627 1252 1700 1311 di
1700 1253 1924 1332 gnita-

289 1348 389 1400 tem
419 1343 732 1422 agnoscit,
791 1351 909 1406 etc.
978 1349 1059 1408 Ut
1116 1365 1263 1409 vero
1341 1356 1613 1410 mentem
1692 1351 1922 1410 summi

287 1441 574 1518 pontiﬁcis
629 1441 864 1502 habeat
898 1451 1314 1522 perspectam,
1374 1447 1628 1507 adverte
1659 1448 1922 1526 diligen-

290 1543 370 1596 ter
409 1537 723 1598 Canonem
755 1539 1076 1601 Hebraicaa
1111 1543 1412 1616 veritatis,
1449 1563 1574 1604 uno
1606 1547 1918 1606 Psalterio

285 1639 545 1712 excepto,
609 1639 813 1695 totum
874 1638 1135 1716 reperiri
1218 1639 1279 1698 in
1363 1641 1638 1718 Vulgata
1697 1642 1917 1702 Latina

284 1749 405 1789 cum
435 1729 680 1791 duobus
706 1732 964 1811 insuper
999 1735 1209 1796 Tobiae
1239 1743 1302 1796 et
1362 1738 1584 1798 Judith
1645 1739 1914 1799 volumi-

2039 753 2390 828 Librorum,
2453 753 2517 812 in
2573 751 2846 812 sessione
2901 760 3128 831 quarta
3185 756 3682 834 promulgatum,

2038 849 2115 907 ad
2159 847 2713 928 Hicronymianam
2775 850 3047 911 maxime
3103 858 3346 930 spectat
3401 855 3674 916 transla-

2038 947 2307 1021 tionem;
2360 949 2508 1026 quia
2566 947 2844 1008 maxima
2914 966 3060 1026 pars
3110 950 3349 1010 Veteris
3398 969 3470 1012 ac
3525 953 3681 1014 Novi

2034 1048 2444 1122 Testamenti,
2497 1051 2685 1126 prout
2716 1046 2934 1106 Latine
2965 1045 3134 1106 edita
3164 1054 3254 1108 est
3295 1048 3358 1108 in
3407 1049 3678 1128 Vulgata

2032 1143 2359 1216 hodierna,
2421 1150 2740 1205 auctorem
2800 1143 2994 1204 habet
3062 1147 3126 1204 S.
3187 1145 3668 1226 Hieronymum.

2033 1242 2200 1302 Nihil
2259 1243 2424 1303 enim
2477 1241 2673 1302 ofﬁcit
2725 1239 3084 1301 auctoritati
3152 1239 3431 1317 ejusdem
3487 1242 3679 1302 inter-

2031 1339 2422 1417 pretationis,
2472 1338 2640 1416 quod
2673 1356 2814 1397 cum
2846 1337 2956 1397 illa
2985 1341 3197 1415 partes
3226 1336 3471 1415 aliquot
3517 1338 3677 1398 Itala

2028 1439 2333 1498 versionis
2363 1454 2475 1517 pro
2505 1434 2884 1497 authenticis
2913 1433 3270 1494 habeantur
3299 1435 3362 1494 in
3395 1435 3676 1496 Ecclesia

2028 1538 2362 1608 catholica,
2444 1555 2582 1614 quae
2668 1535 2731 1594 in
2812 1552 2958 1594 suos
3054 1551 3203 1593 usus
3261 1532 3522 1593 adhibet
3578 1551 3675 1594 ve-

2029 1645 2222 1698 terem
2256 1636 2549 1696 Latinum
2604 1633 3039 1712 interpretem,
3099 1631 3206 1692 ubi
3263 1631 3404 1692 silet
3458 1633 3674 1694 Hiero-

2026 1754 2278 1815 nymus,
2353 1734 2417 1793 in
2493 1731 2832 1810 Scripturis
2909 1729 3103 1790 sacris
3181 1729 3671 1810 interpretandis

284 1826 464 1901 nibus,
540 1829 619 1888 de
676 1829 1015 1891 Chaldaico
1101 1832 1164 1891 in
1250 1834 1541 1894 Latinum
1603 1821 2246 1897 conversisBdoctor
2295 1831 2431 1912 ejus
2514 1829 2846 1889 maximus.
2907 1830 3085 1888 Nunc
3138 1845 3289 1906 ergo
3344 1828 3665 1886 decretum

285 1925 349 1984 ab
377 1926 587 1987 eodem
632 1928 925 1990 Ecclesiae
993 1930 1321 1992 catholicae
1383 1933 1724 2012 interprete
1783 1954 1914 1995 ma-

285 2023 454 2084 ximo.
519 2027 840 2087 Prazterea
898 2027 1090 2088 habes
1154 2029 1217 2088 in
1269 2029 1464 2090 libros
1510 2033 1908 2094 Psalmorum

287 2123 671 2198 posteriorem
706 2125 1210 2187 emendationem
1274 2128 1665 2208 Hieronymi,
1719 2149 1910 2209 quam

285 2219 400 2298 ipse
427 2221 618 2282 edidit
675 2241 817 2282 cum
880 2224 1072 2302 signis
1129 2226 1569 2287 asteriscorum
1631 2235 1692 2289 et
1759 2229 1913 2290 obe-

288 2315 490 2389 lorum,
523 2337 664 2379 eam
703 2338 952 2399 nempe,
987 2341 1174 2400 quam
1236 2330 1300 2384 et
1355 2344 1469 2384 nos
1526 2325 1914 2386 restituimus

288 2413 339 2472 in
367 2416 632 2476 secunda
692 2426 870 2495 parte
943 2419 1130 2497 hujus
1185 2419 1422 2481 Divina:
1481 2422 1909 2484 Bibliothecae.

293 2511 509 2590 Reliqui
539 2533 765 2576 omnes
795 2517 938 2577 libri
967 2521 1373 2580 Instrumenti
1399 2522 1641 2582 Veteris
1698 2530 1911 2583 reten-

285 2607 323 2666 ti
349 2617 478 2670 sunt
506 2630 578 2673 ex
612 2613 723 2673 illa
744 2614 1006 2694 antiqua
1030 2617 1323 2695 Vulgata,
1360 2637 1500 2696 quae
1539 2619 1910 2680 Communis

287 2707 368 2766 vel
397 2707 626 2769 Italica
656 2711 828 2772 dicta
886 2713 1275 2790 perhibetur.
1313 2717 1392 2776 Hi
1421 2724 1565 2776 sunt
1596 2718 1755 2778 liber
1785 2717 1910 2778 Ba—

283 2804 437 2880 rue/1,
467 2806 816 2888 Sapientia,
870 2808 1380 2887 Ecclesiasticus,
1443 2833 1515 2874 ac
1571 2816 1712 2876 libri
1761 2816 1910 2876 Ma-

283 2899 644 2964 chabaeorum
715 2907 964 2987 primus
1043 2915 1101 2968 et
1181 2912 1516 2973 secundus.
1555 2915 1912 2975 Nonnullae

280 3002 443 3061 etiam
527 3004 1066 3082 deprehendimus
1142 3011 1481 3070 sententias
1538 3029 1610 3071 ac
1696 3031 1912 3072 versus

280 3099 530 3178 integros
559 3121 596 3162 e
656 3104 844 3164 vituri
875 3105 984 3164 illa
1014 3105 1287 3168 editione
1316 3108 1380 3167 in
1441 3109 1632 3170 libros
1677 3111 1908 3188 praeci-

2021 1930 2451 2010 subjiciamus,
2485 1947 2612 2008 quo
2657 1925 3095 1988 auctoritatem
3155 1924 3666 2004 Hieronymianaa

2021 2028 2325 2090 versionis
2385 2027 2690 2088 sancitum
2768 2024 3035 2084 dicimus
3084 2023 3148 2082 in
3219 2022 3485 2083 concilio
3539 2019 3672 2082 Tri-

2023 2127 2280 2187 dentino
2338 2143 2488 2186 sess.
2549 2128 2624 2183 4:
2689 2121 2954 2203 Insuper
3008 2121 3217 2180 eadem
3273 2123 3672 2179 sacrosancta

2022 2223 2336 2302 Synodus,
2425 2221 2833 2281 considerans
2890 2239 3011 2278 non
3058 2227 3292 2299 parum
3369 2215 3674 2277 utilitatis

2022 2322 2307 2382 accedere
2332 2329 2522 2402 posse
2591 2317 2887 2378 Ecclesiae
2941 2316 3090 2395 Dei,
3151 2316 3211 2376 si
3263 2336 3336 2374 ex
3391 2313 3676 2375 omnibus

2022 2420 2274 2480 Latinis
2329 2415 2737 2489 editionibus,
2788 2435 2923 2496 qua
2974 2415 3497 2490 circumferentur
3571 2433 3680 2472 sa-

2022 2539 2269 2578 crorum
2325 2515 2678 2587 Librorum,
2713 2533 2990 2594 quaenam
3027 2521 3151 2594 pro
3177 2510 3536 2572 authentica
3567 2509 3677 2569 lia-

2022 2617 2219 2678 benda
2279 2616 2386 2693 sit,
2450 2615 2812 2684 innotescat,
2875 2611 3074 2671 statui
3122 2616 3181 2670 et
3237 2608 3546 2682 declarat,
3611 2614 3680 2668 ut

2022 2715 2149 2776 haec
2181 2715 2315 2796 ipsa
2372 2719 2544 2772 vetus
2593 2717 2652 2770 et
2695 2709 2958 2790 vulgata
3007 2709 3226 2785 editio,
3288 2727 3422 2788 quae
3479 2707 3676 2786 longo
3775 2793 3781 2798 _

2023 2820 2114 2874 tot
2171 2811 2540 2872 sucularum
2589 2829 2705 2869 usu
2764 2809 2828 2866 in
2880 2808 3016 2888 ipsa
3072 2806 3359 2866 Ecclesia
3415 2804 3676 2869 probata

2020 2918 2112 2971 est
2171 2912 2234 2970 in
2285 2908 2564 2991 publicis
2615 2905 3011 2976 lectionibus,
3104 2901 3670 2984 disputationibus,

2012 3006 2574 3092 prendicationibus
2651 3011 2710 3064 et
2787 3001 3306 3085 expositionibus,
3375 3009 3500 3082 pro
3558 3020 3672 3059 au-

2022 3107 2294 3167 tlzentica
2325 3105 2626 3165 habeatur
2657 3125 2674 3163 :
2706 3113 2766 3162 et
2823 3109 2891 3162 ut
2948 3122 3120 3162 nemo
3179 3100 3360 3160 illam
3417 3097 3675 3178 reficere

278 3215 380 3273 pue
433 3203 704 3278 Regum,
761 3201 953 3281 inque
984 3206 1324 3266 Proverbia
1386 3208 1742 3268 Salomonis
1800 3192 1980 3268 de-C
2021 3205 2239 3286 quovis
2283 3209 2591 3286 praetequ
2679 3201 2908 3262 audeat
2954 3199 3050 3259 vel
3113 3202 3479 3280 praesumat.
3541 3200 3676 3257 Hac

277 3294 523 3356 rivatos:
557 3317 721 3376 quos
758 3300 1013 3376 quidem
1076 3302 1222 3363 licet
1280 3323 1403 3363 non
1464 3305 1908 3366 admiserimus

275 3390 325 3449 in
371 3401 577 3455 nostra
637 3398 908 3458 Canonis
969 3399 1268 3474 editione,
1322 3419 1430 3461 eos
1486 3408 1697 3462 tamen
1754 3403 1908 3463 locis

285 3489 394 3550 suis
420 3491 537 3554 hoc
596 3494 764 3554 obeli
839 3502 898 3566 -Ξ-
952 3497 1132 3575 signo
1167 3499 1500 3577 marginali
1557 3500 1906 3578 designavi-

275 3607 416 3663 mul,
449 3600 514 3653 ut
545 3595 631 3655 ad
676 3595 784 3655 illa
817 3597 996 3675 signa
1027 3599 1224 3660 lector
1266 3601 1558 3661 intendus
1589 3601 1905 3678 intelligat

275 3687 395 3765 plus
420 3691 663 3771 aliquid
695 3693 931 3754 ibidem
991 3695 1209 3757 haberi
1237 3697 1301 3756 in
1359 3697 1654 3776 Vulgata,
1708 3717 1898 3778 quam

2015 3305 2339 3364 sanctione
2399 3300 2689 3362 Ecclesiae
2751 3298 3083 3360 catholicae
3116 3296 3492 3376 consignata
3519 3313 3672 3355 auc-

2015 3402 2238 3463 toritas
2295 3398 2726 3461 translationis
2811 3397 3346 3476 Hieronymianae,
3425 3393 3673 3472 piorum

2015 3500 2300 3562 omnium
2333 3500 2422 3560 ita
2470 3498 2714 3558 animos
2771 3495 3046 3569 incessit,
3109 3499 3180 3554 ut
3236 3493 3436 3554 eidem
3499 3509 3672 3552 com-

2016 3599 2390 3660 mandanda)
2466 3596 2818 3675 longiorem
2904 3592 3347 3673 probationem
3437 3591 3672 3650 frustra

2013 3697 2501 3777 postularemus.

1334 3940 2188 4036 PBOLEGOMEN
2199 3941 2369 4035 ON
2438 3941 2600 4033 III.

835 4093 922 4152 De
952 4091 1204 4152 Canone
1237 4093 1564 4154 Hebraicaa
1595 4094 1877 4156 veritatis
1909 4099 1970 4156 et
1999 4094 2268 4156 Scholiis
2295 4094 2579 4173 ejusdem
2612 4092 3089 4172 marginalibus.

272 4299 313 4357 Ι.
347 4300 518 4390 Quid
545 4301 778 4390 Canon
807 4303 1138 4390 Hebraicis
1167 4307 1473 4390 ueritatis.
1511 4307 1825 4390 IILHujus
1865 4307 2151 4368 Canouis
2182 4309 2420 4390 saepius
2439 4307 2718 4390 meminit
2737 4307 2877 4390 ipse
2905 4304 3356 4390 Hieronymus.
3393 4298 3660 4390 I_I_I."He-

340 4378 602 4481 braic’am
625 4385 946 4481 veritatem
983 4387 1187 4481 G'faegi
1215 4407 1290 4478 ae
1317 4389 1536 4481 I'Jatini
1563 4378 1789 4481 fatres
1815 4395 2190 4468 agnoscunt.
2229 4378 2329 4449 IV.
2363 4388 2463 4448 De
2491 4378 3278 4481 singulispartibushsive
3302 4379 3657 4481 ordinibus,

391 4462 603 4550 usdem
645 4463 954 4550 Curionis.
1111 4466 1410 4550 Dan_ielis
1442 4474 1500 4527 et
1545 4467 1837 4550 Est/ieris
1854 4462 2300 4528 additamenta
2323 4474 2558 4550 recepta
2583 4462 2726 4550 etum,
2753 4462 3308 4550 signisAobelorum
3337 4465 3407 4550 in
3448 4467 3661 4520 trans-

335 4481 362 4517 ζ’

337 4482 603 4597 e/usaem
645 4482 954 4529 canonis.
1013 4482 1076 4525 V.
1111 4482 1182 4526 ιλ

361 4543 622 4601 ationem
655 4543 1055 4614 Hieronymi.
1080 4548 1182 4607 Vl.

1224 4547 1536 4629 Quisnam
1555 4549 1763 4622 fuerit
1788 4555 2006 4609 auctor
2036 4545 2492 4629 marginaliuin
2523 4545 2905 4608 scholiorum
2943 4545 3252 4624 Canonis,
3285 4549 3342 4603 et
3378 4561 3657 4624 quaenam

336 4621 414 4678 sit
443 4621 820 4702 lmjusmodi
848 4621 1321 4686 adnotationum
1357 4621 1608 4687 utilitas
1637 4649 1709 4688 ac
1732 4629 2122 4710 praestantia.

337 4754 600 4815 Canonis
645 4756 973 4818 Hebraiczn
1031 4758 1314 4820 veritatis
1372 4761 1626 4822 nomine
1668 4761 1970 4828 intelli-D
2003 4768 2096 4822 est
2151 4761 2479 4840 catalogus
2553 4762 3020 4842 Scripturarum
3083 4757 3436 4819 divinarum
3513 4772 3653 4834 qua:

273 4853 454 4926 genda
499 4855 770 4916 veniunt
824 4857 1227 4920 instrumenti
1279 4861 1519 4920 Veteris
1574 4861 1898 4922 volumina

271 4947 466 5025 viginti
497 4953 652 5032 duo,
687 4973 830 5033 quae
860 4957 1167 5018 canonica
1215 4957 1533 5019 habentur
1562 4965 1690 5019 tam
1725 4959 1892 5038 apud

266 5045 497 5110 Iudaeos
527 5069 723 5129 quam
784 5053 955 5131 apud
1011 5054 1447 5130 Christianos;
1509 5075 1778 5136 quasque
1831 5057 1893 5116 in

267 5143 538 5205 Latinum
592 5148 910 5227 eloquium
945 5151 1024 5210 ab
1085 5151 1468 5232 Hieronymo
1507 5154 1683 5214 fuere
1742 5172 1892 5214 con-

265 5257 422 5303 versa
471 5245 667 5323 juxta
722 5247 910 5308 ﬁdem
983 5249 1393 5310 Hebraeorum
1454 5252 1755 5323 fontium,
1821 5270 1894 5311 ac

267 5335 496 5401 demum
559 5343 630 5402 in
688 5364 884 5406 unum
951 5347 1142 5407 veluti
1222 5365 1452 5426 corpus
1537 5354 1892 5428 compacta,

266 5445 493 5498 servato
551 5440 862 5504 librorum
894 5444 1113 5506 ordine
1144 5444 1398 5524 triplici,
1450 5453 1638 5526 prout
1674 5448 1738 5506 in
1797 5465 1896 5507 co-

266 5529 486 5597 dicibus
519 5538 934 5603 Hebrmorum
987 5561 1087 5603 res
1136 5543 1356 5622 posita;
1414 5544 1896 5605 inveniebantur

268 5633 532 5710 tempore
635 5640 835 5701 sancti
917 5639 1306 5719 Hieronymi.
1393 5645 1609 5704 Canon
1701 5643 1896 5720 igitur

2007 4860 2339 4921 Canonicaa
2389 4861 2814 4939 appellantur,
2849 4877 2924 4919 eo
2984 4858 3152 4939 quod
3209 4857 3271 4916 in
3347 4869 3651 4916 canonem

2007 4964 2154 5018 sunt
2252 4964 2547 5036 receptas,
2664 4974 3157 5038 supremumque
3269 4949 3656 5014 obtinuerint

2007 5055 2255 5115 culmen
2315 5056 2732 5128 auctoritatis,
2795 5074 2915 5116 non
2952 5055 3138 5114 modo
3171 5052 3250 5112 ad
3286 5067 3491 5112 mores
3519 5065 3655 5106 san-

2007 5159 2104 5213 cte
2163 5153 2619 5226 informandos,
2653 5154 2760 5214 sed
2809 5153 2889 5212 ad
2938 5149 3410 5229 comprobanda
3466 5144 3653 5205 etiam

2006 5250 2304 5330 quaalibet
2376 5251 2796 5312 ecclesiastica
2877 5251 3196 5328 dogmata.
3275 5248 3450 5306 Hanc
3504 5258 3654 5301 vero

2005 5349 2276 5410 Canonis
2306 5350 2472 5409 sacri
2525 5349 2845 5410 notionem
2909 5346 3181 5407 mutuati
3223 5359 3440 5404 sumus
3487 5357 3521 5398 e
3577 5337 3654 5396 li-

2003 5446 2120 5507 bro
2177 5447 2452 5507 secundo
2505 5447 2830 5526 Apologia
2914 5441 3276 5523 Hieronymi
3352 5437 3652 5498 adversus

2007 5544 2329 5615 Ruﬁnum,
2408 5544 2614 5621 deque
2672 5544 3049 5605 Prmfatione
3097 5539 3375 5619 ejusdem
3447 5533 3647 5596 sancti

2004 5641 2290 5702 Doctoris
2345 5641 2409 5702 in
2495 5643 2690 5704 libros
2763 5640 3140 5704 Salomonis.
3185 5639 3342 5698 Nam
3401 5632 3648 5702 Galeati
