  <div class='ocr_page' id='page_1' title='image "/cluster/home/n/w/nwhite01/storage/ocr_20150623/28/hvd.32044052824265/055.png"; bbox 0 0 4060 6190; ppageno 0'>
   <div class='ocr_carea' id='block_1_1' title="bbox 342 279 3751 349">
    <p class='ocr_par' dir='ltr' id='par_1_1' title="bbox 342 279 3751 349">
     <span class='ocr_line' id='line_1_1' title="bbox 342 279 3751 349; baseline 0.013 -27"><span class='ocrx_word' id='word_1_1' title='bbox 342 282 425 343; x_wconf 75' lang='lat'>33</span> <span class='ocrx_word' id='word_1_2' title='bbox 700 312 704 321; x_wconf 92' lang='lat'><em>.</em></span> <span class='ocrx_word' id='word_1_3' title='bbox 1514 280 1841 342; x_wconf 81' lang='lat' dir='ltr'><strong>PATRUM</strong></span> <span class='ocrx_word' id='word_1_4' title='bbox 1884 279 2588 349; x_wconf 76' lang='lat' dir='ltr'><em>BENEDICTINORUM</em></span> <span class='ocrx_word' id='word_1_5' title='bbox 3673 290 3751 349; x_wconf 72' lang='lat'><em>84</em></span> 
     </span>
    </p>
   </div>
   <div class='ocr_carea' id='block_1_2' title="bbox 343 415 3751 512">
    <p class='ocr_par' dir='ltr' id='par_1_2' title="bbox 343 415 3751 512">
     <span class='ocr_line' id='line_1_2' title="bbox 343 415 3751 512; baseline -0.002 -21"><span class='ocrx_word' id='word_1_6' title='bbox 343 429 615 512; x_wconf 81' lang='lat' dir='ltr'><em>prologi,</em></span> <span class='ocrx_word' id='word_1_7' title='bbox 648 430 757 492; x_wconf 90' lang='lat' dir='ltr'><em>ubi</em></span> <span class='ocrx_word' id='word_1_8' title='bbox 806 431 1215 492; x_wconf 79' lang='lat' dir='ltr'><em>Hebraeorum</em></span> <span class='ocrx_word' id='word_1_9' title='bbox 1249 429 1589 509; x_wconf 82' lang='lat' dir='ltr'><em>explicavit</em></span> <span class='ocrx_word' id='word_1_10' title='bbox 1643 430 1983 505; x_wconf 89' lang='lat' dir='ltr'><em>Canonem,</em></span> <span class='ocrx_word' id='word_1_11' title='bbox 2017 415 2068 482; x_wconf 87' lang='grc' dir='ltr'><strong>Α</strong></span> <span class='ocrx_word' id='word_1_12' title='bbox 2102 435 2208 489; x_wconf 61' lang='grc' dir='ltr'><em>νέων,</em></span> <span class='ocrx_word' id='word_1_13' title='bbox 2262 436 2397 496; x_wconf 73' lang='lat' dir='ltr'><em>quae</em></span> <span class='ocrx_word' id='word_1_14' title='bbox 2427 438 2549 480; x_wconf 78' lang='lat' dir='ltr'><em>non</em></span> <span class='ocrx_word' id='word_1_15' title='bbox 2579 426 2728 481; x_wconf 78' lang='lat' dir='ltr'><em>sunt</em></span> <span class='ocrx_word' id='word_1_16' title='bbox 2764 419 3126 494; x_wconf 68' lang='lat' dir='ltr'><em>Canonicce,</em></span> <span class='ocrx_word' id='word_1_17' title='bbox 3160 422 3272 482; x_wconf 87' lang='lat' dir='ltr'><em>sed</em></span> <span class='ocrx_word' id='word_1_18' title='bbox 3299 423 3601 483; x_wconf 81' lang='lat' dir='ltr'><em>dicuntur</em></span> <span class='ocrx_word' id='word_1_19' title='bbox 3628 420 3751 482; x_wconf 88' lang='lat' dir='ltr'><em>Ec-</em></span> 
     </span>
    </p>
   </div>
   <div class='ocr_carea' id='block_1_3' title="bbox 340 514 3750 608">
    <p class='ocr_par' dir='ltr' id='par_1_3' title="bbox 340 514 3750 608">
     <span class='ocr_line' id='line_1_3' title="bbox 340 514 3750 608; baseline 0.001 -30"><span class='ocrx_word' id='word_1_20' title='bbox 340 530 442 591; x_wconf 70' lang='grc' dir='ltr'><em>ωε</em></span> <span class='ocrx_word' id='word_1_21' title='bbox 533 529 738 590; x_wconf 65' lang='lat' dir='ltr'><em>verbis</em></span> <span class='ocrx_word' id='word_1_22' title='bbox 821 529 1189 590; x_wconf 59' lang='lat' dir='ltr'><em>recordatur</em></span> <span class='ocrx_word' id='word_1_23' title='bbox 1268 527 1333 588; x_wconf 76' lang='lat' dir='ltr'><em>in</em></span> <span class='ocrx_word' id='word_1_24' title='bbox 1444 528 1569 588; x_wconf 76' lang='lat' dir='ltr'><em>ﬁne</em></span> <span class='ocrx_word' id='word_1_25' title='bbox 1681 530 1985 608; x_wconf 55' lang='lat' dir='ltr'><em>pomerio.</em></span> <span class='ocrx_word' id='word_1_26' title='bbox 2097 514 2485 597; x_wconf 70' lang='lat' dir='ltr'><em>clesiasticaa,</em></span> <span class='ocrx_word' id='word_1_27' title='bbox 2521 519 2658 580; x_wconf 67' lang='lat' dir='ltr'><em>istae</em></span> <span class='ocrx_word' id='word_1_28' title='bbox 2715 525 2884 599; x_wconf 90' lang='lat' dir='ltr'><em>sunt,</em></span> <span class='ocrx_word' id='word_1_29' title='bbox 2920 521 2992 581; x_wconf 89' lang='lat' dir='ltr'><em>id</em></span> <span class='ocrx_word' id='word_1_30' title='bbox 3037 527 3130 580; x_wconf 89' lang='lat' dir='ltr'><em>est</em></span> <span class='ocrx_word' id='word_1_31' title='bbox 3158 520 3596 592; x_wconf 78' lang='lat' dir='ltr'><em>liberjuditlz,</em></span> <span class='ocrx_word' id='word_1_32' title='bbox 3641 519 3750 580; x_wconf 83' lang='lat' dir='ltr'><em>To-</em></span> 
     </span>
    </p>
   </div>
   <div class='ocr_carea' id='block_1_4' title="bbox 342 609 2013 708">
    <p class='ocr_par' dir='ltr' id='par_1_4' title="bbox 342 624 1991 708">
     <span class='ocr_line' id='line_1_4' title="bbox 342 624 1991 708; baseline -0.002 -19"><span class='ocrx_word' id='word_1_33' title='bbox 342 629 430 690; x_wconf 84' lang='lat' dir='ltr'><em>ris</em></span> <span class='ocrx_word' id='word_1_34' title='bbox 458 627 833 708; x_wconf 73' lang='lat' dir='ltr'><em>Apologiae:</em></span> <span class='ocrx_word' id='word_1_35' title='bbox 906 626 985 686; x_wconf 87' lang='lat' dir='ltr'><em>In</em></span> <span class='ocrx_word' id='word_1_36' title='bbox 1041 624 1230 685; x_wconf 89' lang='lat' dir='ltr'><em>libris</em></span> <span class='ocrx_word' id='word_1_37' title='bbox 1287 646 1526 706; x_wconf 89' lang='lat' dir='ltr'><em>quoque</em></span> <span class='ocrx_word' id='word_1_38' title='bbox 1579 625 1894 686; x_wconf 78' lang='lat' dir='ltr'><em>Samuelis</em></span> <span class='ocrx_word' id='word_1_39' title='bbox 1932 632 1991 686; x_wconf 91' lang='lat' dir='ltr'><em>et</em></span> 
     </span>
    </p>
   </div>
   <div class='ocr_carea' id='block_1_5' title="bbox 2124 609 3752 708">
    <p class='ocr_par' dir='ltr' id='par_1_5' title="bbox 2124 612 3752 701">
     <span class='ocr_line' id='line_1_5' title="bbox 2124 612 3752 701; baseline 0.004 -29"><span class='ocrx_word' id='word_1_40' title='bbox 2124 612 2258 693; x_wconf 70' lang='grc' dir='ltr'><em>νίας,</em></span> <span class='ocrx_word' id='word_1_41' title='bbox 2292 614 2449 675; x_wconf 91' lang='lat' dir='ltr'><em>libri</em></span> <span class='ocrx_word' id='word_1_42' title='bbox 2494 616 2997 679; x_wconf 76' lang='lat' dir='ltr'><em>Machabaeorum</em></span> <span class='ocrx_word' id='word_1_43' title='bbox 3054 619 3201 694; x_wconf 88' lang='lat' dir='ltr'><em>duo,</em></span> <span class='ocrx_word' id='word_1_44' title='bbox 3234 619 3558 701; x_wconf 88' lang='lat' dir='ltr'><em>Sapientia</em></span> <span class='ocrx_word' id='word_1_45' title='bbox 3613 638 3752 699; x_wconf 74' lang='lat' dir='ltr'><em>quae</em></span> 
     </span>
    </p>
   </div>
   <div class='ocr_carea' id='block_1_6' title="bbox 345 711 2013 803">
    <p class='ocr_par' dir='ltr' id='par_1_6' title="bbox 345 722 1991 803">
     <span class='ocr_line' id='line_1_6' title="bbox 345 722 1991 803; baseline -0.001 -17"><span class='ocrx_word' id='word_1_46' title='bbox 345 724 722 801; x_wconf 81' lang='lat' dir='ltr'><em>Malaclzim,</em></span> <span class='ocrx_word' id='word_1_47' title='bbox 755 744 908 803; x_wconf 91' lang='lat' dir='ltr'><em>quos</em></span> <span class='ocrx_word' id='word_1_48' title='bbox 956 743 1069 783; x_wconf 83' lang='lat' dir='ltr'><em>nos</em></span> <span class='ocrx_word' id='word_1_49' title='bbox 1098 722 1463 802; x_wconf 74' lang='lat' dir='ltr'><em>Regnorum</em></span> <span class='ocrx_word' id='word_1_50' title='bbox 1494 730 1764 803; x_wconf 79' lang='lat' dir='ltr'><em>quatuor</em></span> <span class='ocrx_word' id='word_1_51' title='bbox 1793 724 1991 784; x_wconf 89' lang='lat' dir='ltr'><em>nomi-</em></span> 
     </span>
    </p>
   </div>
   <div class='ocr_carea' id='block_1_7' title="bbox 2124 711 3756 803">
    <p class='ocr_par' dir='ltr' id='par_1_7' title="bbox 2124 711 3756 795">
     <span class='ocr_line' id='line_1_7' title="bbox 2124 711 3756 795; baseline 0.003 -26"><span class='ocrx_word' id='word_1_52' title='bbox 2124 711 2340 771; x_wconf 78' lang='lat' dir='ltr'><em>ticitur</em></span> <span class='ocrx_word' id='word_1_53' title='bbox 2421 713 2801 795; x_wconf 89' lang='lat' dir='ltr'><em>Salomonis,</em></span> <span class='ocrx_word' id='word_1_54' title='bbox 2861 721 2919 774; x_wconf 89' lang='lat' dir='ltr'><em>et</em></span> <span class='ocrx_word' id='word_1_55' title='bbox 2992 716 3149 777; x_wconf 88' lang='lat' dir='ltr'><em>liber</em></span> <span class='ocrx_word' id='word_1_56' title='bbox 3218 716 3364 784; x_wconf 80' lang='lat' dir='ltr'><em>Iesu</em></span> <span class='ocrx_word' id='word_1_57' title='bbox 3447 715 3609 790; x_wconf 81' lang='lat' dir='ltr'><em>ﬁlii.</em></span> <span class='ocrx_word' id='word_1_58' title='bbox 3655 715 3756 774; x_wconf 86' lang='lat' dir='ltr'><em>Si-</em></span> 
     </span>
    </p>
   </div>
   <div class='ocr_carea' id='block_1_8' title="bbox 344 809 3756 903">
    <p class='ocr_par' dir='ltr' id='par_1_8' title="bbox 344 809 3756 903">
     <span class='ocr_line' id='line_1_8' title="bbox 344 809 3756 903; baseline -0.006 -19"><span class='ocrx_word' id='word_1_59' title='bbox 344 843 590 899; x_wconf 89' lang='lat' dir='ltr'><em>namus,</em></span> <span class='ocrx_word' id='word_1_60' title='bbox 605 827 758 903; x_wconf 87' lang='lat' dir='ltr'><em>post</em></span> <span class='ocrx_word' id='word_1_61' title='bbox 786 820 1146 901; x_wconf 79' lang='lat' dir='ltr'><em>catalogum</em></span> <span class='ocrx_word' id='word_1_62' title='bbox 1195 821 1424 882; x_wconf 58' lang='lat' dir='ltr'><em>divina</em></span> <span class='ocrx_word' id='word_1_63' title='bbox 1462 821 1825 903; x_wconf 70' lang='lat' dir='ltr'><em>Scriptura},</em></span> <span class='ocrx_word' id='word_1_64' title='bbox 1859 821 1993 883; x_wconf 75' lang='lat' dir='ltr'><em>haec</em></span> <span class='ocrx_word' id='word_1_65' title='bbox 2101 809 2274 888; x_wconf 72' lang='lat' dir='ltr'><em>rae/1,</em></span> <span class='ocrx_word' id='word_1_66' title='bbox 2307 817 2366 869; x_wconf 86' lang='lat' dir='ltr'><em>et</em></span> <span class='ocrx_word' id='word_1_67' title='bbox 2420 811 2581 873; x_wconf 87' lang='lat' dir='ltr'><em>liber</em></span> <span class='ocrx_word' id='word_1_68' title='bbox 2633 816 2949 875; x_wconf 75' lang='lat' dir='ltr'><em>Pastoris.</em></span> <span class='ocrx_word' id='word_1_69' title='bbox 3023 815 3350 877; x_wconf 83' lang='lat' dir='ltr'><em>Nonnulla</em></span> <span class='ocrx_word' id='word_1_70' title='bbox 3386 814 3756 896; x_wconf 65' lang='lat' dir='ltr'><em>praeter-mit.</em></span> 
     </span>
    </p>
   </div>
   <div class='ocr_carea' id='block_1_9' title="bbox 348 919 1991 994">
    <p class='ocr_par' dir='ltr' id='par_1_9' title="bbox 348 919 1991 994">
     <span class='ocr_line' id='line_1_9' title="bbox 348 919 1991 994; baseline -0.001 -12"><span class='ocrx_word' id='word_1_71' title='bbox 348 920 566 994; x_wconf 81' lang='lat' dir='ltr'><em>intuli,</em></span> <span class='ocrx_word' id='word_1_72' title='bbox 609 925 730 981; x_wconf 87' lang='lat' dir='ltr'><em>etc.</em></span> <span class='ocrx_word' id='word_1_73' title='bbox 790 921 948 980; x_wconf 88' lang='lat' dir='ltr'><em>Hinc</em></span> <span class='ocrx_word' id='word_1_74' title='bbox 1000 920 1234 983; x_wconf 86' lang='lat' dir='ltr'><em>videas.</em></span> <span class='ocrx_word' id='word_1_75' title='bbox 1292 919 1613 980; x_wconf 88' lang='lat' dir='ltr'><em>Canonem</em></span> <span class='ocrx_word' id='word_1_76' title='bbox 1669 941 1991 981; x_wconf 89' lang='lat' dir='ltr'><em>sacrorum</em></span> 
     </span>
    </p>
   </div>
   <div class='ocr_carea' id='block_1_10' title="bbox 345 1018 1991 1100">
    <p class='ocr_par' dir='ltr' id='par_1_10' title="bbox 345 1018 1991 1100">
     <span class='ocr_line' id='line_1_10' title="bbox 345 1018 1991 1100; baseline 0.001 -20"><span class='ocrx_word' id='word_1_77' title='bbox 345 1018 704 1081; x_wconf 86' lang='lat' dir='ltr'><em>Bibliorum</em></span> <span class='ocrx_word' id='word_1_78' title='bbox 771 1020 1012 1083; x_wconf 81' lang='lat' dir='ltr'><em>Veteris</em></span> <span class='ocrx_word' id='word_1_79' title='bbox 1085 1021 1469 1082; x_wconf 87' lang='lat' dir='ltr'><em>Testamenti</em></span> <span class='ocrx_word' id='word_1_80' title='bbox 1542 1021 1991 1100; x_wconf 86' lang='lat' dir='ltr'><em>Hieronymum</em></span> 
     </span>
    </p>
   </div>
   <div class='ocr_carea' id='block_1_11' title="bbox 344 1117 1994 1200">
    <p class='ocr_par' dir='ltr' id='par_1_11' title="bbox 344 1117 1994 1200">
     <span class='ocr_line' id='line_1_11' title="bbox 344 1117 1994 1200; baseline -0.001 -21"><span class='ocrx_word' id='word_1_81' title='bbox 344 1117 468 1179; x_wconf 88' lang='lat' dir='ltr'><em>hoc</em></span> <span class='ocrx_word' id='word_1_82' title='bbox 497 1117 638 1179; x_wconf 92' lang='lat' dir='ltr'><em>loco</em></span> <span class='ocrx_word' id='word_1_83' title='bbox 677 1118 1032 1198; x_wconf 83' lang='lat' dir='ltr'><em>appellasse</em></span> <span class='ocrx_word' id='word_1_84' title='bbox 1069 1117 1459 1198; x_wconf 82' lang='lat' dir='ltr'><em>Catalogum</em></span> <span class='ocrx_word' id='word_1_85' title='bbox 1516 1119 1752 1179; x_wconf 59' lang='lat' dir='ltr'><em>divinae</em></span> <span class='ocrx_word' id='word_1_86' title='bbox 1778 1118 1994 1200; x_wconf 87' lang='lat' dir='ltr'><em>Scrip-</em></span> 
     </span>
    </p>
   </div>
   <div class='ocr_carea' id='block_1_12' title="bbox 349 1218 1998 1299">
    <p class='ocr_par' dir='ltr' id='par_1_12' title="bbox 349 1218 1998 1299">
     <span class='ocr_line' id='line_1_12' title="bbox 349 1218 1998 1299; baseline -0.001 -21"><span class='ocrx_word' id='word_1_87' title='bbox 349 1224 527 1280; x_wconf 75' lang='lat' dir='ltr'><em>turae.</em></span> <span class='ocrx_word' id='word_1_88' title='bbox 558 1218 630 1279; x_wconf 91' lang='lat' dir='ltr'>Id</span> <span class='ocrx_word' id='word_1_89' title='bbox 678 1224 890 1280; x_wconf 90' lang='lat' dir='ltr'><em>autem</em></span> <span class='ocrx_word' id='word_1_90' title='bbox 921 1219 1313 1279; x_wconf 87' lang='lat' dir='ltr'><em>descriminis</em></span> <span class='ocrx_word' id='word_1_91' title='bbox 1344 1218 1554 1299; x_wconf 81' lang='lat' dir='ltr'><em>posuit</em></span> <span class='ocrx_word' id='word_1_92' title='bbox 1606 1219 1771 1279; x_wconf 88' lang='lat' dir='ltr'><em>inter</em></span> <span class='ocrx_word' id='word_1_93' title='bbox 1828 1219 1998 1280; x_wconf 84' lang='lat' dir='ltr'><em>Scri-</em></span> 
     </span>
    </p>
   </div>
   <div class='ocr_carea' id='block_1_13' title="bbox 346 1316 1999 1397">
    <p class='ocr_par' dir='ltr' id='par_1_13' title="bbox 346 1316 1999 1397">
     <span class='ocr_line' id='line_1_13' title="bbox 346 1316 1999 1397; baseline -0.001 -19"><span class='ocrx_word' id='word_1_94' title='bbox 346 1322 566 1397; x_wconf 88' lang='lat' dir='ltr'><em>pturas</em></span> <span class='ocrx_word' id='word_1_95' title='bbox 651 1317 987 1377; x_wconf 89' lang='lat' dir='ltr'><em>canonicas</em></span> <span class='ocrx_word' id='word_1_96' title='bbox 1060 1324 1122 1377; x_wconf 91' lang='lat' dir='ltr'><em>et</em></span> <span class='ocrx_word' id='word_1_97' title='bbox 1205 1335 1332 1377; x_wconf 91' lang='lat' dir='ltr'><em>non</em></span> <span class='ocrx_word' id='word_1_98' title='bbox 1408 1317 1765 1392; x_wconf 77' lang='lat' dir='ltr'><em>canonicas,</em></span> <span class='ocrx_word' id='word_1_99' title='bbox 1828 1316 1999 1396; x_wconf 91' lang='lat' dir='ltr'><em>quod</em></span> 
     </span>
    </p>
   </div>
   <div class='ocr_carea' id='block_1_14' title="bbox 346 1413 2001 1492">
    <p class='ocr_par' dir='ltr' id='par_1_14' title="bbox 346 1413 2001 1492">
     <span class='ocr_line' id='line_1_14' title="bbox 346 1413 2001 1492; baseline -0.002 -16"><span class='ocrx_word' id='word_1_100' title='bbox 346 1415 484 1476; x_wconf 70' lang='lat' dir='ltr'><em>istm</em></span> <span class='ocrx_word' id='word_1_101' title='bbox 543 1414 903 1492; x_wconf 81' lang='lat' dir='ltr'><em>legerentur</em></span> <span class='ocrx_word' id='word_1_102' title='bbox 965 1420 1210 1476; x_wconf 89' lang='lat' dir='ltr'><em>tantum</em></span> <span class='ocrx_word' id='word_1_103' title='bbox 1250 1415 1316 1475; x_wconf 89' lang='lat' dir='ltr'><em>in</em></span> <span class='ocrx_word' id='word_1_104' title='bbox 1347 1415 1611 1476; x_wconf 84' lang='lat' dir='ltr'><em>ecclesia</em></span> <span class='ocrx_word' id='word_1_105' title='bbox 1666 1415 1746 1475; x_wconf 89' lang='lat' dir='ltr'><em>ad</em></span> <span class='ocrx_word' id='word_1_106' title='bbox 1809 1413 2001 1474; x_wconf 80' lang='lat' dir='ltr'><em>aediﬁ-</em></span> 
     </span>
    </p>
   </div>
   <div class='ocr_carea' id='block_1_15' title="bbox 353 1511 1999 1592">
    <p class='ocr_par' dir='ltr' id='par_1_15' title="bbox 353 1511 1999 1592">
     <span class='ocr_line' id='line_1_15' title="bbox 353 1511 1999 1592; baseline -0.001 -19"><span class='ocrx_word' id='word_1_107' title='bbox 353 1513 668 1573; x_wconf 88' lang='lat' dir='ltr'><em>cationem</em></span> <span class='ocrx_word' id='word_1_108' title='bbox 702 1512 899 1592; x_wconf 82' lang='lat' dir='ltr'><em>plebis</em></span> <span class='ocrx_word' id='word_1_109' title='bbox 933 1531 948 1587; x_wconf 91' lang='lat'><strong>;</strong></span> <span class='ocrx_word' id='word_1_110' title='bbox 982 1513 1299 1574; x_wconf 72' lang='lat' dir='ltr'><em>canonicaa</em></span> <span class='ocrx_word' id='word_1_111' title='bbox 1340 1531 1488 1573; x_wconf 89' lang='lat' dir='ltr'><em>vero</em></span> <span class='ocrx_word' id='word_1_112' title='bbox 1546 1513 1625 1573; x_wconf 88' lang='lat' dir='ltr'><em>ad</em></span> <span class='ocrx_word' id='word_1_113' title='bbox 1682 1512 1828 1573; x_wconf 91' lang='lat' dir='ltr'><em>ﬁdei</em></span> <span class='ocrx_word' id='word_1_114' title='bbox 1885 1511 1999 1572; x_wconf 89' lang='lat' dir='ltr'><em>do-</em></span> 
     </span>
    </p>
   </div>
   <div class='ocr_carea' id='block_1_16' title="bbox 356 1608 2000 1690">
    <p class='ocr_par' dir='ltr' id='par_1_16' title="bbox 356 1608 2000 1690">
     <span class='ocr_line' id='line_1_16' title="bbox 356 1608 2000 1690; baseline -0.001 -20"><span class='ocrx_word' id='word_1_115' title='bbox 356 1616 572 1687; x_wconf 82' lang='lat' dir='ltr'><em>gmata</em></span> <span class='ocrx_word' id='word_1_116' title='bbox 622 1610 880 1690; x_wconf 83' lang='lat' dir='ltr'><em>insuper</em></span> <span class='ocrx_word' id='word_1_117' title='bbox 917 1611 1391 1684; x_wconf 87' lang='lat' dir='ltr'><em>conﬁrmanda;</em></span> <span class='ocrx_word' id='word_1_118' title='bbox 1443 1609 1624 1670; x_wconf 89' lang='lat' dir='ltr'><em>Sicut</em></span> <span class='ocrx_word' id='word_1_119' title='bbox 1676 1630 1831 1689; x_wconf 77' lang='lat' dir='ltr'><em>ergo</em></span> <span class='ocrx_word' id='word_1_120' title='bbox 1882 1608 2000 1677; x_wconf 78' lang='lat' dir='ltr'><em>lu-</em></span> 
     </span>
    </p>
   </div>
   <div class='ocr_carea' id='block_1_17' title="bbox 359 1707 2002 1788">
    <p class='ocr_par' dir='ltr' id='par_1_17' title="bbox 359 1707 2002 1788">
     <span class='ocr_line' id='line_1_17' title="bbox 359 1707 2002 1788; baseline -0.001 -19"><span class='ocrx_word' id='word_1_121' title='bbox 359 1707 525 1779; x_wconf 82' lang='lat' dir='ltr'><em>ditlz,</em></span> <span class='ocrx_word' id='word_1_122' title='bbox 559 1708 766 1788; x_wconf 89' lang='lat' dir='ltr'><em>inquit</em></span> <span class='ocrx_word' id='word_1_123' title='bbox 795 1708 1165 1788; x_wconf 73' lang='lat' dir='ltr'><em>praefatione</em></span> <span class='ocrx_word' id='word_1_124' title='bbox 1186 1708 1323 1787; x_wconf 87' lang='lat' dir='ltr'><em>jam</em></span> <span class='ocrx_word' id='word_1_125' title='bbox 1372 1708 1636 1769; x_wconf 88' lang='lat' dir='ltr'><em>laudata</em></span> <span class='ocrx_word' id='word_1_126' title='bbox 1690 1708 1755 1768; x_wconf 89' lang='lat' dir='ltr'><em>in</em></span> <span class='ocrx_word' id='word_1_127' title='bbox 1809 1707 2002 1768; x_wconf 90' lang='lat' dir='ltr'><em>libros</em></span> 
     </span>
    </p>
   </div>
   <div class='ocr_carea' id='block_1_18' title="bbox 2102 912 3754 992">
    <p class='ocr_par' dir='ltr' id='par_1_18' title="bbox 2102 912 3754 992">
     <span class='ocr_line' id='line_1_18' title="bbox 2102 912 3754 992; baseline 0.002 -23"><span class='ocrx_word' id='word_1_128' title='bbox 2102 916 2190 980; x_wconf 91' lang='lat' dir='ltr'><em>to,</em></span> <span class='ocrx_word' id='word_1_129' title='bbox 2225 929 2365 988; x_wconf 71' lang='lat' dir='ltr'><em>quae</em></span> <span class='ocrx_word' id='word_1_130' title='bbox 2425 912 2624 972; x_wconf 90' lang='lat' dir='ltr'><em>videri</em></span> <span class='ocrx_word' id='word_1_131' title='bbox 2682 912 2945 992; x_wconf 75' lang='lat' dir='ltr'><em>posSunt</em></span> <span class='ocrx_word' id='word_1_132' title='bbox 3002 914 3082 975; x_wconf 90' lang='lat' dir='ltr'><em>ad</em></span> <span class='ocrx_word' id='word_1_133' title='bbox 3167 915 3357 975; x_wconf 89' lang='lat' dir='ltr'><em>ﬁnem</em></span> <span class='ocrx_word' id='word_1_134' title='bbox 3439 914 3754 975; x_wconf 66' lang='lat' dir='ltr'><em>columnas</em></span> 
     </span>
    </p>
   </div>
   <div class='ocr_carea' id='block_1_19' title="bbox 2106 1007 3756 1091">
    <p class='ocr_par' dir='ltr' id='par_1_19' title="bbox 2106 1007 3756 1091">
     <span class='ocr_line' id='line_1_19' title="bbox 2106 1007 3756 1091; baseline 0.001 -23"><span class='ocrx_word' id='word_1_135' title='bbox 2106 1010 2263 1068; x_wconf 73' lang='lat'><em>1152</em></span> <span class='ocrx_word' id='word_1_136' title='bbox 2296 1007 2485 1087; x_wconf 83' lang='lat' dir='ltr'><em>hujus</em></span> <span class='ocrx_word' id='word_1_137' title='bbox 2528 1010 2837 1072; x_wconf 80' lang='lat' dir='ltr'><em>editionis.</em></span> <span class='ocrx_word' id='word_1_138' title='bbox 2873 1016 3070 1079; x_wconf 87' lang='lat' dir='ltr'><em>Quam</em></span> <span class='ocrx_word' id='word_1_139' title='bbox 3102 1012 3295 1091; x_wconf 79' lang='lat' dir='ltr'><em>igitur</em></span> <span class='ocrx_word' id='word_1_140' title='bbox 3325 1011 3660 1073; x_wconf 76' lang='lat' dir='ltr'><em>habuerint</em></span> <span class='ocrx_word' id='word_1_141' title='bbox 3689 1010 3756 1071; x_wconf 89' lang='lat' dir='ltr'><em>in</em></span> 
     </span>
    </p>
   </div>
   <div class='ocr_carea' id='block_1_20' title="bbox 2104 1107 3757 1190">
    <p class='ocr_par' dir='ltr' id='par_1_20' title="bbox 2104 1107 3757 1190">
     <span class='ocr_line' id='line_1_20' title="bbox 2104 1107 3757 1190; baseline 0.003 -24"><span class='ocrx_word' id='word_1_142' title='bbox 2104 1107 2381 1167; x_wconf 87' lang='lat' dir='ltr'><em>Ecclesia</em></span> <span class='ocrx_word' id='word_1_143' title='bbox 2412 1109 2806 1170; x_wconf 79' lang='lat' dir='ltr'><em>auctoritatis</em></span> <span class='ocrx_word' id='word_1_144' title='bbox 2833 1110 3204 1189; x_wconf 88' lang='lat' dir='ltr'><em>dignitatem</em></span> <span class='ocrx_word' id='word_1_145' title='bbox 3262 1111 3605 1190; x_wconf 64' lang='lat' dir='ltr'><em>Scriptura:</em></span> <span class='ocrx_word' id='word_1_146' title='bbox 3651 1128 3757 1171; x_wconf 88' lang='lat' dir='ltr'><em>ca-</em></span> 
     </span>
    </p>
   </div>
   <div class='ocr_carea' id='block_1_21' title="bbox 2106 1205 3759 1290">
    <p class='ocr_par' dir='ltr' id='par_1_21' title="bbox 2106 1205 3759 1290">
     <span class='ocr_line' id='line_1_21' title="bbox 2106 1205 3759 1290; baseline 0.003 -26"><span class='ocrx_word' id='word_1_147' title='bbox 2106 1205 2373 1280; x_wconf 61' lang='lat' dir='ltr'><em>nonica,</em></span> <span class='ocrx_word' id='word_1_148' title='bbox 2412 1206 2597 1285; x_wconf 88' lang='lat' dir='ltr'><em>plane</em></span> <span class='ocrx_word' id='word_1_149' title='bbox 2629 1207 2829 1286; x_wconf 89' lang='lat' dir='ltr'><em>liquet</em></span> <span class='ocrx_word' id='word_1_150' title='bbox 2885 1227 2961 1269; x_wconf 85' lang='lat' dir='ltr'><em>ex</em></span> <span class='ocrx_word' id='word_1_151' title='bbox 3021 1228 3215 1290; x_wconf 84' lang='lat' dir='ltr'><em>supra</em></span> <span class='ocrx_word' id='word_1_152' title='bbox 3273 1209 3659 1281; x_wconf 85' lang='lat' dir='ltr'><em>memoratis,</em></span> <span class='ocrx_word' id='word_1_153' title='bbox 3693 1212 3759 1269; x_wconf 91' lang='lat' dir='ltr'><em>et</em></span> 
     </span>
    </p>
   </div>
   <div class='ocr_carea' id='block_1_22' title="bbox 2104 1302 3757 1384">
    <p class='ocr_par' dir='ltr' id='par_1_22' title="bbox 2104 1302 3757 1384">
     <span class='ocr_line' id='line_1_22' title="bbox 2104 1302 3757 1384; baseline 0.001 -21"><span class='ocrx_word' id='word_1_154' title='bbox 2104 1302 2230 1364; x_wconf 70' lang='lat' dir='ltr'><em>illa:</em></span> <span class='ocrx_word' id='word_1_155' title='bbox 2288 1310 2452 1377; x_wconf 90' lang='lat' dir='ltr'><em>sunt,</em></span> <span class='ocrx_word' id='word_1_156' title='bbox 2534 1305 2763 1384; x_wconf 88' lang='lat' dir='ltr'><em>quibus</em></span> <span class='ocrx_word' id='word_1_157' title='bbox 2843 1312 3089 1368; x_wconf 84' lang='lat' dir='ltr'><em>constat</em></span> <span class='ocrx_word' id='word_1_158' title='bbox 3144 1308 3361 1369; x_wconf 85' lang='lat' dir='ltr'><em>Canon</em></span> <span class='ocrx_word' id='word_1_159' title='bbox 3434 1306 3757 1367; x_wconf 69' lang='lat' dir='ltr'><em>Hebraicae</em></span> 
     </span>
    </p>
   </div>
   <div class='ocr_carea' id='block_1_23' title="bbox 2106 1401 3760 1484">
    <p class='ocr_par' dir='ltr' id='par_1_23' title="bbox 2106 1401 3760 1484">
     <span class='ocr_line' id='line_1_23' title="bbox 2106 1401 3760 1484; baseline 0.001 -23"><span class='ocrx_word' id='word_1_160' title='bbox 2106 1401 2411 1476; x_wconf 86' lang='lat' dir='ltr'><em>veritatis,</em></span> <span class='ocrx_word' id='word_1_161' title='bbox 2470 1403 2534 1463; x_wconf 94' lang='lat' dir='ltr'><em>in</em></span> <span class='ocrx_word' id='word_1_162' title='bbox 2566 1423 2691 1483; x_wconf 87' lang='lat' dir='ltr'><em>quo</em></span> <span class='ocrx_word' id='word_1_163' title='bbox 2739 1423 3063 1484; x_wconf 87' lang='lat' dir='ltr'><em>nunquam</em></span> <span class='ocrx_word' id='word_1_164' title='bbox 3123 1406 3378 1466; x_wconf 85' lang='lat' dir='ltr'><em>fuerunt</em></span> <span class='ocrx_word' id='word_1_165' title='bbox 3432 1404 3597 1478; x_wconf 87' lang='lat' dir='ltr'><em>libri,</em></span> <span class='ocrx_word' id='word_1_166' title='bbox 3658 1403 3760 1463; x_wconf 89' lang='lat' dir='ltr'><em>vel</em></span> 
     </span>
    </p>
   </div>
   <div class='ocr_carea' id='block_1_24' title="bbox 2106 1500 3759 1583">
    <p class='ocr_par' dir='ltr' id='par_1_24' title="bbox 2106 1500 3759 1583">
     <span class='ocr_line' id='line_1_24' title="bbox 2106 1500 3759 1583; baseline -0.001 -21"><span class='ocrx_word' id='word_1_167' title='bbox 2106 1500 2491 1581; x_wconf 68' lang='lat' dir='ltr'><em>Apocrybhi,</em></span> <span class='ocrx_word' id='word_1_168' title='bbox 2553 1503 2652 1563; x_wconf 89' lang='lat' dir='ltr'><em>vel</em></span> <span class='ocrx_word' id='word_1_169' title='bbox 2708 1501 3147 1563; x_wconf 87' lang='lat' dir='ltr'><em>Ecclesiastici</em></span> <span class='ocrx_word' id='word_1_170' title='bbox 3199 1502 3504 1583; x_wconf 85' lang='lat' dir='ltr'><em>appellati</em></span> <span class='ocrx_word' id='word_1_171' title='bbox 3587 1501 3759 1580; x_wconf 88' lang='lat' dir='ltr'><em>apud</em></span> 
     </span>
    </p>
   </div>
   <div class='ocr_carea' id='block_1_25' title="bbox 2110 1597 3762 1676">
    <p class='ocr_par' dir='ltr' id='par_1_25' title="bbox 2110 1597 3762 1676">
     <span class='ocr_line' id='line_1_25' title="bbox 2110 1597 3762 1676; baseline 0.001 -20"><span class='ocrx_word' id='word_1_172' title='bbox 2110 1597 2404 1676; x_wconf 90' lang='lat' dir='ltr'><em>antiquos</em></span> <span class='ocrx_word' id='word_1_173' title='bbox 2487 1601 2729 1659; x_wconf 87' lang='lat' dir='ltr'><em>Patres.</em></span> <span class='ocrx_word' id='word_1_174' title='bbox 2818 1600 3021 1661; x_wconf 89' lang='lat' dir='ltr'><em>Hodie</em></span> <span class='ocrx_word' id='word_1_175' title='bbox 3100 1601 3275 1662; x_wconf 88' lang='lat' dir='ltr'><em>nullo</em></span> <span class='ocrx_word' id='word_1_176' title='bbox 3361 1598 3762 1662; x_wconf 86' lang='lat' dir='ltr'><em>auctoritatis</em></span> 
     </span>
    </p>
   </div>
   <div class='ocr_carea' id='block_1_26' title="bbox 2111 1694 3756 1760">
    <p class='ocr_par' dir='ltr' id='par_1_26' title="bbox 2111 1694 3756 1760">
     <span class='ocr_line' id='line_1_26' title="bbox 2111 1694 3756 1760; baseline 0.001 -6"><span class='ocrx_word' id='word_1_177' title='bbox 2111 1694 2471 1757; x_wconf 90' lang='lat' dir='ltr'><em>discrimine</em></span> <span class='ocrx_word' id='word_1_178' title='bbox 2524 1697 2588 1756; x_wconf 88' lang='lat' dir='ltr'><em>in</em></span> <span class='ocrx_word' id='word_1_179' title='bbox 2644 1699 2962 1759; x_wconf 88' lang='lat' dir='ltr'><em>Canonem</em></span> <span class='ocrx_word' id='word_1_180' title='bbox 3017 1698 3523 1760; x_wconf 86' lang='lat' dir='ltr'><em>Ecclesiasticum</em></span> <span class='ocrx_word' id='word_1_181' title='bbox 3583 1715 3756 1757; x_wconf 88' lang='lat' dir='ltr'><em>rece-</em></span> 
     </span>
    </p>
   </div>
   <div class='ocr_carea' id='block_1_27' title="bbox 361 1793 3758 1886">
    <p class='ocr_par' dir='ltr' id='par_1_27' title="bbox 361 1793 3758 1886">
     <span class='ocr_line' id='line_1_27' title="bbox 361 1793 3758 1886; baseline 0.001 -36"><span class='ocrx_word' id='word_1_182' title='bbox 361 1807 741 1883; x_wconf 52' lang='lat' dir='ltr'><em>Salomonis,</em></span> <span class='ocrx_word' id='word_1_183' title='bbox 793 1813 851 1867; x_wconf 70' lang='grc' dir='ltr'><em>εί</em></span> <span class='ocrx_word' id='word_1_184' title='bbox 919 1806 1141 1886; x_wconf 56' lang='grc' dir='ltr'><em>Τυδέα,</em></span> <span class='ocrx_word' id='word_1_185' title='bbox 1191 1813 1251 1867; x_wconf 68' lang='grc' dir='ltr'><em>εί</em></span> <span class='ocrx_word' id='word_1_186' title='bbox 1331 1806 1841 1868; x_wconf 67' lang='grc' dir='ltr'><em>Μαεῆαὸίεογιιφη</em></span> <span class='ocrx_word' id='word_1_187' title='bbox 1926 1806 2002 1866; x_wconf 79' lang='grc' dir='ltr'><em>ῖί-</em></span> <span class='ocrx_word' id='word_1_188' title='bbox 2038 1793 2085 1859; x_wconf 90' lang='grc' dir='ltr'>Β</span> <span class='ocrx_word' id='word_1_189' title='bbox 2116 1794 2208 1872; x_wconf 90' lang='lat' dir='ltr'><em>pti</em></span> <span class='ocrx_word' id='word_1_190' title='bbox 2240 1812 2457 1872; x_wconf 89' lang='lat' dir='ltr'><em>parem</em></span> <span class='ocrx_word' id='word_1_191' title='bbox 2490 1813 2630 1855; x_wconf 92' lang='lat' dir='ltr'><em>cum</em></span> <span class='ocrx_word' id='word_1_192' title='bbox 2689 1796 2929 1857; x_wconf 70' lang='lat' dir='ltr'><em>caeteris</em></span> <span class='ocrx_word' id='word_1_193' title='bbox 3010 1804 3329 1858; x_wconf 85' lang='lat' dir='ltr'><em>merentur</em></span> <span class='ocrx_word' id='word_1_194' title='bbox 3401 1795 3758 1857; x_wconf 87' lang='lat' dir='ltr'><em>veneratio-</em></span> 
     </span>
    </p>
   </div>
   <div class='ocr_carea' id='block_1_28' title="bbox 363 1904 2013 1986">
    <p class='ocr_par' dir='ltr' id='par_1_28' title="bbox 363 1904 2013 1986">
     <span class='ocr_line' id='line_1_28' title="bbox 363 1904 2013 1986; baseline -0.001 -20"><span class='ocrx_word' id='word_1_195' title='bbox 363 1904 509 1966; x_wconf 84' lang='lat' dir='ltr'><em>bros</em></span> <span class='ocrx_word' id='word_1_196' title='bbox 566 1905 730 1986; x_wconf 77' lang='lat' dir='ltr'><em>legit</em></span> <span class='ocrx_word' id='word_1_197' title='bbox 816 1906 1070 1986; x_wconf 89' lang='lat' dir='ltr'><em>quidem</em></span> <span class='ocrx_word' id='word_1_198' title='bbox 1150 1905 1463 1982; x_wconf 80' lang='lat' dir='ltr'><em>Ecclesia,</em></span> <span class='ocrx_word' id='word_1_199' title='bbox 1522 1906 1634 1965; x_wconf 90' lang='lat' dir='ltr'><em>sed</em></span> <span class='ocrx_word' id='word_1_200' title='bbox 1688 1926 1789 1965; x_wconf 90' lang='lat' dir='ltr'><em>eos</em></span> <span class='ocrx_word' id='word_1_201' title='bbox 1850 1905 2013 1965; x_wconf 88' lang='lat' dir='ltr'><em>inter</em></span> 
     </span>
    </p>
   </div>
   <div class='ocr_carea' id='block_1_29' title="bbox 370 2003 2018 2085">
    <p class='ocr_par' dir='ltr' id='par_1_29' title="bbox 370 2003 2018 2085">
     <span class='ocr_line' id='line_1_29' title="bbox 370 2003 2018 2085; baseline -0.001 -22"><span class='ocrx_word' id='word_1_202' title='bbox 370 2003 707 2063; x_wconf 87' lang='lat' dir='ltr'><em>canonicas</em></span> <span class='ocrx_word' id='word_1_203' title='bbox 779 2003 1146 2085; x_wconf 84' lang='lat' dir='ltr'><em>Scripturas</em></span> <span class='ocrx_word' id='word_1_204' title='bbox 1223 2024 1345 2064; x_wconf 85' lang='lat' dir='ltr'><em>non</em></span> <span class='ocrx_word' id='word_1_205' title='bbox 1430 2003 1695 2083; x_wconf 91' lang='lat' dir='ltr'><em>recipit:</em></span> <span class='ocrx_word' id='word_1_206' title='bbox 1780 2003 1875 2063; x_wconf 90' lang='lat' dir='ltr'><em>sic</em></span> <span class='ocrx_word' id='word_1_207' title='bbox 1959 2008 2018 2061; x_wconf 86' lang='lat' dir='ltr'><em>et</em></span> 
     </span>
    </p>
   </div>
   <div class='ocr_carea' id='block_1_30' title="bbox 372 2100 2016 2181">
    <p class='ocr_par' dir='ltr' id='par_1_30' title="bbox 372 2100 2016 2181">
     <span class='ocr_line' id='line_1_30' title="bbox 372 2100 2016 2181; baseline 0 -20"><span class='ocrx_word' id='word_1_208' title='bbox 372 2100 502 2163; x_wconf 76' lang='lat' dir='ltr'><em>haec</em></span> <span class='ocrx_word' id='word_1_209' title='bbox 554 2102 680 2162; x_wconf 89' lang='lat' dir='ltr'><em>duo</em></span> <span class='ocrx_word' id='word_1_210' title='bbox 737 2102 1053 2162; x_wconf 84' lang='lat' dir='ltr'><em>volumina</em></span> <span class='ocrx_word' id='word_1_211' title='bbox 1132 2101 1517 2181; x_wconf 88' lang='lat' dir='ltr'><em>(Ecclesiast.</em></span> <span class='ocrx_word' id='word_1_212' title='bbox 1579 2107 1642 2163; x_wconf 91' lang='lat' dir='ltr'><em>et</em></span> <span class='ocrx_word' id='word_1_213' title='bbox 1710 2100 2016 2181; x_wconf 88' lang='lat' dir='ltr'><em>Sapient.)</em></span> 
     </span>
    </p>
   </div>
   <div class='ocr_carea' id='block_1_31' title="bbox 370 2200 2017 2282">
    <p class='ocr_par' dir='ltr' id='par_1_31' title="bbox 370 2200 2017 2282">
     <span class='ocr_line' id='line_1_31' title="bbox 370 2200 2017 2282; baseline 0.001 -22"><span class='ocrx_word' id='word_1_214' title='bbox 370 2200 547 2281; x_wconf 76' lang='lat' dir='ltr'><em>legat</em></span> <span class='ocrx_word' id='word_1_215' title='bbox 600 2201 687 2261; x_wconf 93' lang='lat' dir='ltr'><em>ad</em></span> <span class='ocrx_word' id='word_1_216' title='bbox 741 2201 1222 2279; x_wconf 67' lang='lat' dir='ltr'><em>aediﬁcationem</em></span> <span class='ocrx_word' id='word_1_217' title='bbox 1288 2200 1521 2282; x_wconf 90' lang='lat' dir='ltr'><em>plebis,</em></span> <span class='ocrx_word' id='word_1_218' title='bbox 1579 2221 1702 2261; x_wconf 88' lang='lat' dir='ltr'><em>non</em></span> <span class='ocrx_word' id='word_1_219' title='bbox 1757 2201 1843 2261; x_wconf 86' lang='lat' dir='ltr'><em>ad</em></span> <span class='ocrx_word' id='word_1_220' title='bbox 1900 2221 2017 2261; x_wconf 87' lang='lat' dir='ltr'><em>au-</em></span> 
     </span>
    </p>
   </div>
   <div class='ocr_carea' id='block_1_32' title="bbox 367 2298 2018 2379">
    <p class='ocr_par' dir='ltr' id='par_1_32' title="bbox 367 2298 2018 2379">
     <span class='ocr_line' id='line_1_32' title="bbox 367 2298 2018 2379; baseline 0 -22"><span class='ocrx_word' id='word_1_221' title='bbox 367 2298 716 2360; x_wconf 74' lang='lat' dir='ltr'><em>ctoritatem</em></span> <span class='ocrx_word' id='word_1_222' title='bbox 771 2299 1332 2360; x_wconf 89' lang='lat' dir='ltr'><em>ecclesiasticorum</em></span> <span class='ocrx_word' id='word_1_223' title='bbox 1414 2298 1782 2379; x_wconf 76' lang='lat' dir='ltr'><em>dogmatum</em></span> <span class='ocrx_word' id='word_1_224' title='bbox 1867 2318 2018 2359; x_wconf 84' lang='lat' dir='ltr'><em>con-</em></span> 
     </span>
    </p>
   </div>
   <div class='ocr_carea' id='block_1_33' title="bbox 350 2396 2016 2478">
    <p class='ocr_par' dir='ltr' id='par_1_33' title="bbox 350 2396 2016 2478">
     <span class='ocr_line' id='line_1_33' title="bbox 350 2396 2016 2478; baseline 0.001 -23"><span class='ocrx_word' id='word_1_225' title='bbox 350 2396 778 2474; x_wconf 74' lang='lat' dir='ltr'><em>ﬁrmandam.</em></span> <span class='ocrx_word' id='word_1_226' title='bbox 812 2397 1199 2478; x_wconf 88' lang='lat' dir='ltr'><em>Hieronymo</em></span> <span class='ocrx_word' id='word_1_227' title='bbox 1247 2397 1312 2458; x_wconf 91' lang='lat' dir='ltr'><em>in</em></span> <span class='ocrx_word' id='word_1_228' title='bbox 1368 2396 1490 2458; x_wconf 89' lang='lat' dir='ltr'><em>hac</em></span> <span class='ocrx_word' id='word_1_229' title='bbox 1548 2396 2016 2476; x_wconf 85' lang='lat' dir='ltr'><em>Scripturarum</em></span> 
     </span>
    </p>
   </div>
   <div class='ocr_carea' id='block_1_34' title="bbox 367 2494 2015 2575">
    <p class='ocr_par' dir='ltr' id='par_1_34' title="bbox 367 2494 2015 2575">
     <span class='ocr_line' id='line_1_34' title="bbox 367 2494 2015 2575; baseline 0 -20"><span class='ocrx_word' id='word_1_230' title='bbox 367 2500 548 2574; x_wconf 88' lang='lat' dir='ltr'><em>parte</em></span> <span class='ocrx_word' id='word_1_231' title='bbox 575 2495 888 2556; x_wconf 88' lang='lat' dir='ltr'><em>consentit</em></span> <span class='ocrx_word' id='word_1_232' title='bbox 934 2495 1219 2570; x_wconf 78' lang='lat' dir='ltr'><em>Ruﬁnus,</em></span> <span class='ocrx_word' id='word_1_233' title='bbox 1271 2514 1413 2556; x_wconf 90' lang='lat' dir='ltr'><em>cum</em></span> <span class='ocrx_word' id='word_1_234' title='bbox 1473 2500 1536 2556; x_wconf 93' lang='lat' dir='ltr'><em>et</em></span> <span class='ocrx_word' id='word_1_235' title='bbox 1588 2494 1722 2575; x_wconf 90' lang='lat' dir='ltr'><em>ipse</em></span> <span class='ocrx_word' id='word_1_236' title='bbox 1777 2494 1843 2555; x_wconf 89' lang='lat' dir='ltr'><em>in</em></span> <span class='ocrx_word' id='word_1_237' title='bbox 1903 2514 2015 2573; x_wconf 90' lang='lat' dir='ltr'><em>suo</em></span> 
     </span>
    </p>
   </div>
   <div class='ocr_carea' id='block_1_35' title="bbox 365 2592 2018 2672">
    <p class='ocr_par' dir='ltr' id='par_1_35' title="bbox 365 2592 2018 2672">
     <span class='ocr_line' id='line_1_35' title="bbox 365 2592 2018 2672; baseline 0.002 -21"><span class='ocrx_word' id='word_1_238' title='bbox 365 2592 654 2672; x_wconf 88' lang='lat' dir='ltr'><em>symbolo</em></span> <span class='ocrx_word' id='word_1_239' title='bbox 711 2593 942 2655; x_wconf 89' lang='lat' dir='ltr'><em>diserte</em></span> <span class='ocrx_word' id='word_1_240' title='bbox 1024 2594 1228 2669; x_wconf 91' lang='lat' dir='ltr'><em>docet,</em></span> <span class='ocrx_word' id='word_1_241' title='bbox 1284 2612 1409 2654; x_wconf 89' lang='lat' dir='ltr'><em>non</em></span> <span class='ocrx_word' id='word_1_242' title='bbox 1482 2593 1607 2654; x_wconf 89' lang='lat' dir='ltr'><em>alia</em></span> <span class='ocrx_word' id='word_1_243' title='bbox 1692 2592 2018 2655; x_wconf 84' lang='lat' dir='ltr'><em>volumina</em></span> 
     </span>
    </p>
   </div>
   <div class='ocr_carea' id='block_1_36' title="bbox 236 2691 2013 2783">
    <p class='ocr_par' dir='ltr' id='par_1_36' title="bbox 236 2691 2013 2783">
     <span class='ocr_line' id='line_1_36' title="bbox 236 2691 2013 2783; baseline 0.001 -32"><span class='ocrx_word' id='word_1_244' title='bbox 236 2774 247 2783; x_wconf 36' lang='lat'><strong>.</strong></span> <span class='ocrx_word' id='word_1_245' title='bbox 366 2708 481 2769; x_wconf 91' lang='lat' dir='ltr'><em>pro</em></span> <span class='ocrx_word' id='word_1_246' title='bbox 531 2692 866 2753; x_wconf 83' lang='lat' dir='ltr'><em>Canonicis</em></span> <span class='ocrx_word' id='word_1_247' title='bbox 905 2692 1097 2753; x_wconf 89' lang='lat' dir='ltr'><em>fuisse</em></span> <span class='ocrx_word' id='word_1_248' title='bbox 1125 2691 1345 2753; x_wconf 89' lang='lat' dir='ltr'><em>habita</em></span> <span class='ocrx_word' id='word_1_249' title='bbox 1374 2709 1488 2752; x_wconf 89' lang='lat' dir='ltr'><em>suo</em></span> <span class='ocrx_word' id='word_1_250' title='bbox 1520 2697 1804 2770; x_wconf 83' lang='lat' dir='ltr'><em>tempore</em></span> <span class='ocrx_word' id='word_1_251' title='bbox 1851 2710 2013 2769; x_wconf 68' lang='lat' dir='ltr'><em>prae-</em></span> 
     </span>
    </p>
   </div>
   <div class='ocr_carea' id='block_1_37' title="bbox 367 2787 2014 2869">
    <p class='ocr_par' dir='ltr' id='par_1_37' title="bbox 367 2787 2014 2869">
     <span class='ocr_line' id='line_1_37' title="bbox 367 2787 2014 2869; baseline 0.002 -21"><span class='ocrx_word' id='word_1_252' title='bbox 367 2794 463 2850; x_wconf 91' lang='lat' dir='ltr'><em>ter</em></span> <span class='ocrx_word' id='word_1_253' title='bbox 514 2787 628 2850; x_wconf 89' lang='lat' dir='ltr'><em>illa</em></span> <span class='ocrx_word' id='word_1_254' title='bbox 708 2809 851 2869; x_wconf 84' lang='lat' dir='ltr'><em>quae</em></span> <span class='ocrx_word' id='word_1_255' title='bbox 906 2796 1315 2851; x_wconf 86' lang='lat' dir='ltr'><em>recensentur</em></span> <span class='ocrx_word' id='word_1_256' title='bbox 1362 2789 1424 2850; x_wconf 90' lang='lat' dir='ltr'><em>in</em></span> <span class='ocrx_word' id='word_1_257' title='bbox 1471 2789 1737 2868; x_wconf 82' lang='lat' dir='ltr'><em>prologo</em></span> <span class='ocrx_word' id='word_1_258' title='bbox 1792 2790 2014 2851; x_wconf 88' lang='lat' dir='ltr'><em>Hiero-</em></span> 
     </span>
    </p>
   </div>
   <div class='ocr_carea' id='block_1_38' title="bbox 367 2886 2016 2968">
    <p class='ocr_par' dir='ltr' id='par_1_38' title="bbox 367 2886 2016 2968">
     <span class='ocr_line' id='line_1_38' title="bbox 367 2886 2016 2968; baseline 0.001 -22"><span class='ocrx_word' id='word_1_259' title='bbox 367 2886 858 2967; x_wconf 86' lang='lat' dir='ltr'><em>nymiGaleato.</em></span> <span class='ocrx_word' id='word_1_260' title='bbox 918 2888 1015 2948; x_wconf 85' lang='lat' dir='ltr'><em>Ad</em></span> <span class='ocrx_word' id='word_1_261' title='bbox 1071 2888 1442 2968; x_wconf 87' lang='lat' dir='ltr'><em>Catalogum</em></span> <span class='ocrx_word' id='word_1_262' title='bbox 1492 2906 1769 2967; x_wconf 87' lang='lat' dir='ltr'><em>namque</em></span> <span class='ocrx_word' id='word_1_263' title='bbox 1825 2887 2016 2948; x_wconf 89' lang='lat' dir='ltr'><em>libro-</em></span> 
     </span>
    </p>
   </div>
   <div class='ocr_carea' id='block_1_39' title="bbox 367 2985 2008 3064">
    <p class='ocr_par' dir='ltr' id='par_1_39' title="bbox 367 2985 2008 3064">
     <span class='ocr_line' id='line_1_39' title="bbox 367 2985 2008 3064; baseline 0 -20"><span class='ocrx_word' id='word_1_264' title='bbox 367 3003 507 3044; x_wconf 88' lang='lat' dir='ltr'><em>rum</em></span> <span class='ocrx_word' id='word_1_265' title='bbox 536 2985 776 3046; x_wconf 86' lang='lat' dir='ltr'><em>Veteris</em></span> <span class='ocrx_word' id='word_1_266' title='bbox 805 2991 868 3046; x_wconf 92' lang='lat' dir='ltr'><em>et</em></span> <span class='ocrx_word' id='word_1_267' title='bbox 897 2986 1055 3047; x_wconf 92' lang='lat' dir='ltr'><em>Novi</em></span> <span class='ocrx_word' id='word_1_268' title='bbox 1087 2986 1471 3047; x_wconf 87' lang='lat' dir='ltr'><em>Testamenti</em></span> <span class='ocrx_word' id='word_1_269' title='bbox 1499 2987 1619 3046; x_wconf 89' lang='lat' dir='ltr'><em>ista</em></span> <span class='ocrx_word' id='word_1_270' title='bbox 1648 2985 2008 3064; x_wconf 85' lang='lat' dir='ltr'><em>subjungit:</em></span> 
     </span>
    </p>
   </div>
   <div class='ocr_carea' id='block_1_40' title="bbox 370 3080 2015 3163">
    <p class='ocr_par' dir='ltr' id='par_1_40' title="bbox 370 3080 2015 3163">
     <span class='ocr_line' id='line_1_40' title="bbox 370 3080 2015 3163; baseline 0 -22"><span class='ocrx_word' id='word_1_271' title='bbox 370 3080 534 3142; x_wconf 73' lang='lat' dir='ltr'><em>Haec</em></span> <span class='ocrx_word' id='word_1_272' title='bbox 578 3088 729 3142; x_wconf 89' lang='lat' dir='ltr'><em>sunt</em></span> <span class='ocrx_word' id='word_1_273' title='bbox 773 3102 912 3163; x_wconf 65' lang='lat' dir='ltr'><em>quae</em></span> <span class='ocrx_word' id='word_1_274' title='bbox 965 3082 1194 3143; x_wconf 87' lang='lat' dir='ltr'><em>Patres</em></span> <span class='ocrx_word' id='word_1_275' title='bbox 1252 3083 1422 3143; x_wconf 90' lang='lat' dir='ltr'><em>intra</em></span> <span class='ocrx_word' id='word_1_276' title='bbox 1488 3082 1809 3143; x_wconf 87' lang='lat' dir='ltr'><em>Canonem</em></span> <span class='ocrx_word' id='word_1_277' title='bbox 1865 3102 2015 3142; x_wconf 88' lang='lat' dir='ltr'><em>con-</em></span> 
     </span>
    </p>
   </div>
   <div class='ocr_carea' id='block_1_41' title="bbox 2125 1891 3762 1974">
    <p class='ocr_par' dir='ltr' id='par_1_41' title="bbox 2125 1891 3762 1974">
     <span class='ocr_line' id='line_1_41' title="bbox 2125 1891 3762 1974; baseline 0.001 -25"><span class='ocrx_word' id='word_1_278' title='bbox 2125 1907 2266 1950; x_wconf 91' lang='lat' dir='ltr'><em>nem</em></span> <span class='ocrx_word' id='word_1_279' title='bbox 2349 1892 2518 1968; x_wconf 86' lang='lat' dir='ltr'><em>apud</em></span> <span class='ocrx_word' id='word_1_280' title='bbox 2606 1910 2826 1953; x_wconf 89' lang='lat' dir='ltr'><em>omnes</em></span> <span class='ocrx_word' id='word_1_281' title='bbox 2910 1911 3052 1954; x_wconf 88' lang='lat' dir='ltr'><em>vere</em></span> <span class='ocrx_word' id='word_1_282' title='bbox 3126 1893 3288 1974; x_wconf 87' lang='lat' dir='ltr'><em>pios,</em></span> <span class='ocrx_word' id='word_1_283' title='bbox 3346 1893 3457 1974; x_wconf 90' lang='lat' dir='ltr'><em>qui</em></span> <span class='ocrx_word' id='word_1_284' title='bbox 3511 1891 3762 1953; x_wconf 83' lang='lat' dir='ltr'><em>concilii</em></span> 
     </span>
    </p>
   </div>
   <div class='ocr_carea' id='block_1_42' title="bbox 2123 1987 3765 2073">
    <p class='ocr_par' dir='ltr' id='par_1_42' title="bbox 2123 1987 3765 2073">
     <span class='ocr_line' id='line_1_42' title="bbox 2123 1987 3765 2073; baseline 0 -24"><span class='ocrx_word' id='word_1_285' title='bbox 2123 1987 2468 2049; x_wconf 89' lang='lat' dir='ltr'><em>Tridentini</em></span> <span class='ocrx_word' id='word_1_286' title='bbox 2554 1990 2804 2052; x_wconf 90' lang='lat' dir='ltr'><em>decreto</em></span> <span class='ocrx_word' id='word_1_287' title='bbox 2887 1992 3066 2071; x_wconf 90' lang='lat' dir='ltr'><em>(sess.</em></span> <span class='ocrx_word' id='word_1_288' title='bbox 3140 1992 3201 2073; x_wconf 75' lang='lat'><em>4)</em></span> <span class='ocrx_word' id='word_1_289' title='bbox 3286 1992 3362 2053; x_wconf 87' lang='lat' dir='ltr'><em>de</em></span> <span class='ocrx_word' id='word_1_290' title='bbox 3445 1989 3765 2053; x_wconf 88' lang='lat' dir='ltr'><em>canonicis</em></span> 
     </span>
    </p>
   </div>
   <div class='ocr_carea' id='block_1_43' title="bbox 2124 2087 3215 2170">
    <p class='ocr_par' dir='ltr' id='par_1_43' title="bbox 2124 2087 3215 2170">
     <span class='ocr_line' id='line_1_43' title="bbox 2124 2087 3215 2170; baseline 0.006 -24"><span class='ocrx_word' id='word_1_291' title='bbox 2124 2087 2462 2166; x_wconf 89' lang='lat' dir='ltr'><em>Scripturis</em></span> <span class='ocrx_word' id='word_1_292' title='bbox 2491 2089 2816 2151; x_wconf 70' lang='lat' dir='ltr'><em>adhzerere</em></span> <span class='ocrx_word' id='word_1_293' title='bbox 2843 2092 3215 2170; x_wconf 85' lang='lat' dir='ltr'><em>gloriantur.</em></span> 
     </span>
    </p>
   </div>
   <div class='ocr_carea' id='block_1_44' title="bbox 2207 2194 3776 2275">
    <p class='ocr_par' dir='ltr' id='par_1_44' title="bbox 2207 2194 3776 2275">
     <span class='ocr_line' id='line_1_44' title="bbox 2207 2194 3776 2275; baseline 0.001 -19"><span class='ocrx_word' id='word_1_294' title='bbox 2207 2194 2477 2256; x_wconf 89' lang='lat' dir='ltr'><em>Canonis</em></span> <span class='ocrx_word' id='word_1_295' title='bbox 2521 2215 2710 2275; x_wconf 90' lang='lat' dir='ltr'><em>porro</em></span> <span class='ocrx_word' id='word_1_296' title='bbox 2765 2197 3093 2260; x_wconf 82' lang='lat' dir='ltr'><em>Hebraicae</em></span> <span class='ocrx_word' id='word_1_297' title='bbox 3148 2198 3427 2260; x_wconf 81' lang='lat' dir='ltr'><em>veritatis</em></span> <span class='ocrx_word' id='word_1_298' title='bbox 3486 2195 3776 2259; x_wconf 89' lang='lat' dir='ltr'><em>meminit</em></span> 
     </span>
    </p>
   </div>
   <div class='ocr_carea' id='block_1_45' title="bbox 2125 2292 3777 2363">
    <p class='ocr_par' dir='ltr' id='par_1_45' title="bbox 2125 2292 3777 2363">
     <span class='ocr_line' id='line_1_45' title="bbox 2125 2292 3777 2363; baseline 0.003 -11"><span class='ocrx_word' id='word_1_299' title='bbox 2125 2292 2555 2363; x_wconf 86' lang='lat' dir='ltr'><em>Cassiodorus,</em></span> <span class='ocrx_word' id='word_1_300' title='bbox 2615 2294 2692 2355; x_wconf 88' lang='lat' dir='ltr'><em>de</em></span> <span class='ocrx_word' id='word_1_301' title='bbox 2750 2295 3147 2358; x_wconf 85' lang='lat' dir='ltr'><em>Institutione</em></span> <span class='ocrx_word' id='word_1_302' title='bbox 3200 2296 3556 2358; x_wconf 89' lang='lat' dir='ltr'><em>divinarum</em></span> <span class='ocrx_word' id='word_1_303' title='bbox 3614 2295 3777 2357; x_wconf 86' lang='lat' dir='ltr'><em>litte—</em></span> 
     </span>
    </p>
   </div>
   <div class='ocr_carea' id='block_1_46' title="bbox 2127 2391 3781 2473">
    <p class='ocr_par' dir='ltr' id='par_1_46' title="bbox 2127 2391 3781 2473">
     <span class='ocr_line' id='line_1_46' title="bbox 2127 2391 3781 2473; baseline 0.004 -24"><span class='ocrx_word' id='word_1_304' title='bbox 2127 2408 2339 2450; x_wconf 89' lang='lat' dir='ltr'><em>rarum</em></span> <span class='ocrx_word' id='word_1_305' title='bbox 2410 2391 2616 2469; x_wconf 87' lang='lat' dir='ltr'><em>capite</em></span> <span class='ocrx_word' id='word_1_306' title='bbox 2673 2392 3072 2469; x_wconf 91' lang='lat' dir='ltr'><em>duodecimo,</em></span> <span class='ocrx_word' id='word_1_307' title='bbox 3137 2393 3246 2455; x_wconf 91' lang='lat' dir='ltr'><em>ubi</em></span> <span class='ocrx_word' id='word_1_308' title='bbox 3302 2393 3511 2473; x_wconf 85' lang='lat' dir='ltr'><em>ipsum</em></span> <span class='ocrx_word' id='word_1_309' title='bbox 3590 2398 3781 2455; x_wconf 89' lang='lat' dir='ltr'><em>vocat</em></span> 
     </span>
    </p>
   </div>
   <div class='ocr_carea' id='block_1_47' title="bbox 2128 2487 3779 2569">
    <p class='ocr_par' dir='ltr' id='par_1_47' title="bbox 2128 2487 3779 2569">
     <span class='ocr_line' id='line_1_47' title="bbox 2128 2487 3779 2569; baseline 0.004 -21"><span class='ocrx_word' id='word_1_310' title='bbox 2128 2487 2499 2550; x_wconf 87' lang='lat' dir='ltr'><em>divisionem</em></span> <span class='ocrx_word' id='word_1_311' title='bbox 2554 2489 2894 2569; x_wconf 56' lang='lat' dir='ltr'><em>Scriptura}</em></span> <span class='ocrx_word' id='word_1_312' title='bbox 2943 2491 3174 2553; x_wconf 66' lang='lat' dir='ltr'><em>divinas</em></span> <span class='ocrx_word' id='word_1_313' title='bbox 3228 2493 3578 2554; x_wconf 90' lang='lat' dir='ltr'><em>secundum</em></span> <span class='ocrx_word' id='word_1_314' title='bbox 3636 2491 3779 2555; x_wconf 87' lang='lat' dir='ltr'><em>Hie-</em></span> 
     </span>
    </p>
   </div>
   <div class='ocr_carea' id='block_1_48' title="bbox 2124 2586 3781 2669">
    <p class='ocr_par' dir='ltr' id='par_1_48' title="bbox 2124 2586 3781 2669">
     <span class='ocr_line' id='line_1_48' title="bbox 2124 2586 3781 2669; baseline 0.004 -25"><span class='ocrx_word' id='word_1_315' title='bbox 2124 2603 2463 2665; x_wconf 89' lang='lat' dir='ltr'><em>ronymum</em></span> <span class='ocrx_word' id='word_1_316' title='bbox 2500 2604 2513 2646; x_wconf 95' lang='lat'>:</span> <span class='ocrx_word' id='word_1_317' title='bbox 2546 2586 2922 2648; x_wconf 82' lang='lat' dir='ltr'><em>Auctoritas</em></span> <span class='ocrx_word' id='word_1_318' title='bbox 2964 2588 3206 2662; x_wconf 86' lang='lat' dir='ltr'><em>divina,</em></span> <span class='ocrx_word' id='word_1_319' title='bbox 3267 2590 3497 2669; x_wconf 89' lang='lat' dir='ltr'><em>inquit,</em></span> <span class='ocrx_word' id='word_1_320' title='bbox 3555 2610 3781 2650; x_wconf 85' lang='lat' dir='ltr'><em>secun-</em></span> 
     </span>
    </p>
   </div>
   <div class='ocr_carea' id='block_1_49' title="bbox 2125 2682 3780 2762">
    <p class='ocr_par' dir='ltr' id='par_1_49' title="bbox 2125 2682 3780 2762">
     <span class='ocr_line' id='line_1_49' title="bbox 2125 2682 3780 2762; baseline 0.004 -20"><span class='ocrx_word' id='word_1_321' title='bbox 2125 2682 2274 2743; x_wconf 90' lang='lat' dir='ltr'><em>dum</em></span> <span class='ocrx_word' id='word_1_322' title='bbox 2359 2689 2642 2744; x_wconf 87' lang='lat' dir='ltr'><em>sanctum</em></span> <span class='ocrx_word' id='word_1_323' title='bbox 2719 2684 3177 2762; x_wconf 73' lang='lat' dir='ltr'><em>Hieronymum</em></span> <span class='ocrx_word' id='word_1_324' title='bbox 3236 2686 3302 2748; x_wconf 89' lang='lat' dir='ltr'><em>in</em></span> <span class='ocrx_word' id='word_1_325' title='bbox 3394 2687 3780 2751; x_wconf 83' lang='lat' dir='ltr'><em>Testamenta</em></span> 
     </span>
    </p>
   </div>
   <div class='ocr_carea' id='block_1_50' title="bbox 2125 2782 3776 2865">
    <p class='ocr_par' dir='ltr' id='par_1_50' title="bbox 2125 2782 3776 2865">
     <span class='ocr_line' id='line_1_50' title="bbox 2125 2782 3776 2865; baseline 0.004 -23"><span class='ocrx_word' id='word_1_326' title='bbox 2125 2782 2250 2843; x_wconf 89' lang='lat' dir='ltr'><em>duo</em></span> <span class='ocrx_word' id='word_1_327' title='bbox 2283 2782 2371 2842; x_wconf 87' lang='lat' dir='ltr'><em>ita</em></span> <span class='ocrx_word' id='word_1_328' title='bbox 2401 2783 2740 2862; x_wconf 81' lang='lat' dir='ltr'><em>dividitur,</em></span> <span class='ocrx_word' id='word_1_329' title='bbox 2777 2784 2847 2844; x_wconf 90' lang='lat' dir='ltr'><em>id</em></span> <span class='ocrx_word' id='word_1_330' title='bbox 2873 2792 2966 2845; x_wconf 91' lang='lat' dir='ltr'><em>est</em></span> <span class='ocrx_word' id='word_1_331' title='bbox 3012 2787 3079 2846; x_wconf 90' lang='lat' dir='ltr'><em>in</em></span> <span class='ocrx_word' id='word_1_332' title='bbox 3124 2784 3310 2848; x_wconf 89' lang='lat' dir='ltr'><em>Vetus</em></span> <span class='ocrx_word' id='word_1_333' title='bbox 3365 2793 3425 2847; x_wconf 90' lang='lat' dir='ltr'><em>et</em></span> <span class='ocrx_word' id='word_1_334' title='bbox 3479 2786 3726 2850; x_wconf 83' lang='lat' dir='ltr'><em>Novum</em></span> <span class='ocrx_word' id='word_1_335' title='bbox 3759 2808 3776 2865; x_wconf 83' lang='lat'><strong>;</strong></span> 
     </span>
    </p>
   </div>
   <div class='ocr_carea' id='block_1_51' title="bbox 2129 2880 3781 2966">
    <p class='ocr_par' dir='ltr' id='par_1_51' title="bbox 2129 2880 3781 2966">
     <span class='ocr_line' id='line_1_51' title="bbox 2129 2880 3781 2966; baseline 0.004 -27"><span class='ocrx_word' id='word_1_336' title='bbox 2129 2880 2195 2939; x_wconf 90' lang='lat' dir='ltr'><em>in</em></span> <span class='ocrx_word' id='word_1_337' title='bbox 2233 2881 2457 2961; x_wconf 78' lang='lat' dir='ltr'><em>legem,</em></span> <span class='ocrx_word' id='word_1_338' title='bbox 2520 2882 2592 2942; x_wconf 93' lang='lat' dir='ltr'><em>id</em></span> <span class='ocrx_word' id='word_1_339' title='bbox 2646 2888 2739 2942; x_wconf 89' lang='lat' dir='ltr'><em>est</em></span> <span class='ocrx_word' id='word_1_340' title='bbox 2801 2882 3121 2959; x_wconf 82' lang='lat' dir='ltr'><em>Genesim,</em></span> <span class='ocrx_word' id='word_1_341' title='bbox 3179 2884 3493 2966; x_wconf 82' lang='lat' dir='ltr'><em>Exodum,</em></span> <span class='ocrx_word' id='word_1_342' title='bbox 3543 2885 3781 2947; x_wconf 78' lang='lat' dir='ltr'><em>Leviti-</em></span> 
     </span>
    </p>
   </div>
   <div class='ocr_carea' id='block_1_52' title="bbox 2125 2980 3780 3067">
    <p class='ocr_par' dir='ltr' id='par_1_52' title="bbox 2125 2980 3780 3067">
     <span class='ocr_line' id='line_1_52' title="bbox 2125 2980 3780 3067; baseline 0.004 -28"><span class='ocrx_word' id='word_1_343' title='bbox 2125 3001 2286 3060; x_wconf 88' lang='lat' dir='ltr'><em>cum,</em></span> <span class='ocrx_word' id='word_1_344' title='bbox 2343 2980 2786 3054; x_wconf 86' lang='lat' dir='ltr'><em>Numerorum,</em></span> <span class='ocrx_word' id='word_1_345' title='bbox 2832 2982 3434 3058; x_wconf 89' lang='lat' dir='ltr'><em>Deuteronomium;</em></span> <span class='ocrx_word' id='word_1_346' title='bbox 3507 2985 3574 3046; x_wconf 88' lang='lat' dir='ltr'><em>in</em></span> <span class='ocrx_word' id='word_1_347' title='bbox 3620 2993 3780 3067; x_wconf 88' lang='lat' dir='ltr'><em>pro-</em></span> 
     </span>
    </p>
   </div>
   <div class='ocr_carea' id='block_1_53' title="bbox 2115 3079 3778 3163">
    <p class='ocr_par' dir='ltr' id='par_1_53' title="bbox 2115 3079 3778 3163">
     <span class='ocr_line' id='line_1_53' title="bbox 2115 3079 3778 3163; baseline 0.002 -23"><span class='ocrx_word' id='word_1_348' title='bbox 2115 3079 2360 3162; x_wconf 77' lang='lat' dir='ltr'><em>plzetas,</em></span> <span class='ocrx_word' id='word_1_349' title='bbox 2389 3080 2501 3160; x_wconf 89' lang='lat' dir='ltr'><em>qui</em></span> <span class='ocrx_word' id='word_1_350' title='bbox 2546 3086 2695 3140; x_wconf 89' lang='lat' dir='ltr'><em>sunt</em></span> <span class='ocrx_word' id='word_1_351' title='bbox 2733 3079 2891 3148; x_wconf 80' lang='lat' dir='ltr'><em>Jesu</em></span> <span class='ocrx_word' id='word_1_352' title='bbox 2947 3082 3146 3155; x_wconf 90' lang='lat' dir='ltr'><em>Nave,</em></span> <span class='ocrx_word' id='word_1_353' title='bbox 3188 3082 3518 3163; x_wconf 72' lang='lat' dir='ltr'><em>Iudicum,</em></span> <span class='ocrx_word' id='word_1_354' title='bbox 3576 3082 3778 3154; x_wconf 80' lang='lat' dir='ltr'><em>Ruth,</em></span> 
     </span>
    </p>
   </div>
   <div class='ocr_carea' id='block_1_54' title="bbox 326 3164 3779 3262">
    <p class='ocr_par' dir='ltr' id='par_1_54' title="bbox 326 3164 3779 3262">
     <span class='ocr_line' id='line_1_54' title="bbox 326 3164 3779 3262; baseline 0.001 -23"><span class='ocrx_word' id='word_1_355' title='bbox 326 3188 329 3195; x_wconf 84' lang='lat'><strong>&#39;</strong></span> <span class='ocrx_word' id='word_1_356' title='bbox 367 3178 712 3260; x_wconf 88' lang='lat' dir='ltr'><em>cluserunt,</em></span> <span class='ocrx_word' id='word_1_357' title='bbox 745 3186 804 3240; x_wconf 90' lang='lat' dir='ltr'><em>et</em></span> <span class='ocrx_word' id='word_1_358' title='bbox 832 3201 905 3241; x_wconf 79' lang='lat' dir='ltr'><em>ex</em></span> <span class='ocrx_word' id='word_1_359' title='bbox 952 3181 1178 3261; x_wconf 87' lang='lat' dir='ltr'><em>quibus</em></span> <span class='ocrx_word' id='word_1_360' title='bbox 1240 3181 1397 3243; x_wconf 76' lang='lat' dir='ltr'><em>ﬁdei</em></span> <span class='ocrx_word' id='word_1_361' title='bbox 1454 3186 1684 3242; x_wconf 73' lang='lat' dir='ltr'><em>nostrae</em></span> <span class='ocrx_word' id='word_1_362' title='bbox 1738 3186 2015 3240; x_wconf 89' lang='lat' dir='ltr'><em>asserta-</em></span> <span class='ocrx_word' id='word_1_363' title='bbox 2048 3164 2089 3231; x_wconf 84' lang='lat' dir='ltr'><strong><em>C</em></strong></span> <span class='ocrx_word' id='word_1_364' title='bbox 2126 3177 2403 3255; x_wconf 84' lang='lat' dir='ltr'><em>Samuel,</em></span> <span class='ocrx_word' id='word_1_365' title='bbox 2435 3176 2805 3254; x_wconf 76' lang='lat' dir='ltr'><em>Malaclzim,</em></span> <span class='ocrx_word' id='word_1_366' title='bbox 2840 3178 3074 3254; x_wconf 86' lang='lat' dir='ltr'><em>Isaias,</em></span> <span class='ocrx_word' id='word_1_367' title='bbox 3105 3179 3428 3255; x_wconf 78' lang='lat' dir='ltr'><em>Ieremias,</em></span> <span class='ocrx_word' id='word_1_368' title='bbox 3462 3180 3779 3262; x_wconf 68' lang='lat' dir='ltr'><em>E{echiel,</em></span> 
     </span>
    </p>
   </div>
   <div class='ocr_carea' id='block_1_55' title="bbox 369 3277 2017 3339">
    <p class='ocr_par' dir='ltr' id='par_1_55' title="bbox 369 3277 2017 3339">
     <span class='ocr_line' id='line_1_55' title="bbox 369 3277 2017 3339; baseline 0 -3"><span class='ocrx_word' id='word_1_369' title='bbox 369 3277 570 3337; x_wconf 89' lang='lat' dir='ltr'><em>tiones</em></span> <span class='ocrx_word' id='word_1_370' title='bbox 644 3282 930 3338; x_wconf 85' lang='lat' dir='ltr'><em>constare</em></span> <span class='ocrx_word' id='word_1_371' title='bbox 1013 3278 1361 3339; x_wconf 87' lang='lat' dir='ltr'><em>voluerunt.</em></span> <span class='ocrx_word' id='word_1_372' title='bbox 1423 3278 1758 3338; x_wconf 83' lang='lat' dir='ltr'><em>Sciendum</em></span> <span class='ocrx_word' id='word_1_373' title='bbox 1816 3283 2017 3337; x_wconf 89' lang='lat' dir='ltr'><em>tamen</em></span> 
     </span>
    </p>
   </div>
   <div class='ocr_carea' id='block_1_56' title="bbox 367 3375 2018 3457">
    <p class='ocr_par' dir='ltr' id='par_1_56' title="bbox 367 3375 2018 3457">
     <span class='ocr_line' id='line_1_56' title="bbox 367 3375 2018 3457; baseline 0.001 -23"><span class='ocrx_word' id='word_1_374' title='bbox 367 3380 480 3454; x_wconf 89' lang='lat' dir='ltr'><em>est,</em></span> <span class='ocrx_word' id='word_1_375' title='bbox 541 3376 711 3456; x_wconf 89' lang='lat' dir='ltr'><em>quod</em></span> <span class='ocrx_word' id='word_1_376' title='bbox 763 3381 821 3435; x_wconf 88' lang='lat' dir='ltr'><em>et</em></span> <span class='ocrx_word' id='word_1_377' title='bbox 849 3376 971 3437; x_wconf 90' lang='lat' dir='ltr'><em>alii</em></span> <span class='ocrx_word' id='word_1_378' title='bbox 1000 3375 1159 3437; x_wconf 86' lang='lat' dir='ltr'><em>libri</em></span> <span class='ocrx_word' id='word_1_379' title='bbox 1185 3382 1354 3449; x_wconf 89' lang='lat' dir='ltr'><em>sunt,</em></span> <span class='ocrx_word' id='word_1_380' title='bbox 1405 3377 1518 3457; x_wconf 89' lang='lat' dir='ltr'><em>qui</em></span> <span class='ocrx_word' id='word_1_381' title='bbox 1546 3397 1668 3437; x_wconf 89' lang='lat' dir='ltr'><em>non</em></span> <span class='ocrx_word' id='word_1_382' title='bbox 1716 3382 1866 3437; x_wconf 86' lang='lat' dir='ltr'><em>sunt</em></span> <span class='ocrx_word' id='word_1_383' title='bbox 1923 3397 2018 3436; x_wconf 90' lang='lat' dir='ltr'><em>ca-</em></span> 
     </span>
    </p>
   </div>
   <div class='ocr_carea' id='block_1_57' title="bbox 369 3472 2024 3556">
    <p class='ocr_par' dir='ltr' id='par_1_57' title="bbox 369 3472 2024 3556">
     <span class='ocr_line' id='line_1_57' title="bbox 369 3472 2024 3556; baseline 0.001 -23"><span class='ocrx_word' id='word_1_384' title='bbox 369 3472 603 3552; x_wconf 89' lang='lat' dir='ltr'><em>nonici,</em></span> <span class='ocrx_word' id='word_1_385' title='bbox 663 3474 776 3534; x_wconf 91' lang='lat' dir='ltr'><em>sed</em></span> <span class='ocrx_word' id='word_1_386' title='bbox 848 3474 1261 3535; x_wconf 85' lang='lat' dir='ltr'><em>ecclesiastici</em></span> <span class='ocrx_word' id='word_1_387' title='bbox 1289 3496 1325 3534; x_wconf 92' lang='lat' dir='ltr'><em>a</em></span> <span class='ocrx_word' id='word_1_388' title='bbox 1357 3474 1703 3555; x_wconf 84' lang='lat' dir='ltr'><em>majoribus</em></span> <span class='ocrx_word' id='word_1_389' title='bbox 1724 3474 2024 3556; x_wconf 89' lang='lat' dir='ltr'><em>appellati</em></span> 
     </span>
    </p>
   </div>
   <div class='ocr_carea' id='block_1_58' title="bbox 370 3571 2023 3653">
    <p class='ocr_par' dir='ltr' id='par_1_58' title="bbox 370 3571 2023 3653">
     <span class='ocr_line' id='line_1_58' title="bbox 370 3571 2023 3653; baseline 0 -22"><span class='ocrx_word' id='word_1_390' title='bbox 370 3576 542 3646; x_wconf 89' lang='lat' dir='ltr'><em>sunt,</em></span> <span class='ocrx_word' id='word_1_391' title='bbox 578 3571 650 3631; x_wconf 91' lang='lat' dir='ltr'><em>id</em></span> <span class='ocrx_word' id='word_1_392' title='bbox 714 3577 808 3632; x_wconf 90' lang='lat' dir='ltr'><em>est</em></span> <span class='ocrx_word' id='word_1_393' title='bbox 856 3572 1205 3653; x_wconf 71' lang='lat' dir='ltr'><em>Sapientia,</em></span> <span class='ocrx_word' id='word_1_394' title='bbox 1269 3593 1402 3653; x_wconf 76' lang='lat' dir='ltr'><em>quae</em></span> <span class='ocrx_word' id='word_1_395' title='bbox 1446 3573 1689 3633; x_wconf 88' lang='lat' dir='ltr'><em>dicitur</em></span> <span class='ocrx_word' id='word_1_396' title='bbox 1741 3572 2023 3632; x_wconf 89' lang='lat' dir='ltr'><em>Salomo-</em></span> 
     </span>
    </p>
   </div>
   <div class='ocr_carea' id='block_1_59' title="bbox 374 3669 2022 3753">
    <p class='ocr_par' dir='ltr' id='par_1_59' title="bbox 374 3669 2022 3753">
     <span class='ocr_line' id='line_1_59' title="bbox 374 3669 2022 3753; baseline 0.001 -24"><span class='ocrx_word' id='word_1_397' title='bbox 374 3669 477 3730; x_wconf 88' lang='lat' dir='ltr'><em>nis</em></span> <span class='ocrx_word' id='word_1_398' title='bbox 531 3675 590 3728; x_wconf 91' lang='lat' dir='ltr'><em>et</em></span> <span class='ocrx_word' id='word_1_399' title='bbox 648 3670 781 3730; x_wconf 91' lang='lat' dir='ltr'><em>alia</em></span> <span class='ocrx_word' id='word_1_400' title='bbox 831 3669 1181 3753; x_wconf 85' lang='lat' dir='ltr'><em>Sapientia,</em></span> <span class='ocrx_word' id='word_1_401' title='bbox 1243 3693 1376 3752; x_wconf 76' lang='lat' dir='ltr'><em>quae</em></span> <span class='ocrx_word' id='word_1_402' title='bbox 1422 3672 1665 3733; x_wconf 87' lang='lat' dir='ltr'><em>dicitur</em></span> <span class='ocrx_word' id='word_1_403' title='bbox 1720 3671 1858 3739; x_wconf 77' lang='lat' dir='ltr'><em>ﬁlii</em></span> <span class='ocrx_word' id='word_1_404' title='bbox 1911 3671 2022 3730; x_wconf 87' lang='lat' dir='ltr'><em>Si-</em></span> 
     </span>
    </p>
   </div>
   <div class='ocr_carea' id='block_1_60' title="bbox 374 3766 2024 3852">
    <p class='ocr_par' dir='ltr' id='par_1_60' title="bbox 374 3766 2024 3852">
     <span class='ocr_line' id='line_1_60' title="bbox 374 3766 2024 3852; baseline 0.002 -25"><span class='ocrx_word' id='word_1_405' title='bbox 374 3766 549 3844; x_wconf 81' lang='lat' dir='ltr'><em>raclz,</em></span> <span class='ocrx_word' id='word_1_406' title='bbox 582 3769 695 3849; x_wconf 90' lang='lat' dir='ltr'><em>qui</em></span> <span class='ocrx_word' id='word_1_407' title='bbox 723 3767 885 3829; x_wconf 87' lang='lat' dir='ltr'><em>liber</em></span> <span class='ocrx_word' id='word_1_408' title='bbox 938 3771 1106 3851; x_wconf 88' lang='lat' dir='ltr'><em>apud</em></span> <span class='ocrx_word' id='word_1_409' title='bbox 1133 3771 1395 3831; x_wconf 90' lang='lat' dir='ltr'><em>Latinos</em></span> <span class='ocrx_word' id='word_1_410' title='bbox 1426 3770 1542 3832; x_wconf 82' lang='lat' dir='ltr'><em>hoc</em></span> <span class='ocrx_word' id='word_1_411' title='bbox 1572 3771 1706 3852; x_wconf 90' lang='lat' dir='ltr'><em>ipso</em></span> <span class='ocrx_word' id='word_1_412' title='bbox 1753 3790 2024 3850; x_wconf 76' lang='lat' dir='ltr'><em>genera-</em></span> 
     </span>
    </p>
   </div>
   <div class='ocr_carea' id='block_1_61' title="bbox 374 3864 2023 3951">
    <p class='ocr_par' dir='ltr' id='par_1_61' title="bbox 374 3864 2023 3951">
     <span class='ocr_line' id='line_1_61' title="bbox 374 3864 2023 3951; baseline 0 -26"><span class='ocrx_word' id='word_1_413' title='bbox 374 3864 431 3926; x_wconf 90' lang='lat' dir='ltr'><em>li</em></span> <span class='ocrx_word' id='word_1_414' title='bbox 485 3865 779 3927; x_wconf 88' lang='lat' dir='ltr'><em>vocabulo</em></span> <span class='ocrx_word' id='word_1_415' title='bbox 859 3867 1347 3929; x_wconf 88' lang='lat' dir='ltr'><em>Ecclesiasticus</em></span> <span class='ocrx_word' id='word_1_416' title='bbox 1431 3868 1806 3951; x_wconf 86' lang='lat' dir='ltr'><em>appellatur,</em></span> <span class='ocrx_word' id='word_1_417' title='bbox 1903 3886 2023 3947; x_wconf 91' lang='lat' dir='ltr'><em>quo</em></span> 
     </span>
    </p>
   </div>
   <div class='ocr_carea' id='block_1_62' title="bbox 374 3964 2025 4047">
    <p class='ocr_par' dir='ltr' id='par_1_62' title="bbox 374 3964 2025 4047">
     <span class='ocr_line' id='line_1_62' title="bbox 374 3964 2025 4047; baseline 0 -23"><span class='ocrx_word' id='word_1_418' title='bbox 374 3964 670 4027; x_wconf 87' lang='lat' dir='ltr'><em>vocabulo</em></span> <span class='ocrx_word' id='word_1_419' title='bbox 726 3986 849 4026; x_wconf 89' lang='lat' dir='ltr'><em>non</em></span> <span class='ocrx_word' id='word_1_420' title='bbox 906 3972 1125 4028; x_wconf 88' lang='lat' dir='ltr'><em>auctor</em></span> <span class='ocrx_word' id='word_1_421' title='bbox 1198 3967 1429 4042; x_wconf 89' lang='lat' dir='ltr'><em>libelli,</em></span> <span class='ocrx_word' id='word_1_422' title='bbox 1489 3968 1600 4027; x_wconf 87' lang='lat' dir='ltr'><em>sed</em></span> <span class='ocrx_word' id='word_1_423' title='bbox 1679 3966 2025 4047; x_wconf 74' lang='lat' dir='ltr'><em>Scripturae</em></span> 
     </span>
    </p>
   </div>
   <div class='ocr_carea' id='block_1_63' title="bbox 373 4064 2024 4146">
    <p class='ocr_par' dir='ltr' id='par_1_63' title="bbox 373 4064 2024 4146">
     <span class='ocr_line' id='line_1_63' title="bbox 373 4064 2024 4146; baseline 0.001 -23"><span class='ocrx_word' id='word_1_424' title='bbox 373 4064 651 4143; x_wconf 83' lang='lat' dir='ltr'><em>qualitas</em></span> <span class='ocrx_word' id='word_1_425' title='bbox 680 4065 1122 4146; x_wconf 78' lang='lat' dir='ltr'><em>cognominata</em></span> <span class='ocrx_word' id='word_1_426' title='bbox 1152 4071 1267 4127; x_wconf 90' lang='lat' dir='ltr'><em>est.</em></span> <span class='ocrx_word' id='word_1_427' title='bbox 1300 4064 1604 4144; x_wconf 79' lang='lat' dir='ltr'><em>Ejusdem</em></span> <span class='ocrx_word' id='word_1_428' title='bbox 1655 4085 1794 4125; x_wconf 88' lang='lat' dir='ltr'><em>vero</em></span> <span class='ocrx_word' id='word_1_429' title='bbox 1844 4064 2024 4125; x_wconf 87' lang='lat' dir='ltr'><em>ordi-</em></span> 
     </span>
    </p>
   </div>
   <div class='ocr_carea' id='block_1_64' title="bbox 373 4160 2024 4237">
    <p class='ocr_par' dir='ltr' id='par_1_64' title="bbox 373 4160 2024 4237">
     <span class='ocr_line' id='line_1_64' title="bbox 373 4160 2024 4237; baseline 0.001 -17"><span class='ocrx_word' id='word_1_430' title='bbox 373 4161 475 4221; x_wconf 85' lang='lat' dir='ltr'><em>nis</em></span> <span class='ocrx_word' id='word_1_431' title='bbox 530 4160 771 4223; x_wconf 86' lang='lat' dir='ltr'><em>libellis</em></span> <span class='ocrx_word' id='word_1_432' title='bbox 801 4168 895 4222; x_wconf 91' lang='lat' dir='ltr'><em>est</em></span> <span class='ocrx_word' id='word_1_433' title='bbox 958 4162 1177 4237; x_wconf 65' lang='lat' dir='ltr'><em>labiae,</em></span> <span class='ocrx_word' id='word_1_434' title='bbox 1235 4169 1293 4222; x_wconf 90' lang='lat' dir='ltr'><em>et</em></span> <span class='ocrx_word' id='word_1_435' title='bbox 1345 4163 1595 4236; x_wconf 80' lang='lat' dir='ltr'><em>Iudith,</em></span> <span class='ocrx_word' id='word_1_436' title='bbox 1651 4168 1710 4221; x_wconf 92' lang='lat' dir='ltr'><em>et</em></span> <span class='ocrx_word' id='word_1_437' title='bbox 1756 4161 2024 4222; x_wconf 75' lang='lat' dir='ltr'><em>Maelia-</em></span> 
     </span>
    </p>
   </div>
   <div class='ocr_carea' id='block_1_65' title="bbox 373 4260 2022 4343">
    <p class='ocr_par' dir='ltr' id='par_1_65' title="bbox 373 4260 2022 4343">
     <span class='ocr_line' id='line_1_65' title="bbox 373 4260 2022 4343; baseline 0.002 -23"><span class='ocrx_word' id='word_1_438' title='bbox 373 4260 639 4322; x_wconf 66' lang='lat' dir='ltr'><em>bzorum</em></span> <span class='ocrx_word' id='word_1_439' title='bbox 695 4261 873 4323; x_wconf 88' lang='lat' dir='ltr'><em>libri.</em></span> <span class='ocrx_word' id='word_1_440' title='bbox 908 4266 1059 4325; x_wconf 90' lang='lat' dir='ltr'><em>Post</em></span> <span class='ocrx_word' id='word_1_441' title='bbox 1087 4269 1337 4326; x_wconf 65' lang='lat' dir='ltr'><em>aetatem</em></span> <span class='ocrx_word' id='word_1_442' title='bbox 1371 4264 1736 4343; x_wconf 89' lang='lat' dir='ltr'><em>Hieronymi</em></span> <span class='ocrx_word' id='word_1_443' title='bbox 1764 4281 1838 4324; x_wconf 86' lang='lat' dir='ltr'><em>ac</em></span> <span class='ocrx_word' id='word_1_444' title='bbox 1897 4265 2022 4323; x_wconf 83' lang='lat' dir='ltr'><em>Ru-</em></span> 
     </span>
    </p>
   </div>
   <div class='ocr_carea' id='block_1_66' title="bbox 370 4358 2022 4423">
    <p class='ocr_par' dir='ltr' id='par_1_66' title="bbox 370 4358 2022 4423">
     <span class='ocr_line' id='line_1_66' title="bbox 370 4358 2022 4423; baseline 0.002 -5"><span class='ocrx_word' id='word_1_445' title='bbox 370 4358 483 4419; x_wconf 85' lang='lat' dir='ltr'><em>ﬁni</em></span> <span class='ocrx_word' id='word_1_446' title='bbox 525 4378 649 4420; x_wconf 88' lang='lat' dir='ltr'><em>non</em></span> <span class='ocrx_word' id='word_1_447' title='bbox 680 4360 892 4419; x_wconf 87' lang='lat' dir='ltr'><em>statim</em></span> <span class='ocrx_word' id='word_1_448' title='bbox 946 4360 1011 4420; x_wconf 91' lang='lat' dir='ltr'><em>in</em></span> <span class='ocrx_word' id='word_1_449' title='bbox 1043 4379 1347 4422; x_wconf 76' lang='lat' dir='ltr'><em>canonum</em></span> <span class='ocrx_word' id='word_1_450' title='bbox 1402 4379 1724 4423; x_wconf 85' lang='lat' dir='ltr'><em>sacrorum</em></span> <span class='ocrx_word' id='word_1_451' title='bbox 1783 4360 2022 4421; x_wconf 89' lang='lat' dir='ltr'><em>Biblio-</em></span> 
     </span>
    </p>
   </div>
   <div class='ocr_carea' id='block_1_67' title="bbox 369 4457 2026 4537">
    <p class='ocr_par' dir='ltr' id='par_1_67' title="bbox 369 4457 2026 4537">
     <span class='ocr_line' id='line_1_67' title="bbox 369 4457 2026 4537; baseline 0.001 -21"><span class='ocrx_word' id='word_1_452' title='bbox 369 4473 512 4516; x_wconf 91' lang='lat' dir='ltr'><em>rum</em></span> <span class='ocrx_word' id='word_1_453' title='bbox 569 4462 892 4536; x_wconf 88' lang='lat' dir='ltr'><em>susceptos</em></span> <span class='ocrx_word' id='word_1_454' title='bbox 924 4457 1114 4519; x_wconf 79' lang='lat' dir='ltr'><em>fuisse</em></span> <span class='ocrx_word' id='word_1_455' title='bbox 1146 4458 1341 4520; x_wconf 89' lang='lat' dir='ltr'><em>libros</em></span> <span class='ocrx_word' id='word_1_456' title='bbox 1370 4459 1535 4537; x_wconf 88' lang='lat' dir='ltr'><em>illos,</em></span> <span class='ocrx_word' id='word_1_457' title='bbox 1568 4459 1676 4537; x_wconf 89' lang='lat' dir='ltr'><em>qui</em></span> <span class='ocrx_word' id='word_1_458' title='bbox 1707 4457 2026 4518; x_wconf 89' lang='lat' dir='ltr'><em>ecclesias-</em></span> 
     </span>
    </p>
   </div>
   <div class='ocr_carea' id='block_1_68' title="bbox 372 4546 3326 4636">
    <p class='ocr_par' dir='ltr' id='par_1_68' title="bbox 372 4546 3326 4636">
     <span class='ocr_line' id='line_1_68' title="bbox 372 4546 3326 4636; baseline 0 -23"><span class='ocrx_word' id='word_1_459' title='bbox 372 4553 488 4614; x_wconf 89' lang='lat' dir='ltr'><em>tici</em></span> <span class='ocrx_word' id='word_1_460' title='bbox 541 4553 692 4615; x_wconf 89' lang='lat' dir='ltr'><em>dicti</em></span> <span class='ocrx_word' id='word_1_461' title='bbox 759 4560 926 4628; x_wconf 84' lang='lat' dir='ltr'><em>sunt,</em></span> <span class='ocrx_word' id='word_1_462' title='bbox 986 4555 1173 4617; x_wconf 89' lang='lat' dir='ltr'><em>ﬁdem</em></span> <span class='ocrx_word' id='word_1_463' title='bbox 1232 4556 1413 4617; x_wconf 91' lang='lat' dir='ltr'><em>nobis</em></span> <span class='ocrx_word' id='word_1_464' title='bbox 1470 4558 1619 4617; x_wconf 81' lang='lat' dir='ltr'><em>facit</em></span> <span class='ocrx_word' id='word_1_465' title='bbox 1700 4546 2253 4636; x_wconf 88' lang='lat' dir='ltr'><em>exemplarDPro</em></span> <span class='ocrx_word' id='word_1_466' title='bbox 2334 4551 2589 4611; x_wconf 89' lang='lat' dir='ltr'><em>nomine</em></span> <span class='ocrx_word' id='word_1_467' title='bbox 2663 4552 2806 4627; x_wconf 91' lang='lat' dir='ltr'><em>isto,</em></span> <span class='ocrx_word' id='word_1_468' title='bbox 2888 4551 3326 4629; x_wconf 81' lang='lat' dir='ltr'><em>Ecclesiastes,</em></span> 
     </span>
    </p>
   </div>
   <div class='ocr_carea' id='block_1_69' title="bbox 372 4652 2022 4733">
    <p class='ocr_par' dir='ltr' id='par_1_69' title="bbox 372 4652 2022 4733">
     <span class='ocr_line' id='line_1_69' title="bbox 372 4652 2022 4733; baseline 0.001 -20"><span class='ocrx_word' id='word_1_469' title='bbox 372 4652 895 4731; x_wconf 89' lang='lat' dir='ltr'><em>manuscriptum,</em></span> <span class='ocrx_word' id='word_1_470' title='bbox 949 4654 1143 4732; x_wconf 91' lang='lat' dir='ltr'><em>quod,</em></span> <span class='ocrx_word' id='word_1_471' title='bbox 1187 4654 1334 4715; x_wconf 91' lang='lat' dir='ltr'><em>licet</em></span> <span class='ocrx_word' id='word_1_472' title='bbox 1363 4655 1862 4715; x_wconf 86' lang='lat' dir='ltr'><em>vetustissimum</em></span> <span class='ocrx_word' id='word_1_473' title='bbox 1915 4672 2022 4733; x_wconf 88' lang='lat' dir='ltr'><em>ap-</em></span> 
     </span>
    </p>
   </div>
   <div class='ocr_carea' id='block_1_70' title="bbox 371 4749 2021 4829">
    <p class='ocr_par' dir='ltr' id='par_1_70' title="bbox 371 4749 2021 4829">
     <span class='ocr_line' id='line_1_70' title="bbox 371 4749 2021 4829; baseline 0.001 -19"><span class='ocrx_word' id='word_1_474' title='bbox 371 4754 612 4829; x_wconf 88' lang='lat' dir='ltr'><em>pareat,</em></span> <span class='ocrx_word' id='word_1_475' title='bbox 649 4749 1127 4829; x_wconf 87' lang='lat' dir='ltr'><em>quadringentis</em></span> <span class='ocrx_word' id='word_1_476' title='bbox 1180 4758 1391 4812; x_wconf 89' lang='lat' dir='ltr'><em>tamen</em></span> <span class='ocrx_word' id='word_1_477' title='bbox 1440 4753 1621 4813; x_wconf 89' lang='lat' dir='ltr'><em>annis</em></span> <span class='ocrx_word' id='word_1_478' title='bbox 1675 4751 1756 4812; x_wconf 92' lang='lat' dir='ltr'><em>ad</em></span> <span class='ocrx_word' id='word_1_479' title='bbox 1817 4751 2021 4812; x_wconf 90' lang='lat' dir='ltr'><em>minus</em></span> 
     </span>
    </p>
   </div>
   <div class='ocr_carea' id='block_1_71' title="bbox 372 4847 2019 4929">
    <p class='ocr_par' dir='ltr' id='par_1_71' title="bbox 372 4847 2019 4929">
     <span class='ocr_line' id='line_1_71' title="bbox 372 4847 2019 4929; baseline 0.002 -21"><span class='ocrx_word' id='word_1_480' title='bbox 372 4853 518 4925; x_wconf 82' lang='lat' dir='ltr'><em>post</em></span> <span class='ocrx_word' id='word_1_481' title='bbox 545 4847 786 4908; x_wconf 90' lang='lat' dir='ltr'><em>obitum</em></span> <span class='ocrx_word' id='word_1_482' title='bbox 848 4849 1086 4911; x_wconf 82' lang='lat' dir='ltr'><em>Rufﬁni</em></span> <span class='ocrx_word' id='word_1_483' title='bbox 1143 4850 1332 4911; x_wconf 88' lang='lat' dir='ltr'><em>fuisse</em></span> <span class='ocrx_word' id='word_1_484' title='bbox 1376 4851 1769 4929; x_wconf 87' lang='lat' dir='ltr'><em>inscriptum,</em></span> <span class='ocrx_word' id='word_1_485' title='bbox 1833 4868 2019 4911; x_wconf 90' lang='lat' dir='ltr'><em>nemo</em></span> 
     </span>
    </p>
   </div>
   <div class='ocr_carea' id='block_1_72' title="bbox 370 4944 2020 5026">
    <p class='ocr_par' dir='ltr' id='par_1_72' title="bbox 370 4944 2020 5026">
     <span class='ocr_line' id='line_1_72' title="bbox 370 4944 2020 5026; baseline 0.002 -22"><span class='ocrx_word' id='word_1_486' title='bbox 370 4944 710 5007; x_wconf 87' lang='lat' dir='ltr'><em>inﬁciatur.</em></span> <span class='ocrx_word' id='word_1_487' title='bbox 754 4946 867 5007; x_wconf 90' lang='lat' dir='ltr'><em>Hic</em></span> <span class='ocrx_word' id='word_1_488' title='bbox 924 4947 1139 5026; x_wconf 89' lang='lat' dir='ltr'><em>itaque</em></span> <span class='ocrx_word' id='word_1_489' title='bbox 1183 4948 1384 5009; x_wconf 85' lang='lat' dir='ltr'><em>codex</em></span> <span class='ocrx_word' id='word_1_490' title='bbox 1459 4947 1805 5008; x_wconf 87' lang='lat' dir='ltr'><em>Bibliorum</em></span> <span class='ocrx_word' id='word_1_491' title='bbox 1887 4965 2020 5007; x_wconf 89' lang='lat' dir='ltr'><em>ma-</em></span> 
     </span>
    </p>
   </div>
   <div class='ocr_carea' id='block_1_73' title="bbox 369 5043 2016 5123">
    <p class='ocr_par' dir='ltr' id='par_1_73' title="bbox 369 5043 2016 5123">
     <span class='ocr_line' id='line_1_73' title="bbox 369 5043 2016 5123; baseline 0.001 -20"><span class='ocrx_word' id='word_1_492' title='bbox 369 5043 753 5123; x_wconf 90' lang='lat' dir='ltr'><em>nuscriptus,</em></span> <span class='ocrx_word' id='word_1_493' title='bbox 786 5050 1042 5105; x_wconf 88' lang='lat' dir='ltr'><em>notatus</em></span> <span class='ocrx_word' id='word_1_494' title='bbox 1098 5064 1272 5106; x_wconf 89' lang='lat' dir='ltr'><em>num.</em></span> <span class='ocrx_word' id='word_1_495' title='bbox 1335 5049 1408 5108; x_wconf 83' lang='grc'><strong>15</strong></span> <span class='ocrx_word' id='word_1_496' title='bbox 1466 5046 1531 5105; x_wconf 92' lang='lat' dir='ltr'><em>in</em></span> <span class='ocrx_word' id='word_1_497' title='bbox 1589 5052 1804 5106; x_wconf 86' lang='lat' dir='ltr'><em>nostra</em></span> <span class='ocrx_word' id='word_1_498' title='bbox 1856 5049 2016 5106; x_wconf 89' lang='lat' dir='ltr'><em>San-</em></span> 
     </span>
    </p>
   </div>
   <div class='ocr_carea' id='block_1_74' title="bbox 369 5142 2016 5221">
    <p class='ocr_par' dir='ltr' id='par_1_74' title="bbox 369 5142 2016 5221">
     <span class='ocr_line' id='line_1_74' title="bbox 369 5142 2016 5221; baseline 0.001 -18"><span class='ocrx_word' id='word_1_499' title='bbox 369 5142 772 5204; x_wconf 84' lang='lat' dir='ltr'><em>Germanensi</em></span> <span class='ocrx_word' id='word_1_500' title='bbox 847 5142 1252 5221; x_wconf 85' lang='lat' dir='ltr'><em>bibliotheca,</em></span> <span class='ocrx_word' id='word_1_501' title='bbox 1317 5143 1452 5205; x_wconf 81' lang='lat' dir='ltr'><em>haec</em></span> <span class='ocrx_word' id='word_1_502' title='bbox 1510 5143 1780 5204; x_wconf 86' lang='lat' dir='ltr'><em>attexuit</em></span> <span class='ocrx_word' id='word_1_503' title='bbox 1854 5143 2016 5204; x_wconf 88' lang='lat' dir='ltr'><em>libro</em></span> 
     </span>
    </p>
   </div>
   <div class='ocr_carea' id='block_1_75' title="bbox 364 5238 2014 5322">
    <p class='ocr_par' dir='ltr' id='par_1_75' title="bbox 364 5238 2014 5322">
     <span class='ocr_line' id='line_1_75' title="bbox 364 5238 2014 5322; baseline 0.001 -22"><span class='ocrx_word' id='word_1_504' title='bbox 364 5240 646 5301; x_wconf 85' lang='lat' dir='ltr'><em>Estheris</em></span> <span class='ocrx_word' id='word_1_505' title='bbox 678 5258 692 5299; x_wconf 91' lang='lat'><strong>:</strong></span> <span class='ocrx_word' id='word_1_506' title='bbox 724 5238 909 5300; x_wconf 85' lang='lat' dir='ltr'><em>Finit</em></span> <span class='ocrx_word' id='word_1_507' title='bbox 949 5238 1205 5301; x_wconf 74' lang='lat' dir='ltr'><em>Esther.</em></span> <span class='ocrx_word' id='word_1_508' title='bbox 1267 5240 1403 5301; x_wconf 90' lang='lat' dir='ltr'><em>Deo</em></span> <span class='ocrx_word' id='word_1_509' title='bbox 1457 5240 1733 5322; x_wconf 76' lang='lat' dir='ltr'><em>gratias,</em></span> <span class='ocrx_word' id='word_1_510' title='bbox 1783 5240 2014 5303; x_wconf 83' lang='lat' dir='ltr'><em>Amen.</em></span> 
     </span>
    </p>
   </div>
   <div class='ocr_carea' id='block_1_76' title="bbox 362 5336 2010 5418">
    <p class='ocr_par' dir='ltr' id='par_1_76' title="bbox 362 5336 2010 5418">
     <span class='ocr_line' id='line_1_76' title="bbox 362 5336 2010 5418; baseline -0.001 -19"><span class='ocrx_word' id='word_1_511' title='bbox 362 5336 714 5417; x_wconf 85' lang='lat' dir='ltr'><em>Hucusque</em></span> <span class='ocrx_word' id='word_1_512' title='bbox 740 5336 1104 5418; x_wconf 87' lang='lat' dir='ltr'><em>completum</em></span> <span class='ocrx_word' id='word_1_513' title='bbox 1136 5343 1228 5397; x_wconf 89' lang='lat' dir='ltr'><em>est</em></span> <span class='ocrx_word' id='word_1_514' title='bbox 1284 5337 1470 5400; x_wconf 89' lang='lat' dir='ltr'><em>Vetus</em></span> <span class='ocrx_word' id='word_1_515' title='bbox 1535 5337 2010 5418; x_wconf 85' lang='lat' dir='ltr'><em>Testamentum,</em></span> 
     </span>
    </p>
   </div>
   <div class='ocr_carea' id='block_1_77' title="bbox 364 5436 2013 5517">
    <p class='ocr_par' dir='ltr' id='par_1_77' title="bbox 364 5436 2013 5517">
     <span class='ocr_line' id='line_1_77' title="bbox 364 5436 2013 5517; baseline 0 -21"><span class='ocrx_word' id='word_1_516' title='bbox 364 5437 435 5497; x_wconf 91' lang='lat' dir='ltr'><em>id</em></span> <span class='ocrx_word' id='word_1_517' title='bbox 462 5442 793 5497; x_wconf 86' lang='lat' dir='ltr'><em>estomnes</em></span> <span class='ocrx_word' id='word_1_518' title='bbox 823 5436 1132 5496; x_wconf 57' lang='lat' dir='ltr'><em>canonica</em></span> <span class='ocrx_word' id='word_1_519' title='bbox 1160 5436 1524 5517; x_wconf 57' lang='lat' dir='ltr'><em>Scriptura,</em></span> <span class='ocrx_word' id='word_1_520' title='bbox 1584 5456 1742 5517; x_wconf 88' lang='lat' dir='ltr'><em>quas</em></span> <span class='ocrx_word' id='word_1_521' title='bbox 1798 5442 2013 5496; x_wconf 87' lang='lat' dir='ltr'><em>trans-</em></span> 
     </span>
    </p>
   </div>
   <div class='ocr_carea' id='block_1_78' title="bbox 360 5531 2011 5614">
    <p class='ocr_par' dir='ltr' id='par_1_78' title="bbox 360 5531 2011 5614">
     <span class='ocr_line' id='line_1_78' title="bbox 360 5531 2011 5614; baseline 0.001 -21"><span class='ocrx_word' id='word_1_522' title='bbox 360 5533 515 5593; x_wconf 84' lang='lat' dir='ltr'><em>tulit</em></span> <span class='ocrx_word' id='word_1_523' title='bbox 540 5532 974 5604; x_wconf 73' lang='lat' dir='ltr'><em>Hieronymus</em></span> <span class='ocrx_word' id='word_1_524' title='bbox 986 5531 1319 5614; x_wconf 65' lang='lat' dir='ltr'><em>presbyter</em></span> <span class='ocrx_word' id='word_1_525' title='bbox 1343 5534 1419 5594; x_wconf 89' lang='lat' dir='ltr'><em>de</em></span> <span class='ocrx_word' id='word_1_526' title='bbox 1473 5533 1795 5594; x_wconf 84' lang='lat' dir='ltr'><em>Hebraica</em></span> <span class='ocrx_word' id='word_1_527' title='bbox 1846 5534 2011 5594; x_wconf 88' lang='lat' dir='ltr'><em>veri-</em></span> 
     </span>
    </p>
   </div>
   <div class='ocr_carea' id='block_1_79' title="bbox 363 5630 2011 5714">
    <p class='ocr_par' dir='ltr' id='par_1_79' title="bbox 363 5630 2011 5714">
     <span class='ocr_line' id='line_1_79' title="bbox 363 5630 2011 5714; baseline 0.001 -22"><span class='ocrx_word' id='word_1_528' title='bbox 363 5634 490 5692; x_wconf 88' lang='lat' dir='ltr'><em>tate</em></span> <span class='ocrx_word' id='word_1_529' title='bbox 511 5630 579 5693; x_wconf 89' lang='lat' dir='ltr'><em>in</em></span> <span class='ocrx_word' id='word_1_530' title='bbox 598 5630 892 5694; x_wconf 84' lang='lat' dir='ltr'><em>Latinum</em></span> <span class='ocrx_word' id='word_1_531' title='bbox 910 5650 1273 5694; x_wconf 83' lang='lat' dir='ltr'><em>sermonem.</em></span> <span class='ocrx_word' id='word_1_532' title='bbox 1298 5630 1558 5694; x_wconf 63' lang='lat' dir='ltr'><em>Cetera:</em></span> <span class='ocrx_word' id='word_1_533' title='bbox 1577 5652 1717 5693; x_wconf 84' lang='lat' dir='ltr'><em>vero</em></span> <span class='ocrx_word' id='word_1_534' title='bbox 1731 5630 2011 5714; x_wconf 75' lang='lat' dir='ltr'><em>Scriptu-</em></span> 
     </span>
    </p>
   </div>
   <div class='ocr_carea' id='block_1_80' title="bbox 2128 3275 3782 3361">
    <p class='ocr_par' dir='ltr' id='par_1_80' title="bbox 2128 3275 3782 3361">
     <span class='ocr_line' id='line_1_80' title="bbox 2128 3275 3782 3361; baseline 0.004 -27"><span class='ocrx_word' id='word_1_535' title='bbox 2128 3275 2284 3335; x_wconf 91' lang='lat' dir='ltr'><em>libri</em></span> <span class='ocrx_word' id='word_1_536' title='bbox 2327 3275 2652 3336; x_wconf 88' lang='lat' dir='ltr'><em>duodecim</em></span> <span class='ocrx_word' id='word_1_537' title='bbox 2710 3276 3192 3358; x_wconf 81' lang='lat' dir='ltr'><em>Prophetarum.</em></span> <span class='ocrx_word' id='word_1_538' title='bbox 3252 3279 3332 3340; x_wconf 88' lang='lat' dir='ltr'><em>In</em></span> <span class='ocrx_word' id='word_1_539' title='bbox 3389 3278 3782 3361; x_wconf 79' lang='lat' dir='ltr'><em>Hagiogra-</em></span> 
     </span>
    </p>
   </div>
   <div class='ocr_carea' id='block_1_81' title="bbox 2128 3372 3786 3455">
    <p class='ocr_par' dir='ltr' id='par_1_81' title="bbox 2128 3372 3786 3455">
     <span class='ocr_line' id='line_1_81' title="bbox 2128 3372 3786 3455; baseline 0.003 -23"><span class='ocrx_word' id='word_1_540' title='bbox 2128 3372 2304 3455; x_wconf 76' lang='lat' dir='ltr'><em>plzos,</em></span> <span class='ocrx_word' id='word_1_541' title='bbox 2338 3372 2450 3453; x_wconf 89' lang='lat' dir='ltr'><em>qui</em></span> <span class='ocrx_word' id='word_1_542' title='bbox 2476 3378 2625 3432; x_wconf 89' lang='lat' dir='ltr'><em>sunt</em></span> <span class='ocrx_word' id='word_1_543' title='bbox 2660 3372 2797 3448; x_wconf 74' lang='lat' dir='ltr'><em>Iob,</em></span> <span class='ocrx_word' id='word_1_544' title='bbox 2844 3373 3085 3448; x_wconf 81' lang='lat' dir='ltr'><em>David,</em></span> <span class='ocrx_word' id='word_1_545' title='bbox 3106 3375 3462 3437; x_wconf 89' lang='lat' dir='ltr'><em>Salomonis</em></span> <span class='ocrx_word' id='word_1_546' title='bbox 3509 3380 3786 3438; x_wconf 86' lang='lat' dir='ltr'><em>Prover-</em></span> 
     </span>
    </p>
   </div>
   <div class='ocr_carea' id='block_1_82' title="bbox 2131 3472 3783 3557">
    <p class='ocr_par' dir='ltr' id='par_1_82' title="bbox 2131 3472 3783 3557">
     <span class='ocr_line' id='line_1_82' title="bbox 2131 3472 3783 3557; baseline 0.004 -24"><span class='ocrx_word' id='word_1_547' title='bbox 2131 3472 2255 3552; x_wconf 87' lang='lat' dir='ltr'><em>bia,</em></span> <span class='ocrx_word' id='word_1_548' title='bbox 2298 3472 2734 3553; x_wconf 79' lang='lat' dir='ltr'><em>Ecclesiastes,</em></span> <span class='ocrx_word' id='word_1_549' title='bbox 2791 3473 3127 3535; x_wconf 88' lang='lat' dir='ltr'><em>Canticum</em></span> <span class='ocrx_word' id='word_1_550' title='bbox 3189 3477 3596 3557; x_wconf 87' lang='lat' dir='ltr'><em>canticorum,</em></span> <span class='ocrx_word' id='word_1_551' title='bbox 3649 3480 3783 3538; x_wconf 87' lang='lat' dir='ltr'><em>Da-</em></span> 
     </span>
    </p>
   </div>
   <div class='ocr_carea' id='block_1_83' title="bbox 2130 3569 3777 3656">
    <p class='ocr_par' dir='ltr' id='par_1_83' title="bbox 2130 3569 3777 3656">
     <span class='ocr_line' id='line_1_83' title="bbox 2130 3569 3777 3656; baseline 0.004 -26"><span class='ocrx_word' id='word_1_552' title='bbox 2130 3570 2283 3642; x_wconf 87' lang='lat' dir='ltr'><em>niel,</em></span> <span class='ocrx_word' id='word_1_553' title='bbox 2356 3569 2552 3630; x_wconf 90' lang='lat' dir='ltr'><em>Verba</em></span> <span class='ocrx_word' id='word_1_554' title='bbox 2608 3571 2877 3648; x_wconf 89' lang='lat' dir='ltr'><em>dierum,</em></span> <span class='ocrx_word' id='word_1_555' title='bbox 2947 3572 3019 3632; x_wconf 90' lang='lat' dir='ltr'><em>id</em></span> <span class='ocrx_word' id='word_1_556' title='bbox 3073 3579 3167 3633; x_wconf 90' lang='lat' dir='ltr'><em>est</em></span> <span class='ocrx_word' id='word_1_557' title='bbox 3224 3573 3777 3656; x_wconf 87' lang='lat' dir='ltr'><em>Paralipomenon,</em></span> 
     </span>
    </p>
   </div>
   <div class='ocr_carea' id='block_1_84' title="bbox 2133 3666 3782 3752">
    <p class='ocr_par' dir='ltr' id='par_1_84' title="bbox 2133 3666 3782 3752">
     <span class='ocr_line' id='line_1_84' title="bbox 2133 3666 3782 3752; baseline 0.004 -24"><span class='ocrx_word' id='word_1_558' title='bbox 2133 3666 2375 3728; x_wconf 87' lang='lat' dir='ltr'><em>Esdras</em></span> <span class='ocrx_word' id='word_1_559' title='bbox 2434 3666 2687 3729; x_wconf 81' lang='lat' dir='ltr'><em>Esther.</em></span> <span class='ocrx_word' id='word_1_560' title='bbox 2747 3673 2898 3730; x_wconf 71' lang='lat' dir='ltr'><em>Haec</em></span> <span class='ocrx_word' id='word_1_561' title='bbox 2953 3688 3030 3730; x_wconf 86' lang='lat' dir='ltr'><em>ex</em></span> <span class='ocrx_word' id='word_1_562' title='bbox 3080 3671 3344 3750; x_wconf 88' lang='lat' dir='ltr'><em>prologo</em></span> <span class='ocrx_word' id='word_1_563' title='bbox 3415 3672 3782 3752; x_wconf 86' lang='lat' dir='ltr'><em>Hieronymi</em></span> 
     </span>
    </p>
   </div>
   <div class='ocr_carea' id='block_1_85' title="bbox 2132 3766 3780 3833">
    <p class='ocr_par' dir='ltr' id='par_1_85' title="bbox 2132 3766 3780 3833">
     <span class='ocr_line' id='line_1_85' title="bbox 2132 3766 3780 3833; baseline 0.003 -5"><span class='ocrx_word' id='word_1_564' title='bbox 2132 3767 2389 3828; x_wconf 85' lang='lat' dir='ltr'><em>Galeato</em></span> <span class='ocrx_word' id='word_1_565' title='bbox 2472 3766 2776 3828; x_wconf 83' lang='lat' dir='ltr'><em>aﬁ‘erebat</em></span> <span class='ocrx_word' id='word_1_566' title='bbox 2856 3766 3305 3831; x_wconf 90' lang='lat' dir='ltr'><em>Cassiodorus:</em></span> <span class='ocrx_word' id='word_1_567' title='bbox 3386 3771 3496 3832; x_wconf 90' lang='lat' dir='ltr'><em>sed</em></span> <span class='ocrx_word' id='word_1_568' title='bbox 3553 3770 3780 3833; x_wconf 86' lang='lat' dir='ltr'><em>vitiosa</em></span> 
     </span>
    </p>
   </div>
   <div class='ocr_carea' id='block_1_86' title="bbox 2132 3864 3777 3948">
    <p class='ocr_par' dir='ltr' id='par_1_86' title="bbox 2132 3864 3777 3948">
     <span class='ocr_line' id='line_1_86' title="bbox 2132 3864 3777 3948; baseline 0.002 -22"><span class='ocrx_word' id='word_1_569' title='bbox 2132 3871 2226 3926; x_wconf 88' lang='lat' dir='ltr'><em>est</em></span> <span class='ocrx_word' id='word_1_570' title='bbox 2256 3882 2513 3943; x_wconf 90' lang='lat' dir='ltr'><em>prorsus</em></span> <span class='ocrx_word' id='word_1_571' title='bbox 2542 3864 2652 3925; x_wconf 89' lang='lat' dir='ltr'><em>illa</em></span> <span class='ocrx_word' id='word_1_572' title='bbox 2707 3865 2953 3939; x_wconf 88' lang='lat' dir='ltr'><em>divisio,</em></span> <span class='ocrx_word' id='word_1_573' title='bbox 3014 3871 3144 3927; x_wconf 89' lang='lat' dir='ltr'><em>tam</em></span> <span class='ocrx_word' id='word_1_574' title='bbox 3198 3868 3263 3928; x_wconf 91' lang='lat' dir='ltr'><em>in</em></span> <span class='ocrx_word' id='word_1_575' title='bbox 3319 3868 3524 3943; x_wconf 88' lang='lat' dir='ltr'><em>editis,</em></span> <span class='ocrx_word' id='word_1_576' title='bbox 3584 3887 3777 3948; x_wconf 87' lang='lat' dir='ltr'><em>quam</em></span> 
     </span>
    </p>
   </div>
   <div class='ocr_carea' id='block_1_87' title="bbox 2132 3962 3781 4045">
    <p class='ocr_par' dir='ltr' id='par_1_87' title="bbox 2132 3962 3781 4045">
     <span class='ocr_line' id='line_1_87' title="bbox 2132 3962 3781 4045; baseline 0.004 -22"><span class='ocrx_word' id='word_1_577' title='bbox 2132 3964 2193 4023; x_wconf 90' lang='lat' dir='ltr'><em>in</em></span> <span class='ocrx_word' id='word_1_578' title='bbox 2256 3962 2699 4041; x_wconf 88' lang='lat' dir='ltr'><em>manuscriptis</em></span> <span class='ocrx_word' id='word_1_579' title='bbox 2777 3963 3001 4024; x_wconf 87' lang='lat' dir='ltr'><em>libris:</em></span> <span class='ocrx_word' id='word_1_580' title='bbox 3088 3968 3147 4025; x_wconf 81' lang='grc' dir='ltr'><em>1ο</em></span> <span class='ocrx_word' id='word_1_581' title='bbox 3206 3966 3458 4045; x_wconf 89' lang='lat' dir='ltr'><em>quidem</em></span> <span class='ocrx_word' id='word_1_582' title='bbox 3545 3967 3781 4029; x_wconf 87' lang='lat' dir='ltr'><em>omissa</em></span> 
     </span>
    </p>
   </div>
   <div class='ocr_carea' id='block_1_88' title="bbox 2133 4059 3775 4142">
    <p class='ocr_par' dir='ltr' id='par_1_88' title="bbox 2133 4059 3775 4142">
     <span class='ocr_line' id='line_1_88' title="bbox 2133 4059 3775 4142; baseline 0.003 -22"><span class='ocrx_word' id='word_1_583' title='bbox 2133 4060 2368 4138; x_wconf 89' lang='lat' dir='ltr'><em>ubique</em></span> <span class='ocrx_word' id='word_1_584' title='bbox 2396 4078 2550 4121; x_wconf 87' lang='lat' dir='ltr'><em>voce</em></span> <span class='ocrx_word' id='word_1_585' title='bbox 2607 4059 2961 4121; x_wconf 79' lang='lat' dir='ltr'><em>Malaclzim</em></span> <span class='ocrx_word' id='word_1_586' title='bbox 3005 4068 3150 4142; x_wconf 89' lang='lat' dir='ltr'><em>post</em></span> <span class='ocrx_word' id='word_1_587' title='bbox 3208 4064 3466 4126; x_wconf 85' lang='lat' dir='ltr'><em>verbum</em></span> <span class='ocrx_word' id='word_1_588' title='bbox 3497 4063 3775 4126; x_wconf 89' lang='lat' dir='ltr'><em>Samuel.</em></span> 
     </span>
    </p>
   </div>
   <div class='ocr_carea' id='block_1_89' title="bbox 2132 4158 3778 4244">
    <p class='ocr_par' dir='ltr' id='par_1_89' title="bbox 2132 4158 3778 4244">
     <span class='ocr_line' id='line_1_89' title="bbox 2132 4158 3778 4244; baseline 0.004 -25"><span class='ocrx_word' id='word_1_589' title='bbox 2132 4163 2197 4219; x_wconf 73' lang='grc' dir='ltr'><em>’2ο</em></span> <span class='ocrx_word' id='word_1_590' title='bbox 2252 4158 2669 4238; x_wconf 87' lang='lat' dir='ltr'><em>Manuscripti</em></span> <span class='ocrx_word' id='word_1_591' title='bbox 2727 4160 2970 4221; x_wconf 89' lang='lat' dir='ltr'><em>codices</em></span> <span class='ocrx_word' id='word_1_592' title='bbox 3000 4178 3122 4223; x_wconf 90' lang='lat' dir='ltr'><em>non</em></span> <span class='ocrx_word' id='word_1_593' title='bbox 3181 4163 3370 4243; x_wconf 88' lang='lat' dir='ltr'><em>pauci</em></span> <span class='ocrx_word' id='word_1_594' title='bbox 3427 4166 3778 4244; x_wconf 61' lang='lat' dir='ltr'><em>praetermi-</em></span> 
     </span>
    </p>
   </div>
   <div class='ocr_carea' id='block_1_90' title="bbox 2133 4255 3783 4331">
    <p class='ocr_par' dir='ltr' id='par_1_90' title="bbox 2133 4255 3783 4331">
     <span class='ocr_line' id='line_1_90' title="bbox 2133 4255 3783 4331; baseline 0.005 -14"><span class='ocrx_word' id='word_1_595' title='bbox 2133 4262 2350 4317; x_wconf 90' lang='lat' dir='ltr'><em>serunt</em></span> <span class='ocrx_word' id='word_1_596' title='bbox 2402 4255 2666 4331; x_wconf 85' lang='lat' dir='ltr'><em>Daniel,</em></span> <span class='ocrx_word' id='word_1_597' title='bbox 2743 4257 2852 4319; x_wconf 90' lang='lat' dir='ltr'><em>alii</em></span> <span class='ocrx_word' id='word_1_598' title='bbox 2907 4277 3050 4321; x_wconf 88' lang='lat' dir='ltr'><em>cum</em></span> <span class='ocrx_word' id='word_1_599' title='bbox 3107 4260 3289 4323; x_wconf 87' lang='lat' dir='ltr'><em>editis</em></span> <span class='ocrx_word' id='word_1_600' title='bbox 3361 4269 3783 4326; x_wconf 86' lang='lat' dir='ltr'><em>annumerant</em></span> 
     </span>
    </p>
   </div>
   <div class='ocr_carea' id='block_1_91' title="bbox 2134 4353 3778 4436">
    <p class='ocr_par' dir='ltr' id='par_1_91' title="bbox 2134 4353 3778 4436">
     <span class='ocr_line' id='line_1_91' title="bbox 2134 4353 3778 4436; baseline 0.006 -22"><span class='ocrx_word' id='word_1_601' title='bbox 2134 4353 2479 4433; x_wconf 90' lang='lat' dir='ltr'><em>majoribus</em></span> <span class='ocrx_word' id='word_1_602' title='bbox 2510 4354 2837 4434; x_wconf 85' lang='lat' dir='ltr'><em>prophetis</em></span> <span class='ocrx_word' id='word_1_603' title='bbox 2894 4363 3037 4436; x_wconf 89' lang='lat' dir='ltr'><em>post</em></span> <span class='ocrx_word' id='word_1_604' title='bbox 3083 4358 3503 4435; x_wconf 83' lang='lat' dir='ltr'><em>Ezerhielem,</em></span> <span class='ocrx_word' id='word_1_605' title='bbox 3565 4379 3778 4423; x_wconf 87' lang='lat' dir='ltr'><em>serva-</em></span> 
     </span>
    </p>
   </div>
   <div class='ocr_carea' id='block_1_92' title="bbox 2134 4453 3778 4532">
    <p class='ocr_par' dir='ltr' id='par_1_92' title="bbox 2134 4453 3778 4532">
     <span class='ocr_line' id='line_1_92' title="bbox 2134 4453 3778 4532; baseline 0.005 -20"><span class='ocrx_word' id='word_1_606' title='bbox 2134 4458 2198 4514; x_wconf 91' lang='lat' dir='ltr'><em>to</em></span> <span class='ocrx_word' id='word_1_607' title='bbox 2255 4453 2475 4514; x_wconf 87' lang='lat' dir='ltr'><em>ordine</em></span> <span class='ocrx_word' id='word_1_608' title='bbox 2559 4453 2818 4532; x_wconf 88' lang='lat' dir='ltr'><em>vulgato</em></span> <span class='ocrx_word' id='word_1_609' title='bbox 2872 4455 3221 4518; x_wconf 91' lang='lat' dir='ltr'><em>Bibliorum</em></span> <span class='ocrx_word' id='word_1_610' title='bbox 3279 4476 3626 4521; x_wconf 88' lang='lat' dir='ltr'><em>sacrorum.</em></span> <span class='ocrx_word' id='word_1_611' title='bbox 3712 4461 3778 4520; x_wconf 88' lang='lat'><em>3°</em></span> 
     </span>
    </p>
   </div>
   <div class='ocr_carea' id='block_1_93' title="bbox 3428 4564 3779 4635">
    <p class='ocr_par' dir='ltr' id='par_1_93' title="bbox 3428 4564 3779 4635">
     <span class='ocr_line' id='line_1_93' title="bbox 3428 4564 3779 4635; baseline 0.011 -19"><span class='ocrx_word' id='word_1_612' title='bbox 3428 4564 3779 4635; x_wconf 87' lang='lat' dir='ltr'><em>posuerunt</em></span> 
     </span>
    </p>
   </div>
   <div class='ocr_carea' id='block_1_94' title="bbox 2130 4649 3775 4731">
    <p class='ocr_par' dir='ltr' id='par_1_94' title="bbox 2130 4649 3775 4731">
     <span class='ocr_line' id='line_1_94' title="bbox 2130 4649 3775 4731; baseline 0.006 -22"><span class='ocrx_word' id='word_1_613' title='bbox 2130 4649 2668 4729; x_wconf 87' lang='lat' dir='ltr'><em>Ecclesiasticum,</em></span> <span class='ocrx_word' id='word_1_614' title='bbox 2731 4651 2841 4731; x_wconf 90' lang='lat' dir='ltr'><em>qui</em></span> <span class='ocrx_word' id='word_1_615' title='bbox 2917 4672 3045 4715; x_wconf 91' lang='lat' dir='ltr'><em>non</em></span> <span class='ocrx_word' id='word_1_616' title='bbox 3099 4662 3197 4716; x_wconf 91' lang='lat' dir='ltr'><em>est</em></span> <span class='ocrx_word' id='word_1_617' title='bbox 3251 4655 3628 4728; x_wconf 88' lang='lat' dir='ltr'><em>Salomonis,</em></span> <span class='ocrx_word' id='word_1_618' title='bbox 3663 4659 3775 4719; x_wconf 87' lang='lat' dir='ltr'><em>sed</em></span> 
     </span>
    </p>
   </div>
   <div class='ocr_carea' id='block_1_95' title="bbox 2127 4747 3773 4832">
    <p class='ocr_par' dir='ltr' id='par_1_95' title="bbox 2127 4747 3773 4832">
     <span class='ocr_line' id='line_1_95' title="bbox 2127 4747 3773 4832; baseline 0.006 -25"><span class='ocrx_word' id='word_1_619' title='bbox 2127 4747 2287 4809; x_wconf 88' lang='lat' dir='ltr'><em>liber</em></span> <span class='ocrx_word' id='word_1_620' title='bbox 2342 4751 2486 4809; x_wconf 90' lang='lat' dir='ltr'><em>Jesu</em></span> <span class='ocrx_word' id='word_1_621' title='bbox 2545 4748 2659 4809; x_wconf 90' lang='lat' dir='ltr'><em>ﬁlii</em></span> <span class='ocrx_word' id='word_1_622' title='bbox 2714 4749 2975 4825; x_wconf 84' lang='lat' dir='ltr'><em>Sirach;</em></span> <span class='ocrx_word' id='word_1_623' title='bbox 3035 4752 3271 4832; x_wconf 90' lang='lat' dir='ltr'><em>quique</em></span> <span class='ocrx_word' id='word_1_624' title='bbox 3326 4751 3392 4813; x_wconf 91' lang='lat' dir='ltr'><em>in</em></span> <span class='ocrx_word' id='word_1_625' title='bbox 3453 4754 3773 4817; x_wconf 88' lang='lat' dir='ltr'><em>Canonem</em></span> 
     </span>
    </p>
   </div>
   <div class='ocr_carea' id='block_1_96' title="bbox 2129 4846 3773 4931">
    <p class='ocr_par' dir='ltr' id='par_1_96' title="bbox 2129 4846 3773 4931">
     <span class='ocr_line' id='line_1_96' title="bbox 2129 4846 3773 4931; baseline 0.006 -25"><span class='ocrx_word' id='word_1_626' title='bbox 2129 4865 2441 4925; x_wconf 88' lang='lat' dir='ltr'><em>nusquam</em></span> <span class='ocrx_word' id='word_1_627' title='bbox 2472 4846 2785 4909; x_wconf 88' lang='lat' dir='ltr'><em>admissus</em></span> <span class='ocrx_word' id='word_1_628' title='bbox 2815 4854 2908 4910; x_wconf 90' lang='lat' dir='ltr'><em>est</em></span> <span class='ocrx_word' id='word_1_629' title='bbox 2935 4848 3014 4911; x_wconf 89' lang='lat' dir='ltr'><em>ab</em></span> <span class='ocrx_word' id='word_1_630' title='bbox 3068 4850 3473 4931; x_wconf 88' lang='lat' dir='ltr'><em>Hieronymo.</em></span> <span class='ocrx_word' id='word_1_631' title='bbox 3530 4858 3596 4914; x_wconf 72' lang='grc'><em>4⁸</em></span> <span class='ocrx_word' id='word_1_632' title='bbox 3652 4855 3773 4916; x_wconf 88' lang='lat' dir='ltr'><em>De-</em></span> 
     </span>
    </p>
   </div>
   <div class='ocr_carea' id='block_1_97' title="bbox 2127 4944 3771 5030">
    <p class='ocr_par' dir='ltr' id='par_1_97' title="bbox 2127 4944 3771 5030">
     <span class='ocr_line' id='line_1_97' title="bbox 2127 4944 3771 5030; baseline 0.006 -27"><span class='ocrx_word' id='word_1_633' title='bbox 2127 4945 2317 5023; x_wconf 90' lang='lat' dir='ltr'><em>nique</em></span> <span class='ocrx_word' id='word_1_634' title='bbox 2374 4944 2616 5023; x_wconf 87' lang='lat' dir='ltr'><em>aliquot</em></span> <span class='ocrx_word' id='word_1_635' title='bbox 2675 4947 3106 5028; x_wconf 76' lang='lat' dir='ltr'><em>manuscripts.</em></span> <span class='ocrx_word' id='word_1_636' title='bbox 3162 4949 3570 5029; x_wconf 24' lang='lat' dir='ltr'><em>exemplaria,</em></span> <span class='ocrx_word' id='word_1_637' title='bbox 3610 4951 3771 5030; x_wconf 88' lang='lat' dir='ltr'><em>adji-</em></span> 
     </span>
    </p>
   </div>
   <div class='ocr_carea' id='block_1_98' title="bbox 2127 5041 3772 5124">
    <p class='ocr_par' dir='ltr' id='par_1_98' title="bbox 2127 5041 3772 5124">
     <span class='ocr_line' id='line_1_98' title="bbox 2127 5041 3772 5124; baseline 0.005 -22"><span class='ocrx_word' id='word_1_638' title='bbox 2127 5041 2301 5103; x_wconf 88' lang='lat' dir='ltr'><em>ciunt</em></span> <span class='ocrx_word' id='word_1_639' title='bbox 2327 5042 2559 5103; x_wconf 88' lang='lat' dir='ltr'><em>librum</em></span> <span class='ocrx_word' id='word_1_640' title='bbox 2590 5043 2813 5105; x_wconf 85' lang='lat' dir='ltr'><em>Judith</em></span> <span class='ocrx_word' id='word_1_641' title='bbox 2868 5051 3012 5124; x_wconf 90' lang='lat' dir='ltr'><em>post</em></span> <span class='ocrx_word' id='word_1_642' title='bbox 3064 5046 3360 5107; x_wconf 89' lang='lat' dir='ltr'><em>volumen</em></span> <span class='ocrx_word' id='word_1_643' title='bbox 3450 5048 3772 5123; x_wconf 87' lang='lat' dir='ltr'><em>Estheris;</em></span> 
     </span>
    </p>
   </div>
   <div class='ocr_carea' id='block_1_99' title="bbox 2127 5140 3777 5210">
    <p class='ocr_par' dir='ltr' id='par_1_99' title="bbox 2127 5140 3777 5210">
     <span class='ocr_line' id='line_1_99' title="bbox 2127 5140 3777 5210; baseline 0.006 -10"><span class='ocrx_word' id='word_1_644' title='bbox 2127 5147 2514 5201; x_wconf 87' lang='lat' dir='ltr'><em>cumtamen</em></span> <span class='ocrx_word' id='word_1_645' title='bbox 2568 5140 2846 5203; x_wconf 81' lang='lat' dir='ltr'><em>Judithse</em></span> <span class='ocrx_word' id='word_1_646' title='bbox 2902 5142 3062 5203; x_wconf 90' lang='lat' dir='ltr'><em>liber</em></span> <span class='ocrx_word' id='word_1_647' title='bbox 3117 5162 3151 5204; x_wconf 90' lang='lat' dir='ltr'><em>e</em></span> <span class='ocrx_word' id='word_1_648' title='bbox 3208 5164 3472 5209; x_wconf 88' lang='lat' dir='ltr'><em>numero</em></span> <span class='ocrx_word' id='word_1_649' title='bbox 3528 5149 3777 5210; x_wconf 88' lang='lat' dir='ltr'><em>canoni-</em></span> 
     </span>
    </p>
   </div>
   <div class='ocr_carea' id='block_1_100' title="bbox 2125 5239 3777 5321">
    <p class='ocr_par' dir='ltr' id='par_1_100' title="bbox 2125 5239 3777 5321">
     <span class='ocr_line' id='line_1_100' title="bbox 2125 5239 3777 5321; baseline 0.005 -22"><span class='ocrx_word' id='word_1_650' title='bbox 2125 5256 2342 5299; x_wconf 90' lang='lat' dir='ltr'><em>carum</em></span> <span class='ocrx_word' id='word_1_651' title='bbox 2393 5239 2861 5318; x_wconf 88' lang='lat' dir='ltr'><em>Scripturarum</em></span> <span class='ocrx_word' id='word_1_652' title='bbox 2921 5249 3288 5321; x_wconf 88' lang='lat' dir='ltr'><em>segregatus</em></span> <span class='ocrx_word' id='word_1_653' title='bbox 3316 5245 3398 5306; x_wconf 87' lang='lat' dir='ltr'><em>sit</em></span> <span class='ocrx_word' id='word_1_654' title='bbox 3438 5246 3503 5307; x_wconf 90' lang='lat' dir='ltr'><em>in</em></span> <span class='ocrx_word' id='word_1_655' title='bbox 3561 5246 3777 5308; x_wconf 89' lang='lat' dir='ltr'><em>multis</em></span> 
     </span>
    </p>
   </div>
   <div class='ocr_carea' id='block_1_101' title="bbox 2123 5336 3777 5425">
    <p class='ocr_par' dir='ltr' id='par_1_101' title="bbox 2123 5336 3777 5425">
     <span class='ocr_line' id='line_1_101' title="bbox 2123 5336 3777 5425; baseline 0.006 -29"><span class='ocrx_word' id='word_1_656' title='bbox 2123 5336 2276 5397; x_wconf 88' lang='lat' dir='ltr'><em>locis</em></span> <span class='ocrx_word' id='word_1_657' title='bbox 2307 5336 2477 5415; x_wconf 89' lang='lat' dir='ltr'><em>apud</em></span> <span class='ocrx_word' id='word_1_658' title='bbox 2508 5336 2981 5415; x_wconf 88' lang='lat' dir='ltr'><em>Hieronymum.</em></span> <span class='ocrx_word' id='word_1_659' title='bbox 3036 5343 3251 5420; x_wconf 84' lang='lat' dir='ltr'><em>Neque</em></span> <span class='ocrx_word' id='word_1_660' title='bbox 3308 5348 3520 5404; x_wconf 89' lang='lat' dir='ltr'><em>tamen</em></span> <span class='ocrx_word' id='word_1_661' title='bbox 3580 5345 3777 5425; x_wconf 87' lang='lat' dir='ltr'><em>negli-</em></span> 
     </span>
    </p>
   </div>
   <div class='ocr_carea' id='block_1_102' title="bbox 2122 5432 3769 5512">
    <p class='ocr_par' dir='ltr' id='par_1_102' title="bbox 2122 5432 3769 5512">
     <span class='ocr_line' id='line_1_102' title="bbox 2122 5432 3769 5512; baseline 0.007 -19"><span class='ocrx_word' id='word_1_662' title='bbox 2122 5433 2347 5512; x_wconf 77' lang='lat' dir='ltr'><em>gentiae</em></span> <span class='ocrx_word' id='word_1_663' title='bbox 2400 5432 2499 5493; x_wconf 90' lang='lat' dir='ltr'><em>vel</em></span> <span class='ocrx_word' id='word_1_664' title='bbox 2574 5432 2920 5497; x_wconf 67' lang='lat' dir='ltr'><em>inscientiae</em></span> <span class='ocrx_word' id='word_1_665' title='bbox 2975 5440 3365 5500; x_wconf 86' lang='lat' dir='ltr'><em>accusandus</em></span> <span class='ocrx_word' id='word_1_666' title='bbox 3422 5448 3515 5503; x_wconf 90' lang='lat' dir='ltr'><em>est</em></span> <span class='ocrx_word' id='word_1_667' title='bbox 3569 5446 3769 5504; x_wconf 87' lang='lat' dir='ltr'><em>Gare-</em></span> 
     </span>
    </p>
   </div>
   <div class='ocr_carea' id='block_1_103' title="bbox 2122 5530 3767 5620">
    <p class='ocr_par' dir='ltr' id='par_1_103' title="bbox 2122 5530 3767 5620">
     <span class='ocr_line' id='line_1_103' title="bbox 2122 5530 3767 5620; baseline 0.006 -28"><span class='ocrx_word' id='word_1_668' title='bbox 2122 5531 2245 5592; x_wconf 89' lang='lat' dir='ltr'><em>tius</em></span> <span class='ocrx_word' id='word_1_669' title='bbox 2276 5536 2512 5604; x_wconf 88' lang='lat' dir='ltr'><em>noster,</em></span> <span class='ocrx_word' id='word_1_670' title='bbox 2544 5530 2654 5609; x_wconf 91' lang='lat' dir='ltr'><em>qui</em></span> <span class='ocrx_word' id='word_1_671' title='bbox 2712 5531 2778 5591; x_wconf 91' lang='lat' dir='ltr'><em>in</em></span> <span class='ocrx_word' id='word_1_672' title='bbox 2836 5533 3063 5596; x_wconf 87' lang='lat' dir='ltr'><em>ultima</em></span> <span class='ocrx_word' id='word_1_673' title='bbox 3109 5537 3463 5599; x_wconf 89' lang='lat' dir='ltr'><em>Cassiodori</em></span> <span class='ocrx_word' id='word_1_674' title='bbox 3504 5557 3767 5620; x_wconf 79' lang='lat' dir='ltr'><em>Operam</em></span> 
     </span>
    </p>
   </div>
   <div class='ocr_carea' id='block_1_104' title="bbox 2120 5628 3767 5716">
    <p class='ocr_par' dir='ltr' id='par_1_104' title="bbox 2120 5628 3767 5716">
     <span class='ocr_line' id='line_1_104' title="bbox 2120 5628 3767 5716; baseline 0.006 -25"><span class='ocrx_word' id='word_1_675' title='bbox 2120 5628 2395 5692; x_wconf 88' lang='lat' dir='ltr'><em>editione</em></span> <span class='ocrx_word' id='word_1_676' title='bbox 2423 5628 2541 5690; x_wconf 89' lang='lat' dir='ltr'><em>hos</em></span> <span class='ocrx_word' id='word_1_677' title='bbox 2569 5646 2694 5691; x_wconf 90' lang='lat' dir='ltr'><em>non</em></span> <span class='ocrx_word' id='word_1_678' title='bbox 2724 5631 3084 5694; x_wconf 83' lang='lat' dir='ltr'><em>emendavit</em></span> <span class='ocrx_word' id='word_1_679' title='bbox 3113 5633 3426 5716; x_wconf 87' lang='lat' dir='ltr'><em>codicum,</em></span> <span class='ocrx_word' id='word_1_680' title='bbox 3482 5655 3593 5700; x_wconf 86' lang='lat' dir='ltr'><em>seu</em></span> <span class='ocrx_word' id='word_1_681' title='bbox 3639 5638 3767 5701; x_wconf 88' lang='lat' dir='ltr'><em>edi-</em></span> 
     </span>
    </p>
   </div>
  </div>
