4060 6190
291 293 369 351 85
1695 288 2307 352 PROLEGOMENA.
3622 295 3703 354 88

293 431 534 497 torum,
568 443 678 487 seu
734 424 1311 504 manuscriptorum
1362 442 1627 486 errores.
1664 426 1724 484 Is
1753 422 1938 501 quip-
1970 424 2026 492 Α
2055 423 2362 502 veritatis,
2422 431 2664 506 excepto
2728 425 3132 506 Octateucho,
3189 447 3366 508 quem
3423 446 3589 488 nunc
3637 428 3706 488 in

296 542 403 602 pe,
435 523 599 583 sicut
629 531 692 584 et
720 524 853 602 alii,
913 524 1023 603 qui
1081 523 1341 585 edendis
1396 525 1508 585 SS.
1554 526 1814 584 Patrum
1848 521 1951 581 lu-

301 622 785 683 cubrationibus
858 630 1097 684 navant
1173 642 1455 702 operam,
1535 622 1598 682 id
1663 620 1833 699 quod
1891 619 1955 679 in

300 718 583 779 melioris
626 726 792 780 nota?
849 719 1050 792 libris,
1109 739 1301 780 manu
1357 720 1599 799 optima
1655 725 1717 778 et
1774 722 1956 776 vetu-

300 816 580 876 stissima
619 818 896 878 exaratis
950 817 1325 890 habebatur,
1386 818 1555 878 bona
1611 814 1735 875 ﬁde
1792 821 1959 874 retu-

301 914 399 988 lit,
434 933 551 975 nec
580 916 677 976 sui
732 915 998 977 credidit
1050 934 1185 976 esse
1244 915 1439 976 ofﬁcii
1486 921 1549 975 et
1578 913 1854 974 muneris
1884 931 1959 973 ea

300 1013 644 1091 corrigere,
704 1032 847 1092 qua:
897 1013 963 1073 in
1002 1020 1132 1074 tam
1190 1014 1566 1074 veneranda:
1624 1010 1959 1089 antiquita-

298 1113 382 1171 tis
431 1112 755 1173 codicibus
809 1118 1173 1174 constanter
1228 1112 1624 1191 legebantur.
1685 1114 1765 1171 At
1793 1109 1953 1170 nulli

297 1210 568 1270 omnino
620 1210 942 1289 ingratum
981 1216 1092 1272 aut
1147 1210 1561 1291 injucundum
1621 1209 1752 1270 fore
1781 1207 1950 1268 arbi-

290 1313 569 1382 tramur,
597 1309 652 1369 si
709 1328 827 1388 pro
883 1314 1247 1388 susceptos
1301 1309 1483 1370 nobis
1539 1306 1809 1369 Canonis
1840 1309 1953 1366 He-

293 1405 502 1466 braici
556 1406 919 1485 explicandi
1005 1425 1262 1467 munere
1346 1407 1756 1467 observemus
1836 1403 1955 1463 hos

294 1523 525 1565 omnes
580 1505 796 1584 lapsus
852 1512 913 1566 et
968 1523 1211 1566 errores
1269 1523 1452 1584 posse
1503 1506 1586 1566 ab
1643 1506 1719 1566 iis
1773 1504 1955 1566 facile

294 1602 560 1679 corrigi,
597 1602 706 1680 qui
744 1620 925 1664 sacra
980 1603 1334 1663 divinarum
1395 1602 1747 1663 litterarum
1808 1619 1955 1662 eru-

294 1699 543 1759 ditione
598 1700 848 1772 imbuti,
916 1719 1023 1761 eos
1101 1700 1474 1761 tentaverint
1550 1701 1671 1761 hac
1727 1701 1957 1760 sacrati

296 1796 497 1856 fontis
528 1798 700 1857 unda
728 1798 939 1859 eluere
969 1804 1159 1876 atque
1189 1797 1570 1876 abstergere.

377 1894 690 1954 Eumdeui
752 1895 1161 1955 Hebraeorum
1227 1897 1546 1956 Canonem
1604 1913 1951 1975 repraesen-

292 1997 388 2051 tat
472 1991 752 2052 Isidorus
830 1992 1234 2071 Hispalensis,
1311 1992 1639 2070 Originum
1696 1994 1807 2053 lib.
1866 2010 1946 2065 v1,

289 2105 442 2165 cap.
479 2089 539 2158 1,
574 2106 760 2166 quem
817 2088 1131 2167 integrum
1190 2088 1312 2149 hoc
1372 2090 1517 2150 loco
1575 2089 1953 2149 transcribe-

294 2203 539 2257 remus,
573 2185 692 2245 nisi
742 2186 911 2246 infra
966 2186 1172 2247 editus
1227 2195 1391 2247 esset
1448 2205 1591 2247 cum
1644 2186 1951 2265 principio

291 2284 768 2360 Scripturarum
825 2282 1109 2356 Galeato,
1169 2302 1280 2344 seu
1335 2285 1715 2345 Priefatione
1773 2285 1838 2345 in
1873 2283 1952 2344 li-

293 2379 451 2440 bros
480 2382 745 2458 Regum.
805 2382 1166 2444 Notandum
1225 2389 1436 2442 tamen
1479 2383 1788 2443 nonnulla
1818 2399 1955 2443 ver-

295 2478 382 2538 ba
409 2478 720 2540 Hebraica
750 2478 936 2540 aliter
989 2480 1114 2558 legi
1162 2480 1332 2559 apud
1381 2481 1718 2554 Isidorum,
1761 2498 1951 2558 quam

298 2578 599 2657 legantur
653 2580 824 2659 apud
897 2580 1352 2659 Hieronymum
1396 2597 1410 2639 :
1476 2582 1628 2659 quia
1682 2581 1954 2641 editores

296 2678 528 2738 Isidori
617 2698 860 2741 morem
931 2679 1306 2740 hodiernum
1392 2681 1951 2759 grammaticorum

297 2774 716 2837 Hebrmorum
749 2776 983 2856 saepius
1038 2776 1392 2852 imitantur,
1448 2778 1767 2857 imperitia
1797 2795 1954 2857 quo-

294 2892 427 2953 que
502 2874 603 2935 vel
680 2875 986 2953 ipsorum,
1074 2876 1175 2937 vel
1258 2876 1685 2950 librariorum,
1769 2878 1957 2937 voces

294 2973 597 3050 quaedam
679 2973 1110 3035 mendosiores
1186 2981 1548 3047 occurrunt,
1611 2981 1683 3035 ut
1736 2981 1830 3036 est
1884 2975 1957 3034 il-

291 3067 461 3129 lud:
519 3066 801 3146 Quidam
860 3075 1062 3130 autem
1122 3071 1292 3133 Ruth
1344 3076 1403 3131 et
1456 3068 1738 3145 Rimoth,
1789 3071 1956 3152 quod

2065 520 2353 582 manibus
2406 521 2619 603 habeo,
2664 528 2891 605 pueris
2947 527 3078 586 tuis
3134 532 3194 586 et
3254 526 3526 587 notariis
3562 526 3715 587 dedi

2065 620 2486 681 scribendum.
2546 621 2962 703 Septuaginta
3029 624 3601 706 interpretationem
3656 630 3715 684 et

2067 725 2124 778 te
2154 718 2376 779 habere
2404 740 2526 781 non
2583 721 2826 801 dubito,
2887 730 2945 782 et
3000 730 3143 783 ante
3178 744 3374 787 annos
3392 724 3715 806 plurimos

2067 818 2571 898 diligentissime
2626 822 3036 901 emendatum,
3098 823 3410 883 studiosis
3442 822 3713 883 tradidi.

2066 913 2312 975 Novum
2346 914 2798 977 Testamentum
2838 916 3074 979 Graecae
3102 919 3364 979 reddidi
3381 919 3722 979 auctorita-

2068 1010 2139 1070 ti.
2183 1010 2269 1072 Ut
2296 1012 2459 1072 enim
2491 1020 2757 1074 veterum
2789 1013 3291 1093 Iibrorumﬁdes
3320 1015 3396 1076 de
3423 1014 3718 1075 Hebrxis

2069 1108 2492 1171 voluminibus
2576 1112 2992 1173 examinanda
3048 1118 3141 1172 est
3168 1135 3190 1171 .-
3249 1112 3338 1172 ita
3420 1133 3595 1173 novo;
3613 1131 3716 1173 um

2068 1204 2288 1267 Graeci
2343 1209 2651 1270 sermonis
2708 1230 2987 1270 normam
3044 1208 3387 1270 desiderat.
3439 1212 3576 1272 Non
3607 1229 3720 1290 p0-

2062 1310 2227 1366 terat
2255 1305 2478 1368 beatus
2535 1307 2956 1388 Hieronymus
3010 1308 3242 1369 clarius
3298 1313 3410 1369 aut
3462 1307 3714 1368 brevius

2065 1402 2387 1464 declarare
2470 1404 2781 1483 quidquid
2863 1404 2929 1465 iu
3020 1404 3244 1466 Divina
3323 1404 3716 1466 Bibliotheca

2066 1501 2247 1562 nobis
2276 1503 2591 1581 praestitit.
2634 1504 2918 1565 Priorem
2966 1505 3132 1565 enim
3183 1508 3428 1584 partem
3459 1503 3719 1583 apertis-

2065 1600 2220 1660 sime
2249 1600 2664 1678 demonstrat,
2698 1620 2841 1663 cum
2873 1603 2984 1676 ait,
3026 1601 3347 1663 Canonem
3379 1600 3715 1663 Hebraica:

2066 1697 2374 1776 veritatis,
2420 1705 2662 1780 excepto
2727 1698 3134 1779 Octateucho,
3193 1721 3371 1782 quem
3429 1719 3595 1761 nunc
3650 1699 3717 1759 in

1982 1788 2031 1853 Β
2060 1794 2349 1855 manibus
2406 1794 2619 1873 habeo,
2666 1798 2893 1878 pueris
2950 1798 3079 1858 tuis
3125 1804 3186 1858 et
3232 1798 3504 1859 notariis
3558 1797 3717 1857 dedi

2059 1892 2501 1971 scribendum;
2564 1895 2828 1957 alteram
2912 1903 3122 1958 autem
3206 1897 3273 1958 in
3324 1896 3424 1957 bis
3479 1896 3711 1969 verbis,

2059 1990 2477 2073 Septuaginta
2535 1993 3101 2075 interpretationem
3130 2001 3189 2055 et
3246 2001 3303 2055 te
3332 1993 3554 2055 habere
3584 2014 3708 2053 non

2059 2088 2304 2169 dubito,
2336 2096 2395 2149 et
2422 2096 2564 2150 ante
2621 2111 2818 2152 annos
2832 2091 3158 2173 plurimos
3209 2091 3710 2173 diligentissime

2060 2188 2448 2249 emendatum
2479 2188 2789 2249 studiosis
2828 2190 3100 2251 tradidi.
3132 2191 3410 2253 Tertiam
3440 2190 3713 2268 denique

2064 2294 2305 2366 partem
2364 2289 2604 2349 Divina:
2686 2289 3098 2351 Bibliotheca
3179 2290 3420 2352 indicat
3474 2289 3711 2364 dicens,

2060 2388 2306 2449 Novum
2336 2382 2804 2448 Testamentum
2868 2387 3106 2450 Graece
3145 2388 3407 2449 reddidi
3434 2386 3716 2448 auctori-

2062 2489 2204 2548 tati.
2239 2488 2403 2561 Quid
2458 2488 2692 2566 plura?
2727 2492 2794 2548 ut
2822 2487 3176 2549 innotescat
3234 2487 3466 2567 quibus
3496 2485 3719 2547 funda-

2064 2586 2292 2648 mentis
2348 2602 2493 2645 suas
2550 2584 2896 2645 Bibliorum
2953 2603 3277 2646 sacrorum
3335 2584 3715 2664 interpreta-

2063 2684 2265 2745 tiones
2311 2682 2601 2743 suﬂ‘ultas
2653 2700 2787 2743 esse
2845 2683 3134 2757 voluerit,
3195 2688 3342 2762 apte
3398 2681 3718 2744 concluse-
3767 2718 3772 2723 -

2062 2801 2184 2861 que
2211 2780 2559 2859 subiungit,
2603 2778 2690 2840 Ut
2716 2780 2879 2839 enim
2910 2786 3178 2840 veterum
3208 2778 3516 2840 librorum
3541 2779 3713 2854 fides

2063 2881 2141 2941 de
2168 2879 2461 2941 Hebrwis
2519 2879 2942 2940 voluminibus
2999 2879 3415 2940 examinanda
3443 2885 3584 2939 est:
3622 2878 3712 2938 ita

2064 2999 2361 3039 novorum
2400 2976 2614 3038 (ἓνκεί
2668 2978 2976 3038 sermonis
3023 2997 3302 3039 normam
3361 2976 3709 3038 desiderat.

2064 3076 2215 3147 Qum
2297 3075 2580 3136 deﬁnitio
2679 3075 3140 3136 emendationis
3240 3074 3711 3154 Scripturarum

289 3164 517 3226 Latine
575 3167 821 3227 dicitur
879 3170 1250 3231 lamentatio
1308 3171 1626 3244 Jeremiaa,
1686 3155 2023 3249 Hagio-C
2065 3180 2309 3234 tantam
2395 3173 2461 3233 iu
2542 3172 2819 3234 Ecclesia
2900 3172 3174 3234 obtinuit
3245 3172 3711 3243 auctoritatem,

293 3262 577 3344 graphis
654 3264 994 3343 adjiciunt.
1029 3266 1324 3344 Quisquis
1405 3286 1623 3329 vocem
1694 3265 1953 3328 Rimoth

296 3364 646 3424 barbaram
703 3366 919 3442 posuit
972 3384 1087 3443 pro
1142 3350 1416 3439 Kinoth,
1495 3365 1627 3427 sive
1685 3363 1953 3435 Cinoth,

291 3481 434 3542 quae
520 3462 998 3524 lamentationes
1069 3465 1405 3543 significat,
1492 3484 1635 3527 eum
1720 3465 1954 3544 linguae

296 3563 637 3625 Hebr-aiore
687 3565 1229 3644 imperitissimum
1286 3567 1478 3628 fuisse
1533 3572 1803 3645 oportet.
1857 3568 1959 3627 Sic

296 3660 440 3721 ﬁeri
469 3669 647 3722 amat
676 3662 845 3723 inter
898 3662 1062 3737 illos,
1098 3664 1208 3742 qui
1264 3664 1644 3743 scriptorum
1674 3670 1958 3724 veterum

295 3778 500 3838 opera
532 3761 860 3821 restituere
913 3768 1307 3841 prmsumuut
1356 3762 1596 3841 absque
1625 3761 1962 3823 sufﬁcienti

300 3860 536 3920 notitia
564 3861 908 3921 multarum
937 3879 1169 3933 rerum,
1202 3880 1359 3940 quas
1389 3868 1797 3940 pertractant.

386 3962 471 4019 II.
537 3959 855 4020 Canonem
914 3958 1239 4020 Hebraicaa
1306 3959 1587 4020 veritatis
1644 3958 1964 4038 conceptis

300 4057 519 4116 verbis
547 4057 827 4136 appellat
884 4057 1018 4137 ipse
1074 4058 1500 4138 Hieronymus
1554 4057 1750 4118 libros
1778 4058 1962 4117 Vete-

304 4154 391 4214 ris
420 4155 812 4215 Testameuti
866 4156 1091 4216 Latine
1140 4175 1182 4215 a
1238 4174 1303 4216 se
1362 4155 1680 4216 redditos:
1714 4156 1883 4232 quod
1914 4154 1967 4215 si

300 4269 491 4312 secus
518 4252 760 4325 fuisset,
794 4251 915 4313 hoc
969 4253 1224 4314 nomine
1283 4270 1686 4332 nequaquam
1720 4272 1757 4313 a
1785 4253 1967 4313 nobis

308 4350 536 4410 fuisset
560 4350 862 4427 insignita
916 4350 1122 4430 prima
1172 4367 1323 4430 pars
1384 4350 1570 4429 hujus
1616 4350 1843 4411 divinae
1874 4351 1968 4411 bi-

2063 3280 2135 3334 ut
2190 3292 2267 3333 ex
2327 3272 2695 3352 praescripto
2761 3272 3129 3352 Hieronymi
3178 3271 3286 3351 jus
3341 3270 3715 3332 canonicum

2064 3371 2129 3432 in
2208 3372 2471 3432 Decreto
2555 3369 2837 3431 Gratiani
2918 3370 3202 3431 eamdem
3287 3368 3719 3448 castigationis

2067 3486 2356 3529 normam
2384 3466 2772 3546 sequendam
2830 3485 2967 3528 esse
3023 3467 3344 3528 decernat.
3396 3468 3718 3528 Canonem

2065 3566 2259 3645 igitur
2317 3564 2642 3625 tlebraicac
2721 3565 3003 3625 veritatis
3069 3564 3472 3625 scribendum
3544 3562 3719 3625 dedit

2067 3665 2489 3742 Hieronymus
2547 3662 2758 3743 pueris
2814 3681 2922 3724 sex
2954 3667 3018 3723 et
3063 3663 3325 3723 notariis
3355 3662 3620 3737 Lucinii,
3650 3662 3716 3722 in

2068 3779 2195 3840 quo
2254 3760 2522 3821 laudans
2577 3759 2894 3839 praecipue
2948 3760 3259 3822 fervorem
3318 3778 3392 3821 ac
3432 3758 3714 3822 studium

2068 3859 2559 3938 Scripturarum,
2592 3857 2681 3919 ita
2710 3858 2791 3919 ad
2842 3857 3242 3919 Theodoram
3284 3858 3500 3919 scribit
3528 3857 3711 3936 epist.

2068 3962 2146 4018 29
2180 3974 2195 4016 :
2228 3956 2359 4016 Nec
2371 3955 2606 4037 patriae
2659 3974 2787 4017 sum
2816 3954 3122 4035 largitate
3162 3961 3506 4034 contentus,
3541 3954 3717 4014 misit

2058 4053 2599 4123 jerosolymarum
2656 4059 2716 4112 et
2739 4053 3197 4114 Alexandrinae
3250 4052 3548 4115 Ecclesia
3576 4059 3717 4112 tan-

2074 4158 2202 4213 tum
2255 4151 2422 4231 auri,
2481 4156 2781 4231 quantum
2838 4150 3179 4210 multorum
3220 4151 3435 4232 possit
3499 4151 3721 4233 inopia:

2072 4249 2414 4310 subveniri.
2456 4248 2651 4326 Quod
2701 4268 2840 4307 cum
2870 4246 3059 4307 multi
3113 4248 3443 4328 mirentur,
3476 4255 3537 4309 et
3555 4257 3722 4331 pra:-

2074 4350 2304 4427 dicent,
2364 4368 2481 4428 ego
2539 4347 2604 4407 in
2648 4346 2766 4407 illo
2822 4351 3034 4428 magis
3091 4347 3363 4409 laudabo
3401 4351 3721 4426 fervorem

301 4448 672 4510 bliothecaa.
705 4450 938 4511 Verum
988 4449 1156 4511 bane
1187 4448 1732 4511 nomenclaturam
1762 4448 2015 4525 edocti,
2076 4452 2134 4505 et
2188 4444 2473 4505 studium
2530 4443 3028 4525 Scripturarum.
3104 4442 3249 4521 Quo
3302 4444 3416 4505 ille
3471 4445 3723 4506 deside-

303 4565 343 4607 a
403 4553 632 4607 sancto
687 4547 969 4620 doctore,
1028 4546 1245 4626 inepte
1304 4563 1636 4625 ageremus
1691 4544 1965 4606 alienum
1997 4524 2045 4589 ἶ)
2077 4550 2175 4603 rio
2230 4541 2530 4624 opuscula
2588 4524 2804 4602 nostra
2844 4541 3216 4621 ﬂagitavit,
3273 4548 3333 4602 et
3372 4542 3588 4603 missis
3615 4563 3723 4605 sex

303 4663 381 4705 ac
443 4645 821 4706 ementitum
882 4644 1136 4706 titulum
1193 4649 1585 4723 apponentes
1639 4643 1963 4704 Hebraicis

311 4743 719 4804 translationi
771 4743 1012 4806 Veteris
1071 4742 1501 4804 Instrumenti.
1561 4742 1877 4803 Celebrior
1907 4747 1971 4802 et

305 4840 694 4919 esplicatior
745 4841 923 4902 locus
980 4840 1248 4919 hujusce
1302 4839 1752 4900 nominationis
1811 4839 1964 4918 legi-

305 4946 419 4998 tur
446 4938 721 5017 epistola
747 4941 848 5014 28,
884 4939 965 5001 ad
1020 4938 1351 5000 Lucinium
1386 4956 1401 5011 ;
1462 4937 1540 4998 de
1588 4955 1715 5015 quo
1745 4955 1823 4997 ne
1856 4937 1969 4996 mi-

303 5039 490 5097 nima
526 5037 839 5115 particula
867 5037 1049 5099 nobis
1104 5037 1375 5109 excidat,
1429 5037 1746 5113 integrum
1777 5035 1972 5095 affero

305 5136 393 5196 ad
486 5135 737 5198 laudem
815 5136 1135 5215 praecipue
1205 5133 1659 5194 Hebraicorum
1714 5132 1975 5193 volumi-

308 5252 502 5307 num,
561 5235 627 5294 in
699 5252 971 5316 quorum
1048 5231 1492 5293 auctoritatem
1549 5229 1977 5291 debacchatus

299 5340 404 5393 at
434 5332 631 5411 hujus
688 5332 992 5413 temporis
1042 5329 1301 5409 quidam
1362 5328 1720 5389 fabularum
1768 5329 1967 5405 ngy-

306 5430 679 5509 ptiacarum
763 5433 1220 5510 prOpugnator.
1308 5425 1431 5487 Sed
1517 5443 1684 5485 nunc
1757 5425 1979 5485 audiat

311 5528 784 5608 Hieronymum
808 5528 998 5606 juxta
1049 5525 1266 5585 datam
1323 5523 1443 5583 sibi
1487 5522 1859 5600 sapientiam
1890 5523 1981 5581 ita

306 5624 585 5689 Lacinio
641 5623 1135 5705 respondentem
1182 5637 1197 5682 :
1272 5619 1592 5681 Canonem
1649 5618 1981 5680 Hebraicae

2078 4641 2371 4719 notariis,
2471 4640 2621 4722 quia
2720 4641 2786 4700 in
2884 4639 3001 4700 hac
3083 4640 3414 4721 provincia
3507 4641 3724 4703 Latini

2077 4738 2383 4799 sermonis
2468 4738 2968 4819 scriptorumque
3056 4736 3328 4818 penuria
3412 4743 3528 4812 est,
3610 4738 3724 4798 de-

2080 4835 2278 4898 scribi
2329 4835 2459 4897 sibi
2492 4836 2661 4913 fecit
2731 4853 3105 4916 quaecunque
3172 4834 3250 4894 ab
3305 4835 3724 4897 adolescentia

2082 4955 2275 5014 usque
2331 4934 2396 4993 in
2440 4941 2722 5015 praesens
2780 4937 3017 5013 tempus
3079 4932 3460 4994 dictavimus
3494 4933 3729 4997 ZCirca

2083 5050 2319 5093 annum
2352 5031 2583 5091 Christi
2628 5032 2745 5093 394
2790 5030 2915 5119 illa.
2947 5028 3259 5091 scribebat
3288 5032 3724 5113 Hieronymus,

2083 5149 2226 5191 cum
2286 5128 2744 5190 Octateuchum
2803 5128 3013 5188 adhuc
3056 5127 3319 5190 haberet
3346 5129 3407 5190 in
3441 5130 3732 5190 manibus

2081 5224 2608 5304 interpretatione
2662 5223 3029 5284 donandum
3091 5231 3373 5303 tempore
3428 5232 3732 5306 opportu-

2086 5342 2189 5384 no.
2223 5322 2521 5391 Quisnam
2554 5339 2702 5382 vero
2752 5321 2942 5381 fuerit
2970 5320 3074 5381 ille
3105 5322 3548 5396 Octateuchus,
3580 5323 3734 5385 satis

2088 5422 2288 5499 liquet
2343 5437 2419 5480 ex
2506 5417 2882 5479 Praefatione
2945 5417 3011 5477 iu
3068 5417 3296 5478 librum
3352 5420 3564 5494 Josue,
3624 5420 3735 5483 ubi

2089 5518 2260 5587 dicit,
2296 5516 2471 5577 ﬁnito
2526 5515 2784 5576 tandem
2840 5513 3029 5576 Mosis
3082 5513 3524 5586 Pentateucho,
3558 5517 3638 5578 ad
3668 5517 3737 5579 li-

2088 5616 2236 5676 bros
2266 5610 2817 5689 losue,Judicum,
2874 5606 3047 5672 Ruth
3104 5616 3169 5681 et
3220 5608 3451 5672 Esther
3480 5614 3734 5677 mittenc
