4060 6190
366 318 442 377 81
1531 310 1856 372 PATltUM
1900 264 2602 373 BENEDIcrmounM
3700 308 3780 370 ss

370 450 518 511 dam
549 466 831 510 manum.
891 446 1071 519 Quod
1127 446 1374 508 duobus
1433 447 1531 507 vel
1578 445 1778 507 tribus
1810 444 2012 506 modis
2043 446 2093 510 Α
2125 442 2427 504 habeatur
2485 444 2557 504 in
2621 443 2902 519 Canone,
2974 449 3174 503 tamen
3232 443 3383 522 quia
3434 447 3780 524 usurpatur

367 547 640 626 intelligi
699 551 928 626 potest.
988 544 1272 607 Primum
1328 544 1561 605 librum
1619 543 1912 605 Judicum
1962 541 2026 602 et

372 645 542 707 Ruth
571 645 636 705 in
666 644 958 706 eumdem
1015 642 1504 721 compingendo,
1563 640 2021 702 Octateuchum

370 743 676 805 faciemus
730 760 805 802 ex
865 740 1146 819 quinque
1206 739 1355 800 Mosi
1411 738 1862 807 voluminibus,
1898 754 2024 796 uno

369 842 584 915 Josue,
646 839 845 901 altero
918 840 1237 913 Judicum,
1323 844 1386 898 et
1444 836 1666 897 ultimo
1723 834 2019 895 Estheris.

372 938 490 999 Hic
515 935 633 997 erit
688 934 1136 1007 Octateuchus,
1194 951 1380 1013 quem
1441 935 1861 1012 Hieronymus
1915 931 2025 992 ab-

371 1033 658 1096 solvebat
714 1040 859 1113 post
913 1051 1151 1094 annum
1208 1031 1440 1093 Christi
1494 1033 1637 1103 404,
1699 1037 1766 1091 ut
1815 1029 2025 1090 videre

371 1131 561 1192 estin
590 1131 1046 1211 prolegomeno
1102 1136 1318 1191 nostro
1378 1129 1708 1209 superiori,
1768 1128 1877 1189 ubi
1906 1128 2027 1187 dis-

372 1235 666 1309 putatum
700 1235 794 1289 est
840 1228 918 1289 de
966 1234 1249 1308 tempore
1301 1227 1782 1288 translationum
1813 1225 2029 1286 Hiero-

371 1327 841 1407 nymianarum.
926 1326 1218 1387 Secundo
1292 1325 1749 1387 Octateuchum
1834 1323 2022 1383 istum

375 1426 464 1486 ita
495 1425 829 1504 supputari
884 1425 1046 1485 nihil
1109 1429 1301 1495 vetat,
1361 1422 1645 1502 Exodus,
1688 1421 2023 1492 Leviticus,

378 1523 668 1597 Numeri,
773 1522 1353 1598 Deuteronomium,
1438 1520 1650 1599 Iosue,
1737 1518 2025 1597 Iudices,

2133 541 2210 602 ab
2264 542 2709 603 ecclesiasticis
2783 542 2965 611 viris,
3028 540 3154 601 tale
3228 540 3388 621 quid
3465 546 3784 619 memorat,

2133 647 2252 700 etc.
2288 645 2485 708 Quem
2546 641 2733 701 etiam
2794 641 2983 701 tacito
3041 638 3298 699 nomine
3362 636 3677 711 Cononis,
3721 639 3786 698 iu

2132 744 2345 815 partes
2376 756 2522 797 suas
2577 736 2897 798 distribuit
2941 737 3318 797 Prmfatione
3364 736 3427 795 in
3458 735 3783 797 Danielem

2132 855 2209 896 ex
2249 838 2514 898 Hebraeo
2575 836 2975 897 translatum.
3037 835 3222 896 Illud
3278 835 3601 913 admoneo,
3662 855 3785 896 non

2133 933 2352 994 haberi
2378 934 2711 995 Danielem
2758 935 2926 1016 apud
2982 933 3286 995 Hebrwos
3328 934 3491 994 inter
3505 932 3789 1015 prophe-

2134 1038 2254 1105 tas,
2279 1032 2391 1092 sed
2421 1033 2584 1093 inter
2611 1052 2713 1093 eos
2740 1032 2853 1113 qui
2872 1030 3352 1113 Hagiographa
3376 1031 3784 1112 scripserant.

2133 1129 2212 1189 In
2241 1135 2366 1189 tres
2394 1130 2705 1210 siquidem
2722 1136 2945 1212 partes
2993 1130 3197 1191 omnis
3227 1128 3303 1190 ab
3332 1129 3424 1189 eis
3451 1128 3788 1210 Scriptura

2134 1227 2472 1307 dividitur,
2506 1229 2573 1287 in
2603 1231 2855 1309 Legem,
2917 1229 2985 1288 in
3040 1226 3412 1309 Prophetas,
3454 1233 3513 1287 et
3544 1227 3610 1287 in
3639 1225 3789 1286 Ha-

2132 1325 2521 1408 giographa,
2584 1326 2655 1386 id
2699 1333 2791 1387 est
2847 1328 2913 1387 in
2969 1328 3264 1407 quinque,
3325 1332 3385 1385 et
3440 1331 3597 1402 octo,
3629 1330 3689 1384 et
3718 1326 3784 1384 in

2137 1424 2421 1483 undecim
2452 1423 2652 1484 libros
2674 1445 2695 1499 ;
2733 1425 2810 1485 de
2867 1445 2988 1505 quo
3044 1444 3167 1484 non
3198 1429 3292 1483 est
3337 1421 3532 1497 huius
3565 1428 3791 1503 tempo-

2136 1520 2231 1579 ris
2258 1521 2589 1583 disserere.
2639 1525 2722 1584 Ut
2778 1530 2987 1583 autem
3056 1520 3343 1582 Canonis
3403 1521 3787 1582 mentionem

375 1620 549 1684 Ruth
578 1626 641 1682 et
667 1619 923 1681 Esther.
985 1624 1143 1682 Nam
1202 1638 1329 1698 quo
1388 1624 1672 1698 tempore
1718 1617 2031 1678 scribebat
2135 1618 2367 1696 ingerit
2414 1637 2539 1679 non
2598 1619 2889 1681 addendo
2924 1638 3156 1681 nomen
3210 1617 3542 1678 Hebraicae
3569 1616 3792 1676 verita-

375 1719 799 1799 Hieronymus
856 1718 938 1780 ad
1012 1718 1359 1790 Lacinium,
1447 1723 1597 1777 tunc
1653 1715 1904 1777 Genesis
1960 1713 2033 1774 li-

2138 1716 2263 1775 tis:
2295 1716 2385 1778 ita
2435 1717 2745 1778 sexcentis
2795 1717 2947 1778 locis
2997 1717 3150 1778 citat
3194 1714 3578 1776 Hebraicam
3627 1713 3789 1773 veri-

371 1815 560 1877 brum
589 1815 654 1877 in
682 1815 975 1877 Latinum
1007 1832 1361 1876 sermonem
1395 1814 1475 1874 ab
1506 1832 1579 1875 eo
1609 1813 1797 1873 fuisse
1830 1817 2028 1872 trans-
2056 1814 2103 1880 Β
2140 1818 2344 1890 tatem,
2408 1814 2831 1893 prmtermissa
2885 1815 3062 1875 omni
3142 1812 3426 1873 Canonis
3507 1811 3790 1891 appella-

373 1910 600 1987 latum,
655 1912 756 1973 vix
812 1912 1095 1973 dubitari
1148 1917 1406 1991 potest:
1464 1928 1670 1989 neque
1724 1926 1871 1969 vero
1903 1925 2028 1967 uno

370 2014 657 2090 tempore
736 2009 951 2070 omnia
1012 2009 1200 2071 Mosis
1283 2007 1607 2069 volumina
1688 2005 2028 2067 Latinitate

370 2106 655 2181 donavit,
715 2106 808 2168 uti
871 2126 985 2167 suo
1062 2106 1203 2166 loco
1278 2105 1575 2184 diximus,
1636 2104 1745 2165 sed
1813 2102 2022 2163 statim

367 2208 684 2265 Geneseos
767 2202 1000 2263 librum
1092 2202 1500 2281 interpretari
1582 2200 1774 2280 ccepit
1855 2217 2024 2260 anno

370 2300 618 2362 circiter
648 2302 791 2374 394,
822 2319 1012 2380 quem
1067 2299 1409 2360 Desiderio
1440 2318 1553 2360 suo
1584 2296 1971 2377 nuncupavit
2004 2317 2019 2359 :

365 2396 613 2476 reliqua
641 2396 1058 2458 Pentateuchi
1118 2395 1375 2458 Mosaici
1441 2394 1769 2457 volumina
1829 2393 2025 2471 majo-

365 2490 544 2554 ribus
601 2511 927 2555 reservans
1009 2494 1155 2556 otiis
1209 2491 1546 2554 scribendi.
1608 2490 1892 2570 Denique
1946 2491 2023 2551 de

366 2592 844 2672 supputatione,
903 2592 1153 2654 sublato
1224 2592 1479 2654 Genesis
1561 2590 1901 2664 volumine,
1961 2594 2024 2650 et

369 2692 542 2752 Ruth
571 2710 717 2753 cum
772 2691 1106 2754 Iudicibus
1162 2690 1482 2771 copulato,
1545 2689 1662 2751 erit
1710 2687 2023 2749 nihilomi-

364 2807 486 2850 nus
545 2790 793 2871 integer
845 2789 1054 2852 adhuc
1126 2788 1553 2851 Octateuchus
1609 2788 1672 2849 in
1734 2786 2023 2848 manibus

366 2886 737 2968 Hieronymi
766 2907 880 2951 suo
932 2894 1217 2968 tempore
1275 2886 1735 2948 convertendus
1764 2884 1829 2946 in
1857 2884 2023 2946 Lati-

365 3005 522 3048 num
555 2986 921 3066 eloquium:
977 3004 1201 3065 nempe
1228 3003 1287 3049 1v
1337 2985 1526 3048 Mosis
1558 2983 1726 3057 libri,
1754 3001 1775 3044 ι
1805 2984 2018 3056 Josue,

366 3083 717 3145 IJudicum
751 3089 813 3144 et
867 3083 1059 3156 Ruth,
1091 3100 1113 3143 ι
1166 3082 1471 3155 Estheris,
1530 3088 1593 3142 et
1645 3080 2020 3159 IParalipo-

2136 1910 2328 1971 tione.
2387 1910 2559 1972 Idem
2620 1911 2812 1972 talem
2880 1910 3177 1988 intelligit
3232 1910 3296 1970 in
3360 1908 3780 1969 Hebraeorum

2143 2006 2421 2083 Canone,
2485 2008 2652 2087 quod
2713 2008 2779 2069 in
2855 2006 3177 2069 Hebraica
3250 2007 3566 2082 veritate;
3625 2004 3779 2084 quia

2134 2106 2441 2167 Hebraica
2497 2106 2727 2167 veritas
2782 2106 2953 2186 apud
3018 2106 3470 2185 Hieronymum
3528 2120 3781 2182 semper

2133 2203 2440 2283 accipitur
2496 2222 2610 2284 pro
2668 2203 2988 2265 canonicis
3039 2203 3447 2266 Hebraeorum
3502 2200 3785 2280 Scriptu-

2133 2302 2239 2374 ris,
2274 2301 2340 2362 id
2367 2309 2485 2375 est,
2543 2320 2659 2381 pro
2689 2302 2766 2363 iis
2821 2302 2971 2364 solis
3001 2321 3141 2382 qua
3190 2302 3487 2381 leguntur
3513 2300 3579 2361 in
3608 2299 3783 2360 fonte

2133 2399 2462 2461 Hebraico.
2516 2401 2660 2461 Jam
2715 2419 2862 2461 vero
2917 2400 3147 2461 stultus
3203 2400 3308 2477 sit,
3369 2399 3479 2478 qui
3533 2397 3783 2477 singula

2130 2499 2272 2559 loca
2326 2515 2698 2559 enumerare
2755 2498 2925 2572 velit,
2987 2497 3053 2559 in
3111 2497 3340 2578 quibus
3401 2496 3782 2558 Hebraicam

2129 2596 2460 2655 veritatem
2537 2594 2805 2674 replicat
2880 2596 3359 2674 Hieronymus:
3440 2594 3543 2653 vix
3615 2591 3782 2653 enim

2131 2692 2411 2770 aliquam
2459 2691 2832 2772 Epistulam,
2890 2699 3001 2753 aut
3057 2691 3405 2772 quemlibet
3459 2694 3783 2751 Commen-

2130 2790 2362 2850 tarium
2420 2789 2784 2863 revolveris,
2846 2790 2952 2851 ubi
3008 2790 3219 2851 statim
3280 2807 3406 2850 non
3448 2791 3786 2849 occurrant

2130 2887 2366 2949 similes
2426 2887 2833 2949 locutiones:
2902 2886 3102 2955 juxta
3160 2885 3543 2947 Hebraicam
3622 2884 3784 2945 veri-

2130 2990 2336 3045 tatem.
2395 2984 2614 3045 Aliter
2684 2984 3005 3046 Hebraica
3082 2985 3314 3045 veritas
3372 2982 3574 3045 habet.
3635 2980 3784 3042 Hoc

2129 3104 2166 3143 a
2223 3082 2481 3143 veritate
2562 3082 2882 3143 Hebraica
2963 3083 3316 3145 discordat.
3404 3085 3484 3143 Et.
3556 3081 3647 3142 ita
3705 3080 3783 3141 de

364 3196 622 3242 menon.
678 3180 837 3251 Quia
889 3187 1132 3241 certum
1190 3185 1395 3241 exstat
1450 3178 1645 3239 libros
1705 3177 2017 3256 Paralipo-
2050 3182 2094 3250 C
2133 3181 2398 3255 caeteris,
2433 3201 2574 3262 quas
2604 3182 2701 3244 vel
2761 3181 3175 3254 comminisci,
3235 3181 3422 3243 otiosi
3450 3185 3613 3242 esset
3635 3178 3783 3240 scri-

364 3296 596 3343 menon
629 3295 707 3339 ex
736 3263 1007 3340 Hebraeo
1065 3297 1193 3340 non
1253 3277 1443 3339 fuisse
1501 3277 1839 3337 translatos
1878 3281 2023 3337 ante

365 3394 603 3438 annum
630 3378 776 3450 396,
811 3375 1068 3455 quando
1117 3375 1247 3436 vita
1283 3374 1419 3454 jam
1466 3379 1818 3435 excesserat
1847 3373 2024 3435 Luci-

369 3474 536 3535 nius.
594 3473 753 3536 Hinc
825 3474 1142 3554 intelligat
1197 3474 1395 3535 lector
1465 3491 1590 3534 non
1648 3490 1774 3533 uno
1835 3471 2021 3532 modo

366 3588 608 3632 errasse
640 3571 997 3633 Marianum
1054 3570 1120 3631 in
1151 3569 1317 3631 notis
1372 3569 1453 3630 ad
1485 3568 1814 3648 epistolam
1848 3570 1924 3630 28
1954 3572 2016 3629 S.

370 3669 785 3749 Hieronymi:
851 3688 998 3730 nam
1057 3688 1235 3730 error
1288 3669 1354 3729 in
1410 3686 1485 3730 eo
1541 3674 1654 3741 est,
1707 3668 1875 3747 quod
1905 3686 2020 3746 pro

374 3764 766 3828 Octateucho
796 3767 1019 3846 legerit
1047 3763 1570 3847 Heptateuchum,
1608 3772 1670 3826 et
1690 3766 2021 3825 Erasmum

369 3883 547 3945 purae
606 3865 864 3927 lectioni
919 3864 1349 3926 adhaerentem
1407 3863 1652 3943 putavit
1691 3863 2024 3942 reprehen-

369 3963 546 4024 sione
613 3963 900 4043 dignum.
989 3965 1310 4024 Monemus
1392 3962 1584 4039 igitur
1668 3960 2019 4021 studiosum

366 4060 668 4123 lectorem
705 4062 996 4124 meliores
1027 4080 1101 4122 ac
1153 4059 1468 4122 doctiores
1499 4078 1633 4121 esse
1665 4064 1845 4119 notas
1878 4059 2023 4119 Gra-

367 4158 475 4232 vii,
536 4159 766 4238 quibus
852 4158 1191 4219 illustravit
1274 4156 1575 4236 epistolas
1630 4154 2016 4234 Hieronymi,

369 4275 560 4335 quam
592 4257 718 4317 sint
746 4257 874 4319 illas
929 4274 1089 4336 quas
1124 4255 1440 4316 Marianus
1488 4253 1800 4315 Victorius
1829 4252 2024 4315 edidit

370 4371 512 4413 cum
545 4354 844 4433 operibus
875 4354 1153 4433 ejusdem
1188 4352 1388 4414 sancti
1418 4352 1725 4413 Doctoris.

452 4455 540 4513 De
596 4470 837 4513 canone
895 4451 1180 4513 meminit
1235 4452 1461 4513 iterum
1523 4451 1662 4512 aliis
1706 4450 1857 4511 locis
1890 4450 2025 4511 [lie-

2132 3281 2350 3361 ptoris.

2214 3380 2320 3440 III.
2405 3370 2808 3441 Multifariam
2893 3379 3301 3440 Hebraeorum
3385 3374 3781 3438 voluminum

2132 3476 2575 3538 auctoritatem
2651 3495 2965 3555 agnovere
3019 3476 3224 3538 Graeci
3286 3474 3616 3554 Latinique
3669 3473 3783 3534 Pa-

2131 3580 2298 3647 tres;
2331 3579 2393 3634 et
2422 3579 2661 3653 quanto
2719 3574 2893 3635 fuere
2937 3574 3181 3635 caeteris
3235 3573 3570 3645 doctiores,
3604 3576 3782 3632 tanto

2130 3672 2275 3752 plus
2321 3689 2429 3732 eos
2485 3670 2827 3750 perspicias
2883 3672 3204 3733 Hebraicaa
3261 3670 3572 3732 studuisse
3628 3668 3778 3730 veri-

2133 3769 2269 3830 tati.
2322 3771 2482 3830 Dum
2544 3775 2810 3829 testatur
2861 3770 3304 3849 Hieronymus,
3361 3767 3525 3829 libro
3572 3766 3778 3847 primo

2130 3866 2461 3946 Apologia:
2492 3866 2790 3929 adversus
2846 3867 3166 3941 Ruﬁnum,
3226 3866 3560 3945 Origenem
3603 3882 3669 3925 se
3698 3864 3781 3926 le-

2132 3965 2295 4043 gisse
2328 3963 2409 4025 ob
2440 3964 2812 4025 eruditionis
2869 3964 3185 4038 meritum,
3248 3983 3374 4025 non
3430 3964 3512 4025 ad
3543 3969 3780 4025 sectan-

2134 4061 2279 4123 dam
2338 4061 2477 4141 ejus
2529 4061 2745 4140 ﬁdem,
2805 4062 3180 4143 praeclarum
3235 4061 3403 4124 istud
3460 4059 3782 4124 contexuit

2129 4159 2585 4234 testimonium,
2621 4178 2746 4239 quo
2802 4161 3161 4222 Graecorum
3220 4159 3429 4222 studia
3485 4177 3635 4239 erga
3665 4160 3783 4221 He-

2130 4257 2412 4318 braicam
2468 4258 2858 4336 Scripturam
2937 4258 3266 4320 manifesta
3323 4257 3780 4339 explorataque

2132 4355 2313 4416 nobis
2342 4354 2486 4417 fecit
2513 4372 2526 4414 :
2563 4354 2704 4437 Ipse
2740 4355 3082 4438 Origenes,
3115 4357 3343 4436 inquit,
3375 4361 3434 4415 et
3459 4354 3776 4429 Clemens,

2132 4458 2191 4512 et
2218 4451 2552 4533 Eusebius,
2607 4458 2792 4535 atque
2820 4454 2943 4514 alii
2997 4454 3364 4537 complures,
3425 4453 3676 4533 quando
3702 4452 3781 4513 de

371 4568 714 4631 ronymus:
751 4569 898 4611 nam
958 4550 1342 4612 Praefatione
1402 4549 1465 4609 in
1525 4549 1717 4609 libros
1758 4551 2021 4628 Regum,
2055 4554 2105 4618 D
2132 4550 2488 4633 Scripturis
2517 4550 2735 4632 aliqua
2793 4553 3143 4635 disputant,
3202 4557 3261 4613 et
3306 4549 3523 4611 volunt
3550 4558 3781 4630 appro-

372 4654 709 4727 postquam
742 4647 921 4708 illum
951 4665 1067 4728 per
1092 4652 1302 4727 partes
1332 4645 1613 4725 singulas
1634 4662 1703 4707 ex
1711 4644 2017 4725 planavit,

369 4744 509 4808 haec
537 4745 618 4807 ab
666 4763 740 4807 eo
788 4745 1023 4825 scripta
1077 4744 1420 4824 leguntur:
1482 4742 1703 4823 Igitur
1755 4743 2020 4824 Sapien-

370 4844 485 4923 tia,
517 4863 652 4925 quae
684 4843 876 4925 vulgo
930 4842 1289 4903 Salomonis
1348 4840 1743 4921 inscribitur,
1787 4847 1847 4901 et
1875 4840 2018 4907 Iesu

348 4941 509 5023 ﬁlii
534 4942 762 5003 Sirach
794 4941 976 5022 liber,
1008 4947 1068 5001 et
1120 4939 1371 5020 Iudith,
1402 4946 1461 5000 et
1529 4939 1774 5020 Tobias,
1810 4945 1869 5000 et
1893 4939 2021 5001 Pa-

365 5047 524 5122 stor,
558 5062 682 5103 non
712 5047 862 5102 sunt
891 5042 957 5102 in
996 5040 1277 5102 Canone.
1315 5040 1500 5101 Libro
1532 5058 1783 5120 quoque
1814 5040 2018 5119 primo

365 5140 670 5202 adversus
725 5139 1130 5201 Jovinianum
1192 5139 1269 5199 de
1325 5140 1638 5219 ΙΙεριὸὃοις,
1703 5137 2016 5200 volumine

364 5258 623 5319 prorsus
653 5237 1047 5317 apocrypho,
1104 5236 1375 5308 locutus,
1440 5236 1600 5297 redit
1655 5236 1733 5297 ad
1767 5235 2019 5297 canoni-

365 5356 471 5399 cas
504 5336 886 5417 Scripturas,
922 5336 1160 5410 dicens,
1207 5333 1334 5394 Sed
1362 5353 1528 5394 nunc
1559 5333 1737 5395 nobis
1767 5334 1843 5394 de
1882 5333 2018 5394 Ca-

366 5455 523 5496 none
552 5454 728 5497 omne
777 5438 1083 5495 certamen
1136 5438 1247 5494 est.
1300 5432 1597 5512 Ejusdem
1651 5432 2019 5495 recordatur

368 5535 679 5614 prooemio
726 5531 1342 5597 Commentariorum
1390 5530 1456 5591 in
1481 5531 1709 5593 Jonam
1741 5528 2017 5611 prophe-

2130 4648 2275 4709 bare
2303 4648 2473 4729 quod
2526 4648 2771 4728 dicunt,
2829 4650 2925 4709 sic
2980 4648 3184 4709 solent
3238 4645 3555 4708 scribere:
3588 4645 3778 4715 Refe-

2128 4745 2302 4807 rebat
2330 4745 2490 4806 mihi
2519 4744 2827 4807 Hebraeus
2855 4767 2879 4822 ;
2939 4752 3023 4825 et,
3054 4745 3306 4807 Audivi
3359 4742 3435 4804 ab
3463 4742 3731 4804 Hebrzo
3752 4765 3775 4819 ;

2129 4848 2213 4923 et,
2246 4842 2657 4904 Hebraeorum
2707 4844 2831 4904 ista
2860 4845 3166 4904 sententia
3213 4828 3327 4904 est.
3368 4841 3561 4903 Certo
3590 4841 3775 4902 etiam

2136 4940 2456 5023 Origenes
2498 4942 2914 5025 patriarchen
2969 4941 3301 5018 Huillum,
3335 4941 3448 5023 qui
3492 4941 3779 5023 tempori-

2128 5038 2242 5101 bus
2262 5039 2399 5119 ejus
2402 5041 2567 5120 fuit,
2603 5041 2905 5121 nominat,
2938 5047 2997 5101 et
3018 5040 3403 5101 tricesimum
3426 5040 3493 5101 in
3515 5040 3775 5116 Isaiam,

2128 5140 2193 5201 in
2223 5139 2408 5220 cujus
2420 5141 2569 5219 ﬁne
2597 5141 2933 5201 edisserit:
2984 5138 3082 5201 Vw
3134 5140 3274 5215 tibi,
3308 5140 3533 5202 civitas
3562 5137 3775 5217 Ariel,

2125 5260 2309 5320 quam
2340 5240 2723 5321 expugnavit
2778 5239 2989 5299 David
3040 5237 3200 5320 (Isa.
3264 5256 3436 5312 XXIX,
3478 5238 3559 5318 1),
3593 5236 3777 5297 illius

2124 5335 2506 5417 expositione
2561 5334 2930 5396 concludit:
3011 5341 3081 5396 ut
3135 5356 3273 5397 cum
3346 5335 3535 5397 aliter
3591 5333 3777 5416 prius

2124 5433 2396 5493 sensisse
2423 5453 2490 5493 se
2517 5433 2712 5513 dicat,
2746 5433 2966 5495 doctus
2993 5432 3072 5495 ab
3104 5434 3245 5507 illo,
3280 5434 3351 5495 id
3378 5432 3548 5514 quod
3570 5431 3778 5493 verius

2123 5535 2238 5610 est,
2289 5531 2651 5605 conﬁtetur.
2721 5531 3197 5613 Octogesimum
3253 5550 3494 5613 quoque
3547 5549 3776 5592 nonum

370 5636 545 5695 tam:
581 5630 759 5693 Liber
813 5650 1057 5714 quoque
1122 5627 1349 5711 Tobiae,
1408 5627 1637 5709 inquit,
1689 5627 1837 5690 licet
1891 5648 2013 5691 non
2105 5627 2457 5711 psalmum,
2492 5629 2605 5711 qui
2635 5630 3014 5694 inscribitur
3048 5630 3280 5693 Oratio
3310 5628 3549 5707 Moysi,
3583 5626 3778 5691 homi-
