4060 6190
263 312 344 372 89
1674 303 2288 367 PltOLEGOMENA.
3312 256 3315 257 ί
3605 298 3684 370 90

268 444 373 501 nis
402 441 533 502 Dei
559 442 771 522 (Psal.
803 458 1051 520 Lxxxrx,
1087 444 1172 521 1),
1203 445 1264 499 et
1290 438 1570 519 reliquos
1601 437 1912 517 undecim,
1944 439 1998 507 Α
2027 439 2141 499 sed
2167 439 2341 501 obelo
2366 446 2810 523 przenotatum.
2862 439 3054 501 Libro
3109 439 3385 518 denique
3438 439 3683 501 decimo

267 541 382 621 qui
411 560 535 601 non
567 536 795 599 habent
841 538 1088 610 titulos,
1146 536 1485 598 secundum
1541 533 1771 595 Huilli
1819 554 1928 595 ex-

254 638 666 720 positionem,
701 637 983 717 ejusdem
1027 636 1249 713 Moysi
1281 640 1516 718 putat:
1580 654 1689 694 nec
1742 633 1927 693 dedi-

266 743 540 816 gnatur,
572 734 903 797 Hebrzeam
925 734 1317 817 Scripturam
1351 733 1766 814 interpretans
1814 740 1929 813 per

269 834 540 916 singula
597 834 758 913 loca,
817 833 974 915 quid
1026 832 1317 895 Hebraeis
1386 831 1696 909 videatur,
1758 830 1927 889 inse-

271 953 431 993 rere.
465 934 603 993 »lu
649 932 775 993 ﬁne
828 932 974 993 libri
1030 931 1289 992 secundi
1347 929 1628 1008 ejusdem
1688 929 1926 1007 Apolo-

267 1030 417 1109 εἰῶ,
450 1031 531 1091 de
559 1031 828 1109 Origene
885 1031 1144 1102 iterum,
1206 1035 1270 1090 et
1298 1028 1589 1106 Didymo,
1622 1031 1687 1088 et
1738 1028 1924 1086 Euse-

264 1129 397 1203 bio,
465 1129 694 1190 asserit
776 1128 950 1208 ipsos
1030 1126 1397 1189 Judaaorum
1480 1123 1926 1186 translationes

264 1226 658 1307 cxplanasse
688 1226 751 1286 in
802 1225 1098 1288 omnibus
1150 1225 1280 1285 suis
1333 1223 1510 1284 libris
1551 1240 1566 1296 ;
1629 1222 1925 1300 quodque

263 1325 667 1406 praecipuum
719 1329 816 1385 est
870 1324 932 1383 in
991 1321 1602 1384 commendationem
1660 1319 1922 1379 Hebrai-

260 1441 351 1484 πω
409 1422 723 1494 veritatis,
784 1421 901 1483 hoc
955 1421 1043 1481 ita
1099 1419 1428 1497 subjungit
1486 1435 1501 1477 :
1562 1417 1925 1499 Apostolici

258 1520 390 1579 uiri
417 1518 781 1601 Scripturis
812 1523 1077 1579 utuntur
1108 1515 1450 1577 Hebraicis
1478 1536 1496 1575 :
1549 1515 1719 1596 ipsos
1774 1522 1921 1596 apo-

258 1616 466 1676 stolas
495 1622 556 1676 et
604 1615 1028 1696 evangelistas
1086 1615 1198 1676 hoc
1251 1613 1476 1684 fecisse
1519 1612 1919 1695 perspicuum

260 1720 376 1775 est.
430 1713 756 1775 Dominus
807 1719 991 1794 atque
1045 1712 1362 1791 Salvator,
1425 1710 1773 1791 ubicunque
1828 1729 1920 1769 ve-

2036 538 2647 600 Commentariorum
2705 539 2769 599 in
2826 539 3054 599 Isaiam
3115 536 3497 617 prophetam
3554 555 3680 598 non

2036 635 2220 696 aliter
2273 644 2457 698 vocat
2514 637 2918 697 Hebraeorum
3006 636 3416 714 exemplaria,
3490 653 3681 714 quam

2034 732 2231 795 libros
2259 735 2695 796 authenticos:
2731 736 2819 795 sic
2875 734 3041 795 enim
3099 733 3319 795 scribit
3373 733 3451 794 de
3508 737 3681 813 Apo-

2036 831 2248 892 stolo:
2309 831 2751 914 Paraphrasin
2805 830 2998 905 huius
3074 830 3439 904 testimonii,
3500 831 3685 911 quasi

2034 927 2345 991 Hebraeus
2374 951 2446 990 ex
2476 929 2769 991 Hebraeis
2798 928 3111 1011 (Philipp.
3145 948 3234 1001 ιιι,
3268 930 3360 1008 5,)
3410 929 3684 989 assumit

2035 1027 2356 1109 apostolus
2390 1028 2634 1089 Paulus
2663 1028 2740 1088 de
2767 1026 3150 1088 authenticis
3180 1026 3370 1087 libris
3426 1026 3493 1086 in
3533 1025 3685 1109 Epi-

2033 1124 2198 1185 stola
2253 1146 2438 1207 quam
2497 1125 2723 1187 scribit
2776 1126 2862 1186 ad
2925 1122 3303 1186 Corinthios
3358 1123 3465 1203 (II
3520 1123 3676 1186 Cor.

2034 1240 2118 1298 χι,
2187 1229 2312 1302 92).
2378 1226 2524 1287 Illas
2581 1243 2732 1304 ergo
2776 1224 3187 1285 Hebraaorum
3247 1222 3677 1302 primigenias,

2028 1319 2442 1392 πρωτοτῦπους,
2506 1325 2891 1403 Scripturas,
2924 1322 3054 1383 sive
3111 1320 3312 1381 libros
3370 1317 3685 1380 authenti-

2031 1440 2136 1481 cos
2226 1421 2343 1482 sibi
2431 1421 2827 1501 comparavit
2906 1420 3233 1498 Origenes,
3312 1436 3470 1496 quos
3524 1419 3686 1479 tanti

2033 1518 2327 1593 faciebat,
2362 1526 2430 1581 ut
2459 1520 2707 1580 decimo
2756 1519 3143 1579 Stromatum
3201 1533 3460 1577 suorum
3515 1515 3680 1577 libro

2031 1615 2188 1676 nihil
2225 1616 2652 1696 recipiendum
2704 1617 2944 1696 putarit
3000 1620 3229 1694 praeter
3282 1632 3359 1675 ea
3414 1632 3557 1695 qum
3613 1614 3677 1675 in

2027 1713 2205 1774 libris
2237 1715 2558 1776 Hebraicis
2601 1715 2980 1793 legerentur.
3045 1712 3225 1775 Unde
3276 1712 3354 1772 de
3412 1700 3675 1773 historia

267 1812 419 1871 teris
458 1811 803 1894 Scriptum
857 1811 1160 1885 meminit,
1222 1810 1300 1871 de
1348 1807 1686 1870 Hebraicis
1744 1806 2331 1879 voluoBSusannaa
2390 1812 2601 1873 aiebat
2654 1810 2823 1890 apud
2881 1809 3335 1889 Hieronymum
3420 1809 3481 1868 in
3546 1809 3671 1870 ﬁne

268 1909 549 1970 minibus
568 1910 756 1992 ponit
782 1908 1076 1991 exempla,
1109 1914 1231 1970 etc.
1263 1908 1421 1977 Quid
1452 1908 1645 1985 igitur
1687 1906 1914 1967 mirum

270 2009 321 2068 si
350 2014 502 2088 post
548 2008 887 2070 Dominum
945 2007 1362 2080 Salvatorem,
1397 2010 1540 2085 post
1596 2004 1917 2083 apostolos

268 2111 330 2166 et
358 2105 809 2184 evangelistas,
842 2123 917 2166 ac
945 2105 1202 2166 demum
1238 2109 1382 2184 post
1435 2103 1603 2164 viros
1659 2107 1914 2182 aposto-

262 2203 444 2277 licos,
505 2207 875 2266 Grecorum
934 2204 1192 2263 Patrum
1271 2201 1714 2264 celebratiores
1788 2201 1912 2260 He-

258 2301 495 2362 braicis
554 2306 883 2363 uterentur
937 2299 1298 2379 Scripturis,
1359 2317 1575 2361 earum
1638 2298 1915 2360 auctori-

256 2404 457 2460 tatem
561 2404 994 2475 agnoscerent,
1099 2403 1291 2478 atque
1388 2396 1469 2457 de
1547 2395 1909 2458 Judmorum

254 2494 590 2557 codicibus
618 2495 867 2557 divinos
925 2514 1145 2556 sensus
1200 2494 1682 2556 scrutarentur?
1737 2493 1907 2555 Idem

256 2593 545 2655 studium
602 2593 927 2655 Hebraicae
982 2593 1325 2673 Scripturae
1408 2591 1471 2652 in
1529 2592 1910 2652 Adamantio

257 2692 495 2771 probat
514 2690 823 2752 Eusebius
853 2689 1274 2763 Cmsariensis,
1312 2688 1488 2749 Eccl.
1552 2687 1734 2749 Hist.
1794 2688 1906 2749 lib.

254 2806 343 2867 vx,
376 2807 522 2868 cap.
558 2791 658 2861 16,
694 2788 805 2850 ubi
833 2789 922 2849 ait
949 2788 1159 2849 statim
1218 2789 1298 2849 ab
1353 2787 1574 2847 initio:
1648 2785 1908 2847 Tantam

242 2895 450 2968 porro
476 2907 692 2947 curam
723 2906 797 2946 ac
843 2885 1253 2967 diligentiam
1312 2884 1377 2945 in
1432 2884 1674 2944 divinis
1728 2883 1909 2944 Scri-

252 2984 976 3066 bturisperscrutandis
1034 2981 1370 3043 adhibebat
1444 2981 1786 3062 Origenes,
1840 2987 1911 3042 ut

260 3079 647 3142 Hebraicam
701 3082 887 3141 etiam
944 3080 1237 3160 linguam
1294 3079 1619 3150 didicerit,
1678 3085 1738 3139 et
1791 3100 1907 3139 au-

2027 1909 2636 1971 Commentariorum
2668 1909 2732 1969 in
2766 1907 3131 1968 Danielem:
3180 1905 3354 1984 Quia
3411 1904 3671 1968 Hebraei

2024 2006 2356 2071 rebrobant
2386 2005 2719 2068 historiam
2748 2004 3072 2083 Susanna,
3105 2004 3379 2064 dicentes
3408 2024 3540 2064 eam
3598 2005 3665 2064 in

2022 2104 2323 2165 Danielis
2352 2104 2664 2166 volumine
2718 2124 2841 2164 non
2889 2100 3129 2176 haberi,
3160 2100 3447 2162 debemus
3502 2101 3666 2163 dili-

2019 2208 2243 2283 genter
2264 2203 2582 2284 inquirere
2601 2204 2853 2265 nomina
2877 2197 3072 2274 σχίνου
3102 2198 3191 2252 καὶ
3224 2197 3437 2272 πρίνου.
3459 2198 3661 2279 (Dan.
3778 2228 3781 2233 ν

2021 2318 2131 2373 xu,
2166 2302 2263 2373 54,
2297 2304 2423 2379 58),
2455 2322 2588 2383 qua
2614 2302 2836 2363 Latini
2863 2301 3097 2362 iilicem
3126 2305 3185 2360 et
3211 2299 3541 2360 lentiscum
3574 2298 3666 2358 in-

2022 2403 2466 2479 terpretantur,
2500 2399 2562 2459 si
2579 2400 2713 2459 sint
2730 2399 2901 2482 apud
2919 2397 3245 2475 Hebrzos,
3268 2402 3328 2457 et
3345 2416 3530 2478 quam
3552 2394 3665 2456 ha-

2022 2494 2203 2556 beant
2231 2496 2696 2577 etymologiam,
2758 2503 2829 2558 ut
2883 2518 2921 2557 a
2967 2493 3169 2570 σχίνῳ,
3203 2494 3452 2573 scissio,
3512 2498 3571 2554 et
3625 2514 3663 2554 a

2019 2592 2220 2667 πρίνῳ.
2253 2595 2466 2674 sectio,
2497 2596 2627 2655 sive
2656 2600 2946 2675 serratio,
2978 2594 3232 2656 dicatur
3285 2592 3515 2673 lingua
3569 2612 3664 2652 eo-

2020 2713 2183 2753 rum.
2226 2692 2419 2771 Quod
2446 2693 2649 2754 sinon
2684 2694 2901 2771 fuerit
2930 2693 3267 2771 inventum,
3302 2689 3667 2751 necessitate

2019 2811 2319 2871 cogemur
2345 2796 2405 2850 et
2451 2811 2563 2852 nos
2619 2811 2828 2851 eorum
2884 2790 3270 2870 acquiescere
3325 2787 3661 2864 sententiae,

2020 2888 2133 2970 qui
2169 2887 2385 2949 (ἓνκεί
2412 2893 2654 2948 tantum
2696 2888 3001 2949 sermonis
3048 2886 3209 2947 hanc
3264 2885 3480 2946 volunt
3534 2904 3666 2945 esse

2019 2986 2350 3059 περικοπὴν,
2383 3007 2517 3067 qua
2570 2985 2855 3048 Graecam
2914 2984 3135 3046 habeat
3191 2982 3656 3064 etymologiam,

2016 3090 2076 3145 et
2105 3084 2487 3146 Hebraicam
2517 3106 2639 3146 non
2670 3084 2915 3146 habeat.
2962 3082 3155 3161 Quod
3180 3085 3242 3144 si
3269 3081 3413 3163 quis
3459 3086 3664 3141 osten-

262 3177 573 3238 thenticos
601 3178 1077 3260 Scripturarum
1108 3176 1332 3257 libros,
1364 3176 1707 3239 Hebraicis
1751 3177 1910 3238 scri-

2031 3183 2203 3244 derit
2229 3185 2501 3245 duarum
2560 3184 2827 3244 istarum
2878 3181 3171 3243 arborum
3222 3179 3556 3241 scissionis
3611 3188 3669 3240 et

257 3282 404 3358 ptas
434 3276 695 3349 litteris,
729 3276 843 3357 qui
869 3276 1039 3358 apud
1092 3274 1339 3343 Iudaeos
1399 3274 1723 3348 habentur,
1785 3276 1914 3336 sibi

263 3375 738 3456 comparaverit,
766 3373 864 3435 τάς
893 3393 953 3427 τε
980 3370 1127 3447 παρὰ
1153 3377 1269 3435 τοῖς
1321 3369 1609 3433 Ἰουδαίοις
1666 3371 1910 3449 ἐμφερο-

267 3471 438 3543 pisae;
498 3470 895 3546 πρωτοτῦπους
924 3471 1108 3533 αὐτοῖς
1134 3465 1399 3545 Ἐϐραίων
1445 3471 1749 3546 στοιχείοις
1785 3491 1913 3547 γρα-

257 3570 385 3645 sic.
417 3574 608 3642 κτῆμα
642 3566 776 3623 ἴδιον
812 3570 1169 3640 ποιήσκσθαι-
1210 3569 1653 3646 Authenticos,
1712 3571 1908 3633 inter-

252 3673 436 3749 prete
517 3668 793 3748 Valesio,
872 3675 1058 3730 vocat
1144 3669 1454 3731 Eusebius
1538 3668 1905 3730 Judaaorum

253 3767 535 3845 codices,
618 3774 908 3849 respectu
994 3769 1278 3830 omnium
1391 3768 1906 3840 translationum,

255 3868 449 3928 etiam
478 3868 957 3948 comparatione
990 3868 1158 3928 facta
1185 3885 1326 3928 cum
1356 3865 1642 3928 versione
1689 3866 1907 3927 LXXII

253 3964 762 4027 Translatornm.
808 3966 944 4038 Qua
998 3964 1250 4045 quidem
1311 3963 1736 4045 appellatione
1788 3982 1905 4025 sae-

254 4064 520 4142 pissime
576 4064 829 4124 eosdem
887 4063 1084 4125 libros
1140 4068 1404 4124 exornat
1460 4063 1901 4141 Hieronymus,

252 4167 325 4221 ut
351 4160 626 4240 epistola
657 4163 794 4235 132,
827 4161 908 4222 ad
936 4161 1205 4223 Vitalcm
1233 4178 1249 4222 :
1322 4158 1408 4220 Et
1460 4159 1771 4240 siquidem
1838 4160 1904 4220 in

251 4255 548 4317 historiis
627 4257 815 4318 aliter
872 4257 1166 4318 haberent
1218 4256 1659 4340 Septuaginta,
1716 4257 1906 4318 aliter

247 4354 576 4416 Hebraica
661 4356 916 4436 veritas,
995 4360 1337 4437 confugere
1401 4361 1762 4437 poteramus
1821 4355 1907 4416 ad

246 4453 441 4513 solita
464 4453 799 4536 prasidia,
833 4459 891 4514 et
917 4474 1119 4514 arcem
1150 4453 1392 4534 linguae
1420 4459 1622 4513 tenere
1678 4473 1902 4514 verna-

2022 3281 2324 3342 sectionis
2347 3282 2413 3342 in
2434 3281 2701 3342 Hebrwo
2727 3287 2897 3341 stare
2915 3278 3381 3359 etymologiam,
3405 3283 3553 3338 tunc
3563 3285 3671 3359 po-

2022 3380 2280 3440 terimus
2308 3380 2499 3441 etiam
2527 3378 2689 3440 hanc
2732 3379 3125 3460 Scripturam
3184 3376 3474 3458 recipere.
3538 3376 3670 3437 Ibi-

2019 3479 2161 3539 dem
2195 3479 2503 3539 nonnulla
2531 3478 2879 3540 edisserens
2907 3478 2986 3537 de
3015 3476 3220 3538 verbis
3249 3475 3413 3554 regis
3456 3474 3665 3554 Baby-

2019 3575 2202 3647 lonis,
2238 3576 2442 3655 deque
2487 3574 2659 3636 idolo
2715 3575 2851 3636 Beli
2880 3574 3047 3654 apud
3078 3573 3480 3653 Babylonios,
3519 3572 3662 3652 pul-

2017 3669 2168 3732 chre
2222 3670 2595 3731 sententiam
2656 3689 2836 3730 suam
2867 3676 3080 3731 tuetur
3117 3670 3488 3748 exceptione
3543 3668 3666 3729 hac

2016 3768 2234 3829 subtili
2264 3789 2282 3828 :
2314 3766 2458 3828 Hoc
2486 3768 2654 3849 quod
2675 3767 3008 3850 Scriptura
3055 3786 3221 3827 nunc
3275 3766 3475 3826 dicit:
3535 3769 3663 3826 Ex-

2017 3866 2316 3928 clamavit
2365 3884 2519 3928 voce
2576 3884 2807 3945 magna
2861 3864 3061 3945 (Dan.
3124 3882 3233 3937 xu,
3292 3864 3393 3945 24)
3440 3882 3454 3938 ;
3515 3863 3665 3944 quia

2014 3962 2092 4023 de
2141 3961 2484 4023 idololatra
2556 3968 2617 4021 et
2690 3962 3028 4042 ignorante
3107 3960 3313 4021 Deum
3396 3958 3660 4033 dicitur,

2016 4061 2266 4121 videtur
2363 4060 2849 4121 observationem
2954 4064 3234 4119 nostram
3338 4055 3658 4117 subverte-

2014 4179 2102 4238 re,
2134 4180 2257 4240 qua
2285 4158 2527 4219 dudum
2558 4157 2967 4235 asseruimus,
3002 4176 3204 4217 vocem
3234 4174 3534 4235 magnam
3592 4153 3659 4213 in

2012 4258 2251 4317 sanctis
2299 4261 2540 4317 tantum
2597 4256 2881 4338 reperiri.
2948 4254 3140 4332 Quod
3195 4252 3389 4315 solvet
3450 4251 3661 4330 facile

2012 4356 2126 4437 qui
2180 4355 2340 4417 hanc
2392 4354 2725 4416 historiam
2784 4356 2850 4416 in
2907 4354 3072 4415 libro
3119 4352 3420 4415 Danielis
3492 4352 3662 4435 apud

2010 4453 2311 4516 Hebrwos
2367 4454 2607 4515 dixerit
2659 4474 2783 4515 non
2841 4452 3081 4515 haberi.
3137 4452 3214 4512 Si
3267 4452 3410 4534 quis
3457 4456 3661 4513 autem

247 4551 444 4612 culse:
481 4571 650 4612 nunc
690 4572 831 4612 vero
886 4572 1024 4612 cum
1079 4556 1140 4611 et
1194 4551 1397 4633 ipsum
1453 4548 1907 4612 Authenticum
1937 4553 1986 4620 D
2009 4554 2289 4636 potuerit
2342 4573 2472 4613 eam
2528 4551 2868 4635 approbare
2895 4572 3027 4612 esse
3056 4550 3132 4611 de
3168 4549 3449 4628 Canone,
3515 4555 3664 4610 tunc

248 4655 305 4706 et
357 4649 573 4710 caeteri
605 4650 970 4731 interpretes
1016 4649 1170 4731 pari
1218 4649 1591 4709 auctoritate
1645 4669 1905 4710 consen-

248 4746 436 4822 tiant,
473 4768 599 4808 non
629 4747 697 4806 in
726 4746 1089 4829 Scriptura,
1124 4747 1237 4807 sed
1287 4747 1354 4807 in
1398 4766 1583 4807 sensu
1639 4753 1734 4807 est
1773 4748 1906 4826 dif-

236 4844 539 4918 ﬁcultas.
575 4844 879 4907 Similiter
906 4845 1090 4926 epist.
1127 4847 1242 4907 135
1273 4845 1353 4906 de
1408 4845 1659 4925 psalmo
1718 4864 1906 4922 sexa-

240 4944 499 5021 gesimo
584 4943 856 5024 septimo
948 4942 1289 5005 nonnullos
1388 4944 1732 5006 versiculos
1836 4944 1902 5005 in

241 5042 534 5103 medium
596 5041 938 5114 adducens,
999 5041 1164 5103 hanc
1240 5041 1719 5121 castigationem
1776 5042 1903 5105 illis

238 5140 547 5201 adhibuit
576 5138 757 5209 iuxta
786 5140 974 5201 ﬁdem
1006 5139 1315 5201 librorum
1363 5140 1896 5203 authenticorum.

242 5237 417 5299 Cum
443 5236 569 5297 iste
598 5236 970 5317 versiculus,
1002 5237 1232 5317 inquit,
1266 5238 1477 5319 magis
1529 5237 1753 5298 habere
1790 5239 1899 5298 de-

233 5335 376 5397 beat
391 5335 600 5415 juxta
630 5334 1014 5396 Hebraicam
1046 5335 1388 5410 veritatem,
1433 5338 1697 5398 Cantate
1743 5338 1897 5411 Deo,

232 5434 506 5497 Psallite
562 5434 830 5496 Domino
886 5432 1094 5515 (Psal.
1150 5450 1345 5511 vau,
1402 5435 1534 5515 33),
1615 5439 1676 5494 et
1730 5433 1902 5495 illud

232 5532 414 5615 quod
456 5532 749 5613 sequitur
830 5533 897 5594 in
937 5532 1265 5615 principio
1323 5552 1539 5594 versus
1602 5532 1891 5611 alterius,

232 5631 505 5695 Psallite
559 5634 714 5707 Deo,
774 5650 897 5692 non
952 5630 1042 5692 sit
1085 5629 1153 5691 in
1219 5626 1412 5692 libris
1485 5629 1891 5712 authenticis,

2013 4651 2412 4734 quaerendum
2444 4657 2538 4711 est
2566 4651 2724 4732 quid
2768 4651 2830 4711 ei
2883 4649 3250 4732 respondere
3303 4647 3653 4710 debeamus.

2011 4753 2104 4814 Ex
2164 4750 2262 4811 his
2320 4750 2718 4812 manifestum
2780 4749 2961 4810 nobis
3006 4756 3124 4815 est.
3183 4747 3513 4826 Origenem
3571 4747 3663 4808 ita

2012 4847 2337 4910 Hebraicm
2412 4847 2662 4909 veritati
2719 4845 3083 4924 adhaesisse,
3145 4851 3212 4906 ut
3268 4844 3427 4905 nihil
3482 4851 3660 4905 extra

2011 4949 2331 5008 Canonem
2416 4946 2824 5006 Hebrmorum
2913 4944 3211 5023 recipere,
3298 4943 3458 5003 nihil
3530 4961 3656 5004 non

2014 5044 2396 5106 Hebraicum
2473 5042 2809 5105 defendere
2887 5041 3180 5102 voluerit.
3268 5044 3404 5102 Nec
3486 5045 3658 5100 vetat

2012 5143 2182 5223 quod
2227 5142 2529 5222 scriptum
2558 5140 2638 5203 ab
2668 5159 2742 5202 eo
2801 5139 3070 5220 legimus
3123 5138 3190 5200 in
3250 5137 3519 5219 epistola
3574 5136 3656 5197 ad

2011 5241 2376 5302 Africanum
2421 5259 2438 5315 ;
2498 5240 2647 5319 quia
2700 5239 2996 5320 prudenti
3067 5237 3327 5299 consilio
3396 5234 3656 5296 usitatos

2007 5338 2073 5399 in
2130 5338 2407 5401 Ecclesia
2464 5338 2742 5409 codices,
2792 5338 3260 5416 Vulgatamque
3315 5333 3649 5396 lectionem

2008 5437 2353 5517 Scriptura:
2387 5436 2468 5498 ad
2523 5436 3006 5498 aediﬁcationem
3067 5433 3292 5515 plebis,
3354 5430 3559 5492 noluit
3615 5448 3654 5492 a

2006 5534 2381 5597 Christianis
2482 5533 2808 5616 repudiari
2900 5537 3203 5611 tauquam
3296 5527 3654 5591 adulterina

2005 5632 2459 5709 additamenta,
2494 5638 2606 5696 aut
2636 5632 2975 5695 mimorum
3033 5633 3169 5690 arte
3225 5632 3545 5689 contexta.
3578 5631 3649 5689 In
