4060 6190
398 316 473 376 91
1558 312 1885 375 PATRUM
1928 310 2632 378 BENEDICTINORUM
3725 313 3804 373 93

399 449 679 511 homiliis
733 448 930 527 igitur
985 449 1133 520 suis,
1194 432 1352 527 quas
1407 446 1489 508 ad
1543 447 1806 525 vulgum
1838 443 2045 523 loqui-
2076 445 2127 511 Α
2157 443 2486 507 Hebrzam
2536 448 2858 509 observare
2913 448 3254 526 veritatem,
3333 445 3655 506 sciendum
3714 450 3808 505 est

405 555 531 621 tur,
579 565 979 609 communem
1034 546 1371 606 editionem
1429 563 1503 605 ac
1558 545 1857 605 lectiones
1918 540 2044 601 usi-

401 652 566 706 tatas
596 646 879 724 sequitur
913 662 926 703 :
960 643 1023 703 in
1056 644 1242 703 tomis
1270 662 1441 715 vero,
1502 641 1568 702 id
1626 647 1739 714 est,
1800 641 1864 699 in
1923 639 2046 698 dis-

404 744 729 823 putatione
762 741 1009 817 majori,
1072 741 1381 803 Hebraica
1436 741 1698 800 veritate
1753 739 2043 816 stipatus,

405 846 468 900 et
495 857 752 900 suorum
823 839 1251 899 circumdatus
1289 838 1668 917 agminibus,
1732 836 2048 895 interdum

407 937 641 1014 linguze
700 936 1041 1015 peregrinae
1099 937 1326 1015 quaerit
1383 935 1641 996 auxilia.
1727 933 1907 1005 Quod
1961 931 2050 991 ita

407 1040 704 1095 testatum
763 1034 1072 1095 habemus
1127 1034 1208 1095 ab
1238 1035 1621 1113 Hieronymo
1681 1030 2050 1112 praefatione

407 1134 836 1206 Quaestionum
868 1132 1316 1193 Hebraicarum
1364 1132 1429 1192 in
1487 1131 1799 1193 Genesim.
1833 1128 2051 1189 Scien-

405 1231 556 1291 dum
588 1236 799 1291 tamen
854 1231 920 1290 in
976 1230 1263 1291 Homiliis
1310 1230 1497 1291 etiam
1554 1228 1838 1306 Origenis
1892 1226 2053 1286 bene

404 1330 612 1391 audiri
668 1328 1042 1390 Hebraicam
1103 1330 1454 1403 veritatem,
1502 1347 1576 1390 ac
1607 1328 1837 1408 saepius
1892 1344 2054 1405 prae-

409 1428 560 1489 ferri
640 1427 1059 1506 Septuaginta
1131 1427 1464 1489 Seniornm
1519 1425 2056 1505 interpretationi-

370 1564 373 1567 »
409 1526 552 1587 bus.
588 1525 861 1586 Homilia
898 1525 1176 1586 secunda
1232 1525 1296 1584 in
1353 1525 1608 1585 Cantica
1662 1523 2051 1584 canticorum

412 1642 555 1684 cum
605 1623 930 1684 recitasset
984 1624 1284 1701 Origenes
1340 1622 1477 1683 haec
1545 1622 1740 1683 verba
1794 1624 2056 1681 Prover-

411 1720 868 1794 biorumxxvu,
915 1722 1028 1781 1οε
1089 1719 1169 1780 In
1224 1720 1475 1779 domum
1527 1719 1775 1798 fratris
1831 1717 1927 1777 tui
1982 1736 2057 1776 ne

2146 544 2458 626 principii
2511 566 2729 607 nomen
2786 546 3170 626 significare
3225 550 3431 626 caput.
3468 543 3690 623 Itaque
3717 542 3807 602 li-
3915 619 3923 627 .

2155 641 2314 701 cebit
2369 642 2534 703 hunc
2591 645 2927 725 assignare
2979 663 3264 703 sensum:
3328 642 3545 702 Moses
3590 640 3806 701 caelum

2156 745 2214 799 et
2245 746 2500 821 terram,
2550 762 2683 822 quae
2733 743 2945 824 prima
3000 747 3149 802 sunt
3204 741 3437 801 entium
3497 734 3806 813 visibilia,

2156 844 2342 919 caput
2396 846 2589 915 vocat,
2651 847 2815 913 etc.;
2877 840 3104 901 deinde
3160 839 3411 918 singula
3469 838 3811 900 discutiens

2158 935 2236 996 de
2292 938 2487 1000 verbo
2542 938 2795 1011 creavit,
2856 939 2921 999 in
2981 939 3183 1018 primo
3239 942 3552 999 Geneseos
3600 955 3808 1009 versu,

2159 1033 2296 1094 haec
2324 1036 2388 1095 in
2412 1037 2632 1115 primis
2664 1044 2884 1098 notare
2913 1036 3155 1097 studuit
3185 1052 3199 1095 :
3278 1033 3502 1095 Verum
3562 1034 3623 1094 si
3672 1037 3806 1093 He-

2161 1131 2436 1193 braicam
2484 1133 2819 1194 dictionem
2874 1133 3263 1215 diligentius
3303 1138 3589 1192 excutere
3642 1131 3805 1191 veli-

2161 1250 2321 1305 mus,
2382 1232 2757 1312 reperiemus
2813 1252 2944 1292 eam
3001 1251 3201 1292 vocem
3258 1250 3383 1291 non
3431 1229 3814 1312 simpliciter

2161 1327 2564 1407 signiﬁcare,
2579 1330 2768 1406 fecit,
2802 1330 2914 1390 sed
2940 1328 3250 1401 condidit,
3296 1329 3363 1388 in
3420 1332 3810 1409 conspectum

2164 1431 2449 1486 nostrum
2503 1427 2708 1501 dedit,
2764 1433 2824 1487 et
2866 1427 3360 1503 demonstravit;
3418 1445 3551 1505 qua
3598 1425 3811 1485 omnia

2163 1524 2618 1604 quodammodo
2662 1526 2904 1597 docent,
2964 1526 3133 1606 quod
3188 1544 3344 1602 eam,
3406 1544 3546 1584 cum
3619 1523 3814 1606 prius

2165 1642 2288 1681 non
2338 1622 2571 1702 fuerit,
2640 1643 2748 1683 nec
2803 1644 2879 1683 ex
2921 1622 3301 1705 pra/acente
3354 1621 3618 1683 materia
3665 1641 3811 1681 con-

2163 1720 2465 1798 stituerit,
2523 1725 2582 1779 et
2634 1721 2965 1781 videndam
3022 1719 3349 1781 exibuerit.
3417 1719 3584 1781 Nam
3645 1718 3815 1799 quod

413 1818 610 1877 intres
642 1818 892 1896 infelix,
923 1819 987 1878 in
1028 1819 1316 1879 ultimam
1374 1836 1614 1889 vocem,
1653 1816 1903 1889 infelix,
1961 1815 2050 1875 sic
2080 1814 2129 1880 B
2159 1817 2576 1899 Septuaginta
2631 1818 3009 1900 Interpretes
3074 1819 3390 1899 inquiunt,
3451 1817 3619 1890 fecit,
3653 1822 3815 1876 certe

411 1917 813 1978 observatum
869 1916 1091 1977 voluit.
1133 1919 1265 1976 Pro
1296 1936 1362 1975 eo
1415 1915 1582 1995 quod
1609 1912 2047 1996 Septuaginta,

414 2013 663 2093 infelix,
698 2014 1093 2096 interpretati
1147 2019 1316 2092 sunt,
1388 2013 1659 2093 Aquila,
1721 2011 2053 2072 Hebrwam

415 2112 763 2194 exprimens
820 2112 1161 2189 veritatem,
1218 2119 1474 2195 ἀγροικὸν
1514 2112 1762 2193 posuit.
1829 2109 2056 2171 Homi-

417 2209 504 2270 ali
558 2228 812 2289 quoque
870 2209 1204 2271 undecima
1282 2209 1346 2268 in
1395 2209 1733 2270 Jeremiam
1791 2207 2057 2268 manife-

414 2314 547 2368 stus
587 2315 681 2369 est
728 2314 1003 2369 assertor
1056 2307 1465 2368 Hebraeorum
1517 2306 1934 2379 voluminum,
1992 2305 2055 2365 in

415 2411 664 2469 tantum
697 2414 768 2467 ut
796 2424 872 2467 ea
901 2412 1081 2468 vocet
1108 2406 1498 2485 exemplaria
1542 2406 1813 2467 certiora
1867 2410 2062 2482 atque

414 2505 763 2579 veraciora,
796 2505 1018 2566 habita
1048 2504 1236 2565 etiam
1269 2505 1513 2565 ratione
1569 2503 1650 2563 ad
1706 2502 2064 2564 versionem

414 2605 571 2664 LXX
645 2601 1392 2684 Interpretum.Duplex
1471 2601 1723 2683 quippe,
1812 2601 2058 2679 inquit,

419 2700 750 2782 Scriptura
803 2706 918 2762 est.
979 2700 1145 2761 Nam
1207 2701 1273 2761 in
1338 2699 1558 2760 multis
1609 2696 2064 2780 exemplaribus

420 2799 816 2859 continetur:
879 2802 1015 2860 Non
1071 2799 1302 2878 profui,
1363 2817 1572 2878 neque
1616 2798 1852 2876 profuit
1911 2795 2067 2856 mihi

421 2898 755 2977 quisquam
816 2895 1062 2976 (Jerem.
1122 2915 1224 2975 xv,
1287 2897 1415 2977 10.)
1470 2895 1550 2957 In
1606 2894 1711 2956 his
1740 2915 1879 2954 vero
1936 2913 2069 2974 quae

422 2993 799 3076 exemplaria
882 2995 1125 3055 veriora
1205 2999 1375 3067 sunt,
1463 2999 1522 3053 et
1584 3014 1721 3053 cum
1779 2990 2070 3052 Hebraeis

423 3098 787 3172 consonant,
845 3090 1146 3153 habetur:
1219 3095 1356 3153 Non
1415 3092 1629 3160 debui,
1708 3109 1912 3170 neque
1969 3090 2073 3150 de-

2163 1916 2541 1976 occasionem
2588 1915 2962 1996 quibusdam
3039 1917 3263 1997 magni
3335 1916 3575 1977 erroris
3634 1913 3815 1974 obtu-

2166 2013 2314 2075 lere.
2348 2013 2579 2074 Facere
2607 2015 2830 2074 etenim
2883 2016 2961 2075 de
2990 2014 3090 2075 his
3128 2015 3500 2097 praedicant,
3554 2032 3689 2094 quae
3741 2032 3815 2071 ex

2166 2112 2435 2192 quadam
2491 2113 2754 2173 materia
2808 2113 3279 2194 producuntur,
3359 2118 3429 2173 ut
3501 2131 3574 2172 ex
3625 2114 3814 2187 ferro

2166 2209 2324 2284 falx,
2384 2216 2443 2268 et
2497 2210 2629 2270 alia
2676 2230 2811 2290 qum
2859 2210 3037 2271 nobis
3119 2211 3418 2288 artiﬁcus
3481 2208 3803 2286 efﬁciunt.

2167 2308 2346 2368 Hinc
2374 2308 2631 2388 quidam
2663 2309 2728 2368 in
2759 2308 2924 2369 hunc
2951 2329 3221 2369 errorem
3273 2307 3593 2389 provoluti
3644 2310 3816 2382 sunt,

2171 2412 2242 2466 ut
2268 2406 2698 2481 vociferarent,
2736 2406 2959 2467 Mosen
2988 2405 3066 2467 ab
3102 2404 3447 2488 ﬁgyptiis
3503 2404 3809 2482 edoctum,

2171 2503 2528 2565 credidisse
2556 2524 2629 2563 ex
2657 2503 3028 2586 prmiacente
3078 2504 3341 2564 materia
3396 2502 3511 2563 hoc
3568 2502 3826 2561 univer-

2173 2623 2310 2662 sum
2366 2602 2713 2675 conditum,
2772 2616 3025 2683 eamque
3081 2602 3451 2663 sententiam
3498 2600 3718 2660 statim
3750 2599 3816 2658 in

2174 2701 2280 2761 sui
2333 2701 2537 2782 operis
2598 2700 2784 2760 initio
2841 2699 3021 2761 nobis
3068 2699 3408 2773 inculcare,
3439 2719 3577 2759 cum
3608 2702 3824 2758 utatur

2176 2798 2379 2871 verba,
2406 2798 2574 2871 fecit,
2634 2798 2835 2879 (Gen.
2891 2819 2935 2873 ι,
2983 2801 3044 2873 '1,
3080 2801 3177 2872 16,
3236 2798 3362 2877 25).
3421 2799 3669 2858 Horum
3702 2796 3819 2856 im-

2164 2897 2536 2980 pudentiam
2592 2917 2729 2957 cum
2789 2897 3164 2977 ignorarent
3224 2894 3644 2977 Septuaginta
3707 2892 3823 2953 In-

2179 3002 2494 3079 terpretes,
2514 3000 2883 3078 prmsentem
2928 2994 3132 3056 locum
3178 3002 3295 3076 per
3348 2992 3619 3071 verbum,
3675 2991 3827 3052 fecit

2180 3102 2529 3173 exposuere,
2590 3114 2729 3154 cum
2776 3093 2981 3153 satius
3018 3092 3267 3171 fuisset
3316 3090 3506 3151 aliter
3569 3088 3822 3171 exposi-

424 3190 565 3251 buit
596 3190 751 3250 mihi
782 3191 1142 3270 quisquam.
1202 3188 1467 3271 Oportet
1525 3189 1734 3270 igitur
1786 3193 1846 3248 et
1900 3187 2069 3267 quod
2097 3184 2140 3251 C
2180 3198 2310 3252 tum
2366 3211 2517 3269 esse,
2576 3197 2635 3250 et
2682 3199 2796 3273 per
2851 3189 3122 3265 verbum,
3173 3189 3343 3271 quod
3388 3187 3660 3249 Hebraeo
3705 3195 3830 3269 per

392 3350 398 3357 κ
427 3288 493 3348 in
524 3307 644 3348 usu
700 3293 814 3367 est,
873 3294 1058 3369 atque
1105 3288 1172 3348 in
1202 3287 1483 3348 ecclesiis
1512 3287 1776 3367 legitur,
1811 3294 2072 3367 expone-

426 3406 515 3460 re,
569 3392 637 3450 et.
684 3385 799 3447 hoc
853 3387 1023 3467 quod
1054 3387 1118 3447 in
1148 3385 1443 3447 Hebraeis
1473 3383 1794 3447 codicibus
1828 3383 2073 3444 inveni-

428 3489 556 3562 tur,
591 3484 891 3545 intactum
924 3505 1047 3546 non
1091 3484 1442 3566 praeterire.
1497 3486 1576 3544 Et
1628 3489 1772 3562 post
1826 3499 2066 3563 pauca:

436 3580 610 3659 Quia
665 3588 868 3643 autem
924 3587 984 3643 et
1030 3582 1162 3643 alia
1214 3581 1395 3643 nobis
1452 3582 1754 3664 expositio
1815 3580 2072 3640 residua

428 3685 543 3759 est,
589 3686 851 3762 propter
903 3680 1283 3762 exemplaria
1339 3681 1631 3757 certiora,
1708 3679 1774 3739 in
1845 3676 2072 3759 quibus

430 3779 826 3839 continetur:
884 3781 1020 3839 Non
1079 3779 1290 3854 debui,
1352 3796 1558 3858 neque
1617 3777 1835 3839 debuit
1920 3775 2076 3836 mibi

437 3877 796 3958 quisquam,
831 3882 891 3936 et
932 3875 1097 3936 hunc
1152 3876 1355 3937 locum
1410 3875 1896 3936 consideremus.
1959 3872 2078 3946 Qui

431 3976 619 4057 plura
648 3973 1042 4048 desiderarit,
1091 3982 1160 4036 ut
1217 3992 1586 4054 persuasum
1650 3973 1880 4034 habeat
1936 3972 2075 4034 Ori-

435 4090 658 4152 genem
715 4073 781 4134 in
839 4074 1133 4136 omnibus
1214 4073 1546 4152 agnovisse
1631 4070 2076 4133 auctoritatem

439 4172 886 4235 Hebraicorum
945 4172 1365 4245 voluminum,
1423 4171 1596 4250 legat
1667 4169 1864 4230 libros
1918 4167 2080 4247 ejus-

436 4271 580 4331 dem
610 4277 830 4331 contra
872 4271 1144 4345 Celsum,
1198 4277 1261 4332 et
1318 4276 1525 4332 tomos
1579 4266 2081 4329 Commentario-

438 4386 577 4428 rum
608 4368 673 4428 in
718 4367 1114 4430 Matthaeum.
1163 4371 1343 4430 Nunc
1399 4386 1563 4429 unus
1614 4385 1727 4447 pro
1758 4364 1897 4427 aliis
1952 4383 2084 4426 om-

442 4467 627 4528 nibus
654 4467 892 4529 Graecis
919 4467 1213 4528 Patribus
1243 4467 1455 4528 veniat
1503 4466 1585 4528 ad
1639 4464 2084 4545 probationem

2180 3290 2390 3351 omnia
2436 3289 2853 3371 responderet,
2904 3289 3073 3350 sicut
3117 3287 3361 3348 Mosem
3400 3286 3609 3366 egisse
3674 3303 3828 3345 con-

2181 3393 2329 3461 stat,
2390 3387 2503 3468 qui
2558 3407 2625 3449 eo
2675 3386 2854 3447 verba
2903 3386 3073 3468 quod
3103 3385 3315 3468 ponit,
3348 3383 3534 3466 quasi
3560 3382 3829 3443 relucta-

2182 3491 2289 3546 tur
2346 3505 2588 3545 summa
2627 3485 2690 3545 vi
2736 3484 2876 3544 illis
2924 3484 3037 3565 qui
3064 3483 3389 3544 materiam
3423 3479 3831 3550 inducebant,

2180 3584 2512 3645 ostendens
2599 3582 2915 3642 evidenter
2987 3601 3120 3641 eam
3196 3601 3319 3641 non
3382 3578 3822 3662 pra/acuisse,

2181 3681 2316 3742 Imo
2361 3680 2604 3759 caelum,
2664 3685 2917 3757 terram,
2982 3678 3392 3759 abyssumque
3431 3675 3838 3737 antecessisse

2183 3778 2507 3839 materiam
2561 3782 3027 3856 commonstrat,
3079 3777 3230 3837 dum
3295 3796 3369 3836 ex
3451 3773 3555 3834 his
3612 3770 3840 3832 mundi

2184 3880 2473 3937 ornatum
2488 3874 2906 3956 processisse,
2926 3872 3238 3956 populum
3294 3891 3421 3933 sum
3447 3870 3610 3944 ﬁdei
3670 3887 3842 3929 com-

2184 3974 2446 4035 missum
2504 3972 2737 4033 erudit.
2792 3975 3040 4040 Quanta
3092 3977 3242 4032 sunt
3296 3971 3361 4030 in
3432 3969 3553 4030 hac
3608 3970 3839 4028 Proco-

2186 4072 2377 4152 piana
2432 4070 2847 4150 expositione,
2920 4088 3062 4148 quae
3120 4068 3452 4128 veritatem
3540 4064 3839 4126 Hebraeo-

2187 4188 2329 4231 rum
2357 4167 2753 4229 voluminum
2803 4164 3297 4241 commendant;
3357 4169 3597 4243 quanta
3652 4179 3843 4222 econ-

2191 4267 2410 4340 trario,
2443 4285 2587 4346 quae
2640 4264 3119 4326 translationem
3167 4261 3587 4342 Septuaginta
3638 4261 3842 4320 Inter-

2190 4371 2439 4444 pretum
2500 4362 2902 4443 explodunt?
2956 4364 3055 4424 Ne
3084 4361 3226 4440 quis
3264 4365 3480 4420 tamen
3537 4357 3659 4419 sibi
3719 4355 3845 4417 soli

2194 4463 2437 4536 doctus,
2500 4461 2681 4522 nobis
2736 4478 2886 4522 vero
2943 4459 3212 4520 multum
3252 4457 3543 4518 indoctus
3599 4473 3844 4534 propu-

438 4570 671 4627 nostrae
724 4564 1091 4627 assertionis
1144 4564 1494 4644 Procopius
1555 4564 1813 4624 Gazaeus
1866 4560 2085 4642 sophi-
2114 4550 2165 4616 D
2194 4565 2422 4641 gnator
2475 4560 2637 4621 LXX
2720 4556 3225 4631 Translatorum,
3282 4553 3621 4625 existimet,
3681 4552 3842 4612 Pro-

438 4667 559 4733 sta,
592 4663 702 4742 qui
729 4662 1228 4725 Commentarios
1256 4663 1321 4724 in
1352 4660 1807 4724 Octateuchum
1841 4678 1918 4722 ex
1973 4677 2080 4720 ve.

438 4760 799 4823 iustissimis
881 4761 1385 4823 orthodoxorum
1442 4762 1706 4822 Patrum
1780 4758 2084 4820 aliorum-

440 4878 565 4940 que
619 4861 997 4941 scriptorum
1056 4860 1561 4923 enarrationibus
1616 4858 2085 4920 accuratissime

440 4958 860 5033 concinnavit,
918 4966 981 5021 et
1062 4959 1407 5021 sententias
1489 4975 1709 5018 eorum
1764 4955 1828 5017 in
1885 4974 2081 5017 unum

440 5075 669 5137 corpus
752 5076 827 5119 ac
912 5064 1286 5138 perpetuum
1352 5055 1892 5136 interpretationis
1946 5073 2088 5115 con-

443 5161 681 5218 textum
738 5155 1067 5217 delibavit.
1144 5155 1264 5217 Hic
1347 5154 1564 5233 itaque
1617 5156 1873 5214 Graecus
1930 5150 2084 5212 scri-

436 5258 600 5335 ptor,
637 5253 720 5314 ad
780 5255 1057 5334 primum
1114 5258 1427 5315 Geneseos
1467 5250 1758 5324 verbum,
1818 5248 2083 5310 Hebrai-

438 5371 577 5414 cam
610 5351 899 5431 agnoscit
928 5352 1280 5426 veritatem,
1313 5367 1667 5431 parumque
1697 5348 1877 5409 abest
1931 5345 2082 5426 quin

438 5451 594 5514 LXX
625 5451 1080 5531 Interpretibus
1128 5453 1494 5511 succenseat
1548 5447 1631 5509 ob
1684 5445 2082 5508 occasionem

439 5549 674 5610 erroris
727 5568 918 5629 quam
978 5547 1264 5628 prmbent
1343 5548 1437 5608 illi
1518 5547 1583 5607 in
1639 5563 1754 5606 sua
1808 5542 2083 5604 transla-

440 5645 614 5707 tione
685 5648 1178 5728 Scripturarum.
1239 5646 1336 5707 At
1408 5645 1470 5705 si
1524 5643 1809 5723 velimus,
1875 5639 2084 5720 inquit

2191 4658 2445 4737 copium
2505 4655 2694 4717 unico
2752 4654 2947 4716 hocce
2996 4654 3138 4715 loco
3196 4651 3492 4713 tribuisse
3568 4649 3846 4710 auctori-

2193 4762 2385 4817 tatem
2443 4752 2918 4832 exemplaribus
2972 4748 3297 4811 Hebraicis
3350 4765 3675 4809 sacrorum
3733 4745 3844 4808 Bi-

2191 4854 2490 4929 bliorum,
2576 4851 2747 4930 legat
2827 4848 3109 4928 ejusdem
3193 4844 3694 4908 Commentarios
3774 4844 3844 4904 in

2193 4957 2384 5031 caput
2443 4949 2849 5011 undecimum
2904 4951 3218 5008 Geneseos
3295 4943 3486 5024 (vers.
3550 4942 3674 5023 10),
3735 4940 3847 5001 ubi

2193 5049 2499 5128 scriptum
2559 5046 2876 5127 reperiet:
2942 5046 3086 5105 Sem
3127 5041 3272 5118 fuit
3334 5040 3523 5114 filius
3603 5042 3847 5099 centum

2192 5165 2523 5220 annorum,
2584 5150 2644 5203 et
2692 5143 2918 5224 genuit
2973 5139 3352 5222 Arphaxad,
3414 5137 3662 5199 biennio
3695 5140 3851 5217 post

2192 5243 2532 5305 diluvium.
2622 5239 2939 5301 Hebraica
3022 5239 3255 5299 veritas
3353 5236 3556 5308 habet,
3633 5233 3848 5296 Selam

2190 5340 2475 5423 genitum
2523 5358 2655 5398 esse
2701 5336 2777 5396 ab
2831 5335 3213 5418 Arphaxad.
3286 5334 3441 5413 Qua!
3496 5331 3725 5394 deinde
3779 5330 3847 5390 in

2193 5439 2398 5502 medio
2437 5441 2791 5520 ponuntur,
2852 5433 3123 5496 obelisco
3207 5434 3466 5515 signata
3524 5431 3843 5492 visuntur.

2192 5539 2473 5600 Junioris
2499 5537 2716 5616 igitur,
2750 5534 2859 5615 qui
2896 5540 3182 5609 vocatur,
3236 5531 3499 5594 Cainani
3547 5530 3848 5609 jugulata

2192 5643 2287 5699 est
2323 5636 2598 5698 obelisco
2661 5632 3106 5716 prOgenitura;
3167 5630 3319 5711 quia
3372 5629 3549 5691 nulla
3604 5627 3727 5690 fuit
3774 5627 3844 5689 in
