4060 6190
238 349 315 408 93
1650 345 1903 405 PHULE

2019 344 2264 403 MENA.
3587 337 3667 396 94

242 481 506 540 veritate
549 478 868 540 Hebraico
924 479 1116 559 hujus
1170 481 1546 559 patriarcha
1606 497 1883 541 comme-
1919 478 1972 545 A
2002 475 2231 538 Isaiam
2263 474 2665 554 prophetam,
2715 470 3059 533 Theodosii
3116 468 3305 548 primi
3358 467 3663 528 saeculum

247 578 546 638 moratio.
582 580 673 638 Ea
703 583 914 638 autem
948 597 1090 656 qua
1119 578 1319 638 obelis
1368 579 1637 656 signata,
1691 582 1892 649 erant,

249 677 426 736 nulla
458 677 854 754 expositione
919 676 1346 754 dignabantur
1393 676 1564 754 apud
1618 681 1896 748 Gracos,

248 774 484 853 quippe
513 774 687 852 quod
717 773 927 834 aliena
967 793 1004 833 a
1059 775 1232 834 fonte
1290 774 1785 852 Scripturarum,
1839 777 1903 832 et

247 872 571 932 adscititia
623 872 1010 932 haberentur
1091 873 1154 932 in
1212 872 1419 932 verbis
1490 871 1896 951 propheticis.

249 972 534 1048 Tempus
567 989 664 1030 me
695 970 967 1042 deficiet,
1019 970 1069 1030 si
1128 976 1355 1030 cuncta
1411 970 1708 1048 replicem
1761 988 1900 1047 qua

249 1071 310 1128 in
370 1069 668 1148 Procopii
715 1069 913 1129 Gazai
967 1068 1337 1129 collectione
1389 1068 1629 1128 aﬁ'atim
1683 1085 1906 1128 occur-

251 1177 400 1230 runt
463 1169 546 1230 ad
605 1169 1130 1230 manifestandam
1188 1170 1652 1245 auctoritatem,
1712 1187 1902 1248 quam

249 1266 590 1327 Hebraica
635 1267 890 1327 veritati
953 1267 1230 1327 tribuere
1286 1267 1484 1328 Graci
1541 1268 1900 1346 scriptores.

249 1359 486 1417 Verum
518 1357 695 1417 nefas
723 1357 802 1416 sit
832 1357 1122 1418 omisisse
1148 1376 1288 1436 qua
1348 1358 1425 1418 de
1480 1357 1661 1416 annis
1719 1355 1904 1416 chro-

248 1455 564 1533 nologicis
615 1455 892 1533 priorum
954 1454 1462 1533 patriarcharum
1521 1460 1667 1515 ante
1751 1454 1911 1513 dilu-

251 1554 452 1624 vium,
504 1552 726 1612 scribit
779 1553 1145 1631 ProcOpius,
1210 1552 1391 1631 quasi
1449 1552 1702 1612 nomine
1758 1550 1911 1611 alio-

187 1696 202 1710 .
251 1670 389 1710 rum
453 1651 743 1711 omnium
806 1651 1060 1711 Gracia
1151 1655 1558 1710 tractatorum
1623 1648 1912 1709 :Notan-

254 1752 401 1810 dum
434 1756 551 1827 est,
585 1751 812 1829 inquit,
855 1749 1192 1809 Hebraeum
1244 1758 1478 1816 semper
1533 1749 1702 1809 circa
1768 1769 1910 1808 cen-

2006 575 2288 653 attigisse
2357 571 2702 651 sophistam
2767 576 3051 629 nostrum
3113 571 3404 629 Gazaum
3457 583 3472 626 :

3537 584 3664 626 ΠΠο

2010 679 2072 734 et
2120 673 2294 750 prius
2323 671 2514 732 etiam
2544 669 2869 747 aliquanto
2901 667 3182 746 capisse,
3249 684 3392 725 cum
3454 664 3556 724 hic
3603 682 3668 724 se

2012 771 2246 831 multos
2303 768 2600 830 alacriter
2661 765 2963 843 martyria
3013 765 3355 824 subeuntes
3441 762 3669 822 vidisse

2011 875 2297 940 testatur,
2361 886 2500 946 qua
2561 864 2625 924 in
2683 863 2936 924 Juliano
2993 880 3264 922 cessasse
3339 861 3668 940 reperiun-

2011 973 2152 1027 tur:
2213 986 2250 1026 a
2307 965 2488 1041 cujus
2544 961 2810 1040 imperio
2867 960 2947 1020 ad
3020 961 3334 1020 idolorum
3392 959 3658 1018 alteram

2013 1083 2210 1143 usque
2270 1062 2712 1140 dejectionem,
2793 1057 3088 1136 Procopii
3146 1057 3448 1118 saeculum
3507 1074 3661 1135 pro-

2013 1161 2157 1222 duci
2239 1165 2449 1239 queat.
2536 1158 2694 1218 Vide
2776 1155 3214 1236 praefationem
3272 1153 3538 1213 Curterii
3594 1153 3660 1212 in

2016 1259 2345 1338 Epitomen
2446 1256 2766 1317 variarum
2887 1251 3490 1314 commentationum
3599 1251 3663 1309 in

2014 1358 2239 1418 Isaiam
2299 1355 2702 1435 prophetam.
2739 1356 2892 1415 Utut
2926 1353 3006 1412 sit
3035 1352 3112 1412 de
3165 1359 3449 1431 tempore
3505 1354 3668 1410 Pro-

2017 1455 2181 1534 copii
2258 1453 2481 1525 Gazai,
2542 1459 2782 1512 certum
2861 1450 2940 1510 ab
2999 1468 3073 1510 eo
3131 1455 3338 1510 exstat
3417 1452 3672 1509 Gracos

2019 1553 2357 1631 scriptores
2415 1550 2869 1611 ecclesiasticos
2925 1566 3144 1608 omnes
3194 1545 3476 1608 veritatis
3540 1547 3670 1605 Hc-

2020 1651 2250 1710 braica
2305 1649 2738 1710 tenacissimos
2797 1647 2983 1706 fuisse
3043 1665 3184 1706 cum
3236 1646 3667 1723 Hieronymo:

2019 1750 2438 1828 Septuaginta
2467 1767 2615 1809 vero
2647 1749 3028 1825 Interpretes
3087 1744 3319 1824 sapius
3379 1744 3458 1804 ab
3517 1744 3671 1822 ipsis

258 1849 568 1908 tenariam
655 1868 976 1908 numerum
1026 1847 1268 1907 versari
1347 1847 1414 1906 in
1497 1846 1913 1927 componenda
1947 1849 2304 1926 Babjectos
2362 1865 2517 1908 esse.
2580 1845 2886 1906 Praclare
2945 1844 3200 1922 quidem
3261 1843 3669 1903 commenda-

260 1947 664 2027 genealogia,
700 1945 961 2028 exempli
988 1947 1207 2026 gratia
1245 1966 1257 2006 :
1291 1945 1503 2006 Adam
1549 1951 1735 2004 natus
1791 1964 1907 2003 an-

262 2066 374 2105 nos
408 2048 531 2106 230
558 2046 784 2125 genuit
811 2043 983 2122 Seth,
1033 2045 1146 2124 qui
1185 2044 1659 2125 primogenitus
1715 2063 1912 2102 cense-

260 2149 414 2204 tur:
450 2143 565 2202 sed
603 2141 909 2202 Hebraeus
967 2142 1061 2201 sic
1120 2141 1394 2202 scribit:
1454 2141 1669 2202 Adam
1723 2147 1909 2201 natus

255 2261 459 2301 annos
509 2243 626 2302 130
680 2240 906 2320 genuit
960 2238 1106 2298 Setlz
1161 2238 1360 2318 (Gen.
1423 2260 1483 2318 ν,
1736 2237 1908 2299 Enos

256 2359 399 2398 vero
457 2338 618 2398 vixit
666 2338 1020 2417 nonaginta
1049 2338 1260 2411 annis,
1301 2344 1360 2396 et
1409 2338 1635 2417 genuit
1683 2335 1910 2397 Kenan

259 2436 460 2516 (Ibid.
764 2435 990 2495 Kenan
1074 2457 1214 2495 vero
1272 2436 1432 2496 vixit
1503 2436 1906 2518 septuaginta

257 2535 470 2603 annis,
523 2540 583 2592 et
663 2533 890 2613 genuit
944 2532 1336 2605 Mahalalel,
1397 2541 1515 2594 etc.
1577 2533 1767 2613 (Ibid.
1832 2537 1906 2595 12

255 2634 469 2711 seqq.)
560 2634 656 2693 Ita
712 2639 1174 2710 consequenter
1256 2651 1456 2710 usque
1513 2633 1591 2692 ad
1640 2633 1907 2712 patriar-

255 2730 446 2790 cham
479 2729 768 2811 Henoch,
799 2730 1078 2807 quicum
1121 2733 1250 2790 Deo
1305 2730 1638 2790 ambulans
1695 2730 1906 2790 subla-

261 2835 365 2886 tus
393 2833 511 2911 est,
549 2845 626 2887 ne
679 2826 923 2887 malitia
976 2832 1248 2887 mutaret
1301 2826 1690 2888 intellectum
1748 2827 1903 2906 ejus.

261 2925 573 2986 Minorem
631 2943 779 2986 vero
837 2943 1170 2985 numerum
1246 2925 1531 2985 codicum
1608 2925 1906 2986 Hebrao-

260 3043 400 3084 rum
448 3023 572 3083 hoc
629 3022 817 3084 modo
877 3029 1246 3101 prosecutus
1317 3023 1686 3102 Procopius,
1719 3041 1912 3101 agno-

258 3122 378 3181 scit
461 3120 654 3180 talem
713 3119 1190 3197 chronologiam
1249 3139 1498 3180 summa
1581 3121 1909 3199 diligentia

2020 1943 2123 2006 tur
2152 1945 2460 2006 Hebraica
2490 1944 2720 2004 veritas
2763 1961 2839 2002 ex
2895 1942 2969 2002 iis
3028 1960 3168 2020 qua
3226 1941 3413 2002 modo
3456 1958 3673 2002 recen-

2020 2044 2305 2105 suimus:
2362 2043 2754 2121 praecipuum
2813 2046 3027 2100 tamen
3084 2057 3157 2099 ac
3205 2039 3522 2116 singulare
3583 2043 3678 2098 est

2021 2143 2101 2203 ad
2175 2142 2312 2220 ejus
2370 2141 2575 2200 laudis
2630 2138 3076 2210 accessionem,
3137 2137 3309 2216 quod
3358 2137 3422 2196 in
3482 2136 3670 2196 rebus

2020 2241 2280 2300 maximi
2329 2237 2652 2310 momenti,
2720 2255 2791 2296 ac
2844 2236 3033 2296 ﬁdem
3088 2235 3467 2296 catholicam
3525 2251 3670 2313 spe-

2019 2338 2359 2410 ctantibus,
2394 2337 2475 2398 ad
2504 2337 2740 2396 fontem
2794 2334 3124 2395 Hebraum
3186 2351 3532 2406 recurrere,
3581 2337 3664 2402 et,

2018 2437 2250 2514 lingua
2307 2436 2653 2515 peregrina
2714 2432 2952 2494 auxilia
2997 2449 3279 2511 quarere
3336 2435 3674 2491 teneantur

2022 2535 2219 2596 Graci
2300 2540 2490 2612 atque
2577 2531 2780 2591 Latini
2865 2529 3228 2591 orthodoxi.
3291 2528 3667 2606 Procopium

2012 2633 2145 2711 jam
2204 2632 2476 2691 vidimus
2532 2630 2966 2709 repudiantem
3018 2627 3669 2708 Septuagintalnter-

2018 2737 2248 2810 pretes,
2308 2730 2417 2807 qui
2505 2728 2898 2789 occasionem
2953 2726 3183 2786 erroris
3259 2724 3668 2804 prabuerunt

2017 2830 2077 2888 in
2167 2828 2368 2908 primo
2428 2825 2736 2886 versiculo
2796 2827 3124 2895 Genesros,
3190 2827 3450 2901 propter
3525 2839 3664 2879 ver-

2017 2927 2165 2986 bum
2194 2925 2409 3000 fecit;
2463 2929 2530 2983 ut
2588 2922 2768 2982 multi
2824 2922 3100 2981 dicerent
3195 2923 3413 2980 Mosen
3471 2917 3666 2977 credi-

2017 3024 2178 3084 disse
2211 3041 2283 3083 ex
2344 3021 2728 3101 prajacente
2787 3019 3054 3080 materia
3112 3018 3467 3080 universum
3525 3014 3668 3076 cali

2018 3143 2090 3184 ac
2147 3129 2329 3183 terra
2389 3121 2708 3200 opificium
2768 3119 3091 3180 conditum
3169 3117 3380 3178 fuisse.
3470 3116 3670 3192 Hujus

261 3218 451 3277 fuisse
511 3218 881 3278 adnotatam
934 3237 972 3277 a
1028 3220 1284 3297 Moyse:
1347 3217 1503 3277 Ecce
1539 3225 1772 3298 quanta
1801 3218 1980 3292 di—G
2021 3221 2337 3300 opinionis
2389 3219 2790 3298 :imperitiam
2868 3237 2993 3278 non
3073 3216 3328 3276 aliunde
3413 3213 3664 3275 refellit.

257 3313 532 3394 ligentia
576 3314 944 3375 adnotatum
1003 3314 1090 3373 sit
1145 3320 1382 3396 tempus
1433 3315 1601 3395 quod
1643 3324 1909 3397 praeces-

257 3414 342 3470 sit
367 3411 842 3492 generationem
895 3410 1262 3486 liberorum,
1311 3418 1370 3471 et
1425 3413 1594 3493 quod
1646 3414 1912 3494 denique

261 3511 612 3570 insecutum
644 3516 755 3570 est.
808 3511 922 3570 Hic
978 3510 1232 3589 quidem
1289 3511 1351 3570 in
1405 3530 1548 3590 cap.
1611 3531 1648 3571 v
1705 3516 1911 3572 Gene-

256 3618 396 3660 seos
467 3601 700 3678 probat
757 3600 1151 3678 Scripturam
1223 3602 1597 3660 Hebraicam
1653 3621 1668 3677 ;
1720 3608 1786 3661 at
1847 3602 1910 3661 in

258 3698 745 3759 Commentariis
800 3699 880 3759 ad
952 3716 1200 3759 versum
1304 3706 1598 3760 octavum
1689 3699 1911 3778 capitis

259 3815 432 3856 nxu
520 3796 1016 3868 Deuteronomii,
1116 3815 1393 3858 errorem
1496 3798 1912 3876 Septuaginta

262 3894 593 3955 manifeste
642 3894 965 3973 redarguit
1021 3895 1118 3955 his
1176 3896 1433 3957 verbis:
1509 3894 1614 3956 Ab
1694 3895 1908 3956 Adam

260 4012 449 4072 usque
485 3991 571 4050 ad
627 3990 761 4051 Noe
817 3994 894 4051 ab
949 4012 1016 4051 eo
1066 3992 1394 4072 decimum,
1423 3994 1609 4053 annis
1657 3993 1911 4054 circiter

257 4089 353 4150 bis
410 4089 593 4150 mille
675 4090 1108 4171 quadraginta
1184 4090 1452 4166 duobus,
1539 4093 1651 4172 qui
1731 4113 1911 4154 error

253 4187 438 4248 LXX
490 4187 909 4269 Interpretum
965 4195 1079 4267 est,
1142 4189 1361 4249 nullus
1439 4190 1505 4249 in
1561 4193 1907 4272 spatiosum

251 4287 377 4346 iter
429 4287 780 4364 reflexisse,
842 4285 1114 4346 historia
1149 4289 1394 4364 fertur.
1456 4292 1554 4350 Ne
1584 4290 1908 4368 congeries

251 4385 600 4446 multorum
661 4385 962 4446 similium
1019 4386 1526 4448 testimoniorum
1605 4388 1903 4450 lectorem

247 4483 575 4556 obrueret,
636 4483 826 4563 plura
873 4485 1288 4563 pratermitto
1317 4504 1396 4546 ex
1450 4485 1528 4546 iis
1582 4505 1724 4566 qua
1785 4487 1905 4565 legi

2021 3319 2391 3398 Procopius,
2425 3336 2614 3396 quam
2677 3335 2752 3377 ex
2809 3315 3123 3376 Hebraico
3182 3318 3506 3386 contextu,
3566 3312 3674 3372 ubi

2021 3418 2253 3478 diserte
2309 3423 2577 3476 testatur
2661 3416 2861 3476 Moses
2943 3417 3141 3474 Deum
3229 3429 3496 3486 creasse,
3555 3421 3672 3470 mn

2020 3515 2172 3576 bara
2227 3515 2290 3574 id
2351 3521 2445 3573 est
2501 3533 2574 3572 ex
2628 3511 2832 3572 nihilo
2891 3511 3250 3571 condidisse
3321 3509 3550 3570 calum
3609 3513 3675 3567 et

2024 3622 2282 3674 terram.
2318 3614 2472 3672 Cum
2529 3618 2741 3671 autem
2799 3610 3134 3670 creationis
3164 3607 3383 3668 mundi
3414 3625 3489 3666 ex
3577 3604 3671 3665 ni-

2022 3712 2154 3772 hilo
2215 3711 2401 3770 lidem
2447 3709 2786 3771 excludant
2843 3708 3058 3786 aliquo
3137 3706 3326 3767 modo
3401 3708 3672 3784 Septua-

2022 3810 2198 3888 ginta
2253 3808 2712 3879 Translatores,
2770 3805 2951 3884 pejus
3019 3804 3228 3864 adhuc
3285 3803 3668 3864 creationem

2018 3908 2324 3967 inducunt
2405 3907 2469 3966 in
2530 3911 2831 3966 aternam
2909 3903 3247 3982 Sapientia
3305 3902 3417 3961 Dei
3481 3918 3666 3978 gene-

2019 4005 2356 4073 rationem,
2415 4009 2478 4063 et
2531 4002 2677 4062 inde
2729 4001 2979 4062 Ariana
3040 3998 3262 4060 haresi
3292 4015 3510 4058 ansam
3572 3996 3669 4056 sui

2019 4102 2338 4181 dogmatis
2421 4100 2924 4161 subministrant.
2981 4098 3131 4158 Ideo
3189 4094 3391 4156 sancti
3447 4099 3669 4156 Patres

2019 4205 2368 4280 provocant
2422 4199 2500 4258 ad
2535 4197 2902 4257 Hebraicam
2963 4195 3316 4264 veritatem,
3379 4211 3507 4272 qua
3569 4210 3666 4252 er-

2018 4318 2128 4360 ror
2209 4299 2588 4358 Arianorum
2638 4293 3021 4354 validissime
3079 4293 3466 4353 confutatur.
3527 4290 3670 4369 Epi-

2016 4396 2292 4476 phanius
2323 4395 2478 4455 har.
2515 4395 2616 4465 68,
2651 4411 2797 4473 pag.
2832 4395 2971 4466 320,
3031 4391 3305 4464 Arianis,
3363 4389 3573 4451 locum
3631 4406 3668 4449 a

2015 4496 2169 4556 LXX
2230 4493 2396 4554 male
2449 4492 2714 4565 editum,
2747 4489 2775 4542 δ
2831 4496 3032 4571 Κύριος
3089 4483 3265 4544 ἕκτισέ
3293 4510 3380 4566 με,
3433 4505 3666 4565 urgen-

247 4582 314 4641 in
347 4581 832 4642 Commentariis
878 4583 1195 4661 Procopii.
1255 4583 1322 4644 Si
1370 4584 1472 4644 cui
1519 4584 1654 4662 jam
1713 4586 1986 4662 allataD
2016 4593 2206 4664 tibus,
2236 4591 2327 4651 ita
2357 4589 2726 4669 respondit:
2761 4587 2886 4659 Hi,
2944 4607 3081 4646 cum
3140 4584 3495 4645 Hebraicas
3527 4585 3667 4644 dic-

251 4698 384 4739 non
432 4678 775 4752 sufﬁciant,
839 4680 1154 4741 consultat
1193 4679 1327 4760 ipse
1410 4683 1909 4744 Commentarios

243 4776 314 4836 in
363 4775 853 4855 Octateuchum,
915 4782 978 4838 et
1032 4795 1250 4838 verum
1301 4797 1401 4840 me
1458 4779 1664 4842 dicere
1735 4799 1910 4842 com-

243 4874 578 4955 probabit.

327 4977 648 5037 Caterum
677 4973 754 5034 de
786 4979 972 5035 atate
999 4977 1294 5055 Proc0pii
1345 4977 1554 5039 Gazai
1609 4979 1909 5059 sophista

236 5093 376 5136 non
403 5091 537 5134 una
594 5079 688 5134 est
713 5074 1102 5134 eruditorum
1135 5075 1470 5138 sententia.
1503 5080 1588 5138 At
1643 5078 1695 5138 si
1761 5096 1911 5139 vera

235 5180 335 5234 est
369 5171 652 5251 epistola
709 5171 990 5250 ejusdem
1051 5173 1344 5253 Proc0pii
1375 5175 1456 5234 ad
1516 5175 1724 5254 ipsum
1774 5175 1913 5236 Hie-

234 5289 598 5350 ronymum
652 5269 911 5348 scripta,
971 5289 1163 5348 quam
1226 5273 1404 5333 Isaac
1455 5273 1711 5333 Vossius
1757 5274 1910 5334 affe-

237 5371 444 5431 rebat
500 5369 565 5428 in
622 5368 1034 5447 responsione
1080 5369 1160 5430 ad
1220 5370 1439 5431 tertias
1496 5371 1759 5431 Simonii
1803 5371 1916 5431 ob-

223 5468 579 5553 jectiones,
643 5485 791 5545 pag.
856 5469 996 5538 117,
1047 5468 1322 5546 aquales
1373 5469 1565 5530 fuisse
1611 5469 1919 5549 Hierony-

237 5584 431 5627 mum
490 5582 566 5625 ac
622 5564 1006 5644 Procopium
1060 5584 1315 5628 necesse
1345 5568 1725 5630 est.Probat
1765 5587 1913 5631 vero

231 5666 532 5727 Joannes
616 5662 960 5737 Curterius,
1046 5662 1360 5745 interpres
1469 5665 1762 5747 Procopii
1847 5665 1915 5727 in

2019 4690 2216 4749 tiones
2273 4707 2462 4766 neque
2514 4684 2874 4765 attigerint,
2936 4703 3127 4763 neque
3195 4682 3502 4754 noverint,
3560 4701 3670 4741 ne-

2019 4807 2134 4867 que
2189 4784 2505 4846 commodo
2570 4803 2634 4843 se
2693 4781 2914 4842 habeat
2969 4781 3191 4841 harum
3245 4780 3361 4854 vis,
3421 4780 3664 4840 sciant:

2012 4890 2298 4966 proterve
2378 4888 2437 4941 et
2501 4881 2867 4962 petulanter
2948 4879 3362 4958 insultarunt,
3441 4899 3672 4959 graves

2022 4981 2270 5042 inimici
2328 4999 2342 5040 :
2425 4984 2768 5059 quaerentes
2818 4977 3198 5038 occasionem
3257 4977 3422 5036 unde
3459 4978 3668 5054 fidem

2021 5079 2335 5149 mutilent,
2397 5078 2520 5138 imo
2579 5076 2790 5156 magis
2846 5075 3102 5156 seipsos,
3151 5095 3259 5134 nec
3313 5076 3476 5135 enim
3517 5084 3672 5155 pos-

2020 5183 2170 5239 sunt
2199 5177 2542 5236 veritatem.
2576 5178 2664 5232 Et
2709 5173 2861 5253 quia
2923 5173 3312 5242 invenerunt,
3369 5172 3670 5232 Dominus

2023 5278 2260 5340 creavit
2311 5294 2408 5336 me
2458 5273 2671 5355 (Prov.
2735 5289 2870 5344 VIII,
2923 5273 3051 5352 22),
3102 5270 3455 5353 periculose
3503 5268 3670 5328 velut

2024 5376 2450 5456 imaginantes
2470 5371 2808 5450 somniant,
2842 5389 2934 5442 ea,
2967 5389 3100 5450 qua
3159 5369 3243 5428 ad
3297 5366 3466 5427 nihil
3502 5387 3668 5426 com-

2024 5474 2207 5534 moda
2268 5477 2436 5552 sunt,
2511 5470 2650 5530 vita
2709 5469 3067 5547 inferentes,
3131 5472 3190 5526 et
3239 5465 3442 5525 orbem
3474 5471 3669 5524 terra-

2221 5569 2594 5632 turbantes:
2629 5573 2696 5629 at
2731 5566 3053 5628 Hebraico
3108 5564 3340 5644 lingua
3396 5583 3519 5623 non
3574 5562 3669 5623 sic

2024 5667 2228 5729 habet.
2297 5666 2478 5730 Unde
2531 5671 2590 5728 et
2616 5666 2864 5749 Aquila
2892 5664 3074 5744 dicit,
3105 5663 3409 5725 Dominus
3446 5681 3668 5744 posse-
