4060 6190
408 405 487 464 95
1581 403 1900 465 PATRUM
1949 402 2649 474 BENEDICTINORUM
2956 355 2963 361 '
3741 414 3819 473 96

400 536 495 598 dit
525 554 646 609 me,
678 541 791 595 etc.
851 537 939 595 De
994 533 1211 594 eodem
1272 533 1629 595 testimonio
1672 533 1809 595 haac
1864 534 2139 602 habetA
2172 537 2489 601 Hebraico
2544 543 2847 624 scriptum
2902 549 2995 603 est
3078 561 3302 622 ΑΑωιΑ,
3365 544 3437 604 id
3482 550 3576 604 est
3633 545 3817 625 virgo

400 636 817 714 Hieronymus
872 633 983 691 lib.
1059 650 1104 693 ιι
1154 632 1765 693 Commentariorum
1824 632 1889 692 in
1950 651 2053 692 ca-

397 740 515 813 put
542 749 600 795 Iv
630 734 788 813 (vers
817 730 948 808 24.)
980 729 1277 808 Epistolm
1310 729 1388 790 ad
1448 729 1754 809 Ephesios
1788 747 1802 789 :
1875 727 2055 791 Unde

395 836 453 890 et
504 829 776 907 haeresi;
832 826 1220 887 nativitatem
1314 826 1573 888 Christi
1627 827 2047 907 calumnians,

397 926 753 989 Salomonis
784 930 1047 1006 usurpat
1101 924 1440 1006 exemplum
1474 943 1489 984 :
1522 924 1838 985 Dominus
1876 946 2050 985 crea-

398 1022 487 1081 vit
547 1041 640 1080 me
698 1019 954 1079 initium
1014 1017 1257 1078 viarum
1314 1038 1598 1078 suarum.
1687 1018 1866 1090 Quod
1915 1019 2050 1098 ipse

396 1119 663 1196 castigat
719 1117 828 1178 lib.
911 1133 958 1178 η
1036 1116 1647 1177 Commentariorum
1703 1116 1769 1176 in
1818 1134 2049 1195 cap.Iv

392 1215 679 1278 Michaaaa
710 1215 899 1295 (vers.
946 1222 1033 1293 9),
1096 1213 1365 1274 dicens:
1427 1212 1603 1285 Sive,
1658 1218 1728 1274 ut
1783 1212 2048 1275 Hebraeo

395 1313 725 1392 scribitur,
757 1312 1077 1373 Dominus
1097 1311 1385 1393 possedit
1416 1330 1531 1372 me.
1604 1328 1828 1373 cusle
1884 1312 2047 1373 enim

393 1413 565 1510 (ηερ)
621 1433 742 1474 non
799 1412 1031 1473 creavit
1106 1432 1221 1488 me,
1252 1412 1386 1510 sed
1426 1411 1721 1493 possedit
1779 1432 1874 1472 me
1929 1411 2047 1472 Ιια-

396 1508 673 1591 buitque,
704 1510 1065 1591 signiﬁcat.
1102 1508 1343 1570 Clarius
1399 1509 1607 1569 adhuc
1663 1509 1729 1569 in
1781 1509 2047 1588 epistola

396 1607 478 1669 ad
561 1608 970 1688 Cyprianum.
1060 1607 1168 1667 ubi
1249 1606 1511 1685 exponit
1579 1608 2043 1684 octogesimum

391 1725 631 1767 nonum
716 1705 1052 1784 psalmum.
1118 1704 1223 1766 Ait
1291 1706 1485 1781 igitur
1540 1723 1668 1765 non
1725 1705 1914 1784 longe
1964 1705 2043 1765 ab

392 1804 573 1866 initio
607 1823 623 1866 :
653 1803 878 1865 Simile
933 1803 1093 1884 quid
1119 1809 1178 1862 et
1223 1803 1289 1863 in
1346 1802 1712 1863 Proverbiis
1761 1824 1836 1864 ex
1893 1812 2042 1885 per-

2162 645 2418 716 secreta,
2471 646 2531 700 et
2558 642 2758 702 nimia
2809 648 3142 723 parentum
3201 641 3550 721 diligentia
3608 649 3818 703 custo-

2162 736 2320 797 dita.
2356 738 2498 798 Aut
2549 746 2711 799 certe
2741 741 3032 801 ostendat
3086 740 3266 813 mihi,
3304 739 3414 801 ubi
3473 739 3589 800 hoc
3636 740 3817 801 verbo

2161 834 2552 913 appellentur
2600 843 2659 896 et
2715 844 2940 919 nuptae,
3001 844 3059 897 et
3116 838 3499 919 imperetiam
3548 839 3811 912 con/ite-

2161 929 2292 992 bor.
2352 935 2473 995 Pro
2534 934 2868 1014 purissimo
2927 935 3302 1013 virginitatis
3332 942 3395 996 et
3421 935 3807 1014 integritatis

2159 1026 2401 1090 honore
2456 1030 2758 1091 adversus
2815 1031 3108 1093 eumdem
3164 1032 3567 1093 Joviniauum
3653 1033 3807 1094 dum

2159 1144 2351 1206 supra
2409 1129 2708 1190 militaret
2758 1129 2918 1190 libro
2969 1129 3105 1208 jam
3161 1128 3422 1190 laudato
3504 1128 3812 1209 Hierony-

2158 1242 2321 1304 mus,
2360 1225 2479 1287 boc
2526 1227 2847 1289 Zachariae
2904 1233 3216 1288 commate
3273 1226 3563 1289 haeresim
3614 1227 3810 1306 jugu-

2157 1321 2353 1384 labat.
2417 1322 2501 1383 Et
2553 1323 2853 1405 expletur,
2904 1324 3134 1403 inquit,
3196 1323 3369 1385 illud
3439 1323 3807 1384 vaticinium

2154 1419 2511 1500 Zachariae,
2544 1421 2855 1481 duntaxat
2866 1420 3061 1498 juxta
3111 1420 3494 1482 Hebraicam
3574 1421 3810 1481 verita-

2156 1522 2273 1578 tem
2340 1518 2418 1578 de
2490 1518 2789 1581 Ecclesia
2870 1518 3238 1599 virginibus
3279 1517 3727 1602 prophetantis
3785 1540 3803 1578 :

2153 1616 2653 1695 Complebuntur
2699 1617 3066 1691 infantibus,
3119 1624 3184 1678 et
3248 1617 3475 1696 puellis
3527 1617 3803 1677 ludenti-

2152 1713 2270 1773 bus
2323 1714 2547 1793 platere
2605 1713 2742 1793 ejus
2799 1713 3035 1795 (Zach.
3095 1731 3225 1793 rm,
3287 1714 3372 1795 5).
3424 1714 3583 1786 Quid
3633 1714 3801 1775 enim
3853 1754 3867 1767 η

2152 1812 2388 1873 bonum
2420 1812 2552 1890 eius
2582 1819 2696 1888 est,
2730 1819 2793 1874 et
2848 1814 3000 1892 quid
3056 1813 3392 1892 pulchrum
3451 1813 3610 1892 ejus,
3672 1813 3796 1878 nisi

394 1921 548 1961 sana
595 1900 951 1982 Sapientia,
1009 1901 1122 1981 qui
1183 1899 1492 1961 Christus
1574 1906 1688 1975 est,
1749 1901 2121 1982 legitur:B
2153 1910 2537 1971 frumentum
2594 1910 2960 1984 electorum,
3021 1917 3084 1971 et
3140 1912 3355 1972 vinum
3439 1910 3801 1989 germinans

393 1998 696 2060 Dominus
727 1998 961 2059 creavit
1017 2016 1118 2058 me
1176 1998 1424 2058 initium
1482 1998 1727 2059 viarum
1782 2017 2042 2061 suarum

390 2095 457 2157 in
513 2115 710 2176 opera
764 2113 925 2157 sua:
986 2101 1132 2156 ante
1188 2096 1420 2156 saecula
1477 2096 1766 2157 fundavit
1820 2115 1920 2157 me
1975 2098 2041 2157 in

393 2194 756 2274 principio:
790 2198 1130 2270 antequam
1182 2198 1415 2269 terram
1472 2193 1708 2254 faceret
1736 2199 1799 2254 et
1856 2194 2041 2274 abys-

394 2309 523 2365 sos,
602 2291 973 2371 priusquam
1032 2290 1412 2369 produceret
1467 2290 1673 2352 fontes
1705 2310 2042 2370 aquarum,

397 2390 769 2470 priusquam
829 2394 1073 2449 montes
1142 2387 1567 2460 ﬁrmarentur,
1626 2394 1772 2449 ante
1827 2409 2046 2452 omnes

399 2488 593 2550 colles
648 2487 972 2567 generavit
1006 2505 1104 2547 me
1135 2485 1353 2566 (Prov.
1400 2504 1528 2561 vm,
1590 2488 1824 2561 22-25.)
1874 2488 2044 2550 Nul-

397 2585 533 2647 lum
590 2591 794 2646 autem
843 2583 1021 2645 debet
1076 2583 1323 2644 verbum
1372 2585 1710 2645 creationis
1784 2606 2040 2663 movere,

394 2703 534 2744 cum
594 2683 661 2744 in
711 2682 980 2745 Hebraeo
1036 2702 1158 2742 non
1188 2682 1277 2742 sit
1331 2683 1586 2755 creatio,
1645 2703 1777 2763 qua:
1804 2685 2046 2748 dicitur

396 2799 559 2844 nam
614 2782 816 2862 (ηπ-ς),
868 2780 979 2841 sed
990 2780 1315 2862 possessio
1347 2801 1365 2840 :
1401 2780 1491 2841 ita
1540 2781 1704 2841 enim
1735 2783 2045 2864 scriptum

393 2885 508 2960 est,
569 2896 801 2944 suo“!
911 2895 1139 2940 cauam
1195 2896 1414 2941 assrrn
1494 2896 1730 2942 ueneno
1819 2886 2039 2957 (suam

392 2985 654 3061 unpmm
687 2963 947 3055 udum),
982 2975 1151 3056 quod
1183 2976 1250 3036 in
1302 2975 1534 3057 lingua
1591 2982 1809 3038 nostra
1839 2975 2045 3058 expri-

395 3066 614 3139 mitur,
649 3070 931 3132 Dominis
990 3074 1267 3151 pussedit
1314 3093 1432 3147 me,
1492 3075 1740 3136 initium
1799 3075 2043 3135 viarum

396 3182 677 3225 suarum.
710 3164 888 3227 Inter
939 3170 1389 3250 possessionem
1418 3176 1621 3231 autem
1668 3177 1728 3230 et
1782 3171 2044 3231 creatio—

2152 2007 2422 2086 virgines
2447 2006 2535 2088 (Z
2538 2006 2681 2070 ach.
2712 2025 2801 2079 1x,
2837 2011 2932 2081 16,
2971 2008 3071 2087 17)
3100 2007 3130 2068 ?
3186 2006 3333 2069 Istas
3387 2012 3538 2067 sunt
3583 2007 3793 2087 virgi-

2151 2126 2282 2182 nes,
2341 2113 2458 2168 etc.
2510 2107 2719 2177 Vides,
2780 2106 3056 2185 prudens
3111 2105 3329 2180 lector,
3391 2105 3524 2188 spei
3564 2111 3794 2166 nostras

2150 2205 2432 2285 ﬁdeique
2487 2205 2827 2283 mysteriis,
2905 2224 3048 2266 cum
3134 2205 3438 2266 adversus
3517 2204 3796 2272 Judmos.

2151 2301 2286 2355 tum
2345 2295 2645 2356 adversus
2695 2295 3048 2369 haereticos,
3098 2294 3447 2375 patrocinia
3474 2295 3796 2373 quaesitae

2152 2394 2474 2456 codicibus
2545 2394 2977 2468 Hebraeorum,
3065 2401 3127 2456 et
3182 2394 3476 2456 Ecclesia
3533 2395 3799 2456 catholi-

2152 2510 2241 2553 cae
2297 2492 2738 2554 invictissimos
2795 2493 3061 2572 pugiles,
3126 2492 3231 2552 ubi
3289 2493 3553 2571 quaestio
3599 2499 3696 2554 est
3722 2493 3800 2554 de

2152 2588 2276 2650 ﬁde
2324 2590 2668 2651 nativitatis
2724 2590 2975 2662 Christi,
3034 2589 3348 2668 Verbique
3406 2596 3645 2651 aeterna
3695 2608 3803 2669 ge-

2152 2686 2499 2762 neratione,
2552 2688 2632 2747 ad
2688 2687 3061 2749 Hebraicam
3116 2705 3366 2766 semper
3419 2704 3796 2766 provocasse

2151 2784 2504 2845 veritatem.
2537 2784 2716 2853 Quod
2749 2783 2965 2863 utique
3009 2784 3324 2845 incassum
3380 2784 3617 2858 ivisset,
3678 2783 3797 2844 nisi

2152 2887 2447 2941 constans
2529 2897 2603 2941 ac
2681 2889 2990 2959 perpetua
3064 2881 3282 2941 fuisset
3348 2879 3571 2941 habita
3624 2880 3797 2958 apud

2152 2995 2370 3038 omnes
2447 2977 2791 3038 auctoritas
2873 2977 3286 3039 Hebraeorum
3369 2976 3789 3038 voluminum.

2152 3075 2374 3136 Merito
2433 3074 2695 3153 proinde
2727 3074 2935 3136 aiebat
2965 3075 3385 3153 Hieronymus
3454 3074 3637 3153 epist.
3688 3077 3790 3147 74,

2152 3171 2231 3231 ad
2263 3171 2678 3231 Marcellam:
2741 3169 3118 3251 Iampridem
3174 3190 3313 3231 cum
3371 3168 3795 3231 voluminibus

396 3273 534 3322 nem
564 3261 762 3322 multa
793 3265 1133 3327 diversitas
1161 3274 1274 3341 est,
1310 3269 1639 3330 Possessio
1669 3269 2035 3350 signiﬁcat,
2069 3263 2112 3331 Β
2150 3266 2560 3329 Hebrworum
2633 3267 2966 3328 editionem
3046 3267 3302 3348 Aquin
3395 3270 3668 3346 confero,
3719 3287 3797 3326 ne

399 3359 569 3440 quod
595 3369 831 3429 semper
858 3362 1074 3425 Filius
1123 3365 1190 3426 in
1218 3366 1412 3427 Patre
1439 3372 1498 3426 et
1525 3367 1721 3427 Pater
1755 3368 1821 3427 in
1866 3364 2041 3427 Filio

392 3457 611 3525 fuerit.
649 3461 899 3522 Creatio
928 3468 1131 3524 autem
1174 3464 1335 3544 ejus,
1368 3464 1481 3544 qui
1489 3464 1684 3546 prius
1715 3485 1837 3525 non
1883 3470 2039 3537 erat,

394 3555 780 3619 conditionis
862 3562 1212 3624 exordium.
1301 3565 1477 3625 Idem
1601 3565 2038 3645 Hieronymus,

395 3653 559 3715 libro
590 3658 1020 3728 Qumstionum
1080 3661 1535 3724 Hebraicarum
1611 3662 1676 3722 in
1723 3662 2039 3736 Genesim,

394 3757 459 3814 et
499 3751 660 3814 libro
720 3756 1282 3833 primoadversus
1368 3759 1801 3830 Jovinianum,
1863 3766 2044 3837 urget

396 3847 877 3912 immaculatum
956 3861 1208 3932 partum
1284 3855 1559 3935 Virginis
1640 3854 1855 3918 Marias
1904 3861 2042 3918 tum

441 3950 620 4005 ontra
682 3947 961 4023 Judasos,
1046 3957 1181 4011 tum
1241 3957 1459 4015 contra
1549 3951 1899 4026 haereticos,
1962 3972 2042 4014 ex

394 4039 670 4105 dictione
727 4044 1036 4109 Hebraica
1085 4040 1306 4122 malum
1350 4048 1580 4123 aalma,
1663 4068 1804 4128 quas
1884 4049 2043 4129 legi-

398 4141 501 4200 tur
529 4141 709 4203 Isaim
749 4159 853 4217 vn,
890 4145 987 4219 14,
1021 4145 1130 4206 ubi
1188 4146 1362 4225 virgo
1410 4146 1703 4226 paritura
1757 4153 2039 4209 nostrum

398 4240 775 4303 Emmanuel
856 4243 1159 4322 praedicta
1216 4251 1373 4307 erat.
1435 4248 1761 4326 Loquatur
1804 4245 2039 4323 Isaias,

392 4335 604 4416 inquit
658 4346 915 4402 sanctus
970 4342 1193 4405 doctor
1218 4343 1330 4405 lib.
1363 4363 1383 4406 ι
1414 4344 1717 4406 adversus
1772 4346 2045 4407 Jovinia-

395 4454 574 4515 num,
635 4438 769 4519 spei
824 4445 1056 4500 nostra:
1091 4442 1389 4523 ﬁdeique
1445 4444 1834 4511 mysterium.
1882 4448 2044 4508 Ecce

395 4532 573 4612 virgo
602 4533 667 4595 in
727 4540 907 4599 utero
963 4539 1274 4620 concipet,
1326 4547 1390 4602 et
1446 4541 1649 4621 pariet
1698 4542 1923 4617 ﬁlium,
1983 4548 2043 4605 et

2134 3659 2335 3741 plura
2418 3659 2678 3742 reperio.

2151 3366 2310 3446 quid
2335 3366 2608 3433 forsitan
2623 3371 2887 3447 propter
2915 3365 3129 3426 odium
3169 3364 3428 3426 Christi
3465 3384 3798 3445 synagoga

2151 3464 2506 3540 mutaverit,
2594 3468 2653 3523 et
2707 3469 2777 3524 ut
2849 3464 3059 3525 amicae
3115 3464 3308 3524 menti
3378 3468 3607 3543 fatear,
3666 3482 3800 3544 quas

2151 3562 2237 3623 al
2319 3567 2598 3623 nostram
2663 3562 2874 3640 ﬁdem
2928 3563 3285 3645 pertineant
3348 3561 3792 3639 roborandam,

2789 3660 3246 3740 Suspicabatur
3345 3659 3438 3720 vir
3528 3666 3786 3721 sanctus

2150 3757 2447 3837 Aquilam
2533 3756 2804 3818 subdola
2883 3756 3409 3837 interpretatione
3496 3756 3787 3819 nonnihil

2150 3860 2428 3917 mutasse
2483 3855 2561 3916 de
2617 3855 2960 3935 Scripturis
3008 3856 3259 3927 sanctis,
3318 3856 3600 3935 dumque
3654 3855 3791 3916 edi-

2151 3952 2385 4013 tionem
2444 3950 2581 4031 ejus
2637 3970 2780 4014 cum
2838 3953 3012 4014 fonte
3096 3953 3362 4014 Hebraeo
3444 3952 3791 4026 contendit,

2150 4050 2336 4129 plura
2383 4051 2618 4130 reperit
2675 4049 2988 4113 Hebraica
3041 4051 3305 4112 veritate
3357 4050 3438 4112 ad
3513 4069 3800 4130 compro-

2149 4147 2471 4209 bationem
2530 4153 2764 4208 nostra;
2845 4146 3015 4209 ﬁdei.
3075 4150 3280 4216 Quare
3336 4146 3491 4209 alibi
3518 4147 3799 4228 pudebat

2149 4251 2397 4308 tantum
2482 4245 2806 4306 doctorem
2912 4244 3337 4307 contentionis
3436 4252 3797 4308 nostrorum

2150 4342 2514 4413 sciolorum,
2569 4342 2680 4421 qui
2734 4342 3112 4405 Hebraicam
3168 4343 3523 4415 veritatem,
3585 4342 3648 4404 id
3705 4347 3802 4405 est

2151 4466 2329 4509 suam
2388 4465 2467 4508 ex
2522 4446 2790 4508 Hebrazo
2849 4447 3357 4519 translationem,
3417 4447 3799 4525 arguebant.

2149 4545 2378 4622 Iudwi,
2412 4545 2641 4625 inquit,
2674 4551 2895 4607 contra
2921 4565 2987 4605 se
3014 4544 3263 4624 legunt,
3295 4549 3356 4603 et
3406 4543 3567 4624 quid
3575 4551 3704 4625 pro
3734 4564 3802 4604 se

387 4632 644 4695 vocabis
673 4653 905 4697 nomen
961 4636 1099 4717 ejus
1154 4641 1550 4701 Emmanuel.
1609 4639 1836 4721 (Ibid.)
1889 4641 2035 4702 Scio
2067 4632 2112 4697 D
2144 4646 2253 4725 sit,
2286 4644 2484 4704 nescit
2512 4642 2823 4705 Ecclesia.

378 4726 640 4796 Iudaeos
693 4739 991 4815 opponere
1046 4739 1266 4817 solere,
1329 4736 1395 4796 in
1474 4735 1743 4799 Hebrwo
1789 4739 2036 4801 verbum

390 4845 621 4907 nam,
654 4850 777 4891 non
808 4831 1121 4913 virginem
1170 4855 1415 4914 sonare,
1449 4836 1563 4896 sed
1607 4836 2039 4899 adolescentu-

393 4922 543 4986 lam.
601 4924 690 4985 Εἰ
744 4948 957 4991 revera
1012 4930 1199 5013 virgo
1254 4931 1505 5014 proprie
1554 4951 1850 5015 BETHULA,
1883 4937 2039 4997 ado-

393 5020 737 5083 lescentula
766 5032 971 5089 autem
1002 5032 1096 5089 vel
1132 5028 1376 5111 puella,
1434 5049 1558 5091 non
1616 5049 1822 5095 AALMA
1882 5034 2044 5095 dici-

393 5123 523 5196 tur,
556 5120 669 5180 sed
698 5139 929 5185 nassa.
973 5125 1156 5204 Quid
1182 5132 1276 5186 est
1305 5126 1515 5207 igitur
1542 5129 1711 5208 quod
1766 5131 2040 5211 signi/i-

391 5229 494 5277 cat
560 5220 824 5281 AALMA?
877 5222 1339 5285 Absconditam
1396 5224 1737 5309 virginem,
1799 5229 1871 5290 id
1922 5238 2038 5304 est,

390 5334 515 5377 non
542 5315 749 5377 solum
798 5319 1135 5402 virginem,
1170 5322 1284 5382 sed
1336 5342 1474 5382 cum
1533 5326 1773 5384 ἐπιτάσει
1831 5327 2042 5408 virgi-

394 5432 530 5474 nem
566 5434 583 5472 :
617 5414 768 5495 quia
824 5436 946 5479 non
1004 5419 1211 5481 omnis
1267 5419 1453 5500 virgo
1501 5418 1869 5484 abscondita
1924 5429 2036 5501 est,

395 5532 505 5573 nec
561 5511 638 5573 ab
695 5513 1015 5578 bominum
1054 5518 1339 5595 fortuito
1395 5524 1684 5599 separata
1769 5530 2044 5603 conspec-

392 5618 536 5674 tu...
568 5613 649 5675 In
703 5637 771 5679 eo
800 5617 935 5681 loco
992 5619 1058 5681 in
1088 5640 1210 5702 quo
1238 5619 1377 5680 ait:
1438 5619 1629 5699 Virgo
1688 5641 1829 5702 quae
1876 5642 2047 5703 egre-

387 5708 620 5788 dietur,
679 5720 749 5777 ut
802 5715 1057 5807 hauriat
1111 5734 1345 5801 aquam
1372 5712 1573 5798 (Gen.
1607 5737 1773 5798 xxxv,
1834 5724 1940 5798 16,
1975 5722 2043 5784 in

2226 4747 2350 4804 Pro
2381 4741 2661 4803 Ecclesia
2690 4741 2964 4803 maxime
2994 4745 3130 4803 erat
3158 4738 3330 4819 quod
3386 4739 3453 4800 in
3508 4738 3795 4819 prophe-

2147 4846 2353 4903 tarum
2388 4839 2819 4901 voluminibus
2851 4840 3131 4902 Hebraeis
3160 4838 3493 4918 legebatur
3523 4859 3540 4897 :
3599 4845 3800 4919 utque

2153 4939 2595 5000 inconcussum
2654 4938 2919 5000 haberet
2974 4938 3131 5000 ﬁdes
3198 4935 3556 4998 Christiana
3626 4935 3801 5016 apud

2146 5033 2669 5116 ipsos'inimicos.
2706 5035 3164 5097 testimonium.
3223 5033 3591 5094 Judaeorum
3648 5051 3801 5113 geu-

2149 5140 2278 5196 tem
2360 5136 2524 5194 Deus
2583 5152 2695 5213 per
2752 5139 2951 5195 terras
3032 5129 3312 5208 dispergi
3390 5131 3591 5193 voluit
3654 5150 3798 5193 cum

2148 5231 2588 5293 instrumentis
2616 5230 2974 5292 divinarum
3035 5226 3536 5306 Scripturarum,
3571 5229 3803 5308 quibus

2151 5334 2385 5391 nostra:
2445 5327 2764 5407 religionis
2843 5330 3244 5388 sacramenta
3298 5344 3425 5388 non
3498 5329 3795 5402 conﬁcta,

2150 5425 2262 5488 sed
2327 5444 2367 5487 a
2422 5442 2571 5486 vero
2630 5427 2759 5487 Deo
2826 5423 3139 5505 promissa
3220 5428 3410 5503 atque
3483 5425 3802 5505 completa

2152 5526 2690 5587 demonstrantur.
2750 5524 2909 5587 Hinc
2965 5528 3220 5585 sanctus
3273 5524 3664 5600 Augustinus
3719 5525 3800 5585 de

2152 5622 2415 5685 Civitate
2447 5621 2554 5683 Dei
2588 5622 2700 5685 lib.
2738 5640 2914 5696 xvm,
2946 5640 3086 5700 cap.
3119 5622 3198 5681 46
3233 5636 3247 5678 :
3280 5617 3482 5680 Nobis
3519 5620 3793 5702 quidem,

2152 5718 2383 5801 inquit,
2418 5718 2549 5782 ilice
2573 5722 2919 5801 sufﬁciunt
2938 5714 3311 5801 prophetiae,
3363 5735 3499 5799 quae
3552 5718 3632 5780 de
3682 5737 3796 5779 no-
