4060 6190
242 329 321 389 9’1
1146 310 1151 313 ’
1653 317 2268 381 PROLEGOMENA.
3590 327 3672 389 98

248 464 532 519 strorum
615 455 1014 517 inimicorum
1089 451 1411 514 codicibus
1456 457 1896 534 proferuntur,
1931 455 1987 523 Α
2018 452 2183 527 loco,
2248 471 2431 514 nemo
2489 454 2763 534 prudens
2819 473 2892 517 ac
2947 456 3197 518 sobrius
3261 457 3665 522 inﬁciabitur.

251 576 409 638 quos
464 554 873 636 agnoscimus
942 558 1199 634 propter
1269 549 1385 611 hoc
1458 550 1907 630 testimonium,

253 654 424 735 quod
480 652 662 712 nobis
720 650 909 711 inviti
956 648 1307 733 perhibent,
1367 648 1609 709 eosdem
1666 648 1910 708 codices

253 751 543 812 habendo
597 756 782 830 atque
851 747 1182 821 servando,
1227 755 1350 828 per
1404 765 1611 806 omnes
1692 750 1911 825 gentes

257 850 444 909 etiam
534 848 703 929 ipsos
773 867 906 907 esse
988 846 1331 927 dispersos,
1417 863 1911 925 quaquaversum

267 945 533 1007 Christi
561 944 848 1005 Ecclesia
906 943 1295 1004 dilatatur...
1352 942 1650 1023 quoniam
1686 941 1748 1000 si
1775 960 1912 1001 cum

258 1044 375 1105 illo
406 1043 767 1103 testimonio
817 1040 1292 1122 Scripturarum
1351 1040 1416 1099 in
1472 1059 1588 1099 sua
1636 1043 1915 1098 tantum-

256 1142 439 1202 modo
505 1147 674 1200 terra
729 1160 851 1200 non
908 1138 1133 1219 ubique
1185 1143 1410 1211 essent,
1465 1139 1747 1218 profecto
1789 1135 1913 1196 Ec-

255 1240 476 1317 clesia,
510 1258 644 1319 quas
672 1237 901 1318 ubique
946 1242 1059 1315 est,
1109 1256 1213 1296 eos
1251 1234 1748 1318 prophetiarum,
1781 1254 1915 1314 quae

254 1337 331 1417 dy
364 1335 644 1397 Christo
685 1335 1032 1417 praemissa?
1089 1338 1261 1410 sunt,
1321 1338 1504 1393 testes
1532 1333 1597 1393 in
1627 1331 1916 1393 omnibus

258 1434 564 1516 gentibus
593 1432 817 1494 habere
876 1452 998 1493 non
1034 1436 1275 1514 posset.
1338 1431 1510 1492 idem
1555 1430 1823 1491 docebat
1850 1429 1916 1489 in

258 1534 590 1595 Psalmum
625 1549 736 1604 va,
772 1550 929 1593 vers.
990 1536 1053 1601 '7,
1085 1549 1227 1592 cum
1288 1530 1563 1591 diceret:
1603 1526 1918 1597 UtJudzei

260 1640 563 1713 tanquam
621 1631 898 1714 capsarii
953 1630 1159 1691 nostri
1226 1628 1425 1690 libros
1482 1633 1731 1689 nostros
1785 1628 1916 1688 cir-

262 1751 395 1791 cum
429 1735 695 1803 ferrent,
730 1735 801 1790 ut
828 1749 965 1789 cum
1021 1728 1262 1810 pagani
1316 1748 1437 1787 non
1467 1726 1751 1805 credunt,
1784 1745 1918 1807 qua

2020 552 2085 613 Si
2144 552 2255 630 qui
2310 559 2497 612 erunt
2553 554 2744 613 tantis
2801 553 3170 628 cervicibus,
3228 557 3338 634 qui
3395 557 3674 620 audeant

2022 649 2100 709 ad
2159 667 2305 709 suos
2361 667 2580 710 sensus
2660 657 3077 730 contorquere
3160 658 3292 713 tam
3378 662 3670 732 apertum

2022 747 2444 826 antiquissimi
2496 749 2821 826 scriptoris
2876 751 3327 833 testimonium,
3380 753 3564 814 facile
3594 773 3672 815 ex

2021 846 2159 925 ipso
2189 851 2362 906 textu
2423 845 2772 925 ordin‘eque
2826 848 3129 908 sermonis
3187 866 3403 908 eorum
3464 851 3673 930 pervi-

2024 944 2259 1005 caciam
2290 944 2609 1005 revincere
2665 949 2984 1023 poterunt,
3047 945 3155 1026 qui
3211 949 3671 1009 controversias

2023 1042 2328 1115 scribunt,
2412 1042 2511 1103 vel
2593 1041 3049 1121 disputationes
3131 1044 3407 1123 prolixus
3485 1045 3671 1107 insti-

2022 1146 2233 1201 tuunt.
2293 1142 2419 1201 Nos
2472 1141 2670 1220 sequis
2724 1140 3086 1214 lectoribus,
3147 1160 3273 1202 non
3356 1142 3666 1222 litigiosis,

2024 1238 2161 1299 haec
2219 1238 2538 1318 scripsisse
2597 1238 2899 1311 contenti,
2981 1239 3062 1299 ad
3120 1239 3278 1301 alias
3331 1258 3669 1320 pergamus

2023 1336 2355 1418 probation
2364 1355 2449 1398 es.

2104 1438 2428 1496 Summam
2461 1452 2533 1496 ex
2566 1434 2692 1496 alio
2750 1434 2956 1515 capite
3007 1434 3451 1497 auctoritatem
3482 1435 3673 1496 dedu-

2024 1532 2223 1594 cimus
2308 1533 2717 1595 Hebraeorum
2802 1532 3220 1595 voluminum.
3300 1537 3467 1595 Nam
3527 1552 3673 1595 eum

2024 1636 2388 1692 sanctorum
2468 1632 2726 1692 Patrum
2829 1630 3306 1692 celebratissimi
3400 1632 3676 1693 Hilarius

2026 1735 2090 1789 et
2144 1728 2511 1790 Ambrosius
2590 1728 3057 1808 exemplaribus
3142 1728 3488 1790 secundum
3547 1733 3672 1791 He-

266 1847 375 1888 nos
405 1826 489 1887 de
524 1824 799 1887 Christo
812 1826 1127 1908 praedicta
1155 1825 1375 1903 fuisse
1402 1824 1697 1903 dicimus,
1731 1824 1918 1905 quasi
1944 1828 1992 1893 B
2023 1826 2263 1888 braeum
2324 1827 2622 1888 correctis
2676 1831 2741 1887 et
2823 1826 3171 1887 emendatis
3253 1845 3503 1907 semper
3558 1828 3678 1888 ad-

265 1946 301 1984 a
328 1924 513 1985 nobis
542 1929 750 1984 essent
801 1924 1098 2002 conﬁcta,
1155 1923 1479 1983 mittamus
1534 1942 1636 1982 eos
1679 1922 1765 1982 ad
1794 1922 1919 1981 ini-

266 2023 459 2083 micos
487 2022 655 2095 ﬁdei
682 2027 911 2082 nostrw
944 2020 1225 2099 Judwos,
1281 2021 1394 2101 qui
1439 2019 1638 2081 libros
1669 2024 1918 2080 nostros

263 2122 743 2198 circumferunt,
779 2119 846 2179 in
901 2117 1130 2199 quibus
1160 2118 1367 2178 eadem
1400 2117 1729 2197 habentur,
1784 2136 1919 2197 qua

260 2237 371 2276 nos
386 2216 840 2299 pradicamus.
892 2217 1001 2276 His
1047 2222 1400 2277 consonant
1446 2234 1588 2294 quae
1621 2215 1917 2293 leguntur

259 2317 429 2394 apud
481 2316 801 2377 Justinum
856 2316 1192 2394 Martyrem
1243 2314 1539 2375 Oratione
1596 2314 1803 2393 prima
1834 2314 1914 2374 ad

254 2417 538 2483 Grmcos,
628 2412 736 2472 ubi
839 2411 1162 2490 religionis
1245 2410 1617 2472 Christianae
1720 2410 1915 2471 libros

258 2515 611 2569 asservatos
637 2526 771 2568 esse
826 2511 1197 2587 pronuntiat
1256 2525 1398 2569 cum
1438 2507 1629 2567 sacris
1658 2506 1914 2569 Judaeo-

255 2624 397 2666 rum
457 2605 968 2684 exemplaribus:
1029 2622 1145 2665 nec
1198 2604 1265 2665 id
1323 2604 1577 2683 quidem
1625 2605 1911 2679 fortuito,

256 2705 364 2764 sed
429 2722 505 2763 ex
567 2703 798 2763 divina:
856 2702 1268 2780 providentia:
1320 2701 1583 2763 consilio
1633 2702 1911 2763 admira-

257 2800 419 2860 bili:
480 2799 649 2860 Nam
707 2799 878 2879 quod
954 2799 1139 2859 etiam
1196 2819 1362 2859 nunc
1417 2799 1586 2881 apud
1664 2798 1912 2867 Iudaeos

252 2896 516 2976 pietatis
574 2901 800 2955 nostrae
854 2893 1012 2955 libri
1062 2900 1488 2971 asservantur,
1548 2895 1779 2956 divina
1838 2896 1909 2956 id

258 2993 333 3053 de
388 2992 574 3053 nobis
628 3001 782 3074 opus
836 2998 932 3052 est
969 2993 1350 3074 prudentia.
1411 2993 1778 3054 Audiendus
1831 2994 1910 3054 de

262 3090 484 3153 eodem
511 3097 890 3168 argumento
947 3091 1396 3165 Tertulliauus,
1446 3091 1556 3170 qui
1584 3090 1906 3171 apertissi-

2031 1924 2348 2001 hmserint,
2412 1943 2486 1985 ex
2546 1943 2620 1985 eo
2702 1924 2885 1985 nobis
2968 1924 3505 1985 evidentissimum
3584 1926 3676 1985 in-

2029 2021 2261 2083 dicium
2321 2022 2607 2101 praebent
2691 2027 2929 2100 quanta
3011 2021 3199 2082 fuerit
3282 2022 3452 2100 apud
3532 2022 3677 2083 illos

2028 2118 2302 2198 dignitas
2332 2119 2740 2179 Hebraeorum
2792 2118 3102 2179 codicum.
3158 2120 3331 2179 Hane
3359 2119 3423 2179 in
3456 2126 3676 2181 sancto

2026 2217 2269 2279 Hilario
2327 2217 2797 2278 venerationem
2857 2235 3008 2295 erga
3061 2218 3299 2277 fontem
3341 2217 3677 2278 Hebraeum

2025 2314 2320 2376 observat
2378 2318 2602 2375 Petrus
2680 2320 2897 2375 noster
2978 2315 3272 2385 Coutant,
3333 2333 3511 2376 num.
3599 2316 3674 2376 19

2026 2418 2087 2474 et
2116 2414 2214 2486 20,
2281 2412 2730 2473 admonitionis
2786 2412 2848 2473 in
2909 2412 3443 2473 Commentarium
3493 2412 3677 2473 Psal-

2023 2528 2296 2584 morum,
2332 2510 2460 2570 sive
2517 2510 2580 2569 in
2637 2515 2945 2571 tractatus
3002 2510 3224 2571 Hilarii
3278 2528 3468 2589 super
3506 2510 3682 2571 Psal-

2027 2627 2183 2668 mos.
2216 2609 2275 2669 Is
2325 2607 2577 2668 tametsi
2635 2615 2849 2670 natam
2903 2608 2982 2668 de
3042 2607 3260 2669 mundi
3310 2614 3499 2669 aetate
3525 2626 3675 2669 con-

2025 2706 2395 2767 troversiam
2428 2706 2674 2783 ingredi
2726 2707 2886 2766 forte
2945 2705 3186 2779 nolens,
3245 2723 3496 2767 omnem
3546 2724 3584 2765 a
3614 2724 3680 2767 se

2028 2809 2311 2865 removet
2364 2803 2783 2882 suspicionem
2842 2803 3160 2882 opinionis
3244 2802 3677 2882 prmjudicataa

2024 2902 2087 2962 in
2117 2901 2385 2980 gratiam
2452 2902 2856 2962 Hebraeorum
2915 2900 3330 2975 voluminum,
3374 2900 3676 2978 testisque

2021 2999 2266 3059 accedit
2322 2998 2603 3078 locuples
2659 2998 2740 3059 ad
2798 2998 3288 3059 declarationem
3347 2997 3675 3058 sententiae

2018 3096 2225 3157 sancti
2286 3096 2534 3175 Hilarii,
2595 3113 2782 3174 quem
2842 3094 3023 3156 nobis
3079 3094 3294 3155 edidit.
3353 3096 3457 3156 Sic
3485 3094 3678 3173 igitur

260 3206 357 3248 me
414 3188 813 3249 demonstrat
868 3206 1229 3268 supremam
1288 3188 1475 3249 fuisse
1532 3189 1595 3248 in
1635 3189 1987 3261 EcclesiaC
2026 3193 2333 3255 nonnulla
2391 3193 2531 3254 loca
2586 3197 2956 3272 Operumra
3015 3210 3080 3252 se
3111 3210 3314 3270 nuper
3359 3191 3676 3252 editorum

256 3283 485 3344 Christi
543 3280 1000 3344 auctoritatem
1044 3284 1457 3346 Hebrmorum
1520 3285 1911 3345 voluminum

255 3381 581 3441 adrerum
626 3380 1041 3442 ineﬂ‘abilium
1098 3384 1427 3443 veritatem
1488 3383 1910 3462 comproban-

258 3477 429 3556 dam,
490 3484 557 3539 et
611 3478 877 3539 ethnicis
934 3479 1121 3539 ﬁdem
1190 3480 1543 3540 faciendam
1603 3479 1681 3541 de
1738 3480 1910 3541 cultu

259 3575 632 3636 Christianae
665 3575 987 3653 religionis
1045 3582 1302 3640 nostrae.
1361 3576 1649 3637 lnanium
1698 3577 1912 3657 itaque

258 3673 524 3733 deorum
609 3673 884 3733 cultores
968 3673 1090 3734 hoc
1174 3674 1362 3735 modo
1446 3675 1769 3754 compellit
1851 3680 1914 3737 et

259 3769 647 3849 interpellat.
681 3770 1015 3849 Apologet.
1076 3789 1219 3850 cap.
1280 3775 1356 3833 18
1410 3779 1472 3832 et
1522 3775 1634 3835 19:
1667 3771 1825 3833 Haec
1853 3778 1913 3832 et

259 3888 369 3927 nos
426 3868 695 3927 risimus
748 3867 1116 3948 aliquando.
1176 3868 1278 3930 De
1334 3869 1559 3930 vestris
1597 3870 1908 3945 fuimus:

255 3966 448 4042 ﬁunt,
485 3984 612 4025 non
644 3970 992 4025 nascuntur
1053 3964 1443 4027 Christiani.
1516 3965 1709 4044 Quod
1735 3966 1913 4028 dixi-

255 4083 389 4123 mus
431 4063 911 4146 praedicatores,
958 4063 1276 4147 prophetae
1340 4066 1417 4126 de
1473 4067 1694 4145 ofﬁcio
1742 4075 1912 4148 pra-

241 4161 444 4236 fandi
503 4167 827 4221 vocantur.
906 4160 1091 4222 Voces
1162 4183 1395 4241 eorum,
1465 4163 1727 4244 itemque
1781 4164 1911 4223 vir-

254 4264 439 4330 tutes,
505 4278 665 4338 quas
721 4259 808 4319 ad
842 4259 1055 4337 ﬁdem
1112 4260 1477 4321 divinitatis
1525 4260 1807 4340 edebant,
1846 4260 1912 4321 in

256 4354 580 4413 thesauris
638 4353 998 4414 litterarum
1054 4361 1326 4436 manent,
1405 4377 1513 4417 nec
1571 4357 1690 4417 iste
1748 4377 1914 4418 nunc

259 4450 535 4513 latent...
594 4448 812 4511 Hodie
894 4452 1064 4532 apud
1139 4452 1495 4536 Serapeum,
1582 4453 1914 4515 Ptolomaei

2023 3292 2373 3371 expendit:
2471 3289 2719 3368 Quanti
2798 3289 2984 3350 etiam
3053 3289 3292 3367 fecerit
3348 3288 3678 3368 (Hilarius)

2024 3388 2426 3449 Psalmorum
2485 3387 2720 3449 librum
2777 3388 2947 3469 apud
3008 3386 3287 3465 Graecos,
3337 3386 3679 3446 secundum

2022 3485 2325 3547 Hebraos
2380 3487 2793 3565 emendatum,
2857 3486 3044 3546 initio
3119 3484 3337 3545 littera
3392 3487 3453 3563 8,
3504 3484 3676 3566 psal.

2024 3601 2236 3663 cxvm,
2298 3590 2589 3645 testatum
2647 3584 2957 3665 reliquit:
3018 3583 3127 3644 ubi
3180 3604 3217 3642 a
3257 3587 3699 3664 preconcepta

2024 3683 2354 3759 sententia,
2416 3702 2601 3763 quam
2658 3682 2874 3744 Latini
2910 3682 3153 3743 codices
3183 3679 3678 3759 conﬁrmabant,

2023 3801 2096 3840 ac
2125 3781 2427 3842 nonnulli
2464 3779 2697 3860 Graeci,
2732 3779 2806 3841 ob
2860 3800 3045 3840 unam
3097 3779 3282 3840 illius
3334 3778 3680 3839 auctorita-

2023 3883 2139 3937 tem
2197 3878 2491 3939 discedit.
2554 3878 2631 3938 In
2689 3878 2967 3957 ejusdem
3023 3876 3182 3937 libri
3231 3875 3679 3953 emendatione,

2023 3982 2094 4036 ut
2132 3976 2197 4036 in
2256 3976 2451 4036 totius
2491 3975 2739 4057 psalmi
2791 3992 2972 4036 cxvm
3026 3973 3481 4055 explanatione,
3540 3990 3680 4031 con-

2021 4074 2220 4134 sensit
2246 4073 2629 4135 Ambrosius
2662 4074 2727 4133 in
2757 4072 3033 4132 eumdem
3065 4071 3290 4132 locum.
3333 4068 3681 4149 Utriusque

2022 4171 2204 4231 verba
2260 4171 2337 4232 ab
2394 4171 2567 4231 illud
2621 4169 2890 4231 luciani
2944 4168 3244 4241 martyris
3299 4175 3453 4249 opus
3508 4187 3679 4227 com-

2021 4252 2198 4328 mode
2252 4272 2505 4345 referes,
2565 4267 2643 4327 de
2714 4287 2835 4347 quo
2915 4265 3299 4342 Euthymius
3357 4270 3674 4325 testatur:

2022 4365 2316 4426 omnibus
2388 4364 2771 4426 editionibus
2824 4364 2994 4436 visis,
3058 4370 3121 4423 et
3178 4381 3319 4424 cum
3372 4362 3682 4424 Hebraica

2023 4463 2289 4523 veritate
2319 4462 2796 4540 diligentissime
2851 4461 3121 4533 collatis,
3180 4460 3503 4539 propriam
3546 4458 3681 4520 edi-

262 4545 652 4608 bibliothecae
680 4567 817 4607 cum
851 4548 1009 4628 ipsis
1066 4547 1409 4610 Hebraicis
1465 4550 1703 4611 litteris
1740 4550 1914 4610 exhi-
1947 4562 1995 4627 Ι)
2025 4560 2285 4631 tionem,
2321 4560 2480 4620 nihil
2513 4578 2832 4632 mancum,
2895 4559 3053 4619 nihil
3087 4557 3425 4618 habentem
3458 4574 3684 4635 super.

261 4644 507 4704 bentur.
536 4644 664 4704 Sed
690 4650 750 4704 et
789 4644 1009 4713 Iudaei
1049 4646 1271 4727 palam
1330 4647 1634 4708 lectitant.
1711 4647 1911 4709 Vecti-

260 4742 441 4821 galis
474 4740 739 4801 libertas
794 4741 989 4822 vulgo
1017 4743 1238 4803 aditur
1291 4743 1570 4805 sabbatis
1601 4745 1909 4806 omnibus.

266 4841 407 4919 Qui
435 4842 740 4921 audierit,
775 4842 1045 4903 inveniet
1097 4843 1344 4905 Deum:
1403 4846 1515 4926 qui
1542 4852 1743 4906 autem
1774 4852 1915 4906 stu-

256 4942 480 5001 duerit
508 4941 891 5023 intelligere,
942 4949 1204 5019 cogetur
1230 4951 1290 5003 et
1325 4946 1593 5007 credere.
1629 4947 1913 5007 Primam

257 5040 707 5099 instrumentis
738 5041 884 5101 istis
912 5042 1345 5103 auctoritatem
1374 5063 1617 5104 summa
1646 5044 1920 5125 antiqui-

253 5144 358 5197 tas
416 5138 705 5197 vindicat
753 5159 766 5199 :
825 5138 974 5199 deos
1029 5146 1288 5216 vestros,
1365 5142 1501 5224 ipsa
1555 5142 1803 5225 templa,
1861 5148 1920 5202 et

252 5235 543 5313 oracula,
578 5241 637 5293 et
664 5255 866 5308 sacra,
903 5237 1092 5296 unius
1136 5238 1386 5297 interim
1409 5238 1724 5320 prophetae
1752 5240 1919 5300 scri-

254 5334 435 5393 nium
467 5331 722 5393 seeculis
752 5333 969 5411 vincit,
1008 5335 1074 5393 in
1132 5356 1253 5415 quo
1304 5335 1555 5396 videtur
1584 5336 1919 5398 thesaurus

257 5430 615 5491 collocatus
667 5428 863 5489 totius
920 5429 1176 5498 Iudaici
1231 5435 1630 5507 sacramenti,
1687 5441 1746 5495 et
1776 5436 1922 5496 inde

259 5529 453 5588 etiam
485 5527 715 5588 nostri.
774 5528 864 5588 De
922 5529 1200 5591 Hebraeis
1265 5531 1690 5594 voluminibus
1746 5533 1921 5594 locu-

261 5635 397 5689 tum
489 5626 685 5687 fuisse
765 5626 1227 5690 Tertullianum
1324 5628 1445 5691 hoc
1527 5632 1924 5711 Apolngetici

2025 4658 2246 4729 ﬂuum,
2283 4658 2653 4719 Christianis
2681 4658 2961 4731 tradidit,
2997 4664 3117 4719 etc.

2100 4755 2223 4816 Ille
2250 4776 2387 4816 cum
2419 4775 2492 4815 ex
2520 4754 2635 4816 hoc
2683 4755 2839 4835 loco,
2891 4776 3011 4837 quo
3064 4754 3298 4815 librum
3332 4751 3680 4814 secundum

2022 4854 2323 4915 Hebrmos
2416 4853 2804 4913 emendatum
2889 4852 3054 4913 tanti
3134 4853 3334 4929 duc-it,
3421 4855 3551 4910 tum
3610 4869 3683 4907 ex

2024 4950 2246 5030 altero,
2279 4971 2399 5031 quo
2436 4950 2686 5012 Graecis
2731 4950 3076 5029 codicibus,
3119 4949 3270 5030 quia
3302 4967 3379 5009 ex
3413 4947 3679 5009 Hebrmo

2025 5049 2198 5109 fonte
2268 5049 2538 5127 proximi
2609 5058 2779 5119 sunt,
2864 5048 3193 5129 aliquanto
3265 5046 3423 5128 plus
3495 5064 3680 5124 quam

2026 5146 2274 5206 Latinis
2344 5146 2745 5206 auctoritatis
2832 5166 2963 5206 esse
3046 5145 3279 5217 innuit,
3353 5162 3531 5203 suam
3602 5140 3679 5201 de

2027 5243 2291 5304 Hebrwo
2361 5248 2527 5302 textu
2599 5244 2967 5304 sententiam
3041 5244 3437 5314 manifestam
3489 5237 3681 5314 fecit.

2030 5341 2245 5420 Neque
2276 5361 2416 5400 vero
2446 5346 2644 5402 textus
2701 5341 2894 5421 hujus
2951 5342 3371 5402 sinceritatem
3432 5335 3678 5415 arguit,

2029 5439 2141 5499 sed
2173 5443 2413 5498 tantum
2445 5438 2521 5499 ab
2551 5438 2689 5518 ejus
2745 5439 3161 5520 ambiguitate
3189 5435 3317 5497 sibi
3341 5432 3682 5494 cavendum

2031 5542 2253 5598 monet.
2290 5536 2427 5597 Imo
2456 5537 2517 5597 si
2546 5536 2727 5598 verba
2786 5538 2971 5599 illius
3023 5534 3278 5616 inpsal.
3313 5550 3380 5610 ll,
3415 5552 3585 5592 num.
3620 5533 3685 5607 3,

2033 5634 2449 5716 assequimur,
2512 5635 2671 5697 libri
2695 5634 2956 5697 Ηώγωί
3011 5631 3208 5694 simul
3245 5651 3383 5692 cum
3415 5628 3498 5690 iis
3529 5650 3685 5711 quos
