4060 6190
401 344 485 406 99
1561 332 1891 396 PATBUM
1932 331 2636 400 DENEDICTINORUM

3696 338 3813 400 100

405 474 823 558 Septuaginta
885 469 1319 533 Translatores
1364 467 1718 546 ediderant,
1754 472 1907 549 post
1947 487 2052 528 re-
2080 467 2136 536 Α
2165 467 2505 549 Scripturis
2572 471 2892 534 canonicis
2936 458 3383 553 recipiendis:
3444 471 3545 534 ita
3587 477 3659 534 ut
3686 492 3811 534 non

406 573 857 635 surrectionem
921 567 1190 631 Domini
1255 565 1478 628 collati
1546 571 1716 643 sunt,
1788 570 1847 624 et
1915 585 2052 625 cum

386 671 690 751 fideliter
717 672 1067 730 constantes
1109 664 1407 747 comperti
1444 669 1673 736 essent,
1729 663 2057 744 utriusque

398 767 854 831 indissolubilis
950 764 1294 825 constituta
1374 768 1469 822 est
1542 760 1871 840 privilegio
1940 761 2055 821 do-

400 869 617 930 ctrina
649 871 711 926 et
741 863 946 925 atatis
1003 861 1367 923 auctoritas.
1431 861 1609 920 Certe
1654 879 1790 919 cum
1824 857 2053 918 ibidem

377 969 653 1043 fatetur,
701 960 1001 1022 Hebrais
1070 979 1192 1020 non
1250 956 1636 1018 necessarias
1679 956 1899 1031 fuisse
1938 954 2053 1014 Se-

400 1063 648 1123 niorum
725 1059 1144 1142 Septuaginta
1235 1056 1708 1134 translationes,
1794 1070 2054 1135 cumque

398 1181 652 1222 numero
683 1164 722 1219 Δ
770 1157 980 1220 Paulo
1027 1155 1292 1217 Hebraeo
1339 1155 1508 1236 apud
1553 1152 1856 1215 Hebraeos
1909 1153 2051 1214 He-

397 1259 558 1320 brao
590 1262 758 1317 textu
789 1256 886 1317 uti
915 1255 1175 1316 licuisse
1216 1252 1512 1331 ostendit,
1546 1256 1751 1333 aperte
1781 1251 2049 1325 indicat,

395 1378 526 1419 sese
594 1356 761 1417 hunc
829 1359 1189 1436 corruptum
1261 1370 1644 1432 nequaquam
1708 1349 2045 1431 suspicari.

398 1459 671 1517 Tantum
705 1454 883 1516 abest
936 1461 1007 1514 ut
1052 1452 1430 1530 depravatos
1480 1454 1732 1528 putaret
1776 1448 2050 1509 Hilarius

396 1553 644 1615 codices
713 1551 1143 1617 Hebraorum,
1202 1548 1353 1627 quin
1427 1546 1636 1626 potius
1693 1545 2049 1606 indissolu-

397 1650 580 1711 bilem
630 1650 719 1711 eis
771 1648 1098 1710 constituit
1152 1644 1609 1715 auctoritatem,
1661 1661 1804 1704 cum
1861 1643 2049 1706 docet

394 1748 589 1811 libros
617 1748 758 1809 illos
788 1745 1075 1825 diligenti
1127 1750 1190 1806 et
1216 1743 1511 1821 religiosa
1541 1741 1824 1802 custodia
1854 1742 2045 1803 fuisse

2162 567 2377 646 plures
2408 569 2473 630 in
2505 570 2820 632 Canonem
2878 570 3119 631 Veteris
3171 571 3562 632 Testamenti
3589 571 3813 633 admit-

2163 671 2447 727 terentur
2511 667 2593 729 ab
2665 668 2955 729 Ecclesiis
3021 668 3278 740 Christi,
3350 685 3539 748 quam
3588 668 3814 746 viginti

2164 762 2312 834 duo,
2375 765 2485 844 qui
2538 766 2603 827 in
2659 766 3027 828 Judaorum
3086 768 3340 828 Canone
3387 766 3809 828 habebantur.

2165 861 2379 923 Testes
2433 863 2584 926 huic
2663 864 2997 926 assertioni
3066 871 3214 925 sunt
3295 863 3610 925 Melitonis
3667 865 3814 926 Sar-

2162 958 2371 1020 densis
2400 962 2740 1041 Catalogus
2792 962 2965 1042 apud
2994 961 3328 1023 Eusebium
3387 961 3550 1023 libro
3579 979 3642 1022 iv
3670 962 3809 1023 His-

2161 1058 2339 1118 toria
2394 1059 2869 1135 Ecclesiastica,
2928 1060 3133 1139 capite
3188 1062 3305 1136 26;
3365 1058 3667 1139 Origenes
3695 1060 3812 1122 ho-

2163 1155 2398 1237 miliaq'?
2430 1158 2493 1218 in
2524 1160 2738 1230 Josue,
2795 1158 3264 1220 Commentario
3314 1157 3381 1218 in
3411 1157 3728 1237 psalmum
3759 1175 3804 1231 ι,

2160 1259 2223 1314 et
2251 1255 2421 1334 apud
2478 1256 2769 1318 eumdem
2828 1255 3167 1317 Eusebium
3225 1255 3388 1317 libro
3441 1272 3573 1330 νιιι,
3606 1256 3810 1335 capite

2158 1352 2292 1427 $25;
2357 1354 2724 1416 Laodicena
2779 1354 3002 1433 synodi
3057 1371 3262 1414 canon
3318 1356 3446 1426 60;
3503 1352 3808 1434 Synopsis

2158 1452 2349 1531 vulgo
2378 1454 2703 1514 Athanasii
2756 1432 3170 1514 Alexandrini
3208 1451 3396 1526 dicta,
3433 1456 3495 1512 et
3522 1432 3807 1530 ejusdem

2158 1552 2443 1631 Epistola
2514 1553 2738 1614 festiva
2788 1571 2804 1627 ;
2864 1552 3133 1632 Cyrillus
3189 1551 3803 1631 Hierosolymitanus

2157 1650 2481 1712 Catechesi
2508 1654 2595 1724 4;
2638 1650 2979 1729 Gregorius
3034 1648 3460 1710 Nazianzenus
3513 1648 3804 1710 Carmine

2157 1748 2234 1808 de
2302 1747 2480 1809 libris
2574 1748 3039 1822 Authenticis;
3138 1745 3626 1825 Amphilochius
3726 1745 3809 1807 ad

396 1851 700 1922 servatos,
762 1850 905 1924 post
980 1842 1335 1923 passionem
1396 1846 1459 1901 et
1527 1835 2483 1908 resurrectionemBSeleucum
2545 1847 2621 1908 de
2677 1847 2900 1908 iisdem
2951 1845 3314 1925 Scripturis,
3375 1850 3437 1907 et
3491 1844 3599 1906 alii
3641 1836 3805 1905 bene

394 1943 624 2005 Christi
674 1942 944 2004 collatos
992 1958 1135 2000 cum
1194 1939 1483 2000 versione
1534 1938 1692 1998 LXX
1738 1940 2051 2016 Interpre-

394 2047 555 2116 tum,
588 2060 661 2102 ac
712 2059 827 2101 usu
888 2038 1263 2119 quotidiano
1315 2035 1688 2107 celebratos,
1747 2035 2047 2095 Hebraeos

393 2140 562 2200 inter
615 2145 680 2199 et
735 2137 1091 2217 apostolum
1150 2134 1443 2196 Paulum.
1514 2133 1827 2211 Insignem
1888 2134 2046 2194 adeo

392 2237 603 2298 locum
636 2235 806 2297 haud
857 2236 1172 2314 integrum
1224 2233 1518 2294 recitasse
1567 2233 1671 2292 vix
1713 2231 1866 2292 mihi
1897 2251 2046 2293 con-

395 2336 690 2397 cederent
776 2335 1042 2395 lectores
1130 2331 1456 2393 studiosi:
1552 2349 1747 2411 quare
1842 2334 2044 2391 totum

392 2433 613 2506 affero,
672 2438 862 2511 prout
916 2431 1123 2492 editus
1180 2436 1275 2490 est
1328 2449 1365 2489 a
1420 2434 1636 2490 nostro
1692 2429 2042 2497 Constant;

390 2529 642 2590 Horum
729 2529 939 2608 igitur
1023 2526 1472 2588 translationes
1553 2524 1846 2586 Hebraeis
1913 2530 2042 2585 tum

388 2628 621 2708 lingua
652 2632 892 2688 tantum
942 2646 1057 2686 sua
1108 2623 1424 2685 utentibus
1468 2643 1591 2684 non
1638 2629 1818 2683 erant
1846 2642 2043 2683 neces-

386 2726 596 2787 saria.
629 2724 801 2807 Ipsis
856 2730 1060 2784 tamen
1117 2722 1405 2783 omnibus
1456 2721 1766 2801 diligenti
1801 2725 1860 2780 et
1883 2720 2042 2781 reli-

384 2823 574 2904 giosa
602 2821 893 2883 custodia
941 2821 1309 2897 observatis,
1360 2818 1589 2900 quibus
1602 2824 1824 2900 postea
1853 2838 2036 2899 quam

386 2921 703 2982 Dominus
751 2920 953 3001 legem
1002 2938 1236 2980 omnem
1286 2921 1671 2978 sacramento
1718 2921 1777 2976 et
1821 2924 2035 2997 corpo-

385 3019 658 3080 rationis
727 3037 876 3092 suae,
945 3022 1004 3076 et
1048 3015 1403 3099 passionis,
1453 3019 1512 3074 et
1555 3013 2035 3074 resurrectionis

2158 1943 2361 2017 multi,
2430 1962 2589 2023 quos
2658 1943 2759 2005 hic
2847 1962 2970 2004 non
3041 1960 3358 2004 recenseo.
3433 1941 3803 2004 Latinorum

2154 2060 2303 2104 vero
2357 2042 2483 2104 duo
2535 2043 2602 2102 in
2654 2041 2898 2122 primis,
2956 2041 3377 2120 Hieronymus
3432 2045 3497 2101 et
3534 2039 3805 2102 Rufinus

2153 2138 2593 2217 Aquileiensis,
2667 2139 2776 2218 qui
2840 2138 3070 2199 diserte
3140 2137 3349 2199 testati
3418 2144 3565 2198 sunt
3607 2136 3803 2197 libros

2152 2236 2507 2318 Sapientia,
2592 2235 3051 2315 Ecclesiastici,
3099 2233 3360 2314 Judith,
3457 2233 3680 2314 Tobiae,
3739 2251 3805 2305 et

2153 2334 2679 2410 Machabaorum,
2768 2335 2890 2414 legi
2950 2334 3205 2413 quidem
3274 2340 3609 2395 consuetos
3664 2350 3802 2394 esse

2151 2435 2217 2495 in
2286 2434 2549 2495 ecclesia
2617 2433 2697 2495 ad
2767 2433 3246 2495 adiﬁcationem
3320 2432 3522 2512 plebis
3582 2448 3597 2490 :
3670 2449 3797 2492 non

2152 2540 2365 2596 tamen
2395 2535 2559 2594 inter
2588 2533 2924 2594 canonicas
2977 2533 3334 2612 Scripturas
3371 2531 3560 2593 luisse
3590 2531 3803 2592 adhuc

2151 2633 2479 2694 admissos.
2555 2632 2824 2693 Consule
2912 2631 3277 2711 Hieronymi
3346 2629 3791 2692 Praefationem

2147 2730 2211 2790 in
2284 2731 2477 2792 libros
2548 2729 2928 2808 Salomonis,
3002 2734 3064 2789 ct
3153 2728 3525 2807 Symbolum
3595 2744 3790 2806 supra

2148 2826 2299 2888 dicti
2349 2827 2576 2888 Rufini.
2626 2830 2942 2888 Praterea
3002 2824 3215 2903 colligi
3262 2830 3469 2904 potest
3514 2842 3591 2885 ex
3637 2822 3792 2903 ipsis

2144 2926 2365 2987 Hilarii
2420 2926 2627 2988 verbis
2683 2925 2986 2986 librorum
3044 2923 3401 2984 divinorum
3476 2924 3793 2984 Canonem

2144 3025 2546 3097 recensentis,
2606 3024 2683 3084 de
2743 3039 2859 3083 usu
2907 3022 2968 3082 in
3021 3020 3296 3082 Ecclesia
3343 3027 3596 3101 recepto
3645 3038 3790 3081 eum

386 3116 766 3194 impleverat,
822 3134 959 3175 cum
1010 3113 1113 3173 his
1162 3113 1374 3192 libris,
1442 3131 1597 3192 quos
1652 3111 1797 3191 regi
1843 3110 2031 3171 iidem
2142 3122 2331 3184 fuisse
2388 3122 2692 3182 locutum,
2743 3121 2899 3180 Nam
2952 3136 3092 3179 cum
3143 3118 3358 3191 addat,
3412 3122 3554 3197 ροεί
3583 3135 3798 3179 recc"-

383 3212 799 3273 translatores
867 3211 1219 3288 ediderant,
1292 3209 1570 3286 collatis,
1642 3213 1701 3267 et
1729 3206 2032 3285 ﬁdeliter
2062 3201 2106 3268 C
2144 3220 2295 3281 suos
2341 3218 2562 3297 viginti
2617 3218 2775 3278 duos
2836 3215 3053 3277 libros,
3117 3213 3516 3293 Quibusdam
3585 3220 3790 3275 αιιίιηι

380 3310 868 3372 consonantibus
920 3308 1271 3390 compertis,
1352 3304 1828 3366 indissolubilis
1883 3324 2033 3365 con-

381 3406 607 3466 stituta
691 3410 784 3465 est
864 3404 1210 3485 privilegio
1298 3402 1604 3463 doctrinae
1684 3407 1743 3461 et
1828 3401 2031 3463 atatis

379 3503 748 3564 auctoritas.
821 3502 1061 3564 Beatus
1129 3521 1283 3582 ergo
1354 3499 1674 3582 apostolus
1755 3498 2025 3573 Paulus,

376 3603 717 3663 secundum
773 3601 1232 3684 professionem
1316 3620 1493 3660 suam
1580 3598 1890 3660 Hebraeus
1957 3619 2032 3658 ex

376 3699 667 3761 Hebraeis
739 3698 1047 3780 (Plzilipp.
1120 3716 1209 3772 lli,
1285 3697 1371 3778 5),
1444 3696 1628 3756 etiam
1690 3695 2026 3755 secundum

373 3796 752 3859 Hebraicam
823 3795 1244 3877 cognitionem
1327 3799 1386 3853 et
1436 3793 1647 3871 ﬁdem
1702 3792 2024 3874 psalmum

372 3895 540 3957 hunc
552 3896 835 3978 primum
888 3914 1019 3955 esse
1056 3893 1244 3966 dixit,
1298 3892 1754 3952 translatorum
1785 3890 2026 3975 distin-

370 3997 573 4058 ctione
628 4016 750 4057 non
811 4015 1002 4056 usus:
1060 3993 1166 4054 cui
1221 3993 1559 4053 maximum
1617 3991 1732 4051 hoc
1771 3992 2023 4072 pradi-

368 4097 560 4158 candi
614 4098 701 4156 ad
754 4096 1113 4176 Synagoga
1152 4094 1482 4177 principes
1540 4092 1825 4152 studium
1859 4099 2018 4172 erat,

368 4199 438 4252 ut
493 4192 839 4253 Dominum
897 4197 1184 4252 nostrum
1235 4188 1443 4258 Iesum
1511 4187 1848 4250 Christum
1894 4187 2025 4248 Dei

366 4290 630 4368 Filium,
665 4296 905 4365 natum;
927 4298 1212 4371 passum,
1264 4292 1717 4367 resurgentem,
1752 4306 2021 4366 regnare

365 4388 431 4450 in
503 4394 797 4449 aeternum
864 4407 937 4446 ex
1022 4386 1312 4446 doctrina
1384 4385 1552 4465 legis
1639 4384 2014 4445 ostenderet.

374 4486 599 4547 Tenuit
628 4486 836 4566 itaque
890 4483 1057 4544 hunc
1099 4483 1376 4561 modum,
1433 4488 1504 4542 ut
1551 4480 1859 4542 Hebraus
1890 4483 2019 4563 ipse

361 4590 420 4644 et
449 4583 739 4645 Hebraeis
780 4582 1166 4665 praedicans,
1226 4578 1643 4641 Hebraeorum
1683 4585 2017 4640 consuetu-
2048 4556 2095 4622 D

364 4683 514 4744 dine
544 4687 841 4744 uteretur.
875 4684 1045 4742 Bene
1077 4685 1290 4740 monet
1319 4697 1510 4760 supra
1541 4679 1745 4738 dictus
1804 4684 2020 4739 noster

363 4782 566 4843 editor
623 4780 868 4850 Hilarii,
937 4778 1130 4839 verba
1210 4776 1433 4838 istbac
1488 4782 1797 4837 tractatus
1853 4776 1915 4836 in
1973 4792 2018 4835 ιι

364 4879 679 4960 psalmum
753 4877 1029 4938 maxime
1116 4877 1326 4937 favere
1396 4873 1701 4935 Hebraico
1790 4872 2012 4947 textui,

359 4978 579 5058 illique
635 4992 993 5037 concessam
1068 4992 1201 5035 esse
1271 4974 1351 5035 ab
1425 4972 1662 5033 Hilario
1706 4970 2018 5031 indubita-

362 5082 493 5137 tam
525 5073 966 5136 aucloritatem
1026 5071 1230 5133 atatis
1285 5078 1475 5150 atque
1523 5069 1846 5131 doctrinae.
1893 5068 2016 5129 Sed

362 5193 502 5235 cum
543 5190 618 5234 eo
649 5170 1003 5233 consentire
1062 5188 1187 5229 non
1237 5186 1517 5247 possum,
1562 5167 1669 5227 ubi
1698 5166 2018 5227 existimat

359 5270 667 5332 librorum
699 5286 1021 5329 sacrorum
1047 5267 1380 5326 ‘Canonem
1412 5263 1785 5325 recensitum
1812 5264 2016 5332 fuisse

361 5369 438 5430 ab
469 5367 737 5430 Hilario
779 5365 975 5446 juxta
1033 5362 1357 5443 Hebraeos,
1417 5382 1539 5422 non
1581 5362 1776 5440 juxta
1833 5381 2011 5422 usum

358 5466 654 5528 Ecclesia
704 5465 842 5526 suis
911 5460 1288 5544 temporibus
1359 5465 1689 5542 receptum.
1770 5459 2014 5538 Quippe

359 5583 556 5644 usque
588 5564 668 5626 ad
700 5568 951 5625 atatem
1007 5559 1198 5638 hujus
1255 5558 1458 5619 sancti
1510 5557 1797 5618 Doctoris
1848 5575 2014 5617 unus

360 5662 480 5724 fuit
549 5680 699 5723 usus
768 5660 1137 5724 Judaorum
1210 5675 1285 5718 ac
1374 5654 1877 5717 Christianorum
1948 5655 2012 5716 in

2142 3317 2346 3376 visum
2403 3320 2516 3395 est,
2576 3314 2823 3375 additis
2890 3312 2938 3373 Τ
2940 3312 3081 3375 obia
3139 3319 3198 3372 et
3238 3311 3499 3392 Judith,
3548 3312 3793 3393 viginti

2139 3420 2410 3496 quatuor
2437 3412 2636 3474 libros
2667 3412 3005 3473 secundum
3049 3431 3373 3472 numerum
3409 3409 3781 3471 Graecarum

2138 3513 2496 3574 litterarum
2593 3530 3059 3589 connumerare,
3160 3515 3351 3583 etc.;
3450 3508 3786 3588 perspicue

2137 3611 2413 3672 ostendit
2491 3608 2878 3671 Christianos
2957 3608 3022 3668 in
3106 3607 3225 3668 hac
3309 3607 3785 3668 enumeratione

2136 3727 2272 3769 esse
2328 3707 2826 3785 intelligendos;
2888 3705 3030 3785 quis
3088 3704 3251 3765 enim
3310 3705 3473 3766 inter
3503 3705 3784 3766 Circum-

2135 3806 2318 3879 cisos,
2357 3805 2588 3865 librum
2642 3802 2866 3863 Judith
2926 3801 3025 3863 vel
3058 3802 3269 3863 Tobia
3325 3802 3389 3862 in
3420 3807 3781 3863 sanctarum

2134 3904 2602 3982 Scripturarum
2697 3904 3019 3962 Canonem
3102 3901 3301 3960 fertur
3382 3899 3709 3961 admisisse
3762 3900 3791 3960 ?

2133 4000 2471 4061 Christiani
2524 3998 2719 4077 igitur
2795 4004 2998 4070 erant,
3058 4003 3117 4058 et
3176 3998 3285 4075 qui
3345 3997 3569 4076 viginti
3625 3998 3783 4058 duos

2132 4105 2379 4159 tantum
2438 4097 2632 4157 libros
2684 4095 3019 4157 canonicos
3075 4095 3524 4174 suscipiebant,
3586 4108 3650 4156 et
3677 4095 3786 4174 qui

2132 4195 2353 4276 viginti
2451 4200 2723 4274 quatuor
2807 4193 3348 4255 connumerabant
3437 4193 3780 4255 secundum

2131 4312 2463 4354 numerum
2521 4294 2881 4354 Gracarum
2937 4291 3312 4352 litterarum.
3366 4293 3476 4352 Ha
3509 4291 3784 4352 rationes

2129 4392 2289 4453 tanti
2323 4392 2626 4452 momenti
2683 4408 2756 4450 ac
2812 4390 3112 4468 ponderis
3168 4389 3323 4448 mihi
3364 4390 3677 4462 videntur,
3714 4395 3783 4448 ut

2129 4491 2418 4552 recedere
2453 4507 2552 4551 me
2607 4487 3030 4567 compulerint
3085 4505 3123 4546 a
3179 4485 3490 4564 superiori
3546 4486 3781 4547 sodalis

2126 4589 2325 4650 nostri
2402 4586 2733 4659 sententia,
2811 4583 3218 4662 quantumvis
3294 4580 3432 4659 ejus
3501 4581 3564 4641 in
3642 4584 3785 4642 aliis

2125 4686 2406 4748 studium
2439 4684 2722 4764 probem.
2779 4682 3012 4742 Verum
3071 4679 3238 4739 inter
3292 4677 3528 4739 amicos
3585 4678 3776 4740 etiam

2127 4791 2189 4845 et
2218 4785 2442 4843 fratres
2473 4780 2633 4841 nihil
2661 4778 2857 4841 ofﬁcit
2913 4778 3051 4838 hac
3106 4775 3474 4857 opinionum
3518 4774 3779 4837 diversi-

2125 4888 2452 5033 tatliuaainta
2503 4958 2756 5019 demum
2816 4955 3005 5018 fuerit
3078 4952 3421 5015 auctoritas
3477 4953 3775 5016 Hebrao-
3864 5004 3871 5009 .

2126 5082 2266 5125 rum
2326 5061 2613 5124 codicum
2690 5057 2860 5137 apud
2919 5057 3397 5134 Hieronymum,
3475 5055 3772 5134 Augusti-

2126 5182 2300 5236 num,
2395 5157 2863 5232 Cassiodorum,
2936 5153 3321 5215 Eucherium
3399 5154 3777 5233 Lugdunen-

2123 5282 2276 5335 sem,
2351 5265 2414 5321 et
2441 5264 2704 5319 cateros
2774 5254 3151 5336 posteriores
3232 5252 3469 5314 Latina
3539 5253 3772 5334 lingua

2125 5361 2434 5428 homines,
2507 5355 2898 5436 superﬂuum
2970 5357 3134 5415 esset
3205 5351 3308 5412 hic
3378 5352 3763 5414 adnotasse:

2124 5459 2274 5540 quia
2330 5455 2645 5517 neminem
2745 5452 3024 5514 virorum
3099 5448 3523 5510 studiosorum
3598 5451 3768 5523 novi,

2124 5558 2233 5637 qui
2304 5574 2429 5616 non
2491 5553 2784 5626 fateatur,
2855 5549 3193 5630 pradictos
3262 5549 3482 5608 Patres
3521 5549 3772 5610 veritati

2123 5652 2446 5718 Hebraica
2504 5650 2743 5731 primas
2797 5653 3006 5730 partes
3061 5662 3309 5726 semper
3365 5644 3658 5709 tribuisse
3702 5648 3767 5708 in
