4060 6190
252 353 361 413 {Ol

251 582 433 642 fallat
463 580 702 659 opinio,
755 579 907 639 satis
937 595 1252 656 superque
1308 594 1405 636 res
1461 576 1600 653 ipsa
1646 571 1908 630 demon-

254 686 455 739 strata
532 684 627 738 est
701 677 765 735 in
838 675 1158 754 opusculis
1204 673 1452 744 nostris,
1515 689 1657 750 quae
1709 683 1910 747 nuper

256 777 422 837 edidi
478 776 542 835 in
623 774 1052 834 defensionem
1136 771 1421 850 Vulgata:
1496 768 1761 838 Latiam,
1839 783 1910 825 ac

259 873 583 934 Hebraicm
615 872 917 933 veritatis.
979 873 1112 931 Huc
1172 889 1300 930 non
1348 869 1642 929 timemus
1699 881 1911 924 aman-

255 972 404 1031 dare
447 987 864 1049 quoscunque
918 969 1189 1028 delectat
1242 965 1545 1044 simplicis
1601 981 1674 1023 ac
1734 979 1908 1040 pura:

251 1070 538 1129 veritatis
587 1074 897 1147 aspectus,
969 1085 1093 1126 non
1169 1063 1642 1124 mendaciorum
1701 1061 1913 1120 fucata

255 1168 476 1238 facies,
559 1165 993 1243 sermonisque
1099 1162 1500 1223 lenocinium.
1595 1164 1914 1221 Praeterea

251 1265 499 1326 consuli
529 1265 714 1324 velim
748 1282 888 1342 quas
923 1262 1211 1341 superius
1259 1280 1297 1321 a
1354 1259 1537 1321 nobis
1598 1257 1913 1336 explicata

249 1365 558 1441 leguntur
613 1362 1068 1441 prolegomene
1132 1358 1432 1430 secundo,
1493 1375 1666 1416 num.
1701 1356 1907 1415 4et5.

253 1461 570 1531 Quoniam
625 1462 689 1520 in
774 1460 898 1519 illis
969 1458 1366 1538 apertissima
1421 1463 1515 1517 est
1569 1453 1914 1516 auctoritas

255 1580 379 1640 qua
408 1559 778 1637 gaudebant
807 1558 977 1637 apud
1025 1557 1398 1636 Gregorium
1458 1557 1776 1632 Magnum,
1840 1570 1913 1612 ac

253 1661 316 1720 in
348 1658 694 1719 Gallicanis
748 1656 1062 1731 Ecclesiis,
1110 1655 1272 1716 sacri
1329 1653 1595 1714 Haabraai
1642 1651 1911 1712 codices.

258 1764 336 1820 At
396 1757 695 1836 praesenti
768 1754 1245 1834 quaestiunculas
1331 1753 1520 1813 finem
1590 1750 1910 1821 facientes,

1653 335 2267 402 PBOLEGOMENA.

130 538 142 553 ,
251 485 630 544 auctoritate
673 481 1028 542 divinorum
1083 479 1499 540 voluminum.
1534 479 1611 537 Et
1657 473 1773 533 nisi
1807 469 2118 538 meAvel
2186 468 2344 530 Haec
2413 478 2561 531 sunt
2643 475 2895 533 nomina
2979 475 3190 555 (Exod
3261 495 3303 550 1,
3384 479 3454 560 l).
3544 488 3665 545 Le-

3552 349 3666 409 102

2017 567 2242 628 viticus
2326 569 2576 647 dicitur,
2678 569 2975 650 Vajicra;
3059 577 3228 654 apud
3304 579 3661 657 Origenem,

2017 670 2244 745 Οὐικρά,
2320 664 2514 727 Vi/zra
2544 688 2566 741 ;
2601 669 2769 746 apud
2802 671 3276 750 Hieronymum,
3350 675 3609 749 Vafecra
3642 702 3663 755 ;

2015 762 2080 822 in
2139 764 2402 824 Hebrazo
2485 765 2786 843 scriptum
2849 774 2940 827 est
2987 788 3177 865 κτρτπ.
3239 774 3306 832 Id
3365 793 3512 836 vero
3591 779 3669 838 si-

2017 860 2297 938 gnificat,
2356 859 2442 920 Et
2497 863 2736 921 vocavit
2765 863 2984 942 (Leuit.
3019 859 3177 944 1,1).
3215 873 3484 942 Quartus
3516 876 3669 936 Mosi

2019 958 2198 1031 liber,
2258 977 2444 1036 quem
2521 959 2833 1021 Numeros
2917 982 3235 1039 vocamus,
3293 967 3513 1050 incipit
3585 975 3664 1033 ab

2017 1055 2140 1116 hoc
2171 1057 2361 1117 vcrbo
2393 1075 2560 1133 Ἵππη,
2638 1056 3042 1137 Vajedabber,
3079 1069 3140 1123 et
3197 1065 3417 1127 eodem
3477 1071 3665 1132 modo

2018 1163 2281 1217 vocatur
2309 1157 2388 1217 ab
2421 1158 2724 1219 Hebraeis.
2768 1162 2924 1220 Nam
2975 1162 3145 1240 quod
3201 1164 3496 1243 Origenes
3552 1188 3668 1230 no-

2019 1253 2178 1314 tavit
2234 1254 2296 1314 in
2355 1254 2582 1333 psalm.
2619 1273 2664 1328 1,
2717 1256 2794 1316 de
2849 1258 3169 1320 volumine
3217 1265 3666 1340 Numerorum,

2020 1371 2146 1412 non
2205 1353 2475 1432 primam
2533 1373 2748 1415 vocem
2801 1362 3064 1435 spectat,
3127 1361 3236 1420 sed
3295 1364 3503 1441 potius
3576 1384 3674 1426 ar-

2019 1457 2396 1529 gumentum
2453 1453 2516 1511 iu
2550 1471 2624 1513 eo
2659 1459 3110 1532 pertractatum
3141 1456 3363 1537 (Num.
3416 1479 3458 1526 ι.
3502 1479 3674 1524 xxvn

2021 1548 2304 1627 passim),
2342 1553 2410 1607 ut
2466 1549 2740 1609 diximus
2795 1550 2859 1609 in
2938 1553 3103 1612 notis
3173 1554 3254 1614 ad
3337 1557 3671 1636 prologum

2023 1647 2378 1716 Galeatum,
2441 1648 2561 1709 col.
2619 1651 2758 1708 318.
2821 1649 3085 1720 Quintus
3170 1653 3442 1734 denique
3517 1658 3674 1737 legis

2023 1746 2310 1805 Mosaicaa
2343 1745 2501 1805 liber
2529 1746 2732 1806 dictus
2762 1752 2855 1807 est
2894 1746 3042 1808 Elle
3071 1749 3516 1828 haddabarim,
3572 1758 3673 1816 vel

262 1857 564 1917 lectorem
635 1854 987 1914 studiosum
1055 1869 1407 1922 monemus,
1488 1855 1726 1910 textum
1787 1849 1907 1908 He-
1936 1847 1983 1912 B
2013 1862 2090 1905 ex
2145 1842 2412 1920 Origene
2444 1849 2613 1904 Ἐλλε
2660 1846 2983 1927 ἁδδεϐαρίμ,
3014 1845 3206 1908 Helle
3235 1849 3670 1924 liaa'debarim;

259 1955 545 2015 braicum
603 1953 922 2032 conceptis
992 1951 1198 2012 verbis
1254 1950 1645 2030 appellatum
1719 1947 1908 2008 fuisse

261 2056 583 2114 veritatem
679 2053 1083 2124 Hebraicam,
1171 2058 1299 2111 tam
1386 2053 1464 2112 ab
1549 2051 1911 2111 auctoribus

260 2155 496 2214 Graecis
525 2171 716 2231 quam
753 2171 791 2212 a
838 2152 1073 2212 Latinis
1105 2151 1419 2211 Patribus.
1469 2150 1571 2210 Sic
1615 2149 1912 2227 Origenes

262 2253 401 2313 loco
484 2270 678 2330 supra
743 2251 959 2310 citato.
1047 2249 1390 2328 Procopius
1465 2248 1774 2324 similiter,
1852 2254 1915 2308 et

260 2350 644 2428 Euthymius
725 2348 1098 2408 Prmfatione
1183 2347 1247 2406 in
1331 2345 1666 2417 Psalmos;
1753 2347 1916 2407 inter

263 2448 522 2508 Latinos
606 2452 817 2506 autem
901 2446 1319 2524 Hieronymus
1411 2444 1645 2523 ubique
1706 2463 1913 2504 arcem

263 2551 436 2606 tenet
510 2544 796 2603 veritatis
880 2541 1252 2616 Hebraica’;
1334 2542 1719 2619 Augustinus
1805 2543 1912 2603 lib.

261 2660 412 2703 xvm
444 2643 522 2702 de
551 2641 732 2703 Civit.
787 2641 918 2713 Dei,
966 2658 1104 2719 cap,
1166 2644 1269 2712 44,
1328 2646 1390 2700 et
1456 2639 1918 2711 Quaestionibus

262 2743 326 2802 in
414 2739 949 2819 Heptateuchum,
1008 2739 1086 2799 de
1144 2738 1373 2817 quibus
1439 2745 1627 2798 antea
1679 2739 1916 2800 dictum

267 2845 358 2901 est
391 2857 406 2910 ;
471 2839 664 2909 Beda,
697 2837 985 2908 Albinus,
1018 2836 1257 2915 Joseph
1318 2836 1514 2895 abbas
1548 2835 1683 2912 ejus
1740 2837 1918 2898 disci-

269 2939 474 3015 pulus,
513 2935 816 2998 Rabanus
847 2939 1130 3003 Maurus,
1164 2933 1564 3011 Agobardus,
1625 2934 1919 2996 Claudius

265 3034 673 3096 Taurinensis
757 3033 1121 3111 Stephanus
1203 3031 1630 3105 Civerciensis,
1693 3038 1754 3093 et
1813 3033 1922 3094 alii

271 3132 584 3192 innumeri
617 3130 716 3190 his
744 3129 1146 3190 recentiores.

2018 1941 2082 2000 in
2140 1939 2403 1999 Ilebraao
2478 1941 2644 2000 enim
2701 1943 2866 2002 istud
2951 1945 3144 2007 liabet
3203 1948 3469 2023 initium,
3549 1947 3670 2021 κῆδε

2021 2056 2241 2111 317311,
2273 2036 2420 2097 Elle
2439 2037 2872 2114 lzaddebarim,
2898 2042 2960 2101 id
2983 2048 3097 2116 est,
3129 2044 3284 2105 Haec
3312 2054 3461 2107 sunt
3488 2049 3671 2110 verba

2019 2137 2239 2216 (Deut.
2273 2154 2318 2213 1,
2383 2139 2461 2218 l).
2500 2143 2645 2200 Hscc
2701 2148 2795 2202 est
2842 2143 3047 2222 prima
3078 2164 3223 2223 pars
3255 2149 3528 2209 Canonis
3550 2153 3671 2211 I-le-

2022 2237 2253 2298 braicae
2284 2239 2591 2312 veritatis,
2625 2259 2752 2319 qua
2796 2245 3229 2306 Pentateucbo
3290 2249 3476 2309 Mosis
3523 2268 3674 2310 con-

2023 2337 2328 2397 stituitur.

2105 2435 2398 2496 Secunda
2457 2455 2622 2515 pars,
2685 2438 2814 2498 sive
2871 2441 3182 2503 secundus
3240 2444 3396 2505 ordo
3479 2447 3679 2507 libro-

2026 2550 2164 2592 rum
2195 2534 2466 2594 Canonis
2522 2536 2967 2614 complectitur
3021 2557 3240 2600 omnes
3309 2544 3674 2622 prophetas,

2025 2629 2287 2689 Priores
2337 2632 2594 2705 scilicet,
2631 2641 2692 2694 et
2747 2634 3162 2715 Posteriores,
3227 2641 3316 2699 uti
3372 2650 3682 2704 vocantur

2027 2746 2066 2787 a
2121 2728 2380 2802 Judazis,
2417 2724 2677 2799 nummi“)
2709 2751 2942 2805 nmina,
3003 2734 3249 2796 Neviim
3309 2738 3677 2818 risclzonim,

2026 2831 2090 2885 et
2149 2844 2400 2895 ain-ms
2435 2847 2639 2896 mqu
2699 2828 2947 2890 Neviim
3005 2831 3401 2895 ahlxaronim.
3439 2837 3682 2897 Priores

2027 2933 2174 2988 sunt
2224 2930 2519 3004 quatuor,
2574 2926 2680 3002 qui
2745 2927 3046 2989 librorum
3093 2929 3302 3009 Iosue,
3361 2931 3677 3012 Iudicum,

2027 3023 2365 3096 Samuelis,
2399 3030 2460 3084 et
2489 3023 2866 3104 Malaclzim,
2905 3028 2964 3088 id
3014 3035 3108 3089 est
3163 3029 3433 3110 Regum,
3497 3033 3682 3094 titulo

2031 3129 2490 3204 praenotantur.
2579 3125 2966 3186 Posteriores
3053 3134 3264 3189 autem
3354 3131 3682 3210 propheta).

343 3229 446 3289 IV.
485 3227 718 3288 Facilis
745 3231 839 3287 est
888 3245 962 3286 ac
1018 3226 1314 3304 expedita
1361 3227 1636 3306 partium
1698 3227 1916 3305 singu-
1948 3219 1990 3286 C
2029 3228 2303 3301 quatuor
2332 3220 2549 3280 itidem
2583 3221 2903 3283 volumina
2935 3225 3348 3300 constituunt,
3385 3245 3403 3289 1
3445 3227 3680 3289 Isaias.

267 3325 469 3384 larum
531 3325 804 3384 Canonis
863 3323 1217 3401 expositio:
1281 3324 1430 3402 quia
1490 3330 1614 3385 tres
1671 3325 1921 3386 ordines

269 3421 503 3500 quibus
532 3425 798 3490 constat,
835 3419 1126 3478 distincte
1173 3424 1236 3479 et
1288 3419 1600 3498 explicate
1655 3420 1736 3480 ab
1787 3422 1923 3481 Hie-

269 3537 539 3597 ronymo
600 3517 897 3596 descripti
979 3522 1126 3576 sunt
1182 3517 1244 3577 in
1332 3519 1594 3596 prologo
1660 3519 1922 3580 Galeato

271 3617 766 3694 Scripturarum,
804 3633 990 3692 quem
1017 3613 1349 3692 prmmissit
1379 3622 1652 3693 quatuor
1685 3619 1921 3694 Regum

250 3714 469 3785 'libris,
507 3715 587 3774 ad
641 3731 908 3791 quorum
941 3713 1128 3772 etiam
1163 3713 1431 3773 frontem
1477 3733 1514 3773 a
1571 3714 1748 3774 nobis
1791 3715 1922 3776 edi-

271 3820 368 3871 tus
399 3820 520 3873 est.
557 3815 644 3871 Ne
675 3819 886 3871 actum
929 3817 1140 3871 tamen
1198 3812 1300 3871 hic
1359 3831 1545 3890 agere
1577 3813 1922 3889 videamur,

273 3910 584 3971 nonnulla
617 3911 694 3968 de
743 3910 962 3969 eodem
1015 3912 1267 3971 Canone
1326 3911 1724 3985 disseremus,
1785 3931 1925 3991 quae

276 4009 560 4069 nondum
619 4007 1152 4085 disputationibus
1224 4009 1526 4069 ventilata
1583 4017 1750 4085 sunt,
1820 4029 1929 4071 ne-

279 4124 399 4183 que
447 4107 514 4164 in
547 4105 734 4175 notis,
771 4121 972 4182 neque
1025 4104 1088 4164 in
1161 4105 1622 4184 prolegomenis
1674 4109 1923 4168 nostris.

274 4207 342 4264 In
429 4212 559 4265 tres
614 4205 832 4282 itaque
887 4209 1096 4282 partes
1144 4205 1348 4264 omnis
1403 4206 1726 4283 Scriptura
1754 4211 1926 4268 aJu-

274 4304 426 4363 daais
485 4304 691 4363 divisa
721 4309 837 4372 est,
899 4303 961 4361 in
997 4302 1240 4382 Legem,
1273 4304 1333 4363 in
1367 4304 1740 4386 Prophetas,
1775 4312 1836 4366 et
1865 4307 1928 4365 in

269 4399 774 4482 Hagiograplza.
809 4400 1020 4460 Prima
1052 4401 1289 4474 classis,
1329 4402 1454 4461 sive
1478 4403 1717 4480 primus
1747 4405 1927 4477 ordo,

269 4507 374 4584 qui
435 4523 596 4568 n-rm
687 4499 920 4572 leora,
1003 4501 1064 4560 id
1130 4508 1223 4562 est
1306 4501 1448 4573 Lex,
1530 4503 1609 4562 ab
1685 4504 1772 4565 eis
1842 4505 1931 4564 di-

2028 3337 2072 3379 11
2107 3317 2444 3389 Ieremias,
2503 3335 2568 3378 ιιι
2625 3317 2940 3398 Ege/tie],
3002 3339 3062 3381 IV
3093 3321 3443 3384 Duodecim
3475 3325 3692 3386 Mino-

2032 3437 2130 3476 res
2172 3435 2296 3475 una
2355 3415 2566 3475 simul.
2625 3419 2781 3476 Octo
2839 3417 3032 3495 igitur
3080 3419 3274 3480 habet
3332 3421 3526 3484 libros
3583 3442 3679 3484 se-

2034 3513 2241 3574 cunda
2300 3512 2516 3572 classis
2574 3512 2638 3573 in
2695 3516 2943 3576 Canone
3002 3517 3323 3580 Hebraica:
3378 3521 3680 3581 veritatis.

2036 3613 2122 3672 lta
2153 3618 2362 3672 tamen
2414 3617 2483 3670 ut
2539 3612 2834 3672 volumen
2903 3612 3071 3676 Ruth
3125 3617 3308 3677 unico
3371 3619 3688 3680 volumine

2034 3709 2436 3788 complexum
2493 3708 2747 3770 sitcum
2779 3712 3072 3773 Judicum
3108 3714 3290 3784 libro,
3353 3717 3461 3794 qui
3519 3721 3691 3797 apud

2040 3809 2335 3869 Hebraeos
2395 3823 2642 3875 Dina-ei,
2703 3807 3012 3890 Sophtim,
3076 3812 3171 3871 vel
3228 3813 3422 3874 Juxta
3480 3815 3690 3894 Orige-

2036 3925 2177 3966 nem
2213 3911 2492 3986 Σωφετίμ,
2524 3903 2862 3986 Soplzetim,
2899 3907 3136 3969 dictum
3175 3916 3287 3970 est.

2118 4003 2365 4063 Tertius
2395 4021 2468 4064 ac
2503 4003 2760 4064 ultimus
2791 4007 2946 4066 ordo
3004 4005 3482 4088 Hagiograplza
3544 4027 3690 4088 pos-

2038 4110 2220 4186 sidet,
2251 4130 2390 4190 quae
2424 4112 2503 4171 ab
2534 4112 2814 4172 Hebraéis
2849 4130 3063 4182 cum:
3123 4112 3465 4174 Kethuvim
3527 4136 3688 4177 nun-

2039 4215 2373 4287 cupantur,
2408 4209 2468 4268 id
2518 4215 2631 4279 est,
2694 4209 2998 4290 Scripta;
3057 4230 3179 4271 non
3240 4213 3492 4290 quidem
3551 4215 3689 4275 vul-

2039 4305 2236 4382 garia,
2271 4305 2380 4365 sed
2435 4311 2652 4365 sancta
2688 4311 2750 4365 et
2804 4326 3105 4402 w-iFm-iz,
3192 4307 3460 4369 bervahlz
3539 4309 3692 4370 liac-

2038 4402 2320 4481 codesclz,
2403 4411 2515 4484 per
2569 4403 2878 4485 Spiritum
2919 4412 3200 4466 sanctum
3232 4408 3455 4470 litteris
3484 4411 3690 4470 consi-

2041 4507 2254 4578 gnata,
2339 4502 2458 4561 hoc
2516 4509 2633 4574 est,
2697 4521 2808 4582 per
2878 4504 3318 4566 immediatum
3403 4508 3691 4569 afflatum

271 4580 459 4674 citur,
527 4598 806 4677 quinque
887 4598 1080 4657 libros
1165 4599 1352 4658 Nesis
1411 4600 1711 4673 continet,
1796 4580 2236 4661 Ge-Dsancti
2269 4598 2562 4677 Spiritus.
2595 4580 2863 4662 Consule
2897 4603 3341 4664 Maimonidem
3401 4605 3464 4665 in
3526 4607 3693 4666 More

270 4701 470 4760 nesim
510 4697 770 4767 scilicet,
830 4695 1142 4766 Exodum,
1192 4696 1554 4774 Leviticum,
1617 4698 1929 4758 Numeros

267 4807 329 4860 et
388 4794 976 4857 Deuteronomium.
1030 4794 1102 4853 Hi
1135 4813 1353 4854 omnes
1384 4814 1420 4854 a
1453 4797 1772 4875 principiis
1803 4797 1931 4857 suis

265 4897 538 4957 nomina
566 4893 917 4953 sortiuntur
963 4893 1131 4970 apud
1165 4893 1440 4966 JUIitBOS,
1504 4895 1592 4954 ita
1650 4901 1932 4955 utGene-

265 4997 349 5056 sis
383 4997 651 5052 vocetur
681 4988 960 5067 Bresith,
1009 4991 1156 5069 quia
1206 4990 1483 5068 primum
1544 4991 1731 5070 hujus
1786 4993 1932 5054 libri

262 5089 660 5153 vocabulum
710 5087 771 5146 in
805 5093 978 5147 textu
1035 5087 1342 5148 Hebraico
1373 5094 1466 5148 est
1520 5107 1764 5157 nvem:
1817 5089 1930 5150 Be-

263 5186 506 5256 resit/t,
591 5185 760 5264 quod
835 5185 1167 5263 significat,
1253 5185 1329 5245 In
1385 5187 1926 5268 principio(Geu.

261 5307 308 5359 1,
375 5288 469 5364 ί).
555 5283 853 5344 Similiter
923 5283 1208 5342 Exodum
1270 5291 1500 5344 vocant
1552 5283 1928 5357 Ellesmot/z,

263 5389 398 5448 sive
434 5387 835 5460 θύελλεσμώθ,
908 5378 1301 5460 Vellesmot/z,
1339 5388 1408 5442 ut
1454 5382 1606 5461 legit
1637 5385 1933 5462 Origenes

265 5479 752 5546 Commentario
783 5479 846 5538 in
881 5479 1190 5557 psalmum
1224 5497 1265 5540 1.
1300 5483 1464 5540 Nam
1500 5481 1716 5559 primae
1752 5501 1934 5543 voces

264 5585 328 5644 in
363 5581 541 5641 libro
586 5577 781 5638 Exodi
830 5576 964 5637 ista:
1007 5582 1155 5636 sunt
1212 5570 1354 5648 τηε-»υ
1400 5599 1612 5656 Πτῃω,
1699 5579 1930 5641 Vell“-

270 5677 478 5749 math,
522 5675 697 5756 quod
779 5674 1252 5755 interpretatur,
1316 5679 1404 5735 Et
1457 5675 1582 5738 haec
1655 5679 1928 5756 nomina,

2039 4696 2389 4758 Nevochim
2423 4703 2602 4775 parte
2633 4714 2700 4769 11,
2756 4716 2894 4777 cap.
2943 4702 3043 4760 45.
3080 4702 3530 4781 Hagiographa
3589 4723 3696 4764 au-

2039 4801 2164 4854 tem
2225 4813 2450 4854 novem
2503 4802 2936 4868 numerantur,
3014 4796 3150 4876 Iob,
3205 4799 3474 4872 Psalmi,
3539 4800 3699 4861 Pro-

2039 4892 2270 4972 verbia,
2332 4891 2770 4965 Ecclesiastes,
2864 4893 3202 4955 Canticum
3281 4898 3690 4968 canticorum,

2039 4991 2296 5065 Daniel,
2353 4991 2857 5074 Paralipomeua,
2892 4993 3116 5074 Evas,
3152 4995 3485 5057 etEstlzer.
3512 4997 3695 5076 Apud

2039 5091 2368 5167 Origcncm
2402 5091 2561 5149 liber
2617 5091 3016 5152 Psalmorum
3076 5094 3443 5155 inscribitur
3514 5101 3685 5177 Σέφερ

2041 5193 2257 5266 θιλλῖμ,
2290 5187 2522 5268 Sep/ter
2553 5187 2818 5263 t/tillim,
2853 5196 2912 5250 et
2944 5193 3287 5254 Proverbia
3331 5200 3681 5272 prmnotan'

2043 5291 2144 5344 tur
2199 5285 2381 5344 titulo
2415 5289 2663 5357 Μςσλώϐ,
2700 5287 2992 5349 Mislotlz.
3059 5293 3237 5362 Quod
3299 5292 3437 5350 idco
3500 5292 3694 5351 adno-

2043 5389 2273 5455 tamus,
2310 5404 2385 5446 ne
2418 5405 2530 5446 nos
2587 5394 2923 5466 praetereat
2971 5391 3224 5450 varians
3299 5392 3523 5452 horum
3585 5412 3692 5453 no-

2045 5481 2281 5541 minum
2368 5483 2553 5543 lectio
2638 5486 2810 5563 apud
2903 5494 3180 5562 veteres;
3270 5507 3415 5548 nam
3512 5490 3699 5552 aliter

2042 5577 2340 5656 leguntur
2395 5581 2563 5660 apud
2615 5584 3088 5664 Hieronymum,
3169 5603 3394 5664 nempe
3452 5587 3696 5670 Sephar

2047 5682 2279 5761 tallim,
2339 5690 2398 5742 et
2479 5684 2826 5762 Masalot/z,
2905 5687 3000 5745 vel
3074 5685 3382 5748 Maslot/z.
3458 5693 3700 5754 Caetera
