4060 6190
369 402 482 465 103

1523 383 1854 448 PATRUM
1901 381 2604 444 BENEDICTINORUM

3651 384 3767 445 104

361 539 590 601 videsis
643 536 710 596 in
768 529 1021 593 scholiis
1075 527 1154 588 ad
1228 525 1562 604 prologum
1635 520 1994 581 Galeatum.
2029 521 2310 586 Asanna
2385 516 2586 597 (Dan.
2648 517 2785 597 χιι),
2845 536 2979 598 quae
3034 515 3351 577 castitatis
3426 516 3764 598 exemplum

446 637 646 714 Hujus
700 629 1021 693 divisionis
1099 623 1441 702 Scriptura).
1516 638 1710 682 sacrae
1761 619 1826 678 in
1885 623 2008 677 tres
2100 615 2418 697 praebebat
2445 616 2725 676 ecclesiis
2752 615 2901 693 Dei,
2952 615 3028 675 ab
3060 615 3180 675 isto
3228 614 3507 674 abscissa
3537 621 3651 688 est,
3710 621 3770 674 et

367 743 576 818 partes
615 726 1088 811 principaliores
1123 721 1406 783 meminit
1456 719 1746 818 Salvator
1796 721 2010 818 noster

366 813 646 897 Christus
700 826 1002 888 Dominus
1056 826 1208 882 Luc.
1269 837 1442 888 xxnv,
1499 821 1623 877 44:
1689 813 2004 891 Quoniam

370 948 607 992 necesse
634 931 747 1001 est,
798 923 1024 1001 inquit,
1077 917 1327 999 impleri
1381 915 1610 986 omnia,
1654 931 1787 993 qua:
1842 910 2007 970 scri-

341 1037 454 1113 pta
538 1030 687 1086 sunt
763 1023 830 1082 in
911 1020 1050 1098 lege
1116 1015 1352 1088 Moysi,
1403 1019 1468 1113 et
1527 1009 1886 1092 Prophelis,
1949 1013 2008 1066 et

349 1111 628 1188 Psalmis
691 1121 768 1179 de
825 1137 936 1177 me.
1004 1115 1119 1177 Ubi
1179 1111 1418 1174 Psalmi
1490 1114 1811 1189 ponuntur
1890 1125 2004 1184 pro

2117 713 2376 793 objecta,
2412 721 2594 795 atque
2612 713 2999 796 posthabita.
3033 718 3121 775 De
3161 715 3405 775 cantico
3465 715 3765 775 Hebraeo-

2116 833 2256 874 rum
2316 832 2658 891 puerorum
2741 815 2805 875 in
2889 815 3139 876 camino
3221 815 3385 891 ignis
3458 815 3760 894 ardentis,

2115 913 2349 973 similes
2378 913 2568 974 habet
2625 914 3088 993 querimonias:
3163 912 3376 972 Trium
3426 922 3766 994 puerorum

2116 1010 2382 1085 hymnus
2411 1010 2607 1089 (Dan.
2656 1028 2744 1071 ιιι.
2780 1013 3010 1089 52-90),
3055 1012 3166 1090 qui
3224 1011 3487 1070 maxime
3541 1010 3764 1071 diebus

2113 1108 2494 1168 solemnibus
2537 1109 2601 1168 in
2633 1107 2918 1169 Ecclesia
2974 1108 3104 1168 Dei
3132 1113 3446 1186 cantatur,
3507 1107 3584 1169 ab
3642 1109 3766 1168 isto

351 1223 648 1286 omnibus
697 1213 1174 1294 hagiographis,
1237 1210 1466 1288 quibus
1515 1207 1856 1268 constituta
1911 1209 2006 1263 est

347 1323 535 1384 tertia
591 1316 812 1378 classis
894 1312 1202 1371 librorum
1260 1305 1554 1368 Canonis.
1619 1308 1690 1364 In
1737 1302 2004 1364 Psalmis
2113 1305 2472 1384 imperitam
2507 1306 3061 1384 reprehensionem
3120 1325 3247 1367 non
3302 1305 3505 1367 solum
3558 1306 3765 1366 imita-

347 1433 626 1496 namque
660 1412 863 1489 major
895 1427 1039 1488 pars
1100 1405 1602 1485 prOphetiarum,
1663 1418 1736 1460 ac
1797 1397 1999 1458 mani-
2109 1408 2210 1462 tus
2240 1408 2335 1462 est
2362 1403 2626 1481 scriptor
2682 1422 3008 1482 nuperus;
3063 1403 3172 1464 sed
3213 1403 3594 1464 calumniam
3655 1421 3762 1462 ca-

348 1516 607 1577 festiora
637 1512 714 1571 de
743 1509 988 1570 Christo
1047 1505 1306 1566 oracula
1361 1499 1719 1581 praenuntia
1774 1497 2001 1574 legun-
2107 1497 2365 1557 lumniis
2444 1497 2797 1573 cumulans,
2876 1517 3066 1560 ausus
3123 1499 3243 1559 fuit
3296 1517 3574 1560 asserere
3641 1501 3762 1558 Ec-

347 1621 500 1675 tur:
558 1611 700 1672 ideo
781 1606 1076 1667 volumen
1170 1601 1562 1660 Psalmorum
1652 1594 2000 1656 nominavit
2108 1594 2360 1654 clesiam
2463 1595 2692 1655 Christi
2783 1597 3122 1674 castigasse
3205 1596 3760 1676 Hieronymianam

348 1710 630 1774 Christus
661 1715 961 1782 tanquam
998 1699 1369 1760 nobiliorem
1405 1705 1648 1774 partem
1678 1693 1743 1752 iu
1777 1692 1998 1752 ordine
2108 1694 2476 1766 versionem,
2513 1700 2576 1754 et
2605 1712 2710 1754 eas
2743 1695 3017 1756 Danielis
3057 1701 3268 1774 partes
3316 1696 3663 1756 restituisse
3695 1696 3759 1754 in

346 1804 961 1886 Hagiographorum.
998 1797 1164 1858 Alibi
1195 1795 1364 1874 apud
1411 1793 1701 1853 eumdem
1765 1791 1994 1848 Lucam
2104 1794 2382 1864 Canone,
2443 1810 2599 1870 quas
2685 1811 2866 1852 sensu
2950 1792 3216 1854 Judaico
3273 1798 3336 1852 et
3416 1792 3762 1853 Rabbinico

345 1925 471 1978 xv1,
561 1904 657 1980 16,
744 1900 899 1960 duas
987 1902 1228 1956 tantum
1319 1897 1525 1971 partes
1611 1886 1982 1958 nominavit,
2020 1889 2316 1967 Bspiritu
2366 1891 2785 1968 Hieronymus
2843 1891 3218 1952 absciderat.
3283 1891 3414 1951 Illis
3471 1909 3622 1966 ergo
3681 1909 3754 1950 ac

342 2004 604 2063 dicens:
667 1997 790 2058 Lex
842 2001 900 2054 et
933 1991 1250 2074 propheta?
1309 2007 1501 2068 usque
1549 1985 1632 2045 ad
1657 1983 1986 2052 Ιοαηησηι-
2100 1989 2412 2049 similibus
2470 1990 2767 2050 conviciis
2822 1991 2884 2050 id
2945 1991 3194 2069 reponit
3250 1997 3505 2052 sanctus
3560 1992 3756 2051 inter-

343 2103 519 2161 Sicut
590 2115 740 2174 ergo
817 2093 1103 2154 Psalmos
1187 2089 1307 2147 hoc
1385 2090 1524 2146 loco
1609 2081 1991 2162 prastermis-

2120 2108 2244 2168 pres
2279 2109 2292 2148 :
2339 2087 2531 2166 Quod
2558 2095 2760 2149 autem
2792 2093 3015 2165 refero,
3051 2091 3208 2170 quid
3266 2091 3597 2151 adversum
3627 2090 3756 2150 Su-

345 2217 448 2257 808
504 2192 948 2272 Οοηερίοίωυδν
1011 2189 1098 2247 ίίᾶ
1157 2185 1314 2245 nihil
1376 2183 1600 2242 mirum
1661 2182 1762 2250 δίεν
1823 2176 1994 2256 (ιυοά
2103 2205 2311 2247 sanna:
2343 2186 2698 2261 historiam,
2733 2193 2792 2246 et
2821 2187 3113 2262 hymnum
3146 2189 3344 2248 trium
3382 2197 3752 2270 puerorum,

345 2295 422 2355 de
445 2295 602 2354 serie
651 2286 1247 2367 Hagiographorum
1303 2279 1656 2341 meminerit
1713 2277 1997 2337 Christus

2120 2290 2163 2344 at
2195 2282 2372 2343 Belis
2402 2285 2699 2344 draconis
2729 2283 2983 2361 fabulas
3013 2285 3212 2363 (Dan.
3247 2303 3356 2358 xu,
3406 2303 3541 2358 χιιι,
3600 2288 3755 2364 xxv),

349 2391 536 2451 unico
569 2394 815 2449 tantum
865 2384 1055 2460 hujus
1113 2379 1352 2441 ordinis
1410 2377 1728 2438 volumine
1787 2373 1999 2452 appel-
2107 2400 2242 2462 qua
2275 2381 2340 2440 ίη
2371 2381 2681 2441 volumine
2710 2381 3030 2443 Hebraico
3074 2403 3195 2443 ηοη
3233 2383 3560 2457 habent”,
3616 2383 3760 2444 Ηε-

347 2489 501 2549 lato.
556 2484 923 2547 Notandum
986 2497 1134 2540 vero
1194 2494 1303 2556 per
1360 2473 1798 2554 synecdochen
1861 2489 2000 2550 par-
2109 2477 2262 2538 brari
2310 2478 2554 2538 soleant
2609 2479 2816 2539 dicere
2849 2501 2862 2540 :
2897 2480 3011 2560 qui
3039 2501 3131 2540 me
3160 2481 3560 2553 criminatur,
3602 2481 3762 2540 stul-

355 2595 481 2649 tem
538 2587 851 2662 integram
911 2580 1250 2658 Scriptura
1320 2575 1470 2636 alibi
1526 2573 1791 2653 positam
1867 2590 2000 2632 esse
2110 2582 2240 2636 tum
2273 2595 2338 2634 se
2393 2575 2831 2657 sycophantam
2876 2576 3130 2658 probat.
3191 2577 3336 2638 Non
3389 2578 3552 2638 enim
3595 2579 3754 2658 quid

354 2703 470 2765 pro
502 2701 626 2744 uno
656 2682 816 2741 libro
849 2677 1130 2758 ejusdem
1167 2675 1360 2754 partis
1396 2691 1410 2744 ;
1476 2678 1542 2731 ut
1595 2669 1856 2732 Joannis
1917 2687 1996 2740 γι,
2113 2673 2242 2754 ipse
2285 2673 2600 2750 sentirem,
2635 2673 2746 2733 sed
2773 2674 2930 2754 quid
2968 2673 3076 2734 illi
3115 2679 3332 2734 contra
3389 2695 3502 2734 nos
3553 2674 3763 2734 dicere

351 2787 452 2854 45,
489 2781 761 2841 dicitur:
805 2775 926 2836 Est
978 2773 1280 2854 scriptum
1340 2771 1405 2830 in
1452 2766 1797 2850 prophetis,
1860 2783 2002 2826 cum
2113 2770 2376 2840 soleant,
2406 2769 2733 2851 explicavi.
2791 2774 2861 2832 Et
2893 2771 3100 2831 infra:
3171 2769 3401 2848 Quzso
3431 2777 3510 2847 te,
3569 2771 3763 2830 amice

355 2887 567 2941 tamen
603 2873 1026 2938 testimonium
1068 2870 1225 2930 illud
1286 2887 1322 2928 a
1377 2871 1622 2928 Joanne
1672 2864 2000 2925 recitatum
2114 2868 2505 2946 dulcissime,
2584 2869 2696 2947 qui
2776 2874 2900 2928 tam
2973 2869 3264 2928 curiosus
3346 2889 3409 2928 ες
3466 2874 3535 2928 ατ
3581 2869 3768 2928 aiam

358 2980 419 3039 in
455 2995 579 3038 uno
609 2975 784 3036 Isaiae
818 2970 1159 3041 volumine,
1193 2985 1332 3046 cap.
1369 2983 1493 3038 ιιν,
1546 2966 1640 3036 13,
1700 2963 2004 3040 scriptum

2120 2968 2358 3028 somnia
2417 2988 2547 3027 mea
2597 2967 2862 3035 noveris.
2917 2967 3264 3046 omniaque,
3325 2987 3460 3046 qum
3498 2976 3612 3048 per
3668 2973 3761 3027 tot

371 3074 744 3154 reperiatur.
775 3071 897 3132 Sed
926 3065 1213 3136 dicendo,
1271 3065 1336 3122 in
1385 3059 1743 3141 Prop/ictis,
1792 3076 2010 3118 secun-

2120 3085 2314 3125 annos
2345 3063 2576 3144 absque
2621 3070 2783 3124 metu
2823 3067 3069 3140 futurae
3125 3063 3356 3145 scripsi
3410 3064 3763 3143 calumnias,

373 3174 518 3234 dam
611 3171 874 3231 classem
960 3165 1268 3224 librorum
1349 3158 1620 3220 Canonis
1715 3155 2013 3232 intelligit
2123 3163 2188 3222 in
2237 3161 2692 3221 accusationem
2741 3181 2940 3236 vocas,
3034 3166 3104 3220 ut
3157 3162 3551 3242 respondeas,
3611 3182 3771 3241 quo-

367 3267 791 3347 evangelista:
851 3279 1078 3340 nempe
1136 3265 1378 3338 partem
1437 3257 1610 3315 illam
1671 3272 1810 3331 qua:
1867 3259 2010 3318 bro-

2125 3261 2305 3320 modo
2364 3280 2573 3318 eorum
2659 3259 3076 3336 Prwfationes
3134 3259 3443 3320 librorum
3502 3259 3770 3333 nescias,

351 3367 580 3449 phetas
663 3362 965 3424 continet.
1035 3357 1207 3418 Idem
1279 3355 1520 3416 οοουνὶῐ
1602 3355 1809 3412 Αοῐοτο
1870 3367 2001 3422 XI“,
2117 3378 2270 3438 quos
2300 3356 2618 3416 accusas?
2670 3358 2811 3422 Quae
2863 3357 3130 3437 quodam
3180 3357 3481 3417 vaticinia
3537 3363 3774 3426 futura!

364 3446 474 3527 λοι
538 3461 753 3523 Videte
807 3477 960 3537 ergo
1019 3475 1092 3514 ne
1152 3450 1544 3534 superveniat
1617 3447 1785 3508 vobis
1841 3446 2009 3527 quod

2120 3455 2444 3514 calumnias
2527 3454 3002 3535 responderunt,
3109 3455 3433 3536 implentes
3493 3463 3766 3536 prover-

364 3563 599 3622 dictum
631 3563 722 3618 est
753 3558 818 3617 in
835 3552 1188 3638 prophetis.
1224 3554 1378 3612 Nam
1412 3552 1585 3609 locus
1640 3547 1726 3606 ibi
1783 3547 2010 3606 citatus
2119 3551 2337 3612 bium:
2424 3551 2622 3612 Prius
2702 3552 3080 3631 antidotum,
3179 3573 3362 3632 quam
3447 3573 3767 3613 venenum.

2112 1229 2143 1267 e
2189 1208 2324 1269 loco
2380 1229 2494 1268 suo
2561 1209 2815 1291 penitus
2874 1229 3092 1269 erasus
3144 1215 3257 1270 est.
3319 1212 3500 1270 Hanc
3557 1209 3766 1269 Ruﬁni

363 3662 732 3736 desumptus
785 3661 878 3715 est
925 3672 959 3713 θ
1013 3651 1216 3728 capite
1272 3650 1502 3725 primo,
1563 3663 1700 3705 vers
1755 3649 1816 3714 5,
1878 3646 2006 3703 Ha-

365 3758 610 3828 bacuci,
672 3773 798 3815 non
859 3771 934 3813 cx
993 3749 1286 3810 omnibus
1371 3744 1718 3825 prophetis.
1773 3744 2007 3804 Verum

366 3860 432 3919 in
463 3853 798 3937 Prophetis
829 3851 1010 3923 dixit,
1044 3849 1193 3927 quia
1240 3852 1517 3907 attentus
1564 3849 1700 3903 erat
1755 3842 1819 3901 in
1868 3859 2006 3901 eam

365 3963 607 4036 partem
639 3951 978 4030 Scriptura:
1027 3965 1168 4025 qua:
1200 3963 1420 4004 omnes
1480 3943 1672 4001 libros
1733 3939 2007 4018 prophe-

364 4035 520 4115 ticos
568 4047 1034 4128 complectitur,
1093 4049 1480 4117 vocaturque
1537 4038 1691 4098 ordo
1732 4035 2010 4118 prophe-

366 4159 596 4212 tarum.
658 4147 825 4208 Nihil
879 4145 955 4205 de
1009 4141 1310 4220 Josepho,
1362 4138 1726 4198 Judaeorum
1789 4153 2010 4194 verna-

365 4250 507 4310 culo
562 4245 891 4323 scriptore,
954 4240 1049 4300 vel
1124 4258 1200 4299 ex
1267 4233 1742 4298 Commentariis
1799 4235 2013 4292 Maso-

366 4344 622 4405 rethicis
650 4342 752 4402 hic
784 4337 1054 4416 amplius
1084 4334 1452 4410 adjiciemus
1483 4331 1563 4390 ad
1622 4329 2011 4409 probandam

367 4443 694 4520 antiquam
770 4437 944 4497 illam
999 4433 1366 4492 divisionem
1425 4428 1892 4506 Scripturarum
1951 4425 2014 4484 in

366 4551 492 4603 tres
523 4546 731 4620 partes
763 4535 1110 4615 praecipuas
1145 4548 1157 4589 :
1184 4529 1470 4590 sufficere
1501 4527 1666 4587 enim
1701 4525 2014 4586 credimus

365 4659 440 4700 ea
529 4635 889 4707 adduxisse,

365 4737 679 4799 aChristo
727 4740 788 4794 et
837 4732 916 4792 ab
975 4726 1298 4808 apostolis.
1360 4725 1477 4797 Qui
1536 4725 1718 4803 plura
1759 4723 1835 4782 de
1894 4722 2012 4781 hoc

369 4836 744 4912 argumento
808 4825 1117 4908 poposcit,
1169 4824 1356 4884 adeat
1418 4820 1792 4889 Buxtorlios,
1844 4822 2012 4878 Bon-

370 4935 628 5002 frerum,
680 4934 743 4990 et
802 4926 1031 4986 multos
1089 4922 1246 4983 alios
1297 4923 1845 4988 commentatores,
1905 4916 2013 4994 qui

371 5021 1024 5108 prwludiaisagogica
1070 5018 1504 5098 scriptitarunt
1558 5015 1638 5076 ad
1691 5032 2010 5074 sacrorum

368 5127 715 5189 Bibliorum
747 5118 1254 5196 intelligentiam.

449 5223 808 5290 V.Udium,
867 5237 992 5296 quo
1053 5215 1314 5274 Ruﬁnus
1370 5211 1816 5287 Hieronymum
1876 5226 2015 5285 pro-

367 5332 619 5386 secutus
649 5327 765 5393 est,
803 5315 1109 5398 persuasit
1138 5312 1481 5391 aliquando
1521 5309 1612 5368 illi
1673 5307 2014 5367 calumnia-

370 5423 488 5482 tori
547 5427 753 5500 partes
838 5413 1130 5475 nonullas
1199 5411 1538 5488 Scriptura:
1588 5423 1621 5464 e
1696 5403 2013 5463 volumine

371 5519 644 5581 Danielis
698 5514 1008 5577 abscissas
1065 5527 1199 5568 esse
1256 5515 1318 5568 et
1373 5505 1653 5583 abjcctas
1703 5521 1740 5561 a
1795 5509 2012 5562 sancto

368 5618 645 5678 doctore.
702 5614 804 5675 Sic
868 5609 1034 5672 enim
1093 5604 1464 5665 criminatur
1521 5605 1754 5661 Invect.
1819 5615 1862 5659 ιι
1948 5599 2013 5658 in

370 5715 868 5791 Hieronymum:
937 5702 1168 5766 Omnis
1228 5700 1346 5763 illa
1403 5696 1673 5760 historia
1748 5695 1824 5756 de
1888 5695 2012 5757 Su-

2117 3654 2296 3712 Certe
2325 3669 2402 3710 ex
2433 3651 2569 3728 ipsa
2604 3651 2968 3728 praefatione
3009 3651 3070 3709 in
3131 3651 3453 3712 Danielem
3512 3651 3591 3710 de
3652 3654 3777 3712 He-

2119 3749 2290 3808 braeo
2319 3747 2533 3808 Latine
2588 3765 2983 3819 conversum,
3022 3748 3348 3808 manifeste
3409 3754 3587 3826 patet
3642 3753 3775 3810 Ru-

2121 3848 2312 3906 finum
2345 3845 2605 3922 ejusque
2639 3845 2975 3905 hodiernos
3025 3846 3310 3922 gregales
3367 3865 3493 3906 non
3553 3847 3776 3923 legisse

2121 3943 2416 4021 prologos
2465 3940 2771 4000 librorum
2829 3959 2988 4017 quos
3047 3942 3111 4000 in
3168 3942 3762 4002 condemnationem

2122 4045 2370 4101 vocant.
2462 4040 2678 4099 Nonne
2735 4037 2824 4098 ibi
2880 4045 3271 4099 contestatur
3357 4041 3774 4118 Hieronymus

2123 4144 2331 4216 partes
2377 4135 2539 4208 illas,
2602 4153 2743 4213 quae
2801 4135 2861 4194 in
2923 4135 3206 4196 Haabraeo
3271 4155 3393 4195 non
3447 4136 3777 4198 inveniun-

2123 4246 2245 4306 tur,
2282 4253 2319 4294 a
2374 4252 2439 4294 se
2496 4233 2685 4293 fuisse
2742 4233 3058 4311 subjectas
3114 4251 3258 4293 cum
3317 4234 3512 4311 signis
3567 4235 3777 4294 obelo-

2124 4353 2263 4393 rum
2292 4333 2320 4391 ?
2352 4331 2510 4392 Haec
2543 4331 2781 4390 idcirco
2810 4333 3031 4405 refero,
3067 4332 3291 4409 inquit,
3349 4337 3418 4390 ut
3473 4331 3777 4410 difﬁcul-

2124 4435 2307 4489 tatem
2368 4427 2539 4489 vobis
2586 4427 2887 4488 Danielis
2961 4428 3364 4504 ostenderem,
3417 4429 3528 4507 qui
3611 4428 3780 4509 apud

2123 4528 2424 4590 Hebraeos
2485 4548 2592 4587 nec
2640 4528 2944 4587 Susanna
3002 4525 3183 4586 habet
3232 4527 3589 4604 historiam,
3671 4548 3780 4586 nec

993 4649 1134 4709 quae
1235 4627 1675 4687 auctoritatem
1780 4624 2017 4684 habent
2050 4626 2091 4688 Ι)
2124 4626 2417 4700 hymnum
2450 4626 2641 4684 trium
2663 4632 3027 4705 puerorum,
3079 4643 3187 4681 nec
3242 4621 3422 4683 Belis
3481 4622 3780 4682 draconis

2120 4722 2374 4792 fabulas
2423 4721 2674 4801 (Ibid),
2735 4739 2892 4800 quas
2949 4739 3083 4798 nos,
3147 4719 3296 4798 quia
3354 4718 3419 4777 in
3469 4723 3594 4778 toto
3637 4719 3782 4780 orbe

2123 4821 2417 4900 dispersae
2476 4823 2646 4896 sunt,
2708 4838 2847 4877 vero
2905 4816 3248 4897 anteposito
3297 4835 3519 4896 easque
3563 4815 3779 4896 jugu-

2123 4917 2312 4995 lante,
2373 4914 2774 4993 subiecimus,
2836 4935 2908 4974 ne
2956 4913 3308 4973 videremur
3361 4913 3530 4994 apud
3587 4913 3778 4994 impe-

2123 5015 2280 5074 ritos
2312 5033 2605 5093 magnam
2653 5019 2898 5094 partem
2957 5011 3297 5072 voluminis
3355 5011 3774 5072 detruncasse.

2123 5113 2504 5190 Hieronymo
2536 5111 2729 5188 igitur
2760 5111 3045 5172 animum
3094 5109 3428 5169 Judaicum
3487 5109 3775 5187 quisquis

2122 5209 2435 5288 impingit,
2514 5207 2775 5268 stultum
2835 5225 2900 5267 se
2985 5206 3211 5286 probat
3295 5206 3776 5296 sycophantam,

2127 5313 2343 5383 utpote
2375 5305 2482 5383 qui
2515 5305 2752 5364 nesciat
2793 5310 3079 5363 sanctum
3141 5305 3474 5363 Doctorem
3532 5304 3594 5362 in
3669 5323 3784 5363 sua

2126 5402 2397 5462 Danielis
2432 5402 2652 5462 Latina
2709 5401 3141 5470 conversione,
3205 5407 3269 5459 et
3299 5399 3536 5477 hymno
3589 5401 3779 5460 trium

2121 5519 2486 5580 puerorum,
2574 5507 2636 5558 et
2704 5499 2981 5559 historia:
3058 5500 3362 5558 Susannaa
3450 5499 3778 5576 proprium

2123 5597 2412 5658 tribuisse
2470 5597 2704 5666 locum.
2783 5596 3068 5674 nihilque
3124 5595 3202 5655 de
3283 5595 3408 5654 illis
3490 5596 3783 5674 partibus

2123 5697 2553 5770 detruncasse,
2644 5711 2760 5757 nec
2844 5694 3100 5774 quidem
3163 5694 3644 5756 Commentariis
3713 5695 3779 5757 in
