4060 6190
211 438 319 497 105

1612 425 2221 486 PRULEGOMENA.

3508 429 3626 488 1οὓ

211 569 556 629 Danielem.
597 565 872 626 Audiant
903 583 1029 643 qua
1087 569 1351 643 propter
1405 558 2170 635 obtrectatoresAvulgo
2205 558 2407 618 dictus
2461 560 2658 618 codex
2728 563 2792 619 S.
2855 561 3073 638 Mauri,
3132 566 3386 622 notatus
3446 581 3624 622 num.

209 667 295 727 illi
327 665 763 726 doctissimum
793 663 1000 722 virum
1057 661 1120 721 in
1180 679 1433 721 causam
1493 677 1672 719 suam
1735 659 1865 717 ele-

213 773 433 841 ganter
488 763 974 824 descendentem
1037 759 1345 838 prooemio
1383 757 1516 836 jam
1577 755 1868 816 laudato-

211 881 342 922 rum
408 860 1022 921 Commentariorum
1078 879 1090 917 :
1160 855 1340 918 Unde
1423 861 1480 914 et
1536 874 1648 914 nos
1725 859 1867 912 ante

215 979 410 1018 annos
471 957 792 1038 plurimos
874 976 1011 1016 cum
1091 961 1460 1014 oerteremns
1531 951 1863 1012 Danielem

212 1057 320 1116 has
380 1056 657 1115 visiones
712 1052 1421 1134 obeloprrenotaoimus,
1470 1049 1863 1130 significan-

212 1161 296 1214 tes
355 1175 464 1213 eas
550 1173 671 1214 non
755 1149 973 1211 haberi
1058 1150 1122 1209 in
1175 1148 1515 1209 Hebraico.
1583 1146 1670 1207 Et
1737 1146 1860 1206 mi-

212 1274 317 1312 ror
391 1251 698 1332 quosdam
759 1246 1170 1321 μεμψιμοίρους
1225 1246 1586 1326 indignari,
1674 1243 1855 1321 mihi,

209 1350 396 1430 quasi
479 1370 596 1429 ego
653 1346 1103 1408 decurtaverim
1185 1344 1442 1417 librum,
1501 1351 1620 1404 etc.
1694 1346 1859 1420 Ergo

214 1465 383 1506 nunc
417 1464 562 1506 cum
592 1444 844 1506 Amasio
899 1463 1014 1504 suo
1074 1442 1368 1503 Ruﬁnum
1401 1440 1670 1520 probent
1716 1437 1857 1517 qui-

210 1544 350 1604 dem
445 1546 816 1621 μεμψίμοιροι
900 1540 1208 1601 abcissam
1287 1545 1349 1600 et
1429 1535 1854 1617 posthabitam

209 1659 341 1702 esse
373 1638 705 1700 historiam
735 1641 1039 1699 Susannae
1081 1638 1162 1698 ab
1219 1637 1630 1716 Hieronymo,
1680 1634 1852 1694 ideo-

211 1757 330 1817 que
355 1737 452 1798 illi
509 1737 678 1796 malo
736 1735 1081 1796 Ecclesiam
1163 1734 1390 1794 Christi
1448 1733 1851 1806 succurrisse,

214 1836 470 1914 quando
498 1835 836 1912 Vulgatam
883 1834 1172 1895 Latinam
1230 1832 1530 1894 utendam
1594 1831 1852 1892 tradidit

1978 659 2131 715 3561
2170 663 2232 717 et
2262 673 2485 729 ccxxn,
2521 658 2745 716 retinet
2799 658 3132 736 diligenter
3161 660 3374 720 omnia
3404 659 3623 720 isthaec

1976 754 2157 832 signa
2231 754 2558 814 obelorum
2644 773 2717 814 ac
2803 757 3117 832 llymnum
3180 757 3367 817 trium
3473 775 3623 836 pue-

1977 871 2190 912 rorum
2224 852 2285 912 in
2344 836 2618 912 Danielis
2648 853 2988 914 volumine.
3049 854 3352 914 Similiter
3406 853 3617 932 splen-

1975 948 2367 1008 didissimum
2401 949 2728 1026 exemplar
2782 948 3157 1010 Colbertina:
3216 949 3620 1010 bibliothecae

1972 1063 2148 1104 num.
2214 1048 2271 1118 Ι,
2323 1045 2493 1123 quod
2551 1045 2776 1105 Carolo
2837 1045 3026 1105 Calvo
3085 1045 3402 1106 donarunt
3459 1046 3614 1107 olim

1975 1143 2272 1204 monachi
2327 1149 2390 1204 S.
2453 1143 2710 1204 Martini
2767 1144 3169 1217 Turonensis,
3230 1144 3425 1204 habet
3452 1163 3616 1224 prae-

1975 1248 2223 1301 notatas
2279 1242 2419 1302 illas
2452 1241 2726 1320 virgulas
2757 1242 2975 1301 eodem
3032 1241 3309 1302 Danielis
3342 1241 3504 1316 loco,
3557 1248 3619 1301 et

1972 1339 2090 1400 hoc
2123 1340 2378 1419 quidem
2427 1340 2506 1400 ad
2537 1345 2729 1418 caput
2758 1339 3042 1400 omnium
3097 1339 3433 1399 linearum.
3469 1341 3615 1399 Non

1968 1437 2056 1498 sic
2105 1438 2510 1518 Exemplaria
2563 1437 2836 1498 Canonis
2918 1437 3240 1498 Hebraicaa
3307 1436 3612 1506 veritatis,

1968 1535 2074 1594 ubi
2107 1536 2506 1596 librariorum
2565 1543 2626 1596 et
2656 1535 3043 1596 notariorum
3093 1535 3341 1596 incuria
3397 1532 3615 1613 hujus-

1968 1633 2137 1694 modi
2195 1633 2375 1712 signa
2449 1633 2874 1713 praetermissa
2930 1638 3098 1693 sunt.
3158 1631 3612 1711 Excipiendum

1964 1735 2175 1792 tamen
2206 1732 2474 1810 Regium
2505 1731 2848 1810 exemplar,
2883 1737 3166 1792 notatum
3201 1732 3377 1804 3564,
3443 1728 3616 1808 quod

1962 1847 2091 1889 non
2142 1830 2357 1889 omnia
2412 1829 2740 1890 obelorum
2799 1828 2979 1906 signa
3036 1846 3292 1908 prorsus
3351 1827 3610 1906 abjecit,

218 1934 530 1994 ﬁdelibus.
616 1932 803 2011 Apud
856 1932 993 2011 pios
1038 1949 1187 1992 vero
1247 1949 1321 1992 ac
1363 1930 1523 1991 bene
1575 1928 1932 1995 eruditosB
1963 1934 2236 2008 quatuor
2290 1930 2479 2002 enim,
2546 1930 2637 1989 vel
2693 1929 2972 2007 quinque
3028 1927 3222 1988 habet
3285 1926 3608 2004 adscripta

211 2031 365 2092 illud
398 2033 803 2092 observatum
852 2029 1060 2102 velim,
1107 2028 1412 2107 hymnum
1463 2027 1654 2087 trium
1711 2044 1858 2104 pue-

215 2148 455 2206 rorum,
491 2127 822 2188 historiam
869 2130 1194 2197 Susannaa,
1254 2130 1316 2186 et
1370 2125 1636 2186 alteram
1691 2123 1857 2184 Belis

214 2227 528 2297 draconis,
599 2231 920 2303 sumptam
977 2223 1168 2284 fuisse
1225 2241 1352 2284 non
1409 2241 1487 2284 ex
1542 2223 1698 2283 LXX
1755 2222 1856 2281 In-

214 2323 594 2403 terpretibus
621 2322 758 2400 (qui
801 2328 973 2382 recto
1022 2320 1266 2399 judicio
1321 2319 1610 2380 Ecclesia:
1667 2337 1853 2398 repu-

214 2423 367 2482 diali
396 2429 548 2482 sunt
600 2420 666 2480 in
721 2425 857 2481 toto
887 2419 1164 2480 Danielis
1217 2418 1581 2495 volumine),
1643 2417 1752 2477 sed
1779 2436 1857 2478 ex

214 2519 673 2590 Theodotione,
734 2517 882 2578 licet
933 2516 1226 2577 Ebionita
1282 2521 1345 2578 et
1403 2515 1851 2586 Semi-Judaeo,

216 2618 365 2697 quia
395 2617 587 2696 hujus
644 2615 970 2676 translatio
1002 2613 1250 2675 veritati
1305 2631 1579 2675 consona
1610 2619 1858 2690 reperta

213 2723 330 2788 est,
390 2733 535 2775 cum
594 2713 705 2773 illa
786 2731 926 2791 quae
985 2710 1544 2772 circumferebatur
1610 2711 1862 2771 nomine

212 2816 371 2874 LXX
433 2811 936 2882 'l‘ranslatornm,
987 2809 1254 2870 multum
1314 2827 1352 2868 a
1399 2808 1661 2868 veritate
1745 2808 1862 2868 dis-

213 2911 531 2972 cordaret.
595 2912 802 2984 thue
860 2925 1229 2986 persuasum
1289 2906 1563 2966 habeant
1643 2923 1864 2965 omnes

219 3008 562 3068 Ecclesiam
620 3005 994 3066 catholicam
1080 3022 1192 3084 per
1251 3004 1467 3065 omnia
1538 3002 1863 3063 adhaerere

214 3107 607 3182 Hieronymo
638 3102 704 3162 in
761 3102 988 3162 Latina
1041 3101 1316 3162 Danielis
1354 3101 1648 3173 editione,
1710 3117 1861 3159 con-

213 3205 372 3264 ferat
429 3201 544 3280 qui
619 3199 907 3268 voluerit,
977 3199 1142 3277 apud
1205 3201 1432 3260 Carum
1509 3197 1857 3274 thelogum,

1967 2025 2027 2085 in
2104 2027 2331 2104 capite,
2401 2025 2608 2086 medio
2666 2030 2729 2085 et
2782 2025 2906 2084 ﬁne
2963 2023 3426 2095 columnarum,
3487 2023 3606 2081 sub

1965 2123 2192 2202 quibus
2253 2123 2706 2202 comprehendi
2780 2122 2982 2183 voluit
3055 2121 3256 2182 lineas
3325 2119 3608 2198 singulas

1963 2223 2189 2284 harum
2226 2224 2498 2303 partium
2557 2221 2850 2283 Danielis.
2884 2221 3063 2289 Quod
3118 2225 3363 2300 spectat
3415 2218 3608 2279 histo-

1963 2323 2120 2382 riam
2154 2323 2457 2384 Susannm
2489 2321 2686 2401 (Dan.
2721 2319 2830 2401 xu)
2888 2326 2952 2382 et
3006 2320 3169 2380 Belis
3197 2317 3394 2398 (Ibid.
3443 2318 3602 2395 x1v),

1965 2419 2207 2481 nullum
2243 2439 2440 2500 usque
2468 2421 2534 2481 in
2593 2437 2867 2500 praesens
2923 2417 3204 2480 codicem
3263 2435 3378 2477 ms.
3438 2416 3609 2475 inve-

1965 2521 2100 2581 nire
2158 2521 2358 2600 potui,
2417 2521 2479 2580 in
2541 2539 2666 2599 quo
2724 2520 2908 2598 signa
2960 2519 3290 2580 obelorum
3324 2537 3452 2579 non
3484 2517 3614 2577 fue-

1970 2618 2096 2677 rint
2144 2617 2398 2689 omissa,
2455 2617 2746 2696 quamvis
2830 2617 3246 2695 Hieronymus
3319 2632 3612 2694 expresse

1971 2719 2235 2775 testatus
2307 2715 2409 2788 sit,
2469 2713 2584 2774 has
2642 2714 2913 2774 visiones
2972 2713 3168 2773 obelis
3227 2717 3615 2793 prwnotalas

1971 2833 2124 2885 esse,
2160 2820 2229 2874 ut
2257 2814 2510 2874 lectoris
2570 2813 3020 2874 admoneretur
3075 2811 3365 2884 intentio,
3416 2829 3521 2872 eas
3553 2811 3613 2869 in

1973 2913 2287 2973 Hebraico
2352 2930 2480 2972 non
2537 2911 2780 2972 haberi.
2842 2911 3046 2982 Quare
3106 2910 3377 2970 visiones
3430 2910 3611 2970 dicta:

1969 3009 2095 3070 sint
2149 3028 2187 3070 a
2241 3009 2556 3070 veteribus
2612 3008 3025 3088 scriptoribus
3079 3007 3206 3068 illa:
3275 3007 3609 3078 sectiones,

1971 3129 2113 3188 quas
2184 3110 2354 3188 apud
2438 3127 2552 3168 nos
2635 3109 2823 3170 hodie
2888 3107 3120 3188 Capita
3177 3107 3611 3178 nominantur,

1971 3206 2366 3267 commodius
2395 3205 2560 3266 infra
2589 3205 2970 3266 declaratur.

212 3302 531 3360 variantes
589 3297 891 3357 lectiones
920 3296 1147 3357 cantici
1193 3296 1433 3356 Azariaa
1485 3315 1522 3356 ἃ
1573 3313 1756 3354 versu
1787 3296 1864 3353 26
1895 3301 1938 3366 C
2057 3303 2420 3364 Notandum
2507 3309 2602 3362 est
2683 3301 2960 3363 secundo
3046 3301 3424 3380 ianualem
3481 3319 3614 3362 esse

217 3399 291 3458 ad
327 3413 581 3457 versum
612 3399 688 3454 45
720 3402 884 3474 (cap.
945 3393 1057 3471 III),
1118 3392 1225 3453 ubi
1257 3393 1456 3452 multa
1511 3391 1865 3470 deprehen-

218 3499 320 3557 det
377 3497 636 3556 diversa
692 3495 757 3554 in
819 3493 1094 3554 editione
1152 3493 1372 3566 veteri,
1430 3493 1510 3552 ab
1593 3493 1668 3552 iis
1726 3511 1866 3571 quas

217 3595 517 3672 leguntur
549 3591 612 3650 in
643 3591 937 3669 Vulgata,
994 3608 1067 3650 ac
1123 3589 1185 3649 in
1245 3591 1497 3649 Canone
1543 3589 1867 3650 Hebraicas

219 3691 520 3760 veritatis,
584 3707 623 3747 a
679 3687 862 3747 nobis
915 3687 1108 3747 edito.
1172 3687 1772 3746 Prmtereainsertse
1803 3687 1865 3746 in

218 3798 308 3849 tra
339 3795 558 3848 textus
611 3784 886 3844 Danielis
914 3783 1454 3844 adnotatiunculis
1503 3782 1869 3861 Hieronymi

220 3882 802 3944 manifestissimum
876 3880 1162 3958 praebent
1219 3888 1686 3957 argumentum,
1747 3883 1866 3940 Ec-

224 3982 484 4043 clesiam
569 3984 923 4040 Romanam
981 3998 1105 4038 non
1166 3977 1353 4038 aliam
1405 3978 1582 4056 sequi
1635 3979 1869 4038 versio-

223 4099 362 4140 nem
429 4079 493 4137 in
549 4077 709 4136 libro
758 4075 1053 4147 Danielis,
1114 4094 1305 4154 quam
1363 4074 1538 4135 illam
1574 4075 1872 4154 Hierony-

223 4181 502 4239 mianam
535 4183 671 4237 tum
704 4194 777 4236 ex
811 4175 1100 4249 Hebraeo,
1137 4183 1271 4236 tum
1329 4193 1406 4235 ex
1438 4174 1872 4236 Theodotione

220 4295 592 4358 expressam
606 4325 619 4337 .

1975 3401 2303 3462 obelorum
2360 3401 2626 3461 formam
2686 3417 2812 3460 non
2843 3400 2906 3460 in
2937 3399 3198 3460 diversis
3227 3399 3456 3473 solum,
3506 3400 3616 3460 sed

1974 3498 2039 3558 in
2094 3497 2316 3557 iisdem
2373 3497 2563 3557 etiam
2596 3513 2744 3555 mss.
2779 3494 3126 3556 codicibus.
3160 3495 3260 3555 Sic
3319 3493 3620 3556 laudatus

1973 3614 2168 3674 supra
2198 3594 2663 3673 manuscriptus
2691 3593 3090 3653 Colbertinus
3120 3592 3301 3671 signa
3357 3590 3495 3653 haec
3554 3592 3618 3652 in

1974 3697 2109 3754 toto
2140 3692 2504 3771 Hieronymi
2558 3691 2866 3752 Psalterio
2923 3690 3158 3769 scripta
3208 3688 3438 3751 retinet
3468 3707 3612 3750 cum

1977 3793 2223 3852 duobus
2281 3791 2549 3869 punctis,
2613 3809 2739 3850 uno
2797 3789 3128 3868 superiori,
3216 3794 3278 3850 et
3333 3789 3618 3853 inferiori

1977 3890 2200 3960 altero,
2252 3893 2331 3948 ad
2363 3889 2552 3948 istum
2605 3887 2858 3948 modum
2934 3894 3033 3959 -j-;
3067 3887 3132 3946 in
3162 3886 3614 3947 additamentis

1978 3995 2190 4048 autem
2229 3986 2502 4046 Danielis
2529 3993 2591 4046 et
2623 3988 2868 4054 Esther,
2919 3985 3205 4046 eamdem
3270 4002 3618 4063 repraesen-

1977 4090 2072 4145 tat
2101 4084 2410 4162 virgulam
2460 4087 2539 4157 v-:-,
2575 4089 3023 4152 transversam,
3055 4081 3163 4141 sed
3191 4081 3430 4160 absque
3484 4080 3616 4141 ullo

1978 4190 2236 4262 puncto.
2275 4182 2504 4260 Regius
2532 4198 2784 4258 quoque
2815 4198 2989 4240 num.
3051 4181 3203 4240 3561
3267 4180 3332 4239 in
3386 4179 3616 4239 Danie-

1978 4278 2054 4340 lis
2085 4280 2331 4356 Hymno
2361 4277 2613 4338 obelum
2672 4275 2864 4336 habet
2913 4276 3164 4354 punctis
3193 4281 3486 4337 ornatum
3537 4279 3619 4348 ἐκ,

307 4380 502 4438 Nunc
553 4375 732 4453 signa
789 4373 1116 4434 obelorum
1165 4372 1395 4452 quibus
1451 4391 1670 4433 omnes
1733 4373 1874 4433 illas
1982 4383 2048 4436 at
2076 4375 2142 4435 in
2192 4375 2318 4436 ﬁne
2347 4374 2627 4435 Estheris
2656 4373 2857 4434 solam
2889 4373 3146 4434 exhibet
3175 4373 3486 4452 virgulam
3521 4373 3624 4453 ja-

229 4483 444 4553 partes
475 4471 1082 4533 deuterocanonicas
1134 4472 1512 4549 praanotavit
1567 4471 1873 4551 Hierony-
1984 4479 2229 4534 centem
2275 4473 2495 4544 v-Z-sine
2575 4479 2952 4552 punctorum
3037 4473 3364 4544 comitatu,
3455 4471 3629 4550 quod

227 4590 366 4632 mus
399 4570 741 4648 diligenter
825 4567 1284 4630 consideranda
1315 4574 1461 4628 sunt
1489 4567 1552 4627 in
1603 4569 1878 4629 Danielis
1983 4572 2270 4632 imitatur
2298 4569 2690 4630 Corbeiensis
2722 4588 2868 4630 mss.
2901 4570 3101 4630 codex
3133 4587 3285 4629 num
3319 4574 3374 4630 l.
3409 4567 3634 4630 Castori

223 4669 580 4728 volumine.
642 4668 794 4727 Nam
856 4666 1062 4745 primo
1118 4665 1464 4734 sciendum,
1525 4665 1634 4725 illa
1699 4667 1954 4744 signal)
1987 4671 2594 4732 San-Germanenses
2651 4668 2848 4727 nostri
2904 4673 2966 4728 et
3047 4667 3468 4728 Memmianus
3522 4669 3634 4727 Ca-

224 4785 338 4844 per
367 4766 754 4843 scriptorum
787 4763 1235 4842 negligentiam
1295 4781 1327 4822 e
1379 4762 1665 4840 pluribus
1724 4782 1872 4824 mss.
1985 4787 2111 4828 non
2142 4771 2360 4846 partes
2408 4765 2686 4826 Estheris
2733 4765 2989 4826 ultimas
3051 4763 3251 4825 obelis
3308 4769 3638 4842 paenotant

224 4862 412 4922 libris
465 4880 599 4922 esse
646 4860 989 4921 subtracta.
1049 4862 1198 4926 Qua:
1256 4859 1645 4920 notariorum
1702 4861 1879 4921 incu—
1988 4884 2133 4926 cum
2211 4864 2447 4944 duplici
2523 4871 2758 4944 puncto
2805 4880 3102 4941 supremo
3160 4872 3223 4923 et
3278 4862 3498 4924 inﬁmo
3551 4867 3633 4932 ἐ,

227 4961 322 5021 ria
382 4966 570 5020 vetus
623 4959 780 5019 adeo
810 4963 923 5030 est,
959 4961 1027 5016 ut
1056 4956 1228 5017 illam
1264 4957 1360 5016 his
1392 4963 1562 5018 terve
1601 4977 1880 5038 conque-
1988 4964 2221 5026 Eadem
2270 4962 2449 5040 signa
2491 4961 2817 5022 obelorum
2877 4959 3040 5020 binis
3093 4959 3344 5039 punctis
3394 4961 3629 5020 instru-

230 5067 416 5118 ntnr
477 5056 894 5135 Hieronymus
951 5054 1131 5133 epist.
1195 5056 1309 5114 135
1366 5071 1380 5113 :
1449 5053 1606 5132 Quae
1662 5057 1876 5137 signa,
1991 5068 2236 5123 ctorum
2295 5061 2582 5121 visuntur
2636 5061 2701 5120 in
2756 5059 3031 5120 editione
3087 5059 3419 5138 Origenica
3493 5059 3640 5118 libri

231 5155 469 5232 inquit,
534 5153 683 5212 dum
733 5160 846 5233 per
899 5150 1276 5230 scriptorum
1335 5151 1795 5231 negligentiam
1847 5176 1882 5214 a
1990 5159 2239 5230 Esther,
2271 5178 2349 5219 ex
2379 5157 2830 5218 Arundelliana
2885 5156 3268 5217 bibliotheca
3328 5155 3638 5236 producti.

221 5252 558 5332 plerisque
584 5250 769 5331 quasi
824 5248 1150 5329 superﬂua
1206 5248 1675 5328 relinquuntur,
1752 5273 1884 5312 ma-
1994 5257 2227 5317 Caveat
2283 5261 2491 5316 autem
2551 5257 2828 5334 prudens
2884 5255 3108 5326 lector,
3193 5273 3269 5315 ne
3355 5252 3641 5313 notulam

231 5370 410 5429 gnus
469 5349 538 5408 in
595 5346 862 5427 legendo
917 5365 1094 5404 error
1151 5346 1454 5406 exoritur.
1538 5351 1890 5428 Supersunt
1997 5355 2534 5433 compendiariam
2584 5354 2647 5413 in
2701 5371 2846 5412 mss.
2915 5351 3090 5412 libris
3151 5353 3444 5412 usitatam
3501 5367 3653 5408 con-

237 5455 452 5507 tamen
513 5446 760 5524 aliquot
814 5442 1082 5517 codices,
1146 5442 1254 5520 qui
1330 5443 1546 5504 obelos
1622 5447 1892 5508 retinent
2002 5453 2223 5512 fundat
2278 5471 2419 5512 cum
2503 5452 2682 5528 signo
2767 5450 2958 5522 obeli,
3050 5455 3312 5528 propter
3367 5447 3655 5506 eamdem

241 5554 637 5623 praenotatos
694 5552 822 5604 tam
908 5542 969 5600 in
1055 5540 1367 5619 prioribus
1445 5544 1892 5608 additamentis
2003 5550 2260 5610 omnino
2309 5550 2577 5627 ﬁguram
2629 5549 2956 5626 utriusque
3015 5546 3426 5624 assignatam.
3490 5547 3684 5613 Nam,

237 5645 543 5717 Danielis,
617 5661 809 5722 quam
895 5639 958 5698 in
1045 5639 1503 5717 appendicibus
1583 5644 1889 5706 Estheris.
2003 5648 2249 5709 librarii
2278 5654 2340 5709 et
2369 5648 2706 5728 scriptores
2736 5646 2984 5724 antiqui
3017 5651 3280 5706 utuntur
3337 5643 3458 5704 hoc
3504 5642 3660 5702 cha-

243 5744 719 5822 Mannscriptus
804 5736 1038 5814 Regius
1122 5737 1469 5799 Bibliorum
1545 5759 1891 5817 sacrorum,
2008 5752 2250 5807 ractere
2323 5754 2527 5824 »ἔρΓο
2556 5745 2773 5817 verbo,
2832 5749 2946 5821 est,
2981 5742 3165 5804 tertia
3211 5759 3481 5821 persona
3531 5741 3659 5800 sin-

569 5884 839 5942 ΡΑτιιοι..
885 5884 1151 5946 XXVIII.

3299 5884 3337 5938 4
