4060 6190
445 395 556 452 107

1602 397 1926 458 PATltUM
1972 395 2674 458 BENEDICTINORUM

3731 398 3846 457 108

442 529 649 608 gulari
707 531 876 590 verbi
935 529 1305 590 substantivi
1365 550 1523 588 sum.
1587 531 1764 592 Unde
1820 529 2365 607 legimusAobeli
2395 531 2699 608 quosdam
2764 549 2982 591 versus
3035 532 3328 592 absentes
3370 531 3671 609 indicant,
3739 531 3848 590 alii

445 627 676 706 sapius
745 645 760 687 :
849 627 934 687 Et
987 634 1295 699 -j-sensus
1359 649 1370 688 :
1437 647 1550 706 pro
1580 627 1666 688 Et
1695 635 1789 688 est
1851 647 2090 687 sensus.

451 725 617 796 Quis
717 726 874 794 ein
991 725 1239 785 vobis:
1328 745 1464 807 pro,
1561 725 1729 802 Quis
1839 731 1930 784 est
2031 725 2095 783 in

453 822 644 881 vobis.
736 823 963 901 Sicque
1050 825 1188 884 aliis
1274 823 1426 884 locis
1471 823 1839 898 innumeris,
1905 827 2097 901 prout

446 919 686 998 placuit
772 921 1087 981 veteribus
1173 921 1458 994 notariis,
1545 921 1652 1000 qui
1733 921 1814 982 ab
1917 919 2097 980 annis

445 1018 859 1096 septingentis
890 1018 1034 1098 plus
1093 1020 1300 1080 minus
1352 1021 1542 1081 libros
1587 1019 1940 1080 exscribere
1985 1036 2095 1077 cu-

443 1122 686 1176 rarunt.

523 1216 832 1274 Caeterum
891 1215 1218 1276 obelorum
1271 1216 1450 1294 signa
1504 1216 1568 1275 in
1651 1214 2096 1276 additamentis

443 1311 716 1371 Danielis
775 1318 832 1374 et
890 1310 1117 1372 Esther
1183 1331 1307 1373 non
1383 1320 1725 1392 potuerunt
1809 1312 2094 1392 proprias

443 1409 677 1489 ubique
704 1411 882 1470 sedes
912 1409 1142 1472 habere
1171 1411 1234 1471 in
1294 1411 1413 1471 hac
1465 1412 1760 1490 praesenti
1816 1410 2092 1470 editione

442 1513 657 1568 nostra
715 1525 730 1568 :
792 1526 936 1568 nam
1000 1507 1399 1569 librariorum
1454 1509 1906 1569 hodiernorum
1983 1523 2092 1566 seu

445 1607 890 1684 impressorum
950 1625 1095 1668 usus
1156 1625 1279 1666 non
1340 1606 1577 1685 patitur
1624 1607 1910 1668 eamdem
1977 1622 2092 1682 pa-

447 1705 732 1783 ginarum
792 1710 856 1765 et
909 1706 1350 1766 columnarum
1405 1705 1880 1784 dispositorum,
1951 1719 2092 1782 quas

446 1803 509 1863 in
565 1803 887 1864 codicibus
945 1821 1092 1866 mss.
1155 1810 1664 1884 repraesentetur.
1727 1805 1792 1863 in
1882 1819 2097 1860 manu-

2206 646 2353 688 vero
2410 628 2750 688 sententias
2833 635 3172 708 praesentes
3258 630 3618 708 Scripturaa,
3671 627 3853 708 quasi

2205 743 2355 785 veru
2386 725 2740 804 anteposito
2764 725 3092 804 jugulatas
3140 727 3371 788 docent
3447 732 3510 787 et
3576 743 3852 786 commo-

2205 823 2544 883 nefaciunt.

2287 923 2390 981 VI.
2427 924 2567 981 Non
2601 939 2862 1000 parvam
2923 923 2991 982 in
3051 923 3174 984 hoc
3230 920 3524 1002 praesenti
3578 921 3848 984 articulo

2204 1019 2616 1098 quaestionem
2673 1037 3024 1093 movemus,
3086 1022 3475 1099 inquirentes
3555 1021 3844 1100 quisnam

2205 1117 2394 1177 fuerit
2468 1117 2710 1196 primus
2793 1124 3017 1180 auctor
3084 1117 3468 1179 seholiorum
3539 1117 3850 1196 margina-

2205 1213 2382 1285 lium,
2417 1233 2558 1293 quas
2588 1215 2652 1275 in
2685 1215 3152 1295 exemplaribus
3193 1217 3468 1278 Canonls
3525 1215 3848 1276 Hebraicse

2202 1311 2484 1371 veritatis
2514 1311 2716 1390 posita
2755 1313 3129 1391 reperimus,
3164 1319 3532 1390 quantaque
3591 1312 3671 1370 sit
3726 1311 3848 1371 hu-

2196 1408 3059 1487 juscemodiadnotationum
3120 1410 3360 1470 utilitas
3418 1427 3491 1469 ac
3545 1415 3850 1487 praestanv

2204 1508 2312 1566 tia.
2350 1509 2480 1584 Ego
2512 1507 2766 1585 quidem
2800 1508 2956 1567 nihil
3043 1509 3216 1586 prius
3268 1507 3425 1569 mihi
3479 1507 3837 1568 faciendum

2205 1605 2444 1684 putavi,
2496 1621 2688 1682 quam
2746 1611 2818 1665 ut
2845 1605 3046 1665 fatear
3103 1623 3202 1666 me
3233 1605 3578 1683 aliquando
3605 1621 3848 1664 errasse

2205 1703 2268 1762 in
2301 1708 2556 1762 auctore
2611 1702 3028 1779 scholiorum,
3061 1723 3246 1783 quem
3299 1703 3641 1783 ipsummet
3697 1702 3850 1762 Ilie—

2206 1818 2539 1879 ronymum
2599 1801 2930 1879 opinabar,
2984 1819 3098 1863 nec
3153 1802 3290 1862 sine
3346 1802 3561 1880 aliqua
3625 1799 3846 1861 similia

445 1901 694 1980 scriptis
749 1901 918 1962 obeli
963 1920 1214 1980 semper
1267 1908 1704 1981 praanotantur
1777 1900 1856 1959 ad
1906 1898 2173 1977 caputB
2205 1898 2422 1958 tudine
2479 1898 2632 1959 veri.
2695 1899 2986 1960 Sciebam
3046 1900 3128 1960 ab
3183 1900 3406 1962 eodem
3465 1901 3530 1960 S.
3581 1901 3850 1959 Doctore

448 2015 764 2070 versuum,
849 1998 975 2058 sive
1043 1998 1433 2075 singularum
1519 1995 1826 2056 linearum
1929 1993 2090 2054 sacri

443 2101 799 2166 contextus,
862 2101 990 2154 tam
1073 2095 1137 2154 in
1213 2095 1489 2154 secunda
1558 2093 1938 2172 paginarum
1994 2111 2092 2152 co-

441 2191 680 2265 lumna,
735 2209 926 2269 quam
983 2191 1046 2251 in
1100 2191 1328 2270 prima,
1394 2190 1668 2250 medium
1728 2189 1894 2249 enim
1954 2208 2092 2268 spa-

441 2290 596 2350 tium
628 2289 994 2368 relinquunt
1021 2289 1340 2350 sufﬁciens
1394 2289 1558 2349 inter
1614 2289 1964 2360 columnas,
2026 2289 2091 2346 in

443 2409 569 2469 quo
661 2389 869 2469 spatio
981 2390 1278 2450 continue
1382 2388 1748 2450 describunt
1851 2387 2088 2448 obelos.

443 2492 676 2549 Contra
729 2487 792 2546 in
853 2487 1230 2548 editislibris
1283 2487 1441 2546 nihil
1499 2493 1592 2546 est
1623 2485 2091 2558 intermedium,

446 2585 563 2644 nisi
617 2585 983 2663 majusculae
1037 2585 1258 2645 littera:
1309 2585 1386 2645 ad
1443 2584 1907 2644 distinctionem
1979 2601 2092 2643 co-

445 2682 828 2754 lumnarum,
864 2682 961 2741 vel
995 2682 1270 2760 partium
1329 2688 1680 2742 contextus.
1761 2683 1885 2740 Nec
1941 2679 2094 2756 quid

444 2781 616 2842 aliud
671 2781 734 2840 in
794 2780 1000 2841 medio
1057 2781 1330 2858 positum
1391 2779 1714 2839 hodiernae
1790 2784 2092 2857 typogra-

442 2877 611 2958 phias
643 2877 812 2955 leges
840 2883 1207 2956 paterentur
1268 2883 1498 2956 praeter
1546 2874 1680 2954 jam
1741 2875 1941 2934 dictas
2000 2875 2094 2934 lit-

440 2983 627 3051 teras,
691 2981 803 3035 aut
835 2975 1060 3036 lineam
1094 2975 1470 3054 pendentem
1503 2992 1539 3033 a
1593 2991 1844 3033 summo
1892 2990 2093 3051 usque

439 3075 520 3134 ad
574 3074 772 3133 imum
825 3074 1073 3152 pagina:
1130 3091 1402 3132 versum.
1494 3071 1639 3131 Ideo
1721 3070 2092 3147 necessitate

439 3171 773 3251 compulsi,
827 3190 906 3232 ne
956 3190 1184 3232 novam
1241 3171 1682 3230 induceremus
1728 3168 2091 3246 dispositio-

2202 1995 2477 2056 monitus
2533 1996 2594 2056 in
2679 1997 2949 2074 epistola
3029 2000 3142 2058 135
3200 2014 3654 2076 nonnunquam
3731 2014 3847 2075 pro

2202 2093 2552 2154 eruditione
2634 2093 2978 2172 legentium
3072 2095 3514 2156 adnotationes
3599 2094 3849 2156 additas

2203 2193 2462 2252 elatere
2517 2198 2892 2252 contextus:
2941 2192 3057 2254 has
3113 2210 3260 2254 vero
3317 2192 3672 2254 temeritate
3752 2197 3855 2256 vel

2201 2290 2520 2370 imperitia
2581 2290 2980 2351 librariorum
3053 2292 3116 2351 in
3170 2309 3436 2370 corpore
3491 2289 3679 2351 fuisse
3736 2309 3855 2369 po-

2203 2389 2374 2448 sitas.
2409 2389 2588 2450 Unde
2634 2389 2820 2449 docta
2877 2390 3117 2450 scholia
3174 2389 3548 2468 marginalia
3604 2389 3856 2449 veritati

2205 2485 2529 2547 Hebraicaa
2559 2505 2860 2562 consona,
2903 2489 2968 2548 in
3025 2507 3276 2550 sacrum
3337 2493 3578 2549 textum
3646 2487 3853 2566 Scrip-

2206 2591 2363 2646 turaa
2418 2587 2705 2646 derivata
2789 2605 2927 2646 cum
3019 2585 3597 2667 deprehendissem,
3667 2585 3852 2646 facile

2205 2684 2362 2744 mihi
2399 2685 2612 2746 statim
2698 2685 3158 2764 persuadebam
3218 2685 3385 2746 idem
3443 2685 3508 2745 in
3564 2683 3853 2764 pluribus

2203 2783 2501 2856 evenisse,
2565 2784 2734 2862 quod
2764 2784 2898 2862 ipse
2925 2783 3193 2863 epistola
3221 2783 3354 2863 jam
3386 2783 3645 2844 laudata
3697 2797 3850 2842 con-

2201 2880 2488 2958 queritur
2515 2881 2594 2940 ad
2626 2881 2938 2960 psalmum
2970 2897 3180 2952 Lxxm,
3233 2897 3394 2954 vers,
3450 2883 3512 2956 8,
3544 2878 3650 2939 ubi
3701 2877 3791 2938 alt
3824 2894 3842 2936 :

2200 2977 2279 3037 In
2360 2977 2586 3038 Graeco
2641 2978 2942 3060 scriptum
2999 2984 3092 3038 est
3140 2983 3572 3058 καταπαύσωμεν
3604 2981 3664 3036 et
3729 2993 3845 3036 nos

2203 3075 2292 3134 ita
2315 3074 2807 3136 transtulimus:
2869 3075 3201 3144 Quiescere
3262 3075 3568 3136 faciamus
3621 3089 3848 3134 omnes

2201 3173 2332 3233 dies
2390 3174 2579 3234 festos
2610 3173 2720 3234 Dei
2775 3191 2813 3234 θ,
2871 3180 3059 3235 terra.
3121 3173 3207 3234 Et
3263 3174 3461 3233 miror
3542 3171 3854 3252 quomodo

442 3287 582 3329 nem
617 3269 788 3348 apud
820 3268 1275 3348 typographos,
1337 3267 1534 3328 satius
1592 3285 1724 3326 esse
1773 3266 2090 3339 duximus,
2123 3267 2166 3335 ί]
2203 3289 2233 3327 e
2309 3269 2502 3330 latere
2557 3270 3018 3330 adnotationem
3078 3277 3357 3332 nostr-am
3443 3270 3647 3330 nescio
3705 3269 3855 3348 quis

443 3368 769 3428 obelorum
819 3367 1000 3446 signa
1047 3367 1112 3426 in
1161 3366 1448 3444 margine
1505 3363 1799 3424 exteriori
1851 3382 2099 3442 semper
2207 3369 2574 3429 temerarius
2633 3368 3024 3429 scribendam
3087 3370 3153 3429 iu
3209 3377 3460 3450 corpore
3507 3367 3852 3450 putaverit,

447 3467 782 3540 ascribere,
841 3473 903 3526 et
959 3467 1020 3525 in
1071 3463 1277 3544 prima
1331 3463 1585 3542 quidem
1643 3464 1939 3524 columna
2017 3463 2094 3524 ad

2201 3485 2386 3546 quam
2419 3488 2530 3527 nos
2570 3476 2689 3549 pro
2739 3468 3094 3527 eruditione
3148 3467 3419 3548 legentis
3476 3465 3854 3546 scripsimus

449 3571 644 3644 caput
722 3564 1112 3642 singularum
1199 3561 1503 3621 linearum
1580 3561 1944 3638 Scriptura,
2029 3561 2096 3620 in
2204 3564 2318 3624 hoc
2347 3565 2572 3626 modo:
2608 3566 2752 3626 Non
2785 3565 2966 3626 habet
2992 3572 3420 3644 καταπαύσωμεν
3479 3570 3549 3624 ut
3591 3564 3851 3644 quidam

449 3661 781 3741 posteriori
810 3667 1017 3721 autem
1053 3659 1346 3720 columna
1370 3659 1453 3718 ad
1484 3658 1673 3718 ﬁnem
1730 3656 2039 3717 linearum
2072 3673 2088 3724 ξ

446 3761 536 3821 ita
583 3767 796 3820 tamen
855 3765 922 3819 ut
971 3757 1277 3836 cujusque
1328 3756 1498 3816 obeli
1545 3756 1760 3833 cuspis
1818 3755 1881 3814 in
1938 3755 2092 3816 scri-

445 3864 697 3937 pturam
758 3857 840 3917 sit
893 3873 1222 3926 conversa,
1299 3871 1428 3932 qua
1484 3852 1874 3931 signiﬁcatur
1917 3852 2092 3931 apud

443 3957 918 4036 Hieronymum,
981 3952 1433 4014 confodiendas
1505 3968 1640 4010 esse
1723 3949 2092 4028 hujusmodi

440 4063 673 4134 partes,
703 4071 848 4133 quin
879 4053 1110 4112 absunt
1151 4050 1215 4109 in
1262 4048 1541 4110 Hebrmis
1595 4047 2088 4126 exemplaribus.

520 4156 607 4212 De
660 4150 992 4212 obelorum
1047 4147 1320 4226 denique
1391 4146 1586 4225 signis
1665 4145 1826 4206 illud
1899 4147 2090 4207 etiam

437 4249 736 4310 lectorem
767 4263 1120 4315 monemus,
1149 4245 1396 4305 diversa
1444 4262 1577 4304 esse
1633 4242 1815 4320 signa
1867 4242 2090 4304 isthaec

436 4347 500 4406 in
560 4347 732 4406 libris
789 4344 1123 4412 Samuelis,
1190 4349 1253 4404 et
1304 4341 1668 4403 Salomonis
1706 4341 2086 4416 Proverbiis,

2193 3668 2422 3744 putant
2451 3683 2468 3740 ;
2502 3665 2613 3724 sed
2667 3671 3113 3744 κατακαύσωμεν,
3175 3663 3247 3722 id
3274 3667 3366 3722 est
3397 3661 3801 3722 incendamus
3833 3681 3850 3738 ;

2198 3764 2261 3819 et
2314 3759 2544 3820 iterum
2604 3761 2824 3822 eodem
2881 3762 3016 3822 loco
3092 3778 3108 3821 :
3181 3758 3360 3820 Unde
3407 3760 3466 3818 si
3521 3759 3678 3840 quid
3731 3767 3848 3828 pro

2199 3856 2412 3916 studio
2467 3877 2498 3916 e
2554 3857 2749 3917 latere
2801 3858 3094 3918 additum
3143 3863 3256 3936 est,
3317 3877 3437 3917 non
3467 3854 3643 3916 debet
3685 3858 3854 3938 poni

2199 3952 2265 4011 in
2320 3962 2593 4036 corpore,
2681 3976 2755 4014 ne
2794 3957 3075 4036 priorem
3135 3955 3609 4016 translationem
3718 3963 3848 4035 pro

2199 4052 2601 4112 scribentium
2688 4053 3007 4114 voluntate
3087 4053 3430 4114 conturbet.
3530 4057 3849 4114 Pmterea

2198 4151 2370 4211 aliud
2427 4153 2786 4232 exemplum
2856 4153 3136 4232 ejusdem
3209 4151 3577 4214 temeritatis
3660 4151 3852 4211 libra-

2200 4248 2460 4322 riorum,
2547 4250 2665 4310 nisi
2743 4251 2951 4329 potius
3027 4251 3358 4330 imperitiae
3435 4248 3646 4321 fuerit,
3705 4247 3848 4308 ani-

2196 4345 2506 4406 madverti
2528 4347 2590 4406 in
2621 4347 2889 4426 epistola
2922 4351 3060 4422 142,
3093 4349 3173 4408 ad
3197 4351 3536 4408 Damasum
3562 4362 3789 4426 papam
3824 4362 3838 4403 :

2196 4460 2339 4505 nam
2398 4445 2463 4503 in
2520 4464 2646 4506 uno
2698 4445 3060 4506 Colbertiuo
3117 4445 3558 4522 antiquissimo
3627 4441 3849 4504 codice

2196 4542 2615 4619 Epistolarum
2647 4547 2710 4601 S.
2768 4543 3155 4619 Hieronymi,
3217 4560 3251 4602 e
3307 4541 3501 4600 latere
3558 4539 3842 4600 additam

435 4445 513 4506 ad
551 4443 865 4522 margines
913 4441 1135 4500 horum
1195 4441 1498 4501 librorum
1533 4458 1570 4500 a
1627 4439 1808 4500 nobis
1856 4440 2084 4518 posita,

434 4545 514 4606 ab
567 4543 695 4603 illis
752 4541 1274 4619 Hieronymiauis,
1333 4541 1414 4600 de
1471 4538 1702 4618 quibus
1757 4537 2086 4615 hucusque

431 4642 728 4703 diximus.
788 4643 1022 4701 Nostra
1079 4639 1240 4698 enim
1320 4639 1500 4716 signa
1573 4636 1901 4697 obelorum
1959 4637 2405 4703 nonDinveni
2459 4639 2930 4700 adnotationem
2993 4639 3333 4716 quamdam
3423 4635 3840 4713 marginalem

429 4739 786 4818 signiﬁcant
843 4737 1199 4798 addititium
1277 4738 1428 4815 quid
1499 4742 1609 4796 aut
1694 4729 2080 4814 superﬂuum
2195 4755 2334 4814 quae
2384 4738 2446 4795 in
2480 4737 2604 4797 alio
2637 4737 2851 4798 codice
2911 4737 3272 4798 monasterii
3313 4739 3436 4796 San
3494 4733 3841 4813 Cygiranni

430 4845 677 4898 exstare
781 4837 846 4896 in
905 4840 1105 4906 textu,
1160 4852 1347 4912 quem
1401 4833 1714 4894 edidimus
1764 4833 1828 4891 in
1905 4831 2081 4891 libris
2188 4835 2253 4894 in
2281 4851 2548 4914 corpore
2608 4835 2810 4914 posita
2868 4835 3120 4912 legitur.
3182 4833 3478 4894 Monebat
3526 4832 3838 4910 Hierony-

429 4941 673 5014 Regum
729 4941 796 4995 et
851 4931 1386 5006 Proverbiorum;
1444 4930 1553 4990 sed
1599 4929 1894 4990 studiosis
1935 4929 2077 5008 qai-
2189 4950 2328 4992 mus
2357 4932 2716 5010 pontiﬁcem
2765 4934 3111 4991 Romanum
3167 4930 3250 4991 de
3309 4930 3564 4990 nomine
3617 4926 3841 4987 inela-

424 5034 670 5113 busque
696 5031 982 5092 indicant
1029 5029 1365 5108 Vulgatam
1429 5029 1713 5089 Latinam
1769 5027 1864 5086 his
1921 5027 2078 5088 locis
2186 5029 2293 5088 bili
2353 5030 2481 5104 Dei,
2565 5035 2628 5090 et
2695 5028 2864 5107 apud
2922 5028 3216 5089 Hebraeos
3259 5035 3396 5090 mm
3449 5032 3835 5102 tetragram-

423 5131 665 5211 aliquid
722 5127 1106 5201 redundans,
1190 5132 1252 5185 et
1304 5143 1342 5186 a
1399 5127 1559 5187 LXX
1618 5123 2075 5203 Interpretibus
2187 5127 2656 5205 mato;sicque
2684 5144 2817 5186 rem
2871 5124 3277 5204 observabat,
3312 5124 3629 5187 Dominus
3675 5141 3838 5202 quo-

423 5235 784 5290 mutuatum
841 5226 1104 5298 habere,
1167 5224 1336 5302 quod
1394 5241 1509 5284 nec
1572 5223 1634 5282 in
1662 5240 1819 5302 pura
1849 5221 2072 5282 Hiero-
2182 5243 2296 5304 que
2355 5225 2483 5304 ipse
2539 5222 2645 5283 llic
2695 5227 2966 5302 quatuor
3038 5222 3397 5284 litterarum
3479 5227 3592 5301 est,
3663 5220 3839 5299 quod

418 5326 593 5405 nymi
645 5325 958 5397 versione,
1045 5337 1160 5381 nec
1213 5321 1276 5380 in
1334 5322 1508 5381 fonte
1563 5319 2072 5397 Hebraioolega-
2170 5322 2428 5402 proprie
2487 5321 2552 5380 in
2603 5321 2739 5380 Deo
2787 5321 3050 5401 ponitur
3108 5339 3232 5396 ron,
3265 5339 3373 5394 aa,
3435 5334 3695 5398 100,113,
3761 5316 3839 5378 id

419 5429 542 5483 tur.
578 5426 769 5485 Usum
801 5423 1020 5498 itaque
1081 5418 1409 5480 obelorum
1439 5426 1802 5479 nostrorum
1854 5415 2070 5475 nullas
2177 5425 2291 5497 est,
2328 5419 2574 5478 duabus
2603 5435 2690 5491 ιΑ,
2723 5438 2855 5498 quae
2895 5419 3223 5499 duplicata
3285 5416 3608 5499 ineﬂ'abile
3657 5412 3840 5474 illud

418 5523 779 5599 promiscae
835 5518 1128 5597 accipiat,
1159 5523 1391 5596 putans
1419 5517 1713 5578 eumdem
1745 5533 1877 5574 esse
1923 5532 2065 5575 cum
2176 5521 2234 5573 et
2291 5515 2647 5594 gloriosum
2707 5515 2833 5575 Dei
2857 5535 3073 5575 nomen
3104 5516 3419 5591 efﬁciunt.
3447 5519 3522 5576 At
3545 5527 3834 5575 errorem

414 5618 526 5679 illo
573 5637 758 5699 quem
805 5617 1046 5678 habent
1089 5615 1155 5673 ia
1204 5613 1622 5674 (uastatione
1670 5611 1943 5672 Daaielis
2001 5617 2067 5673 et
2174 5618 2562 5688 Graecorum,
2617 5614 2730 5692 qui
2779 5631 3012 5674 nomen
3067 5613 3224 5673 illud
3255 5619 3531 5692 quatuor
3583 5609 3838 5670 littera-

421 5720 702 5782 Estheris
767 5718 943 5800 apud
1051 5715 1536 5794 Hieronymum,
1619 5714 1771 5795 quia
1860 5711 2061 5774 nostri
2173 5730 2335 5784 rum,
2365 5721 2497 5769 mm
2531 5712 2844 5791 legebant,
2904 5711 3096 5785 111111,
3159 5711 3331 5793 Pipi,
3391 5712 3677 5774 imitatus
3763 5704 3840 5766 in
