4060 6190
178 442 293 503 ιῦο
1241 481 1244 483 -
1579 439 1867 500 PllULEC

1977 438 2187 500 iENA.
3479 438 3594 498 ΗΟ

177 578 481 636 contextu
514 571 796 651 epistolae
824 573 1267 652 Hieronymus,
1329 571 1539 636 statim
1573 589 1730 647 sese,
1763 577 1827 634 ct
1857 575 1912 642 Α
1942 571 2434 646 cliaracteribus,
2469 572 2532 634 id
2565 580 2659 634 est
2716 577 2994 649 arreton,
3054 570 3225 651 quod
3285 568 3600 648 significat

178 690 326 734 eum
382 668 712 748 redarguit
765 669 1006 732 addens
1059 688 1092 730 e
1149 669 1345 731 latere
1402 668 1566 730 hanc
1638 667 1834 729 adno-
1945 668 2291 748 ineﬂabile.
2323 674 2638 732 Praeterea
2670 688 2794 732 non
2824 669 3044 748 legunt
3093 675 3390 748 corrupte
3448 685 3592 726 cum

180 769 539 830 tationem:
600 766 730 828 Pro
785 767 1185 829 secundoion
1217 765 1442 828 melius
1490 784 1608 828 vav
1663 765 1831 845 legi-
1943 770 2125 830 editis
2199 787 2431 832 nomen
2487 768 2642 830 illud
2677 785 2809 836 nam
2871 766 3096 833 lelzoca
3145 788 3166 842 ;
3253 766 3364 826 sed
3415 763 3596 844 lolio,

177 874 283 927 tur
312 866 494 928 utsit
545 882 676 928 rso.
737 866 866 928 Hoc
925 865 1119 944 igitur
1149 865 1435 928 scholion
1484 864 1834 941 marginale
1937 867 2124 944 juxta
2177 867 2702 930 consuetudinem
2789 865 3221 942 antiquorum,
3298 863 3429 923 sive
3482 882 3600 942 po-

175 984 290 1027 suo
345 964 496 1026 loco
551 963 780 1026 retinet
832 963 1228 1026 Colbertinus
1285 963 1484 1024 codex
1546 962 1834 1022 minutiso
1948 965 2068 1024 tius
2124 963 2259 1039 Iao,
2322 965 2477 1037 sine,
2537 963 2923 1042 aspiratione
2979 963 3043 1024 in
3101 963 3331 1034 medio,
3391 966 3463 1023 ut
3517 960 3600 1022 sit

176 1064 338 1124 simo
401 1062 672 1140 scriptus
730 1049 1119 1133 charactere,
1205 1061 1510 1140 ponitque
1585 1060 1834 1138 signum

1977 1064 2070 1116 lat?)
2121 1065 2481 1126 Grmcorum
2512 1064 2683 1140 apud
2719 1062 3061 1126 Diodorum
3120 1061 3228 1120 lib.
3261 1080 3282 1120 ι
3313 1057 3593 1120 Bibloth.

175 1160 647 1225 emendationis
700 1164 843 1239 post
897 1159 1041 1232 ista,
1103 1159 1176 1220 id
1230 1164 1344 1232 est,
1419 1157 1663 1220 duabus
1746 1174 1833 1218 1A.

1977 1159 2178 1223 listor.
2212 1179 2226 1222 ;
2264 1159 2414 1233 Παρὰ
2448 1155 2506 1213 δὲ
2536 1155 2822 1219 Ἰουδαίοις
2853 1163 3059 1225 Μωσῆν
3096 1157 3185 1211 τὸν
3240 1157 3424 1218 αὐτοῖς
3479 1161 3597 1216 ἐπι-

177 1257 696 1338 San-Cygiranni
725 1263 937 1319 autem
971 1275 1087 1318 ms.
1122 1256 1332 1318 locum
1375 1257 1635 1318 citatum
1693 1274 1835 1317 cum

1977 1253 2285 1329 αλούμενον
2318 1256 2471 1332 Θεὸν,
2504 1259 2674 1340 apud
2687 1258 2946 1326 Judazos
2979 1257 3191 1318 Moses
3229 1259 3457 1334 Deum,
3492 1263 3601 1341 qui

175 1358 593 1421 adnotatione
640 1355 972 1417 confundit
1021 1355 1141 1416 hoc
1192 1355 1383 1416 modo
1447 1375 1460 1414 :
1523 1353 1839 1414 Dominus
1949 1356 2061 1416 Iao
2121 1357 2384 1429 dicitur,
2442 1364 2563 1418 etc.
2628 1357 2782 1418 Hinc
2837 1357 3050 1418 videas
3110 1360 3399 1422 Drusium
3458 1379 3598 1439 cap.

177 1476 425 1537 quoque
452 1455 582 1535 ipse
611 1452 716 1514 hic
774 1457 1046 1537 quatuor
1103 1451 1464 1514 litterarum
1496 1456 1611 1529 est,
1673 1451 1843 1531 quod
1952 1459 2050 1526 2t,
2085 1457 2163 1516 de
2194 1455 2447 1517 nomine
2475 1453 2703 1522 lehova
2763 1456 2988 1515 merito
3047 1456 3454 1520 observasse:
3519 1457 3597 1517 In

173 1553 438 1636 proprie
491 1553 557 1612 in
615 1555 742 1612 Deo
790 1530 1075 1632 ponitur,
1162 1568 1286 1624 lOD,
1375 1567 1484 1623 HE,
1563 1566 1686 1624 10D,
1738 1567 1838 1610 HE.
1952 1553 2226 1614 editione
2309 1552 2728 1632 Frobeniana,
2788 1573 2922 1632 qua!
2979 1553 3042 1612 in
3128 1575 3337 1615 omnes
3384 1562 3605 1635 partes

182 1655 314 1715 Pro
369 1653 644 1713 secundo
697 1668 798 1714 που
855 1650 1077 1711 melius
1139 1669 1257 1712 ην
1309 1650 1576 1729 legitur,
1628 1655 1697 1710 ut
1753 1649 1843 1709 sit
1956 1651 2179 1712 melior
2207 1657 2321 1727 est,
2358 1651 2494 1731 legi
2555 1672 2678 1712 non
2722 1649 2986 1728 Jehova,
3047 1652 3160 1712 sed
3210 1653 3362 1713 Iao:
3422 1675 3604 1734 quam

180 1771 327 1824 uo;
364 1751 438 1812 id
464 1757 558 1811 est
602 1749 848 1811 duabus
878 1767 966 1825 Ia,
1001 1769 1133 1830 qum
1163 1749 1489 1830 duplicata
1521 1746 1846 1828 ineﬂabile
1955 1749 2275 1810 lectionem
2335 1769 2700 1828 germanam
2757 1769 2910 1826 esse,
2945 1749 3174 1826 inquit,
3207 1751 3426 1812 nullus
3483 1754 3605 1811 du-

189 1850 360 1910 illud
389 1855 450 1908 et
475 1849 832 1928 gloriosum
862 1847 992 1907 Dei
1019 1867 1239 1908 nomen
1296 1847 1613 1925 efﬁciunt.
1677 1847 1843 1917 Quov
1957 1846 2106 1908 bito.
2141 1847 2440 1928 Imperita
2493 1848 2806 1908 temeritas
2839 1857 2957 1928 pro
3010 1848 3272 1927 antiqua
3327 1852 3604 1930 reposuit

193 1967 331 2009 rum
417 1947 758 2009 verborum
845 1947 1060 2007 nullus
1143 1952 1238 2010 est
1293 1963 1512 2006 sensus
1587 1949 1923 2023 propter]!
1956 1951 2275 2018 recentem,
2313 1944 2375 2006 lt.
2437 1966 2487 2006 ε.
2543 1955 2661 2026 pro
2718 1966 2859 2006 vera
2916 1953 3291 2026 corruptam.
3355 1951 3441 2010 De
3500 1970 3601 2010 eo-

189 2046 671 2109 adnotationem
753 2045 820 2104 in
903 2061 1170 2123 corpore
1255 2043 1528 2122 positam
1603 2039 1846 2102 librarii
1958 2044 2098 2106 dem
2131 2045 2385 2107 nomine
2417 2049 2938 2122 tetragrammato
2969 2045 3384 2123 mmjelzova,
3419 2046 3598 2123 lolio,

191 2147 411 2208 nescio
461 2144 647 2222 cujus
702 2141 1078 2203 temeritate.
1139 2141 1207 2202 Si
1281 2140 1385 2201 cui
1443 2146 1657 2200 tamen
1713 2137 1848 2198 haec
1957 2142 2056 2203 vel
2111 2141 2245 2220 Iao,
2306 2143 2564 2204 consule
2620 2142 2864 2204 laudati
2915 2142 3049 2222 jam
3111 2144 3318 2204 Drusii
3375 2145 3604 2223 Dispu-

192 2241 524 2306 iucesserit
579 2239 821 2318 opinio,
902 2255 1178 2299 errorem
1237 2237 1492 2316 quidem
1563 2233 1848 2296 lectionis

195 2341 258 2402 in
308 2339 566 2401 nomine
624 2337 737 2398 Dei
767 2354 902 2403 mm
941 2333 1189 2413 Iehova,
1251 2334 1381 2395 sive
1436 2331 1718 2410 Adonei,
1768 2329 1848 2391 ab

199 2439 591 2516 Hieronymo
668 2452 955 2495 manasse
1035 2451 1050 2506 ;
1139 2433 1617 2510 castigationem
1700 2445 1849 2490 vero

200 2537 406 2597 eidem
436 2533 748 2596 erroriab
806 2531 932 2592 alio
990 2530 1296 2610 scriptore
1354 2530 1543 2590 fuisse
1601 2526 1846 2590 adhibi-

201 2642 360 2708 tam,
449 2631 805 2693 meminerit
874 2629 1041 2690 idem
1117 2646 1349 2689 nomen
1430 2646 1573 2688 cum
1630 2625 1851 2686 litteris

198 2734 332 2794 suis
415 2729 658 2810 Optime
738 2744 1106 2806 expressum
1191 2745 1326 2786 esse
1411 2724 1680 2804 epistola
1738 2724 1852 2783 136

203 2827 585 2908 Hieronymi
644 2826 729 2887 ad
791 2824 1154 2887 Marcellam
1218 2841 1233 2884 :
1289 2823 1564 2898 Nonum,
1624 2821 1848 2899 inquit,

199 2946 420 2988 nomen
451 2924 584 2984 Dei
613 2929 1129 3003 τετραγράμματον,
1161 2920 1329 3000 quod
1352 2926 1751 3002 ἀνικφώνητον,
1784 2916 1854 2976 id

195 3033 286 3086 est
347 3020 705 3103 ineﬂ'abile,
756 3025 1164 3101 putaverunt,
1219 3018 1387 3100 quod
1459 3017 1562 3078 his
1617 3016 1852 3076 litteris

192 3123 534 3191 scribitur,
596 3135 726 3191 Ion,
787 3135 888 3189 us,
949 3135 1097 3188 vsv,
1183 3135 1288 3193 ms,
1370 3115 1540 3196 quod
1594 3115 1850 3194 quidam

198 3243 316 3284 non
377 3217 820 3299 intelligentes
853 3221 1115 3297 propter
1171 3215 1609 3275 elementorum
1666 3213 1852 3273 simi~

1957 2239 2283 2302 tationem.
2345 2241 2579 2303 Caveas
2637 2246 2850 2302 autem
2901 2241 3089 2306 velim
3146 2241 3604 2320 ineptissimam

1959 2338 2295 2401 lectionem
2397 2338 2678 2417 ejusdem
2782 2339 3053 2402 nominis
3143 2339 3604 2418 gloriosissimi,

1959 2454 2100 2514 quae
2181 2435 2300 2498 hoc
2389 2438 2576 2498 modo
2652 2435 2946 2498 scribitur
3031 2437 3326 2516 Procopii
3420 2438 3609 2500 Gazei

1961 2533 2440 2594 Commentariis
2494 2534 2556 2595 in
2615 2535 2810 2594 Exod.
2879 2553 2960 2607 v1,
3024 2553 3184 2596 vers.
3241 2539 3300 2611 3,
3353 2557 3368 2597 ε
3429 2537 3608 2597 Prae-

1961 2637 2125 2690 terea
2183 2631 2480 2702 maiorem
2539 2630 2641 2692 bis
2699 2639 2916 2691 nactus
2976 2653 3039 2692 es
3097 2633 3216 2694 mei
3292 2636 3603 2713 notitiam,

1960 2727 2108 2787 dum
2166 2727 2286 2786 tibi
2353 2727 2778 2788 demonstravi
2836 2748 3052 2787 nomen
3140 2749 3336 2790 meum
3411 2736 3606 2792 tetra-

1959 2829 2409 2903 grammatum,
2469 2824 2736 2904 reliquis
2793 2845 2913 2885 non
2951 2824 3205 2905 aﬂabile
3261 2827 3392 2886 nisi
3446 2827 3605 2888 solis

1961 2921 2416 3001 sacerdotibus,
2528 2923 2696 3001 quod
2817 2922 3276 2984 inscribebatur
3403 2945 3604 2986 aureae

1963 3021 2164 3080 mitrae
2224 3018 2455 3097 (Exod.
2543 3037 2756 3092 XXXIX,
2841 3021 2974 3098 29.)
3046 3019 3169 3081 Ha?
3251 3028 3475 3099 autem,
3534 3043 3606 3082 ex

1960 3115 2187 3196 quibus
2218 3116 2389 3176 illud
2409 3137 2626 3178 nomen
2674 3118 3014 3196 conﬂatur,
3073 3125 3224 3178 sunt
3278 3120 3409 3184 illa
3460 3141 3610 3200 qua-

1963 3214 2352 3276 tuorlittera
2386 3233 2402 3276 :
2436 3215 2566 3293 iod,
2627 3214 2830 3296 aleplz,
2870 3218 3023 3294 fau,
3085 3215 3235 3277 lbet.
3296 3217 3440 3280 Hoc
3495 3241 3610 3279 no-

199 3321 566 3394 litudinern,
626 3335 766 3376 cum
821 3315 886 3373 in
951 3313 1198 3374 Grauis
1239 3313 1429 3373 libris
1487 3312 1850 3393 repererint,
1885 3321 1929 3386 ο
1967 3335 2102 3374 men
2158 3316 2498 3394 significat
2553 3314 2681 3376 Dei
2711 3316 2899 3376 vitam
2936 3325 3264 3396 perennem
3319 3324 3378 3378 et
3432 3325 3605 3382 aeter-

199 3421 326 3500 pipi
387 3417 607 3496 legere
661 3417 1132 3474 consueverunt.
1220 3411 1409 3473 Vides
1487 3430 1611 3472 non
1669 3411 1851 3487 igno-

203 3537 368 3580 rasse
401 3517 862 3592 Hieronymum
913 3529 1142 3572 neen
1203 3511 1312 3571 Dei
1370 3516 1852 3587 tetragramma-

206 3624 309 3678 ton
369 3612 803 3692 compositum
882 3628 1016 3672 esse
1072 3627 1146 3670 ex
1206 3608 1315 3668 iod
1393 3613 1458 3669 et
1511 3627 1627 3666 oau
1712 3624 1856 3666 cum

209 3714 448 3794 duplici
479 3711 596 3785 he;
621 3729 748 3771 non
780 3725 857 3769 ex
887 3707 1134 3768 duabus
1165 3706 1250 3785 ia,
1303 3711 1374 3770 ut
1429 3723 1657 3786 surpra
1687 3705 1855 3768 dice-

213 3816 335 3886 bat,
371 3810 440 3871 id
468 3815 570 3869 est
595 3805 835 3886 duplici
891 3804 1021 3883 iod,
1081 3809 1145 3865 et
1199 3822 1277 3864 ex
1329 3803 1569 3882 duplici
1625 3800 1720 3862 he.
1772 3804 1861 3861 De

216 3911 480 3972 lectione
585 3903 896 3976 similiter,
999 3901 1134 3975 Iao,
1236 3900 1394 3962 nihil
1477 3899 1864 3961 dubitaveris

215 4014 415 4090 ipsam
446 4022 590 4066 esse
619 4001 1176 4080 Hieronymlanam
1207 4017 1220 4072 ;
1282 4018 1428 4060 nam
1487 3999 1550 4059 in
1591 3998 1864 4078 prophe-

220 4118 422 4168 tarum
469 4099 958 4163 Commentariis
1014 4115 1246 4158 nomen
1302 4101 1868 4175 tetragrammaton

380 4197 733 4278 aliquando
788 4195 1038 4274 legebat
1092 4193 1204 4253 Iao
1257 4193 1338 4272 (si
1416 4193 1576 4254 bene
1658 4199 1870 4252 tamen

223 4298 484 4359 memini
541 4296 680 4374 ejus
747 4293 917 4373 quod
975 4298 1260 4372 tempore
1307 4309 1423 4352 suo
1454 4290 1700 4369 neglexi
1755 4289 1872 4350 ad—

227 4406 450 4458 notare
473 4395 540 4455 in
574 4390 892 4453 schedulis
923 4389 1128 4469 meis).
1190 4389 1656 4451 Commentario
1712 4405 1871 4465 quo-

229 4513 348 4573 que
377 4494 446 4553 in
477 4490 789 4562 Psalmos,
817 4506 1007 4568 quem
1040 4487 1262 4548 eidem
1322 4487 1703 4565 Hieronymo
1761 4483 1876 4545 viri

231 4591 400 4652 docti
433 4594 765 4667 acceptum
811 4585 1117 4657 referunt,
1174 4584 1264 4644 sic
1319 4583 1398 4644 de
1453 4582 1708 4644 nomine
1766 4580 1879 4642 Dei

1964 3411 2244 3471 nitatem.
2325 3412 2581 3490 Lingum
2684 3413 3009 3474 Hebraicaa
3108 3415 3612 3494 imperitissimus

1966 3510 2084 3570 fuit
2113 3509 2396 3588 quisquis
2428 3509 2592 3570 hanc
2625 3509 2957 3572 lectionem
3009 3511 3281 3574 nominis
3338 3521 3614 3593 quatuor

1965 3608 2340 3680 litterarum,
2402 3627 2558 3680 nim,
2623 3609 2792 3686 quod
2927 3609 3158 3670 dicitur
3265 3612 3609 3686 ineffabile,

1965 3706 2057 3766 ita
2110 3705 2524 3785 depravatum
2582 3705 2894 3783 exhibuit,
2972 3712 3041 3766 ut
3096 3707 3333 3770 diceret
3386 3729 3610 3772 secun-

1969 3804 2116 3864 dam
2148 3805 2424 3864 litteram
2455 3823 2588 3864 esse
2621 3803 2824 3884 aleph,
2859 3812 2920 3864 et
2950 3812 3244 3884 quartam
3276 3827 3409 3868 esse
3439 3809 3609 3868 tlzet:

1973 3920 2116 3961 cum
2195 3908 2462 3979 utraque
2539 3901 2687 3968 sit:
2748 3900 2842 3974 he,
2925 3903 3020 3962 vel
3095 3906 3264 3983 apud
3339 3923 3446 3966 eos
3503 3907 3614 3984 qui

1977 3999 2303 4058 minimam
2337 3999 2786 4059 Hebraicornm
2840 4000 3298 4063 elementorum
3329 4004 3616 4064 notitiam

1979 4099 2298 4159 consecuti
2353 4105 2522 4158 sunt.
2583 4099 2704 4158 Sed
2754 4099 2890 4177 jam
2923 4102 3254 4163 redeamus
3310 4107 3477 4165 unde
3525 4105 3621 4164 di-

1980 4196 2305 4256 vertimus.
2341 4201 2678 4256 Auctorem
2739 4197 3122 4259 scboliorum
3185 4203 3459 4262 Canonis
3512 4221 3626 4282 pro

1981 4295 2118 4372 ipso
2177 4296 2560 4373 Hieronymo
2619 4295 2932 4355 habebam
3006 4298 3068 4356 in
3114 4300 3633 4361 adnotationibus

1985 4392 2337 4462 Prodromi,
2363 4412 2508 4472 pag.
2566 4395 2668 4466 83,
2730 4400 2794 4454 et
2849 4394 2914 4452 in
2975 4396 3137 4456 notis
3193 4398 3384 4459 etiam
3444 4399 3632 4478 hujus

1986 4490 2213 4550 divina:
2277 4489 2706 4567 Bibliotheca,
2766 4490 2889 4551 col.
2961 4495 3076 4551 160
3133 4500 3194 4554 et
3253 4497 3392 4568 164,
3452 4497 3632 4575 cujus

1987 4588 2217 4650 erroris
2273 4606 2464 4648 causa
2519 4606 2686 4649 nunc
2735 4588 2890 4648 mihi
2939 4596 3032 4650 est
3085 4594 3405 4655 temeritas
3462 4600 3631 4656 vete-

232 4690 542 4768 scriptum
574 4684 841 4762 legimus
871 4682 1098 4762 psalm.
1130 4698 1265 4755 πη,
1295 4699 1456 4742 vers.
1491 4684 1554 4759 2,
1584 4679 1878 4757 Domine,
1911 4690 1959 4757 Ι)
1991 4703 2132 4748 rum
2164 4685 2588 4762 librariorum,
2651 4686 2757 4762 qui
2820 4686 3032 4764 plures
3088 4689 3373 4768 ejusdem
3435 4693 3636 4754 sancti

237 4785 560 4846 Dominus
587 4786 816 4842 noster.
862 4779 1062 4840 Prius
1120 4799 1337 4839 nomen
1393 4777 1660 4839 Domini
1716 4775 1884 4857 apud

237 4881 542 4941 Hebraeos
568 4883 838 4958 quatuor
864 4875 1225 4935 litterarum
1281 4881 1394 4954 est,
1429 4891 1553 4951 ton,
1586 4891 1693 4946 ns,
1742 4888 1879 4946 vn,

237 4999 338 5050 an,
372 4977 550 5059 quod
567 4974 823 5058 proprie
851 4973 980 5034 Dei
1008 4972 1372 5034 vocabulum
1403 4977 1585 5032 sonat
1637 4977 1698 5032 et
1754 4969 1888 5049 legi

231 5085 440 5160 potest
468 5093 658 5138 uno:
691 5082 749 5134 et
777 5073 1051 5148 Hebraei,
1103 5079 1379 5152 arreton,
1441 5073 1511 5133 id
1569 5077 1680 5150 est,
1733 5071 1890 5148 inef-

229 5176 440 5252 fabile
494 5173 854 5254 opinantur.
914 5171 1269 5232 Secundum
1329 5192 1469 5232 vero
1507 5188 1730 5232 ΛυοιεΑι
1758 5189 1889 5230 om-

247 5278 418 5335 nium
447 5291 768 5334 commune
792 5277 887 5330 est
919 5288 933 5330 :
995 5272 1164 5351 quod
1192 5280 1348 5354 saepe
1375 5277 1433 5331 et
1490 5271 1558 5330 in
1619 5268 1892 5330 homini-

251 5375 354 5434 bus
379 5372 671 5455 ponitur.
730 5371 909 5430 Hunc
965 5369 1175 5430 locum
1237 5370 1451 5431 attulit
1505 5387 1582 5430 ex
1621 5372 1896 5446 quatuor

251 5468 702 5550 antiquissimis
733 5485 879 5528 mss.
912 5466 1237 5528 codicibus
1281 5465 1648 5528 monasterii
1701 5463 1898 5524 nostri

255 5568 647 5631 (forbeiensis
701 5564 954 5627 duobus
1008 5582 1186 5625 num.
1249 5567 1364 5625 135
1424 5571 1486 5626 et
1573 5565 1710 5633 136,
1771 5579 1896 5623 uno

260 5665 648 5728 Cluniacensi
702 5669 766 5724 et
821 5661 1022 5723 altero
1079 5663 1449 5724 Sorbonico.
1509 5664 1743 5723 Omnes
1797 5658 1900 5720 isti

1989 4783 2266 4844 doctoris
2324 4783 2815 4855 notatiunculas,
2905 4804 2937 4843 e
2997 4785 3192 4848 latere
3277 4790 3356 4849 ab
3412 4791 3634 4851 eodem

1993 4881 2262 4953 additas,
2297 4880 2361 4940 in
2420 4899 2691 4959 corpore
2747 4887 3082 4946 contextus
3139 4904 3459 4965 apponere
3513 4906 3640 4948 non

1995 4979 2387 5040 dubitarunt.
2445 4979 2626 5046 Quod
2683 4997 2821 5041 cum
2856 4980 2920 5038 in
2966 4981 3221 5044 scholiis
3270 4984 3404 5063 jam
3461 4985 3644 5046 dictis

1996 5077 2355 5138 factitatum
2411 5094 2664 5155 quoque
2742 5077 3056 5152 vidissem,
3147 5082 3328 5144 facile
3387 5091 3522 5144 erat
3579 5087 3648 5142 ut

1999 5176 2319 5237 crederem
2350 5174 2571 5235 eadem
2603 5173 2847 5234 scholia
2874 5175 2955 5235 ab
3017 5179 3400 5261 Hieronymo
3458 5182 3645 5240 fuisse

2001 5273 2308 5353 profecta,
2390 5271 2583 5350 idque
2669 5271 2938 5331 maxime
3011 5278 3181 5352 quod
3255 5278 3335 5339 ab
3393 5277 3645 5338 homine

2004 5371 2237 5450 lingua;-
2298 5369 2620 5430 Hebraicm
2681 5369 3060 5448 peritissimo
3136 5375 3367 5435 fuerint
3431 5373 3649 5434 addita

2005 5487 2044 5530 e
2128 5469 2324 5531 latere
2410 5467 2898 5530 translationum
2981 5473 3178 5531 sancti
3260 5470 3644 5549 Hieronymi.

2010 5567 2247 5628 Deinde
2275 5585 2394 5646 par
2421 5565 2666 5643 aliquot
2691 5564 2756 5624 in
2813 5565 2964 5626 locis
3022 5569 3313 5641 eruditio,
3355 5588 3427 5631 ac
3484 5569 3651 5630 idem

2010 5665 2269 5726 omnino
2355 5664 2554 5743 stylus
2631 5682 2822 5723 unum
2883 5671 3203 5727 auctorem
3261 5669 3650 5730 suadebant:

265 5768 536 5829 scribunt
568 5762 831 5826 verbum
861 5764 1150 5822 Graecum
1198 5766 1434 5843 ἄῤῥητον
1475 5779 1620 5823 cum
1668 5755 1902 5822 Latinis
2010 5783 2089 5825 ex
2141 5781 2270 5825 uno
2326 5779 2601 5840 namque
2659 5767 2720 5824 et
2775 5761 2993 5823 eodem
3080 5764 3324 5829 calamo
3399 5772 3658 5830 exarata
