4060 6190
480 446 588 505 ill

1650 449 1974 511 PATRUM
2019 445 2721 508 BENEDICTINORUM

3773 458 3895 518 112

475 577 819 639 creduntur
887 598 1028 658 quas
1107 579 1370 640 formam
1457 581 1810 643 litterarum
1889 580 2124 659 ubique
2155 577 2429 654 Adatur
2503 578 2789 658 intelligi
2847 581 3014 658 quod
3068 579 3311 639 Etcana
3380 601 3512 641 non
3592 583 3898 647 obtulerit

476 675 784 755 aequalem
843 682 1117 738 servant.
1187 679 1418 739 Verum
1491 697 1935 759 quamcunque
2011 679 2127 738 ha-

472 774 654 835 beam
687 773 750 833 in
782 792 992 835 errore
1025 776 1525 848 excusationem,
1559 795 1736 838 error
1765 785 1976 837 tamen
2009 781 2123 849 est,

471 871 581 949 qui
613 871 799 932 modo
830 872 1240 950 castigandus
1275 872 1430 934 mihi
1484 875 1661 936 venit
1717 873 1817 935 his
1874 874 2127 953 potissi-

471 987 646 1028 mum
679 969 1211 1048 consequentibus
1241 971 1662 1050 argumentis.

552 1067 878 1128 Diversum
961 1085 1097 1128 esse
1187 1068 1571 1130 scholiasten
1654 1067 1927 1132 Canonis
2003 1072 2127 1130 He-

473 1164 702 1226 braicae
753 1165 1033 1225 veritatis
1089 1184 1127 1226 a
1187 1172 1407 1227 sancto
1464 1167 1850 1246 Hieronymo
1906 1184 2126 1228 omnes

471 1261 641 1323 docti
698 1262 1088 1336 fatebuntur,
1171 1262 1278 1323 ubi
1368 1263 1644 1342 primum
1722 1263 2119 1343 eXploratum

468 1360 620 1440 ipsis
701 1360 840 1432 erit,
935 1379 1128 1420 unum
1218 1361 1638 1440 eumdemque
1714 1361 1948 1422 habere
2016 1381 2121 1421 au-

465 1464 703 1518 ctorem
737 1457 979 1518 scholia
1010 1458 1283 1520 Canonis
1311 1465 1373 1519 et
1410 1459 1798 1530 Qumstiones
1854 1459 2122 1519 Hebrai-

471 1574 576 1616 cas
616 1555 681 1615 in
711 1560 956 1634 Regum
989 1574 1063 1616 ac
1106 1556 1640 1636 Paralipomenon
1700 1557 1916 1630 libros,
1976 1576 2118 1636 quae

470 1652 634 1713 inter
714 1671 908 1732 opera
989 1653 1481 1734 Hieronymiana
1568 1654 1753 1715 editae
1837 1659 1982 1714 sunt
2039 1653 2118 1715 ab

471 1753 732 1812 Erasmo
777 1769 850 1812 ac
904 1751 1192 1812 Mariano
1249 1750 1546 1812 Victorio.
1610 1755 1776 1814 Nam
1835 1769 1978 1813 cum
2039 1751 2120 1812 sit

464 1849 724 1909 omnino
757 1848 1155 1910 manifestum
1189 1867 1266 1909 ex
1295 1850 1562 1911 Rabano
1619 1850 1864 1924 Mauro,
1919 1848 2116 1910 alium

2237 681 2362 735 tres
2419 676 2659 736 modios
2723 677 2948 744 farina:
3003 698 3138 738 cum
3198 677 3404 738 trbius
3462 681 3720 762 vitulis,
3779 687 3895 746 sed

2236 793 2444 832 novem
2474 774 2771 847 decimas,
2803 774 3054 854 quibus,
3106 777 3442 838 secundum
3501 777 3888 844 Hebraicam

2235 891 2612 944 mensuram,
2696 892 2859 932 unus
2913 873 3202 949 efﬁcitur
3253 873 3448 956 Ephi.
3505 878 3576 938 In
3633 880 3891 943 scholiis

2236 970 2505 1029 Canonis
2551 977 2850 1048 posuerat
2901 969 3066 1031 idem
3125 978 3372 1047 auctor,
3431 972 3494 1034 lt.
3556 981 3620 1037 et
3676 979 3888 1039 modio

2234 1068 2458 1133 farinae
2511 1085 2525 1140 ;
2585 1069 2691 1129 sed
2749 1069 2857 1148 qui
2915 1069 3052 1130 hmc
3110 1069 3354 1131 scholia
3411 1072 3741 1155 descripsit
3815 1078 3881 1138 in

2234 1166 2580 1245 exemplari
2665 1173 2881 1228 nostro
2939 1169 3524 1245 San-Germanensi,
3602 1175 3793 1236 erasit
3851 1196 3887 1238 e

2234 1267 2407 1323 textu
2466 1282 2642 1325 sacro
2722 1282 2939 1325 vocem
2993 1264 3223 1338 tribus,
3283 1267 3886 1352 adnotationemque

2231 1361 2292 1419 in
2325 1379 2586 1439 corpore
2647 1362 3004 1440 ponendam
3066 1363 3334 1442 putavit,
3394 1365 3612 1428 relicta
3669 1369 3886 1433 littera

2230 1455 2269 1516 ἢ
2302 1457 2362 1517 in
2399 1458 2703 1536 margine,
2740 1467 2806 1519 ul
2836 1477 2911 1519 ex
2971 1460 3302 1556 ea.lector
3373 1468 3882 1528 commoneface-

2231 1561 2324 1614 rct
2354 1555 2732 1616 I-Iebraicum
2767 1556 3000 1616 habere
3026 1577 3039 1617 :
3070 1555 3188 1616 ’Et
3219 1559 3425 1619 modio
3458 1562 3723 1636 farina.
3784 1569 3880 1626 Ex

2226 1649 2303 1710 iis
2332 1651 2723 1730 apertissime
2769 1652 3238 1714 demonstratur
3293 1675 3488 1717 unum
3546 1660 3876 1722 eumdem-

2228 1765 2350 1826 que
2410 1748 2595 1809 fuisse
2677 1749 3046 1829 scriptorem
3133 1751 3516 1814 scholiorum
3604 1758 3875 1820 Cononis

2226 1861 2299 1904 ac
2383 1845 2824 1906 Traditionum
2882 1847 3330 1909 Hebraicarum
3389 1849 3454 1910 in
3513 1850 3688 1913 libris
3743 1859 3872 1917 Re-

462 1965 597 2007 csse
671 1964 745 2006 ac
828 1947 1016 2025 plane
1097 1945 1416 2007 diversum
1476 1945 1850 2026 scriptorem
1927 1947 2111 2019 Qua»
2145 1956 2414 2022 Bgum:
2452 1941 2620 2004 hunc
2649 1961 2800 2004 vero
2855 1943 3043 2022 plane
3099 1945 3414 2007 diversum
3489 1967 3871 2012 esseasan-

460 2045 736 2106 stionum
800 2062 906 2104 seu
968 2043 1407 2105 Traditionum
1467 2044 1531 2104 in
1591 2047 1833 2124 Regum
1895 2045 2112 2120 libros,

461 2143 541 2203 ab
598 2142 736 2221 ipso
795 2141 1180 2221 Hieronymo
1238 2142 1348 2220 qui
1407 2142 1802 2204 Traditiones
1859 2143 2114 2204 Hebrai-

2225 2047 2325 2102 cto
2405 2042 2810 2122 Hieronymo,
2897 2044 3007 2122 qui
3092 2045 3430 2107 Hebraeum
3478 2056 3630 2109 nam
3661 2047 3867 2131 Epha,

2221 2156 2470 2218 semper
2525 2140 2978 2220 interpretatur
3035 2147 3160 2201 tres
3219 2144 3488 2220 modios,
3547 2147 3675 2206 tria
3705 2155 3867 2229 sata,

462 2257 569 2300 cas
599 2239 664 2298 in
694 2239 983 2299 Genesim
1035 2239 1218 2300 nobis
1250 2240 1487 2301 edidit:
1550 2240 1938 2302 consectaria
1995 2242 2114 2303 erit
2219 2241 2366 2309 etc.,
2403 2238 2494 2298 uti
2534 2237 2733 2318 liquet
2761 2257 2794 2300 θ
2823 2257 3008 2300 versu
3069 2243 3142 2300 17
3199 2241 3424 2321 capitis
3451 2260 3494 2304 ιι
3527 2243 3635 2304 lib.
3667 2247 3864 2320 Ruth,

461 2337 692 2398 horum
769 2337 1170 2416 scriptorum,
1260 2338 1326 2399 id
1405 2345 1499 2400 est
1580 2339 1948 2420 Hieronymi
2047 2346 2110 2402 et
2218 2337 2280 2393 et
2309 2351 2384 2392 ex
2414 2333 2574 2395 libro
2629 2351 2730 2396 xw
2783 2335 3395 2398 Commentariorum
3456 2339 3519 2399 in
3577 2342 3865 2404 Ezechie-

455 2434 814 2494 scholiaatis
899 2435 1226 2514 anonymi,
1313 2434 1641 2497 diversitas
1691 2455 1705 2509 ;
1790 2436 2103 2516 siquidem
2215 2428 2362 2503 lem,
2394 2449 2662 2510 quorum
2695 2431 2890 2492 verba
2945 2432 3207 2494 inferius
3262 2435 3525 2496 recitavi
3575 2437 3637 2497 in
3697 2441 3864 2501 notis

454 2531 916 2592 ostenderimus
973 2531 1178 2610 ipsum
1260 2549 1394 2593 esse
1462 2533 1843 2595 scholiasten
1903 2537 2100 2594 Cano-

2230 2528 2442 2588 nostris
2471 2529 2551 2588 ad
2584 2529 2752 2588 hunc
2781 2530 3091 2590 Samuelis
3120 2531 3353 2604 locum,
3389 2534 3510 2595 col.
3545 2537 3684 2596 327.
3745 2538 3862 2599 Ca-

451 2627 570 2706 nis,
634 2628 742 2707 qui
797 2633 860 2688 et
916 2629 1313 2690 Traditiones
1388 2631 1730 2692 Hebraicas
1785 2631 2103 2692 scribebat
2213 2624 2340 2702 pile
2393 2627 2696 2698 secundo,
2757 2625 2901 2686 libri
2955 2627 3104 2687 item
3167 2629 3391 2706 prioris
3451 2635 3690 2709 Regum
3772 2635 3855 2694 ad

448 2725 512 2785 in
575 2728 813 2804 Regum
871 2725 1214 2786 volumina.
1251 2727 1345 2787 Ad
1377 2728 1440 2787 id
1500 2747 1649 2790 vero
1699 2728 2097 2807 probandum
2210 2739 2370 2782 vers.
2433 2723 2469 2782 ὅ
2527 2723 2816 2784 scholion
2871 2723 3040 2784 istud
3090 2726 3438 2804 marginale
3494 2727 3558 2788 li.
3616 2728 3854 2812 Septem

449 2822 585 2883 sola
643 2822 824 2883 nobis
870 2821 1258 2884 instituenda
1313 2829 1408 2884 est
1464 2826 1855 2904 comparatio
1914 2826 2097 2886 scho-
2207 2820 2480 2898 positum
2514 2827 2606 2881 est
2653 2839 2688 2882 θ
2745 2820 3020 2899 regione,
3067 2823 3314 2903 peperit
3354 2823 3698 2905 plurimos.
3755 2830 3854 2890 Ad

446 2919 678 2980 liorum
737 2938 879 2981 cum
942 2922 1306 2982 memoratis
1385 2926 1613 2990 Quaest.
1704 2923 2090 2984 Hebraicis:
2205 2935 2453 2978 versum
2511 2917 2799 2978 similiter
2872 2925 3164 2979 octavum
3222 2939 3256 2980 e
3340 2921 3537 2984 latere
3620 2925 3846 2986 horum

451 3017 601 3094 quia
658 3016 996 3094 utrobique
1055 3037 1180 3077 una
1239 3025 1333 3078 est
1399 3020 1723 3098 scriptoris
1795 3020 2089 3095 eruditio,
2202 3015 2564 3088 verborum,
2622 3021 2771 3074 sunt
2813 3015 3103 3076 cardines
3135 3023 3336 3097 terrae,
3395 3020 3484 3080 ita
3540 3023 3844 3101 scriptum

444 3115 682 3176 eaedem
718 3114 998 3193 phrases,
1033 3120 1096 3175 et
1123 3115 1436 3194 ipsissima
1464 3117 1652 3178 verba
1702 3117 1764 3176 in
1797 3118 2093 3179 observa-
2200 3111 2450 3190 ἰθείῐιπ,
2488 3112 2550 3173 Ῐ²ο
2611 3112 2880 3173 Domini
2930 3114 3093 3174 εηίηι
3150 3121 3300 3174 εαηί
3354 3118 3598 3194 afﬂicti
3643 3125 3845 3181 terra?-

445 3212 748 3286 tiouibus,
783 3229 941 3290 quas
971 3211 1187 3290 utique
1216 3212 1386 3274 haud
1445 3213 1761 3275 immerito
1813 3215 2091 3276 credere-
2200 3208 2576 3288 Hujusmodi
2631 3210 2828 3288 igitur
2878 3210 3120 3272 scholia
3181 3215 3556 3292 marginalia
3585 3218 3843 3280 minime

444 3328 608 3385 mus,
640 3309 740 3370 vel
783 3310 860 3370 de
919 3309 1384 3380 Quaestionibus
1430 3310 1758 3372 Hebraicis
1786 3313 2081 3374 transisse
2112 3321 2155 3387 ρ
2198 3308 2484 3384 gentium
2516 3309 2868 3370 omittenda
2897 3310 3078 3370 duxit
3130 3319 3352 3373 auctor
3403 3315 3842 3378 Traditionum

438 3407 516 3467 ad
578 3407 896 3486 margines
944 3406 1403 3486 exemplarium
1464 3409 1758 3482 Canonis,
1817 3415 1928 3470 aut
2002 3411 2080 3470 de
2189 3407 2252 3465 in
2311 3406 2505 3467 libros
2564 3409 2860 3485 Regum:
2924 3408 3094 3470 unde
3150 3409 3288 3470 haec
3344 3413 3593 3474 monuit
3649 3414 3840 3476 lecto-

437 3504 832 3583 marginibus
889 3504 1013 3564 illis
1068 3504 1132 3564 in
1188 3504 1386 3566 libros
1442 3506 1873 3577 Quaestionum
1955 3507 2079 3567 He-
2188 3521 2322 3564 rem
2377 3504 2790 3564 studiosum:
2849 3503 2928 3564 In
2984 3503 3250 3566 Hebraeo
3324 3514 3384 3568 et
3442 3509 3508 3568 in
3569 3513 3839 3592 Septua-

430 3601 790 3663 braicarum
823 3601 1015 3662 fuisse
1043 3600 1384 3664 derivatas.
1446 3603 1585 3664 Nisi
1618 3602 1764 3664 huic
1795 3603 2080 3682 opinioni
2183 3600 2370 3680 ginta
2424 3600 2860 3673 translatione,
2920 3622 3041 3661 non
3083 3603 3385 3684 plurimi,
3441 3607 3554 3667 sed
3609 3615 3832 3688 septem

433 3699 723 3760 nonnihil
805 3699 1124 3760 contraria
1179 3705 1341 3760 esset
1396 3701 1579 3778 copia
1655 3701 2075 3779 plurimorum
2184 3697 2490 3777 leguntur
2519 3698 2588 3777 (Ι
2609 3697 2774 3777 Reg.
2806 3716 2872 3768 ιι,
2913 3699 3006 3779 5.)
3037 3701 3112 3761 Et
3141 3703 3331 3780 paulo
3356 3703 3560 3766 infra:
3594 3705 3671 3766 In
3696 3705 3838 3766 He-

425 3797 837 3871 scholiorum,
892 3816 1033 3876 quas
1081 3815 1206 3857 non
1256 3795 1555 3875 leguntur
1586 3799 1647 3857 in
1701 3798 2076 3858 Traditioni-
2183 3792 2344 3854 brato
2373 3795 2461 3854 ita
2491 3793 2775 3873 habetur,
2816 3793 3083 3858 Domini
3139 3799 3301 3858 enim
3384 3806 3534 3860 sunt
3589 3803 3838 3878 afﬂicti

424 3894 544 3954 bus
591 3893 931 3964 Hebraicis,
969 3912 1110 3972 qua:
1165 3899 1375 3954 tamen
1430 3893 1730 3972 leguntur
1767 3893 1830 3953 in
1862 3911 2076 3954 exem-
2183 3897 2366 3951 terra?
2391 3891 2582 3971 (Ibid.
2615 3893 2707 3971 8.)
2753 3891 3067 3968 Afflictos
3123 3901 3326 3972 terra,
3400 3896 3662 3958 Hebraei
3689 3909 3840 3981 pau-

427 3991 709 4071 plaribus
739 3991 1006 4054 Canonis
1037 3991 1360 4052 Hebraicze
1418 3991 1722 4052 veritatis.
1786 3992 2070 4052 Primum
2166 3996 2352 4069 peres
2409 3989 2665 4070 spiritu,
2725 3995 2784 4048 et
2838 3989 3108 4051 humiles
3179 3994 3364 4053 corde
3419 3995 3831 4077 intelligunt,

421 4090 620 4168 igitur
649 4092 818 4169 quod
849 4110 926 4152 ex
983 4089 1246 4151 Hebraeo
1294 4090 1589 4150 observat
1619 4095 1841 4150 auctor
1899 4091 2073 4161 Quze-
2180 4095 2366 4168 super
2393 4107 2546 4167 quos
2575 4087 2919 4148 Dominum
2966 4088 3170 4149 orbem
3219 4092 3513 4172 posuisse
3567 4095 3832 4172 dicunt;

419 4189 699 4248 stionum
757 4207 868 4249 seu
925 4188 1356 4249 Traditionum
1387 4188 1452 4248 in
1483 4188 1677 4248 libros
1733 4187 2066 4259 Samuelis,
2177 4189 2327 4268 quia
2383 4207 2592 4248 eorum
2649 4188 2893 4248 meritis
2949 4195 3180 4250 terram
3239 4197 3409 4252 stare
3465 4200 3829 4256 autumant.

418 4286 766 4347 variantem
827 4293 1072 4365 spectat
1127 4287 1459 4348 lectionem
1545 4287 1652 4348 lib.
1715 4290 1736 4348 Ι
1799 4290 2062 4365 Regum,
2176 4290 2313 4350 Non
2380 4287 2636 4368 ambigo
2723 4290 3227 4370 quamplurimas
3309 4295 3572 4374 reperiri
3629 4297 3738 4375 qui
3792 4317 3832 4358 e

420 4403 560 4463 cap.
621 4401 667 4458 1,
727 4403 888 4445 vers.
951 4386 1025 4443 ὅτ
1085 4385 1290 4444 Annae
1339 4390 1540 4444 autem
1596 4385 1772 4444 dedit
1811 4391 2061 4465 partem
2174 4385 2407 4447 talibus
2463 4386 2720 4448 scholiis
2798 4388 3050 4449 Hebraei
3107 4391 3408 4470 anonymi
3474 4393 3827 4471 reprehen-

421 4503 605 4542 unam
639 4483 870 4542 tristis.
905 4482 983 4542 In
1042 4481 1328 4555 Hebraeo,
1365 4483 1591 4562 inquit,
1653 4484 1742 4542 ita
1774 4481 2055 4562 legitur:
2171 4485 2441 4545 dendam
2495 4485 2858 4546 existiment
2913 4487 3279 4566 Hieronymi
3333 4490 3816 4552 translationem

417 4586 618 4644 Annae
673 4589 875 4644 autem
958 4583 1135 4643 dedit
1175 4589 1424 4666 partem
1485 4604 1669 4643 unam
1719 4583 2053 4664 duplicem,
2168 4582 2496 4654 Latinam;
2531 4583 2639 4641 sed
2670 4582 2721 4642 si
2758 4581 3158 4642 meminerint
3210 4582 3375 4644 hanc
3431 4602 3565 4644 esse
3625 4606 3819 4666 regu-

413 4683 561 4761 quia
616 4687 864 4743 Annam
923 4683 1259 4763 diligebat.
1322 4686 1459 4744 Non
1523 4684 1706 4743 aliter
1763 4683 1934 4762 legas
1992 4686 2054 4744 in
2090 4678 2289 4754 Diam
2351 4679 2498 4738 boni
2553 4678 2915 4757 interpretis
2945 4685 3012 4739 ut
3059 4682 3331 4757 ἰδιώματα
3364 4679 3601 4758 linguas
3660 4685 3819 4745 alte-

411 4781 668 4844 scholiis
749 4782 1043 4856 Canonis,
1131 4800 1275 4861 quae
1366 4786 1688 4860 ponuntur
1755 4799 1788 4840 e
1861 4781 2056 4843 latere
2169 4775 2318 4848 rius,
2354 4794 2481 4836 suae
2517 4775 2750 4852 lingum
2782 4775 3102 4853 exprimat
3156 4776 3568 4856 preprietate,
3631 4782 3828 4844 mira-

410 4877 695 4956 ejusdem
751 4879 1045 4940 versiculi
1095 4878 1217 4940 col.
1282 4881 1400 4939 326
1450 4886 1681 4939 nostrae
1737 4878 2050 4940 editionis.
2165 4872 2400 4933 buntur
2429 4871 2638 4951 potius
2689 4872 3032 4933 maximum
3093 4874 3563 4953 Scripturarum
3625 4879 3832 4940 inter-

409 4976 878 5056 Consequenter
932 4976 1014 5037 ad
1068 4995 1226 5037 vers.
1261 4979 1338 5037 24
1396 4975 1586 5054 hujus
1617 4975 1878 5056 capituli
1932 4976 2052 5036 im-
2162 4977 2405 5050 pretem
2463 4976 2748 5030 nostrum
2801 4987 2815 5042 ;
2876 4971 2988 5049 qui
3046 4989 3160 5050 pro
3245 4978 3492 5054 septem,
3583 4977 3826 5040 Latina

410 5081 655 5152 pugnat
709 5074 1039 5135 lectionem
1117 5073 1404 5134 codicum
1463 5073 1854 5147 Latinorum,
1931 5073 2052 5134 hoc
2161 5068 2571 5149 proprietate,
2649 5066 2966 5148 plurimos
3022 5069 3321 5130 reddidit.
3401 5073 3826 5152 Septenarius

403 5178 498 5232 est
578 5170 944 5251 Hieronymi
1029 5171 1532 5241 translationem,
1630 5172 2048 5248 vitiosamque
2159 5168 2326 5228 enim
2385 5183 2706 5238 numerus,
2766 5165 2973 5244 inquit
3014 5168 3362 5248 Procopius
3418 5172 3676 5231 Gazaeus
3734 5172 3812 5234 in

400 5274 670 5330 conatur
723 5269 1075 5343 ostendere,
1134 5269 1223 5329 ita
1305 5269 1516 5328 dicens
1569 5287 1582 5328 :
1641 5267 1719 5327 In
1780 5266 2044 5328 Hebraeo
2156 5266 2324 5326 hunc
2383 5263 2615 5336 locum,
2683 5262 3152 5325 multitudinem
3211 5266 3485 5328 denotat.
3569 5268 3827 5334 Deinde

397 5388 519 5427 non
552 5366 756 5427 tribus
787 5367 1018 5427 modiis
1061 5366 1326 5443 farinae,
1385 5365 1496 5424 sed
1553 5365 1760 5425 modio
1799 5365 2042 5443 farinae
2153 5363 2321 5442 quod
2373 5365 2611 5420 asserat
2667 5359 2968 5422 Hebrasus
3025 5369 3240 5424 noster
3295 5364 3667 5426 scholiastes
3699 5366 3830 5430 ha-

394 5467 638 5548 legitur
663 5489 682 5528 :
741 5488 916 5548 quem
977 5467 1181 5527 locum
1241 5465 1410 5546 apud
1467 5465 1724 5524 Latinos
1766 5466 2038 5545 scripto-
2147 5461 2281 5522 beri
2310 5460 2372 5518 in
2405 5458 2596 5528 fonte,
2630 5455 2898 5518 Domini
2923 5460 3084 5520 enim
3116 5467 3266 5519 sunt
3293 5462 3536 5540 afﬂicti
3591 5469 3820 5546 terret,

392 5585 530 5624 rum
563 5567 714 5626 vitio
771 5571 1016 5627 constat
1069 5585 1202 5624 esse
1256 5564 1682 5644 depravatum.
1741 5561 1816 5621 Si
1871 5562 2033 5622 enim
2146 5558 2354 5620 nescio
2384 5575 2463 5616 an
2520 5555 2795 5657 Hebraea?
2847 5575 3029 5618 voces
3108 5557 3264 5630 istm,
3299 5579 3426 5656 γτκ
3459 5579 3602 5657 ηρνο
3665 5582 3814 5620 mc-

387 5681 527 5721 cum
557 5663 777 5724 vitulis
826 5663 1032 5724 tribus
1091 5667 1217 5722 tres
1276 5660 1519 5721 modios
1558 5660 1803 5738 farinae
1851 5659 2031 5720 obtu-
2144 5663 2313 5717 tsuce
2366 5668 2531 5730 eres,
2595 5653 2793 5732 magis
2847 5655 3122 5732 afﬂictos
3171 5653 3356 5716 terra:
3406 5653 3814 5738 significent,

391 5756 495 5836 lit,
579 5766 795 5820 contra
863 5767 1240 5843 praeceptum
1315 5758 1483 5840 legis
1545 5758 1785 5835 fecit...
1871 5758 2030 5819 Inde
2139 5773 2328 5837 quam
2361 5751 2782 5829 fundamenta
2837 5757 2896 5810 et
2948 5753 3238 5813 cardines
3293 5761 3477 5816 terra:
3532 5756 3814 5840 (Ibid.).
