4060 6190
364 304 480 368 illi

1541 312 1871 374 PATRUM
1916 312 2619 379 BENEDICTINURUM

3659 316 3778 377 “6

368 444 435 501 in
483 436 730 521 Regum
779 439 1002 521 libros,
1035 442 1371 503 secundum
1428 462 1676 506 sensum
1741 445 2016 506 catholi-
2044 446 2099 514 Α
2128 465 2254 509 non
2281 447 2629 522 volumina,
2662 465 2787 510 non
2810 447 2996 510 aliter
3010 446 3505 527 interpretanda:
3519 454 3669 508 sunt
3698 448 3778 511 de

369 559 579 600 eorum
611 539 900 614 Patrum,
934 546 1204 620 quatuor
1265 539 1878 603 Commentariorum
1932 542 2015 603 li-

371 638 515 699 bros
566 638 764 717 edidi,
800 658 953 719 quos
999 644 1058 698 et
1111 639 1543 700 sacratissimo
1600 641 1883 721 genitori
1928 661 2023 700 ve-

371 743 504 797 stro
558 736 868 797 Ludovico
943 738 1307 819 imperatori
1372 738 1872 820 praesentialiter
1953 739 2021 798 in

373 839 589 895 nostro
655 836 1032 896 monasterio
1090 835 1380 896 tradidi:
1431 836 1498 895 in
1572 836 1800 917 quibus
1857 836 2049 899 sicut.

373 937 432 991 et
460 931 526 991 in
540 933 851 1013 prasenti
892 941 1068 1014 opere
1112 933 1274 1012 feci,
1329 933 1605 1015 Iosephi,
1651 933 2023 1003 Judaeorum

378 1030 691 1111 historici,
734 1033 1186 1109 narrationem,
1245 1038 1303 1092 et
1356 1030 1616 1094 Hebraei
1670 1034 2020 1112 cujusdam,

376 1131 696 1191 modernis
724 1130 1100 1212 temporibus
1133 1130 1199 1189 in
1257 1130 1426 1211 legis
1478 1131 1744 1192 scientia
1790 1133 2025 1206 ﬂoren-

382 1228 490 1308 tis,
541 1228 861 1308 opiniones
903 1228 1231 1310 plerisque
1289 1230 1356 1289 in
1417 1229 1574 1290 locis
1630 1230 1979 1312 interposui
2007 1253 2029 1290 .-

2129 550 2313 607 aetate
2346 546 2615 621 Hebrmi,
2650 547 2759 626 qui
2814 545 3056 607 scholia
3087 544 3464 624 marginalia
3508 545 3782 606 Canonis

2129 644 2448 705 Hebraicae
2506 644 2814 721 veritatis,
2876 649 2939 705 et
2993 642 3363 705 traditiones
3434 643 3783 705 Hebraicas

2131 740 2344 818 edidit,
2441 748 2709 803 exeunte
2763 741 2994 806 smoulo
3059 746 3306 814 octavo,
3355 745 3468 802 aut
3520 740 3784 804 ineunte

2132 855 2324 901 nono.
2371 841 2448 901 Et
2477 839 2615 901 hinc
2652 845 2799 901 sunt
2856 845 3127 922 tempora
3183 839 3480 899 moderna
3539 840 3784 902 Rabani

2133 937 2363 1014 Mauri,
2422 938 2486 998 in
2538 938 2766 1017 quibus
2827 942 3096 999 testatur
3150 936 3439 999 ﬂoruisse
3514 937 3784 1017 scripto-

2132 1053 2266 1096 rem
2295 1034 2566 1109 illum,e
2619 1052 2745 1114 quo
2778 1034 3057 1113 plurima
3113 1039 3443 1095 mutuatur
3468 1039 3534 1096 et
3588 1034 3790 1096 inter-

2138 1133 2315 1213 ponit
2393 1133 2457 1193 in
2540 1132 2668 1193 suis
2737 1131 3241 1193 Commentariis.
3316 1131 3794 1203 Quantumcun-

2140 1248 2264 1310 que
2299 1249 2448 1292 vero
2506 1237 2658 1292 nota
2705 1231 2889 1292 nobis
2944 1231 3027 1291 sit
3081 1236 3234 1291 astas
3287 1230 3537 1291 Hebraei
3591 1230 3785 1305 illius,

382 1326 496 1386 sed
549 1346 671 1386 non
732 1328 844 1407 ita,
908 1334 978 1387 ut
1034 1328 1221 1409 quasi
1283 1327 1569 1389 lectorem
1628 1329 1891 1390 invitum
1948 1330 2032 1389 ad
2143 1329 2497 1391 scholiastis
2552 1334 2617 1390 et
2697 1328 3236 1403 commentatoris,
3312 1328 3621 1390 incertum
3699 1335 3794 1390 ta-

386 1424 663 1506 ipsorum
739 1425 1113 1487 traditionis
1198 1445 1523 1487 assensum
1563 1427 2032 1510 pertraherem;
2145 1442 2289 1488 men
2337 1445 2535 1506 genus
2573 1432 2878 1488 remanet.
2942 1429 3102 1488 Nam
3158 1426 3331 1506 quod
3414 1443 3558 1487 eum
3614 1425 3791 1494 Iose-

385 1522 497 1582 sed
515 1523 729 1603 magis
741 1524 1001 1605 judicio
1058 1544 1131 1584 ac
1143 1525 1518 1607 probationi
1546 1526 1748 1608 ipsius
1789 1526 1907 1587 illa
1938 1526 2039 1587 de-
2144 1524 2265 1591 pho
2321 1523 2674 1591 Iudaeorum
2757 1523 3061 1586 historico
3145 1525 3454 1605 adjungat
3537 1525 3798 1587 Maurus

387 1620 772 1702 relinquens.
859 1626 954 1684 Ex
1036 1623 1113 1684 iis
1222 1624 1622 1704 exploratum
1707 1625 1888 1687 nobis
1942 1625 2035 1700 ﬁt,
2146 1622 2524 1684 Prmfatione
2605 1623 3216 1685 Commentariorum
3294 1623 3361 1683 in
3457 1622 3794 1702 Paralipo-

390 1721 726 1782 Rabanum
786 1724 1069 1783 Maurum
1128 1722 1218 1784 ita
1275 1723 1341 1783 in
1415 1723 1623 1803 primo
1682 1723 2040 1786 testimonio
2151 1738 2359 1795 mena,
2418 1719 2640 1782 ambos
2711 1739 2840 1783 una
2895 1722 3234 1801 scriptores
3306 1720 3452 1782 illos
3533 1721 3794 1783 forsitan

388 1817 869 1898 intelligendum
929 1839 1084 1895 esse,
1136 1826 1207 1882 ut
1276 1821 1506 1883 dixerit
1579 1822 1858 1902 capitula
1928 1841 2034 1883 cu-
2070 1819 2468 1886 Brecensere
2567 1818 2790 1893 voluit,
2867 1825 2937 1880 ut
3022 1819 3396 1880 doceremur
3499 1819 3796 1881 Judmum

385 1914 641 1995 jusdam
673 1916 922 1978 Hebrmi
976 1936 1089 1979 suo
1150 1923 1429 1997 tempore
1458 1919 1523 1979 in
1571 1919 1831 1982 scientia
1884 1919 2041 1999 legis

387 2013 673 2074 ﬂorentis
730 2015 1066 2075 inseruisse
1122 2015 1413 2094 plurimis
1468 2016 1620 2076 locis
1672 2035 1928 2078 suorum
1968 2017 2030 2077 in

386 2114 633 2187 Regum
666 2110 990 2171 volumina
1035 2112 1670 2187 Commentariorum,
1732 2130 1873 2193 quae
1930 2131 2035 2175 ca-

384 2207 588 2286 pitula
673 2208 1079 2270 traditionem
1180 2209 1593 2271 Hebraeorum
1649 2213 2033 2274 contineant.

387 2305 584 2384 quue
634 2304 1062 2367 indubitatum
1134 2325 1269 2368 esse
1351 2309 1696 2389 comperiet
1739 2308 2039 2390 quisquis

384 2401 450 2463 in
538 2401 798 2463 Rabani
884 2404 1386 2483 expositionibus
1444 2410 1507 2466 et
1560 2408 2038 2469 Commentariis

385 2500 713 2580 Opiniones
768 2518 842 2561 ac
900 2503 1207 2563 sectiones
1274 2504 1555 2583 integras
1608 2505 2036 2574 Quaestionum

383 2598 835 2660 Hebraicarum
868 2599 933 2660 in
965 2599 1163 2661 libros
1192 2603 1433 2681 Regum
1487 2608 1548 2663 et
1605 2604 2034 2683 Paralipome-

383 2714 515 2760 non
571 2697 808 2776 positas
865 2698 1401 2774 animadverterit,
1462 2705 1652 2780 atque
1708 2703 2039 2764 Commen-

387 2794 583 2856 tarios
640 2793 853 2855 Mauri
911 2800 974 2856 et
1030 2796 1280 2857 Hebraei
1332 2797 1701 2860 traditiones
1755 2799 1919 2862 inter
1972 2819 2038 2862 se

388 2893 839 2973 composuerit.
928 2895 1078 2967 Quis
1157 2895 1358 2975 igitur
1410 2897 1602 2959 fuerit
1671 2898 2039 2962 scholiastes

390 2991 687 3066 Canonis,
717 2997 779 3053 et
808 3010 935 3071 quo
965 2996 1253 3072 tempore
1280 2995 1528 3069 vixerit,
1563 3002 1802 3058 certum
1834 3002 2039 3059 exstat

389 3107 467 3151 ex
554 3089 764 3151 allatis
845 3089 1092 3152 duobus
1176 3092 1418 3153 Rabani
1492 3094 1690 3155 Mauri
1758 3097 2039 3158 testimo-

2149 1921 2489 1996 utrumque
2518 1916 2726 1977 fuisse.
2758 1917 2838 1978 At
2867 1916 3013 1978 huic
3041 1916 3324 1997 opinioni
3380 1934 3506 1977 non
3563 1933 3794 1997 parum

2151 2019 2467 2093 repugnat
2524 2013 2808 2075 scholion
2887 2013 3236 2091 marginale
3317 2013 3587 2075 Canonis
3669 2016 3796 2076 He-

2147 2111 2379 2173 braicas
2460 2111 2741 2173 veritatis
2848 2112 3128 2192 positum
3210 2110 3332 2173 col.
3438 2114 3577 2191 170,
3683 2112 3793 2174 ubi

2147 2226 2389 2270 morem
2417 2209 2787 2271 Latinorum
2844 2211 3379 2285 secutusiauctor
3433 2208 3804 2288 hujusmodi

2149 2307 2653 2381 adnotationum,
2705 2307 2860 2369 dicit
2922 2307 2985 2368 in
3043 2307 3310 2369 Hebrmo
3372 2306 3595 2369 haberi
3664 2310 3803 2369 Nu-

2149 2422 2466 2466 merorum
2540 2405 2748 2484 capite
2829 2421 2982 2481 xvu,
3036 2422 3200 2467 vers.
3248 2407 3333 2467 6:
3394 2404 3802 2486 Fueruntque

2148 2503 2348 2582 virga
2398 2502 2724 2563 duodecim
2753 2522 2892 2563 cum
2949 2502 3137 2583 virga
3163 2501 3414 2564 Aaron.
3448 2505 3521 2563 In
3556 2503 3801 2565 Latinis

2149 2608 2361 2662 autem
2392 2600 2734 2673 codicibus,
2786 2618 2947 2682 quos
2974 2621 3123 2662 suos
3176 2605 3364 2662 vocat
3405 2600 3596 2680 juxta
3648 2618 3799 2662 con-

2148 2697 2541 2760 suetudinem
2600 2698 2967 2780 Hieronymi
2996 2704 3058 2760 et
3105 2696 3458 2777 Augustini,
3490 2696 3796 2778 scriptum

2147 2813 2302 2870 esse,
2350 2800 2727 2877 fueruntque
2745 2794 2944 2877 virgae
2990 2794 3315 2857 duodecim
3347 2794 3576 2877 absque
3603 2796 3805 2877 virga

2146 2894 2392 2957 Aaron.
2451 2894 2784 2967 Hebrmus,
2816 2894 3045 2974 inquit,
3103 2913 3241 2955 cum
3273 2894 3499 2969 nostri,
3534 2892 3796 2975 absque;

2146 2995 2210 3056 id
2240 3001 2333 3056 est
2362 2994 2663 3056 Hebraeus
2707 2998 2916 3056 textus
2962 2994 3116 3074 legit
3151 3014 3288 3055 cum
3318 2994 3507 3075 virga
3533 2994 3796 3069 Aaron;

2147 3093 2346 3154 nostri
2429 3093 2677 3155 codices
2730 3092 2956 3167 Latini,
3017 3092 3247 3174 absque
3300 3093 3490 3173 virga
3544 3094 3801 3154 Aaron.

404 3185 550 3247 niis.
586 3183 897 3247 Hebrwus
945 3187 1023 3248 ab
1056 3205 1129 3249 eo
1183 3188 1386 3251 dictus
1440 3195 1555 3264 est,
1615 3197 1682 3251 in
1778 3193 2041 3255 scientia
2073 3190 2117 3257 α
2156 3193 2299 3251 Non
2339 3189 2476 3251 aliis
2530 3188 2732 3251 verbis
2786 3205 2934 3251 usos
3017 3188 3208 3252 fuisse
3266 3190 3511 3251 Latinae
3568 3189 3805 3269 linguae

395 3283 566 3364 legis
623 3302 754 3345 non
816 3285 1217 3346 mediocriter
1287 3286 1571 3360 celebris,
1605 3289 1808 3369 cujus
1864 3308 2040 3352 com-

390 3382 809 3444 mentationes
857 3400 931 3444 ac
988 3384 1375 3455 Quaestiones
1430 3386 1774 3450 Haebraicae
1830 3389 2040 3451 locum

390 3481 623 3543 habere
707 3482 1056 3544 meruerint
1132 3483 1300 3545 inter
1393 3486 1737 3549 sententias
1819 3489 2037 3552 Hiero~

389 3580 587 3658 nymi,
620 3581 980 3658 Augustini,
1014 3586 1076 3643 et
1132 3581 1403 3644 aliorum
1459 3585 1794 3647 doctorum
1849 3588 2045 3648 nomi-

391 3676 860 3739 natissimorum
923 3678 989 3739 in
1076 3680 1357 3741 Ecclesia
1404 3681 1657 3745 Christi.
1746 3683 2044 3747 Florebat

393 3778 606 3834 autem
639 3772 900 3836 scientia
920 3774 1279 3837 divinarum
1311 3777 1779 3856 Scripturarum
1819 3782 2040 3843 eodem

391 3879 680 3954 tempore
732 3893 858 3954 quo
902 3875 1209 3936 Alcuinus
1263 3881 1326 3937 et
1352 3877 1487 3957 ipse
1526 3879 1823 3940 Rabanus
1852 3883 2033 3942 Mau-

388 3987 546 4032 rus:
601 3990 748 4032 nam
825 3972 995 4052 apud
1052 3974 1342 4035 Maurum
1416 3975 1711 4035 moderna
1768 3982 2040 4060 tempora

391 4075 701 4131 vocantur
763 4069 875 4129 illa
927 4073 1217 4148 tempora
1290 4070 1519 4149 quibus
1599 4073 1734 4152 ipse
1789 4080 2036 4136 aetatem

391 4165 680 4245 degebat,
714 4172 785 4228 ut
816 4167 990 4229 testis
1020 4174 1115 4229 est
1166 4167 1674 4246 prmfatiuncula,
1732 4189 1839 4233 seu
1871 4174 2037 4253 epis-

392 4263 546 4336 tola,
581 4264 968 4326 dedicatoria
1024 4265 1638 4328 Commentariorum
1695 4268 1759 4328 in
1808 4267 2037 4332 librum

391 4364 723 4436 Geneseos,
795 4361 903 4422 ubi
991 4362 1352 4422 modernum
1437 4369 1675 4446 tempus
1759 4368 2039 4448 appellat

391 4460 627 4516 aetatem
649 4452 1011 4537 Freculphi,
1046 4456 1126 4517 ad
1184 4475 1373 4536 quem
1430 4458 1564 4538 ipse
1623 4463 1909 4525 rescribit
1965 4483 2038 4527 ac

2150 3287 2437 3349 homines
2512 3287 2577 3348 in
2633 3286 2968 3349 recitandis
3047 3287 3439 3351 variantibus
3509 3287 3805 3349 lectioni-

2148 3384 2269 3446 bus
2348 3383 2818 3464 Scripturarum
2895 3383 3275 3458 divinarum,
3329 3384 3525 3464 probe
3602 3401 3804 3445 nove-

2151 3487 2299 3544 runt
2353 3481 2715 3563 quicunque
2770 3487 3130 3543 sanctorum
3190 3482 3448 3544 Patrum
3498 3480 3802 3543 lucubra-

2152 3579 2354 3641 tiones
2409 3579 2729 3641 evolvunt.
2814 3583 2893 3640 Et
2974 3579 3364 3659 superﬂuum
3450 3584 3616 3642 esset
3694 3580 3807 3641 hic

2152 3677 2445 3757 exempla
2516 3695 2857 3757 congerere
2913 3678 2977 3738 in
3027 3695 3159 3739 rem
3205 3678 3449 3740 cunctis
3496 3676 3798 3740 studiosis

2150 3775 2571 3837 indubitatam
2624 3783 2815 3856 atque
2869 3775 3292 3838 manifestam.
3352 3780 3653 3857 Superest
3680 3775 3805 3854 igi-

2149 3879 2255 3934 tur
2309 3880 2381 3935 ut
2429 3874 2715 3935 dicamus
2784 3874 3120 3936 Hebraeum
3189 3875 3571 3937 scholiasten
3660 3872 3800 3935 Co-

2148 3970 2320 4032 dices
2358 3972 2724 4034 Latinorum
2753 3990 2901 4033 suos
2930 3973 3308 4053 appellasse,
3361 3974 3510 4054 quia
3560 3991 3637 4035 ex
3676 3976 3802 4034 La-

2149 4069 2296 4130 tinae
2326 4070 2559 4149 linguis
2590 4067 2951 4131 hominibus
2998 4076 3346 4151 prognatus
3397 4070 3620 4145 fuerat,
3684 4077 3802 4131 aut

2149 4173 2317 4229 certe
2373 4169 2541 4248 quod
2622 4168 2687 4228 in
2743 4165 3060 4230 Christum
3108 4169 3425 4243 credens,
3499 4172 3805 4230 Romanae

2146 4265 2439 4327 Ecclesiae
2491 4265 2710 4340 libros,
2775 4283 2924 4326 suos
3004 4266 3299 4347 deinceps
3354 4284 3497 4327 cum
3556 4266 3803 4327 caeteris

2146 4363 2437 4424 fidelibus
2466 4362 2795 4425 nominare
2842 4362 3062 4425 voluit.
3096 4367 3179 4424 At
3208 4363 3371 4424 unde
3415 4363 3635 4435 habes,
3690 4362 3803 4423 in-

2147 4461 2284 4540 quit
2310 4462 2472 4523 forte
2518 4461 2718 4523 lector
2764 4461 3014 4541 aliquis,
3075 4459 3455 4521 scholiasten
3498 4460 3679 4521 illum
3736 4463 3807 4521 et

394 4554 745 4633 praefatur:
799 4553 1192 4635 Magnorum
1250 4554 1527 4618 virorum
1585 4579 1877 4621 conamen
1935 4556 2117 4623 an-D
2149 4565 2468 4621 auctorem
2528 4558 2963 4621 Traditionum
3021 4557 3475 4619 Hebraicarum
3548 4557 3806 4619 Christo

394 4652 665 4733 tiquitus
676 4653 845 4733 fuit,
882 4659 950 4713 ut
1005 4654 1264 4713 invicem
1312 4654 1664 4738 scribendo,
1723 4680 1840 4719 sua
1879 4670 2042 4743 pro-

396 4757 681 4811 vocarent
700 4751 939 4828 studia,
962 4757 1022 4811 et
1049 4759 1399 4813 exercerent
1427 4755 1708 4835 ingenia.
1742 4756 1934 4835 Quod
1960 4758 2042 4819 li-

393 4853 488 4907 cet
515 4866 727 4909 eorum
757 4849 1030 4916 exemplo
1087 4850 1379 4911 moderno
1410 4857 1674 4933 tempore
1702 4874 1891 4934 agere
1928 4855 2041 4915 de-

402 4947 692 5026 creveris,
749 4954 953 5008 tamen
1012 4947 1343 5008 mirandus
1401 4949 1466 5008 in
1541 4949 1655 5011 hoc
1727 4971 1815 5028 es,
1873 4952 2042 5032 quod

392 5045 844 5106 convenientem
910 5053 1245 5127 personam
1320 5046 1405 5105 ad
1492 5047 1670 5108 istud
1745 5068 2038 5109 conamen

392 5160 516 5202 non
562 5144 910 5223 quaesieris.
957 5144 1327 5204 Modernum
1375 5142 1592 5223 itaque
1640 5150 1890 5226 tempus
1943 5147 2040 5207 in-

390 5238 620 5319 telligit
675 5241 925 5302 Maurus
957 5245 1207 5319 tempus
1254 5241 1461 5319 ipsum
1520 5260 1646 5322 quo
1704 5243 2037 5306 Commen-

392 5337 587 5398 tarios
645 5339 960 5399 scribebat
1056 5338 1121 5397 in
1228 5338 1535 5413 Genesim,
1626 5349 1883 5422 rogatus
1958 5341 2037 5403 ab

394 5434 693 5515 episcopo
751 5435 1109 5515 Freculpho
1170 5451 1185 5494 :
1246 5451 1444 5514 quare
1482 5436 1717 5500 similes
1748 5438 2035 5518 phrases,

397 5548 539 5609 quae
649 5539 990 5596 occurrunt
1098 5532 1163 5592 in
1266 5534 1744 5598 Praefationibus
1852 5539 2035 5599 Com-

398 5631 852 5694 mentariorum
953 5629 1018 5693 in
1105 5633 1344 5709 Regum
1431 5650 1504 5695 ac
1600 5635 2035 5717 Paralipome-

2150 4676 2381 4719 nomen
2451 4656 2693 4717 dedisse
2736 4657 2767 4715 7
2864 4654 3435 4717 Manifestissimum
3520 4653 3809 4733 religiosi

2149 4761 2212 4816 et
2256 4752 2595 4815 Christiani
2649 4753 2745 4814 sui
2801 4752 3007 4815 cultus
3052 4755 3496 4832 argumentum
3526 4752 3805 4832 praebuit

2147 4853 2413 4931 ipsemet
2458 4851 2728 4930 scriptor
2779 4850 3105 4923 Hebrmus,
3178 4856 3241 4910 et
3293 4850 3358 4910 in
3420 4850 3805 4922 Quaestioni-

2148 4949 2265 5010 bus
2293 4948 2614 5010 Hebraicis
2644 4948 2724 5009 ad
2783 4947 3073 5009 librumI
3129 4950 3400 5026 Regum,
3451 4966 3592 5027 cap.
3647 4963 3789 5022 xxx,

2147 5064 2309 5108 vers.
2341 5050 2402 5121 8,
2436 5047 2621 5107 ﬁdem
2655 5063 2833 5107 suam
2892 5044 3106 5123 prodit
3157 5044 3257 5105 his
3313 5044 3566 5107 verbis:
3636 5043 3802 5104 Tra-

2145 5145 2309 5206 dunt
2334 5142 2593 5206 Hebrwi
2622 5160 3006 5225 nequaquam
3036 5140 3257 5203 David
3300 5163 3403 5203 eos
3458 5140 3801 5204 comedisse

2139 5250 2333 5325 panes
2365 5264 2381 5322 ;
2415 5244 2526 5303 sed
2554 5242 2743 5303 aliter
2773 5236 2974 5301 tamen
3013 5238 3330 5302 Dominus
3378 5241 3444 5302 in
3500 5239 3798 5321 Evange-

2147 5339 2237 5401 lio
2265 5341 2439 5421 (Luc.
2471 5356 2555 5415 v1,
2580 5341 2667 5423 4).
2700 5338 3016 5400 Christum
3044 5355 3195 5419 ergo
3223 5338 3571 5400 Dominum
3612 5355 3800 5398 suum

2147 5439 2454 5518 agnoscit,
2486 5443 2549 5501 et
2574 5434 2998 5518 Evangelium
3053 5435 3214 5516 ejus,
3269 5435 3654 5498 contrarium
3715 5433 3795 5494 li-

2147 5542 2245 5598 cet
2296 5535 2662 5599 Judaeorum
2722 5532 3189 5597 traditionibus.
3253 5537 3341 5595 De
3382 5531 3799 5595 Hebraeorum

2154 5632 2343 5697 etiam
2423 5638 2611 5715 gente
2668 5632 2873 5715 capite
2941 5647 3047 5694 xv:
3091 5629 3203 5693 lib.
3263 5632 3312 5694 1.
3346 5635 3592 5711 Regum
3638 5647 3809 5693 non-
