4060 6190
252 232 366 291 117

1660 207 2272 292 PROLEGOMENA.

3554 230 3672 290 “8

246 362 426 426 nulla
489 363 894 435 memoratus,
975 377 1083 423 eos
1164 358 1357 422 habet
1439 359 1635 423 veluti
1689 359 2190 430 alieni-Aillius
2246 363 2474 425 eruditi
2526 365 2846 444 scriptoris
2886 381 3262 424 censuram:
3325 362 3432 423 sed
3491 362 3668 424 salvo

247 478 443 538 genas
475 458 717 537 sibique
773 462 1130 519 extraneos.
1190 456 1267 516 In
1316 454 1582 519 Hebraeo
1640 457 1729 517 ita
1787 455 1904 516 lia-

247 557 450 632 betur,
482 556 712 634 inquit,
746 560 805 614 et
815 557 1067 633 fratres
1100 559 1237 615 tuos
1265 554 1576 633 visitabis,
1630 555 1690 616 si
1747 559 1906 615 recte

250 660 474 735 agant,
505 659 566 713 et
586 653 868 735 pignora
914 672 1125 713 eorum
1185 651 1368 713 tolles
1414 651 1484 732 (Ι
1529 650 1695 732 Reg.
1755 667 1900 724 XVII,

250 756 380 834 18.)
409 754 702 833 Pignora
761 753 828 813 in
887 751 1000 814 hoc
1055 751 1188 813 loco
1237 750 1493 814 Hebraei
1519 751 1770 814 libellos
1799 771 1904 812 re-

246 852 436 915 medii
467 851 866 931 intelligunt.
905 849 1233 930 Siquidem
1282 870 1462 910 usum
1514 848 1698 910 illius
1750 869 1903 929 gen-

247 953 331 1013 tis
367 953 596 1028 fuisse
657 956 910 1028 ferunt,
993 956 1062 1010 ut
1117 951 1364 1030 quando
1423 949 1635 1012 ibatur
1680 949 1764 1009 'ab
1809 950 1900 1010 eis

245 1051 310 1110 in
359 1057 676 1130 pugnam,
725 1047 981 1108 libellos
1076 1047 1327 1129 repudii
1382 1047 1682 1110 uxoribus
1765 1047 1902 1108 suis

242 1147 521 1209 darent:
598 1152 667 1206 ut
728 1146 790 1206 si
845 1146 1220 1225 contigisset
1292 1146 1494 1206 virum
1555 1146 1619 1206 in
1679 1145 1902 1226 praelia

239 1246 404 1327 capi,
468 1251 528 1306 et
585 1244 650 1304 in
706 1243 1128 1325 captivitatem
1201 1243 1372 1322 duci,
1453 1243 1680 1305 mulier
1737 1242 1897 1321 ejus,

239 1330 614 1424 exspectatis
644 1341 849 1404 tribus
905 1343 1116 1417 annis,
1177 1343 1238 1404 si
1275 1343 1374 1402 vir
1428 1342 1566 1422 ejus
1624 1363 1744 1402 non
1802 1363 1904 1402 re-

242 1442 472 1512 disset,
533 1439 730 1500 alium
790 1440 1042 1500 duceret
1115 1440 1340 1500 virum.
1431 1441 1657 1502 Videat
1737 1459 1904 1503 nunc

245 1539 532 1621 prudens
562 1538 766 1600 lector
821 1557 1013 1617 quam
1065 1539 1234 1600 clare
1275 1543 1527 1618 gentem
1575 1538 1694 1600 sibi
1751 1539 1904 1600 alie-

246 1656 395 1700 nam
455 1637 522 1698 in
577 1637 942 1699 Judasorum
1001 1642 1185 1716 gente
1274 1637 1720 1699 demonstrarit
1792 1639 1909 1699 He-

2015 475 2260 536 semper
2315 458 2552 522 honore
2610 461 2921 538 Vulgatse,
2972 459 3104 521 sive
3159 458 3666 536 Hieronymianaa

2015 555 2335 626 versionis,
2399 575 2589 634 quam
2673 559 2838 617 notis
2915 562 3160 618 tantum
3233 555 3463 617 criticis
3517 555 3664 615 illu-

2014 658 2212 716 strare
2244 655 2626 727 decreverat,
2661 674 2785 715 non
2838 646 2914 716 ex
2969 655 3100 716 odii
3148 653 3663 733 prinsumptione,

2013 750 2112 810 vel
2194 751 2475 813 censorio
2531 752 2867 830 supercilio
2923 753 3124 832 ipsam
3211 757 3520 813 temerare
3592 770 3666 814 ac

2012 849 2398 912 oblitterare.
2490 851 2734 931 Ubique
2811 857 3020 912 monet
3095 850 3394 911 Hebraeus
3457 856 3671 911 noster

2012 949 2424 1020 Christianus,
2461 949 2580 1011 hoc
2611 949 2707 1009 vel
2745 949 2900 1010 illud
2952 967 3075 1009 non
3141 948 3362 1010 haberi
3420 949 3483 1010 in
3541 951 3664 1010 He-

2011 1048 2275 1111 braico:
2363 1066 2480 1108 nec
2565 1055 2903 1128 prOpterea
2989 1048 3292 1126 espungit
3372 1049 3435 1107 in
3487 1065 3665 1107 sacro

2013 1153 2312 1208 contextu
2350 1163 2536 1208 voces
2584 1148 2836 1208 Latinas
2890 1147 3258 1225 hujusmodi
3308 1146 3667 1206 redundano

2013 1251 2130 1319 tes,
2161 1264 2319 1324 quas
2368 1245 2448 1306 ab
2493 1246 2837 1324 interprete
2887 1246 3116 1306 Latino
3173 1244 3421 1306 additas
3470 1261 3661 1304 nove-

2012 1348 2134 1416 rat,
2168 1350 2238 1404 ut
2295 1343 2498 1404 Latini
2550 1344 2856 1406 sermonis
2904 1343 3259 1423 proprietas
3317 1341 3666 1420 complere-

2014 1449 2116 1504 tur
2145 1443 2209 1503 in
2268 1443 2619 1520 Scriptura.
2653 1444 2853 1515 Quam
2885 1443 3251 1521 opinionem
3311 1442 3365 1502 si
3422 1441 3667 1501 futilem

2014 1541 2444 1614 aestimaveris,
2532 1542 2683 1602 audi
2768 1542 2977 1620 ipsum
3050 1540 3430 1601 scholiasten
3486 1541 3669 1600 Com-

2016 1637 2405 1700 mentariolis
2459 1637 2523 1698 in
2582 1639 2899 1699 canticum
2960 1638 3268 1700 Debboras
3344 1639 3434 1698 ita
3518 1637 3668 1698 scri-

246 1736 460 1800 brasus
527 1734 919 1808 scholiastes,
997 1741 1221 1798 auctor
1290 1740 1521 1804 Quaest.
1591 1735 1780 1798 Hebr.
1833 1736 1897 1798 in
1932 1733 2260 1801 Bhentem
2293 1758 2310 1796 :
2343 1735 2470 1796 Sed
2523 1736 2693 1816 quod
2738 1737 2852 1812 ait,
2915 1755 2954 1797 o
3010 1736 3268 1797 Amalec
3317 1734 3553 1813 (Judie.
3597 1753 3656 1810 v,

247 1833 445 1894 libros
503 1834 769 1911 Regum.
839 1836 986 1894 Non
1044 1833 1202 1894 dixit
1261 1853 1278 1894 :
1337 1832 1661 1914 Siquidem
1749 1854 1901 1896 usus

248 1936 482 1994 nostra:
536 1929 751 2010 gentis
762 1931 930 2009 fuit,
966 1931 1134 2013 quod
1165 1931 1381 2010 utique
1409 1933 1667 1994 Judzeus
1709 1932 1902 1997 homo

245 2032 456 2093 dicere
510 2031 830 2092 debuisset
907 2047 922 2093 :
1006 2031 1116 2092 sed
1173 2036 1473 2108 tanquam
1535 2031 1612 2091 de
1679 2033 1901 2094 alieni-

245 2131 430 2208 genis
485 2129 773 2208 loquens,
839 2128 1148 2209 siquidem
1199 2148 1381 2190 usum
1439 2129 1624 2190 illius
1686 2132 1901 2210 gentis

248 2228 459 2298 fuisse
515 2230 768 2304 ferunt.
821 2227 999 2290 Nihil
1029 2228 1406 2306 gentilitium
1436 2228 1746 2306 agnoscit,
1803 2231 1901 2292 ni-

243 2325 334 2386 hil
395 2325 812 2388 domesticnm
870 2326 935 2386 in
992 2327 1359 2389 Judseorum
1432 2326 1896 2406 traditionibus,

245 2443 390 2504 qua
471 2431 702 2485 matres
761 2429 972 2486 tamen
1030 2425 1435 2486 Hebraeorum
1495 2431 1783 2504 spectant
1834 2427 1901 2488 in

247 2521 467 2582 libello
497 2521 769 2599 repudii.
804 2522 1153 2583 Potuissem
1212 2529 1274 2584 et
1322 2541 1399 2584 ex
1456 2522 1598 2585 aliis
1653 2525 1900 2603 capitu-

246 2619 324 2680 lis
385 2619 753 2680 earumdem
837 2619 1265 2687 Qumstionum
1322 2621 1770 2683 Hebraicarum
1837 2624 1900 2684 in

247 2717 455 2780 libros
514 2719 753 2795 Regum
803 2723 866 2778 et
919 2718 1474 2797 Paralipomenon,
1506 2720 1766 2798 planum
1809 2721 1902 2782 le-

250 2817 428 2893 genti
487 2815 696 2878 facero
769 2815 1171 2879 scholiastem
1238 2817 1510 2880 Canonis
1581 2819 1902 2884 Hebraicm

253 2913 545 2975 veritatis
619 2913 942 2976 hominem
1008 2914 1198 2976 fuisse
1269 2914 1734 2991 Christianum;
1793 2919 1904 2981 sed

249 3012 586 3074 anhelanti
633 3011 819 3073 finem
875 3012 1473 3090 Prolegomenorum
1531 3033 1730 3094 pauca
1786 3035 1902 3095 pro

2014 1837 2132 1917 14),
2195 1835 2259 1896 in
2310 1833 2574 1895 Hebrum
2630 1855 2751 1895 non
2808 1834 3050 1915 legitur
3105 1855 3118 1894 :
3206 1834 3316 1893 sed
3389 1833 3656 1892 Latinus

2013 1935 2318 2015 interpres
2364 1953 2584 1992 sensus
2640 1933 2858 2012 gratia
2915 1931 3028 1992 hoc
3083 1931 3362 1992 addidit.
3397 1933 3661 2008 Legerat

2011 2033 2183 2094 haud
2209 2032 2396 2093 dubie
2424 2032 2754 2110 epistolam
2799 2031 3162 2110 Hieronymi
3218 2031 3297 2090 ad
3353 2029 3658 2090 Sunniam

2011 2138 2072 2194 et
2094 2131 2434 2202 Fretolam,
2468 2131 2530 2190 in
2562 2149 2688 2210 qua
2719 2130 2794 2191 de
2823 2149 3005 2191 versu
3063 2129 3378 2191 tricesimo
3435 2133 3661 2188 octavo

2010 2229 2240 2310 psalmi
2296 2245 2491 2290 Lxxvn
2564 2228 2659 2288 vir
2713 2233 2965 2289 sanctus
3038 2226 3284 2287 disserit
3362 2226 3428 2286 in
3495 2225 3665 2284 hunc

2014 2328 2323 2390 modum:
2400 2326 2479 2386 In
2534 2326 2742 2386 eodem
2787 2344 2800 2385 :
2863 2327 2939 2386 Et
2993 2325 3305 2404 pr0pitius
3363 2324 3473 2384 ﬁet
3528 2340 3669 2400 pec-

2012 2425 2166 2487 catis
2223 2443 2467 2498 eorum,
2526 2430 2590 2486 et
2644 2444 2770 2485 non
2823 2423 3148 2502 disperdet
3204 2440 3334 2482 eos.
3395 2420 3661 2496 Dicitis,

2011 2525 2202 2606 quod,
2235 2541 2341 2586 eos
2397 2524 2584 2603 (vers.
2645 2523 2774 2603 38),
2838 2522 2903 2585 in
2969 2521 3192 2581 Graeco
3248 2538 3372 2579 non
3419 2517 3660 2592 habeat,

2011 2623 2179 2704 quod
2202 2629 2261 2682 et
2292 2642 2498 2682 verum
2530 2627 2644 2681 est.
2676 2621 2802 2681 Sed
2857 2639 2970 2680 nos
3023 2639 3096 2678 ne
3153 2617 3460 2678 sententia
3511 2625 3664 2697 pen-

2011 2721 2174 2794 deat,
2209 2720 2502 2780 Latinum
2554 2739 2892 2779 sermonem
2924 2737 3040 2777 sua
3065 2716 3451 2798 proprietate
3497 2734 3665 2774 com-

1996 2818 2338 2900 plevimus.
2399 2823 2479 2879 Et
2561 2836 2711 2878 vero
2786 2817 2939 2895 quid
3013 2815 3342 2876 obscurius
3396 2814 3459 2874 in
3517 2812 3666 2872 totis

2013 2919 2300 2980 codicum
2332 2916 2697 2977 Latinorum
2764 2913 3191 2975 voluminibus
3247 2911 3441 2972 sacris
3497 2928 3666 2970 reso-

2013 3018 2215 3084 naret,
2276 3030 2467 3090 quam
2527 3011 2651 3071 illm
2734 3009 3062 3072 sententias
3145 3007 3513 3086 pendentes,
3600 3006 3664 3066 in

252 3109 469 3170 multis
498 3109 816 3172 sufﬁciant
851 3131 868 3168 :
903 3110 1176 3172 maxime
1229 3112 1398 3190 quod
1461 3113 1679 3174 eadem
1737 3102 1978 3175 diffi-C
2013 3111 2242 3190 quibus
2287 3109 2482 3170 verba
2542 3107 2872 3180 nonnulla,
2931 3105 3337 3185 pronomina,
3399 3121 3474 3166 ac
3532 3122 3668 3163 vero

249 3207 452 3268 cultas
481 3207 552 3268 in
601 3206 802 3268 altero
846 3208 1167 3270 volumine
1224 3209 1442 3271 redeat
1493 3210 1723 3274 iterum
1771 3213 1898 3274 dis-

246 3304 572 3366 cutienda.
649 3307 880 3366 Verum
955 3312 1166 3368 tamen
1237 3314 1579 3388 antequam
1647 3311 1724 3372 de
1779 3311 1900 3374 hac

241 3403 479 3462 tabella
517 3401 779 3463 tollatur
809 3421 1058 3478 manus,
1115 3405 1453 3466 utilitatem
1511 3408 1897 3471 scholiorum

242 3499 689 3578 marginalium
723 3501 992 3562 Canonis
1020 3501 1296 3563 breviter
1323 3505 1838 3585 perstringamus.

317 3602 498 3659 Inter
583 3598 940 3677 praecipuas
1041 3601 1346 3662 utilitates
1452 3605 1896 3682 marginalium

242 3696 633 3758 scholiorum
688 3697 960 3759 Canonis
1015 3699 1338 3760 Hebraicee
1415 3702 1716 3776 veritatis,
1780 3706 1900 3784 pri-

243 3812 409 3855 mam
481 3812 806 3867 recenseo,
867 3796 1036 3874 quod
1095 3815 1272 3858 arma
1328 3798 1513 3859 nobis
1593 3801 1902 3863 submini-

243 3896 446 3952 strant
504 3891 586 3951 ad
636 3892 1044 3953 revincendos
1099 3892 1288 3971 hujus
1349 3897 1648 3974 temporis
1723 3897 1898 3959 hete-

247 3989 548 4056 rodoxos,
581 3990 691 4067 qui
733 3989 961 4067 sepius
1016 3991 1310 4052 Ecclesia:
1348 3993 1459 4053 Dei
1515 3994 1902 4058 insultarunt

2009 3211 2160 3270 bum
2189 3209 2676 3288 substantivum,
2727 3207 3156 3268 tollerentur?
3215 3205 3406 3265 Verbi
3462 3205 3667 3282 gratia

2009 3316 2190 3372 notat
2235 3311 2604 3371 scholiastes
2649 3309 2711 3369 in
2771 3313 2963 3387 caput
3022 3323 3128 3366 xxx
3189 3304 3447 3365 Levitici
3503 3322 3666 3364 vers.

2011 3413 2109 3480 14,
2146 3426 2271 3470 non
2301 3408 2522 3470 haberi
2549 3408 2614 3469 in
2646 3406 2931 3478 Hebraeo,
2967 3405 3140 3485 quia,
3199 3421 3427 3482 neque,
3487 3422 3664 3462 sum:

2009 3529 2150 3589 qua}
2179 3509 2373 3570 verba
2403 3511 2616 3568 tamen
2648 3506 2969 3586 complent
3026 3503 3480 3584 prOprietatem
3537 3520 3666 3561 ser-

2009 3609 2214 3669 monis
2243 3607 2478 3680 nostri;
2533 3603 2796 3686 pulchre
2828 3605 2996 3665 enim
3055 3602 3286 3663 dicitur
3349 3600 3524 3661 :Sed
3585 3599 3666 3658 ti-

2009 3704 2201 3766 mebis
2258 3704 2462 3766 Deum
2520 3709 2718 3776 tuum,
2777 3703 2927 3783 quia
2979 3721 3088 3780 ego
3149 3719 3287 3760 sum
3315 3697 3660 3760 Dominus.

2006 3808 2141 3866 Nec
2171 3805 2258 3866 ita
2289 3821 2506 3864 sensus
2555 3802 2810 3882 pendet,
2845 3801 2897 3861 si
2955 3800 3262 3877 legamus,
3323 3796 3436 3856 sed
3491 3797 3668 3856 time-

2008 3902 2104 3961 bis
2160 3902 2365 3962 Deum
2398 3907 2595 3978 tuum,
2629 3919 2737 3980 ego
2794 3898 3112 3958 Dominus
3141 3917 3162 3970 ;
3196 3895 3430 3974 pendet
3483 3911 3664 3953 nam-

2007 4021 2130 4081 que
2188 4002 2403 4080 aliquo
2462 4001 2650 4061 modo
2697 3999 2919 4059 isthmc
3007 3994 3321 4056 sententia
3405 3997 3667 4070 propter

247 4086 321 4146 de
391 4086 791 4164 ignoratione
873 4087 1105 4165 linguae
1189 4089 1535 4161 Hebraicae,
1622 4091 1900 4154 dicentes
2007 4101 2356 4162 absentiam
2417 4099 2568 4179 quia
2645 4096 2974 4176 particulae
3032 4091 3327 4159 causalis,
3388 4107 3462 4150 ac
3517 4089 3668 4149 sub-

248 4184 567 4244 neminem
650 4186 1076 4247 Romanorum
1133 4193 1453 4266 repertum
1511 4189 1699 4252 fuisse
1758 4198 1899 4270 post

2011 4199 2264 4260 stantivi
2296 4218 2457 4258 sum.
2494 4200 2584 4257 Ea
2613 4196 2810 4275 igitur
2838 4193 3050 4264 verba,
3087 4209 3228 4270 quas
3287 4190 3350 4250 in
3393 4187 3674 4249 Hebr-mis

248 4288 500 4344 aetatem
551 4282 926 4361 Hieronymi
971 4284 1272 4346 Hebraice
1313 4287 1662 4348 scientem:
1720 4289 1900 4350 ideo-
2008 4295 2434 4359 voluminibus
2519 4313 2631 4374 per
2712 4297 2918 4360 totum
3001 4292 3315 4351 Canonem
3379 4287 3677 4348 dicuntur

248 4397 370 4457 quo
429 4379 612 4457 quasi
674 4379 904 4441 clausis
983 4383 1181 4443 oculis
1263 4385 1607 4446 catholicos
1681 4405 1900 4450 omnes
2008 4396 2249 4466 abesse,
2314 4411 2440 4454 non
2501 4393 2816 4471 superﬂue
2893 4389 3112 4450 addita
3194 4390 3544 4448 noscuntur
3607 4385 3672 4444 in

249 4476 593 4539 adhzesisse
646 4477 933 4556 Vulgatas
967 4480 1255 4555 versioni,
1305 4501 1420 4543 nec
1474 4502 1656 4562 pares
1713 4476 2296 4553 fuisseDversione
2353 4489 2603 4562 Latina,
2662 4490 2812 4568 quia
2873 4487 3006 4546 sine
3064 4485 3189 4545 illis
3248 4483 3518 4544 obscura
3573 4482 3672 4542 vel

252 4574 330 4634 ad
366 4573 509 4651 ejus
557 4593 802 4637 errores
847 4578 938 4655 (ut
991 4578 1112 4656 ipsi
1166 4585 1424 4659 vocant)
1474 4584 1908 4660 coarguendos
2015 4590 2238 4651 mutila
2293 4589 2497 4650 oratio
2553 4591 2928 4656 remaneret,
2995 4589 3065 4643 ut
3111 4581 3399 4660 diligenti
3454 4579 3672 4640 lectori

251 4680 316 4734 et
368 4672 824 4735 emendandos.
889 4675 1142 4736 Discant
1185 4677 1382 4755 igitur
1454 4680 1910 4743 obtrectatores
2015 4687 2324 4766 liquidum
2388 4685 2526 4754 erit,
2615 4683 2871 4762 quando
2932 4680 3205 4742 monitus
3261 4679 3381 4739 hoc
3429 4676 3672 4738 scholio

249 4770 366 4840 illi,
430 4769 720 4831 Ecclesia;
769 4776 1072 4834 Romana:
1104 4791 1429 4852 nunquam
1487 4777 1754 4838 defuisse
1815 4779 1908 4838 vi-
2019 4784 2377 4862 marginali.
2414 4782 2719 4842 Hebraeus
2748 4800 2869 4840 non
2903 4777 3104 4855 habet,
3163 4777 3408 4837 animos
3465 4779 3673 4836 atten-

251 4886 362 4927 ros
399 4867 711 4930 Hebraice
769 4869 1008 4942 doctos,
1043 4871 1150 4950 qui
1188 4873 1476 4951 Vulgata
1529 4875 1754 4937 Latine
1801 4895 1911 4937 oo-
2019 4881 2181 4941 derit
2210 4882 2289 4940 ad
2321 4878 2767 4958 consequentia
2800 4874 3128 4937 sermonis.

250 4966 427 5025 dices
459 4966 752 5026 manibus
782 4967 1065 5046 quotidie
1112 4975 1409 5045 terentes,
1461 4989 1599 5032 eam
1662 4974 1912 5051 publice
2101 4982 2244 5039 Non
2281 4977 2658 5037 mediocrem
2718 4974 3009 5035 existimo
3037 4971 3102 5031 in
3161 4969 3418 5031 scholiis
3471 4971 3672 5030 Cano-

248 5062 641 5139 redarguere
731 5070 924 5143 atque
1007 5067 1321 5144 castigare
1403 5069 1773 5147 potuissent,
1863 5073 1915 5133 si
2021 5075 2119 5134 nis
2174 5075 2446 5134 fructum
2508 5073 2696 5132 etiam
2757 5071 3050 5140 alterum,
3131 5084 3257 5145 quo
3342 5065 3676 5127 occludere

250 5159 404 5236 quid
439 5175 615 5220 sana}
649 5161 952 5223 doctrinas
1001 5170 1112 5223 aut
1159 5165 1391 5225 sanctis
1439 5168 1716 5229 moribus
1771 5189 1916 5231 con-
2023 5190 2360 5252 possumus
2409 5171 2686 5249 linguam
2733 5169 2857 5228 illis
2914 5166 3023 5246 qui
3080 5165 3216 5224 ausi
3299 5169 3446 5224 sunt
3531 5162 3674 5240 plu-

252 5258 525 5318 trarinm
582 5258 671 5318 ibi
727 5263 1126 5339 reperiretur.
1217 5263 1466 5334 Quanta
1526 5272 1711 5345 putas
1777 5269 1918 5329 dili-
2027 5268 2198 5329 rimis
2254 5269 2428 5328 abuti
2484 5268 2953 5346 Scripturarum
3014 5260 3411 5332 testimoniis,
3475 5275 3674 5336 eaque

257 5355 474 5432 gentia
534 5357 1008 5419 translationem
1068 5359 1431 5440 Hieronymi
1488 5363 1568 5423 ab
1640 5366 1918 5427 scholia-
2024 5367 2089 5427 in
2119 5383 2264 5427 suos
2322 5384 2540 5426 sensus
2584 5365 2833 5426 trahere
2878 5361 2956 5422 ad
3016 5358 3334 5438 pr0priam
3391 5356 3670 5434 ipsorum

258 5460 352 5514 ste
400 5455 676 5516 Canonis
733 5461 1302 5536 expensam?Non
1361 5460 1482 5522 fuit
1537 5463 1599 5522 in
1657 5481 1732 5525 ea
1789 5483 1920 5526 ven-
2028 5469 2090 5523 et
2171 5462 2437 5523 aliorum
2496 5461 2860 5542 perniciem.
2919 5460 3193 5518 Tantum
3265 5453 3496 5531 saepius
3558 5452 3676 5512 sibi

258 5552 511 5625 bulum,
571 5573 702 5615 non
755 5555 1022 5634 syllaba,
1071 5575 1198 5618 non
1254 5577 1440 5639 apex,
1509 5562 1618 5640 qui
1676 5564 1922 5642 fugeret
2029 5568 2337 5640 arrogant
2379 5564 2636 5643 quidam
2669 5560 2803 5641 ejus
2862 5557 2979 5618 aevi
3031 5553 3392 5632 scriptores,
3449 5559 3521 5615 ut
3577 5570 3674 5614 ro-
