4060 6190
360 281 476 340 119

1522 279 1844 340 ΡΑΊἪΟΜ
1893 277 2592 351 BENEDICTINORUM

3654 289 3770 349 120

358 412 778 493 ceptissimam
872 430 947 472 ac
1048 410 1603 471 celebratissimam
1716 412 2008 473 Ecclesia:
2038 413 2093 480 Α
2123 413 2574 486 immoderata;
2682 425 2911 486 horum
3021 424 3380 486 critical-um
3476 441 3771 484 censura.

355 511 761 572 traditionem
795 527 872 569 ex
901 526 1094 568 sacrae
1145 507 1487 587 Scriptura:
1545 509 1771 570 frivola
1827 510 2017 570 inter-

358 609 715 689 pretatione
744 605 1236 667 subvertendam
1267 611 1542 686 sperent,
1606 615 1669 668 et
1725 607 1852 668 suis
1902 626 2014 687 po-

362 707 485 768 tius
575 703 948 766 commentis
1032 703 1383 765 credituros
1447 705 1735 779 lectores,
1819 724 2011 784 quam

360 805 588 866 Christi
627 803 984 864 attestantis
1041 801 1323 863 oraculo.
1383 801 1486 863 Sic
1549 803 1762 864 videas
1819 822 2014 883 opera

359 903 654 983 pestifera
711 906 773 960 et
825 899 1048 960 Latino
1101 905 1163 959 et
1193 900 1427 960 Gallico
1502 919 1791 962 sermone
1869 921 2014 962 con-

359 1003 617 1081 scripta,
677 999 786 1060 ubi
841 999 1140 1077 praefecte
1203 1006 1439 1076 negant
1495 1003 1715 1060 Mosen
1801 1009 2014 1062 aucto-

359 1119 492 1162 rem
548 1098 738 1159 fuisse
787 1097 1093 1158 librorum
1150 1097 1564 1157 Pentateuchi
1615 1119 1632 1156 :
1719 1099 1891 1176 quod
1948 1106 2017 1161 ut

365 1197 642 1278 probent
692 1201 913 1256 contra
967 1193 1197 1254 Christi
1256 1201 1318 1254 et
1375 1195 1805 1273 apostolorum
1879 1196 2016 1275 ejus

361 1293 831 1364 auctoritatem,
867 1293 1108 1371 aliquot
1149 1292 1288 1352 loca
1345 1292 1617 1353 afferunt
1666 1295 2012 1372 praesertim

358 1411 436 1454 ex
495 1390 1014 1462 Deuteronomio,
1077 1390 1306 1466 quibus
1366 1391 1642 1468 perversi
1701 1392 2015 1470 dogmatis

358 1497 424 1552 et
479 1490 807 1568 hucusque
864 1488 1136 1549 inauditi
1179 1488 1543 1566 opinionem
1608 1489 1830 1550 fultam
1879 1509 2014 1552 esse

360 1589 605 1648 volunt.
667 1588 984 1666 Scriptum
1051 1594 1164 1658 est,
1238 1586 1555 1664 inquiunt,
1620 1591 2012 1649 Deuterono-

364 1686 471 1746 mii
502 1704 641 1763 cap.
692 1703 735 1755 1,
769 1688 993 1744 vers..l
1035 1731 1047 1742 .
1083 1683 1238 1743 Hac
1291 1689 1438 1743 sunt
1491 1683 1692 1763 verba,
1749 1705 1880 1765 quae
1911 1686 2008 1746 lo-

2121 514 2484 583 vindicabit.
2517 526 2827 585 Craterum
2878 524 2999 584 hoc
3053 542 3178 584 uno
3233 523 3524 602 exemplo
3580 524 3767 584 doce-

2123 629 2286 687 mur,
2347 637 2535 696 quam
2593 640 2818 701 parum
2868 621 3061 681 ﬁdere
3115 621 3456 682 debeamus
3530 621 3771 681 levibus

2121 709 2454 790 ejusmodi,
2491 737 2633 797 quin
2665 725 2886 781 contra
2923 736 3170 779 sacram
3226 718 3520 778 Ecclesiae
3578 719 3775 779 tradi-

2119 813 2356 874 tionem
2414 815 2764 877 aﬁ‘eruntnr
2817 816 2882 875 in
2939 816 3095 888 dies,
3155 815 3549 889 ratiunculis,
3637 834 3772 876 ma-

2119 929 2244 989 gno
2305 912 2682 991 simplicium
2741 913 3241 974 Christianorum
3297 913 3552 986 damno,
3615 932 3771 992 quo-

2123 1026 2262 1068 rum
2294 1009 2447 1070 ﬁdes
2477 1009 2648 1072 hisce
2705 1010 3037 1090 praestigiis
3095 1010 3418 1083 minuitur,
3482 1017 3594 1070 aut
3648 1029 3772 1070 saa-

2124 1126 2202 1186 pe
2284 1109 2708 1187 corrumpitur
2767 1127 2780 1168 :
2867 1108 3118 1169 tametsi
3194 1126 3320 1168 uno
3379 1108 3560 1186 quasi
3616 1108 3771 1168 ﬁatu

2124 1205 2414 1284 dissipari
2443 1211 2722 1285 possunt.
2759 1206 2996 1277 Quibus
3025 1204 3427 1284 postmodum
3488 1205 3775 1266 animad-

2123 1302 2336 1376 versis,
2371 1303 2566 1381 pudet
2619 1303 2904 1364 homines
2936 1301 3031 1362 sui
3089 1301 3338 1375 erroris,
3404 1320 3563 1380 quos
3617 1302 3770 1363 sim-

2123 1400 2267 1479 plex
2317 1419 2390 1460 ac
2446 1401 2551 1480 pia
2606 1400 2760 1461 ﬁdes
2833 1400 2899 1460 in
2981 1401 3189 1461 ofﬁcio
3275 1400 3596 1460 continere
3665 1400 3774 1460 de-

2121 1496 2365 1557 buerat.

2199 1596 2338 1656 Jam
2371 1595 2510 1673 quis
2541 1595 2746 1656 dicere
2791 1595 3064 1656 sufﬁciat
3101 1599 3342 1673 quanto
3399 1595 3583 1656 nobis
3640 1595 3764 1655 sint

2121 1693 2546 1752 emolumento
2605 1692 2848 1754 scholia
2902 1693 3012 1753 illa
3069 1692 3444 1770 marginalia
3493 1692 3573 1752 ad
3637 1710 3776 1752 eru-

362 1790 542 1844 cutus
572 1789 664 1842 est
693 1782 905 1842 Moses
935 1804 970 1841 α
991 1783 1020 1842 z'
1049 1802 1282 1842 omnem
1315 1782 1521 1842 Israel
1550 1789 1728 1844 trans
1771 1783 2010 1852 Jorda-
2042 1786 2090 1850 B
2121 1789 2419 1850 ditionem
2507 1797 2570 1850 et
2650 1789 3132 1868 intelligentiam
3219 1789 3685 1870 Scripturarum
3744 1788 3774 1848 ?
3837 1809 3842 1814 ·

364 1903 496 1942 nem
534 1900 548 1942 :
585 1889 648 1943 et
677 1882 903 1942 deinde
928 1900 1065 1960 cap.
1102 1899 1194 1953 llI,
1259 1901 1415 1942 vers.
1449 1883 1487 1941 8
1522 1903 1534 1942 :
1610 1882 2012 1964 Tulimusque

367 1981 482 2040 illo
535 1980 599 2039 in
652 1985 918 2060 tempore
976 1985 1204 2038 terram
1255 1979 1332 2038 de
1360 1999 1547 2040 manu
1602 1981 1868 2041 duorum
1911 2002 2013 2040 re-

355 2098 505 2157 gum
553 2075 1090 2149 Amorrhxorum,
1153 2077 1265 2156 qui
1318 2085 1498 2138 erant
1553 2085 1729 2140 trans
1781 2079 2013 2146 Iorda-

363 2195 520 2234 nem.
606 2178 942 2253 Repugnat
1027 2181 1238 2236 autem
1297 2177 1435 2237 haec
1518 2177 1597 2238 ab
1650 2178 1786 2256 ipso
1843 2179 2015 2239 Mose

363 2275 555 2334 fuisse
609 2273 834 2333 litteris
881 2273 1138 2342 tradita,
1174 2293 1316 2335 cum
1356 2275 1462 2336 ille
1509 2294 1818 2354 nusquam
1873 2278 2013 2338 Jor-

362 2371 596 2432 danem
657 2370 998 2442 transierit,
1062 2378 1124 2430 et
1179 2389 1359 2450 reges
1412 2372 1766 2433 Amorrhsei
1813 2391 2016 2452 respe-

364 2474 471 2530 ctu
507 2468 708 2547 ipsius
737 2487 861 2528 non
911 2473 1111 2541 trans,
1173 2469 1280 2528 sed
1335 2469 1428 2528 eis
1483 2471 1824 2530 Jordanem
1899 2471 2016 2531 ha-

365 2565 730 2627 bitaverint.
765 2565 830 2627 Si
871 2570 1083 2626 autem
1141 2585 1540 2645 opponamus
1587 2567 1651 2626 in
1711 2568 2016 2629 Hebraico

361 2665 666 2744 scriptum
749 2663 876 2741 legi
945 2675 1102 2737 τινι,
1192 2663 1420 2733 beever,
1501 2666 1673 2744 quod
1759 2668 2016 2727 omnino

365 2765 737 2843 ambiguum
787 2769 905 2836 est,
967 2770 1030 2824 et
1084 2765 1164 2825 ad
1216 2765 1567 2826 citeriorem
1621 2767 1719 2827 vel
1758 2767 2016 2828 ulterio-

364 2881 498 2925 rem
552 2867 797 2942 partem
853 2863 1324 2923 accommodari
1376 2869 1581 2941 potest
1635 2883 1750 2942 pro
1798 2883 2017 2925 conse-

365 2962 630 3044 quentia
686 2961 992 3022 sermonis
1048 2979 1062 3020 :
1123 2969 1352 3040 urgent
1436 2963 1646 3024 adhuc
1714 2964 2012 3037 dicentes,

365 3072 502 3124 ’ςινὲ
554 3077 825 3138 semper,
886 3066 1064 3118 trans
1119 3061 1518 3138 interpretari
1579 3061 1750 3140 apud
1799 3081 2018 3123 omnes

2123 1887 2290 1948 Nihil
2347 1894 2441 1948 est
2496 1891 2560 1948 in
2635 1889 2920 1949 versione
3007 1889 3498 1967 Ilieronymiana
3580 1887 3778 1947 ambi-

2123 2005 2315 2064 guum
2349 1993 2412 2046 et
2465 1987 2944 2058 subobscuram,
3007 1986 3177 2065 quod
3234 1985 3596 2047 illucescere
3648 2003 3773 2046 non

2122 2085 2406 2160 faciant;
2441 2084 2600 2144 nihil
2657 2090 2750 2145 est
2809 2084 3014 2144 laxius
3071 2090 3133 2144 et
3188 2087 3643 2159 παραφραπικῶς
3708 2085 3775 2144 in

2123 2200 2198 2243 ea
2254 2200 2642 2260 expressum,
2702 2181 2874 2261 quod
2929 2182 3099 2242 intra
3153 2181 3445 2261 proprios
3503 2181 3658 2242 ﬁnes
3715 2187 3780 2242 et

2123 2280 2370 2340 nativos
2453 2279 2790 2340 verborum
2879 2297 3099 2339 sensus
3181 2298 3308 2340 non
3387 2279 3576 2339 fuerit
3667 2297 3781 2357 per

2125 2379 2365 2441 scholia
2421 2380 2990 2458 circumscriptum.
3033 2381 3146 2440 Hic
3203 2398 3514 2440 summam
3575 2379 3778 2459 pieta-

2124 2481 2250 2535 tem
2281 2474 2617 2548 redolent;
2669 2474 2801 2535 illic
2858 2474 3314 2552 signiﬁcantias
3371 2475 3778 2535 Hebraeorum

2124 2573 2459 2634 verborum
2544 2579 2656 2633 aut
2735 2573 3086 2651 singulares
3142 2579 3204 2633 et
3259 2572 3603 2644 inauditas,
3662 2579 3780 2634 aut

2126 2676 2292 2730 certe
2323 2670 2675 2730 rarissimas
2732 2670 3066 2748 produnt;
3118 2669 3330 2749 plures
3391 2675 3600 2729 textus
3659 2669 3779 2728 He-

2126 2768 2279 2828 braei
2335 2768 2645 2828 varientes
2699 2767 3000 2829 lectiones
3056 2769 3349 2841 retinent,
3409 2767 3594 2828 ﬁdem
3637 2766 3778 2826 nbi-

2126 2885 2247 2944 que
2289 2865 2725 2926 admirabilem
2785 2866 3137 2927 scholiastis
3192 2865 3656 2936 commendant,
3715 2869 3779 2924 et

2126 2964 2178 3024 si
2207 2982 2409 3042 pauca
2437 2964 2693 3024 tandem
2750 2964 3048 3043 excipias,
3103 2965 3167 3024 in
3226 2963 3454 3042 quibus
3505 2962 3778 3022 halluci-

2127 3068 2344 3120 natum
2401 3079 2542 3121 eum
2593 3061 2929 3134 credimus,
2993 3061 3150 3120 nihil
3181 3061 3304 3122 illis
3335 3061 3500 3121 notis
3546 3057 3780 3119 criticis

370 3163 635 3224 veteres,
695 3157 804 3236 qui
886 3156 1166 3234 lingnam
1236 3157 1611 3218 Hebraicam
1672 3157 2009 3219 callebant.
2045 3150 2088 3218 C
2127 3158 2530 3238 praestantius
2576 3158 2921 3238 antiquitas
2977 3177 3157 3220 sacra
3216 3159 3480 3238 posteris
3531 3157 3783 3218 tradere

364 3259 468 3326 At,
526 3253 724 3315 velint
781 3252 1003 3324 nolint,
1048 3253 1521 3314 Deuteronomii
1575 3255 1846 3333 scriptor
1903 3255 2020 3315 fuit

364 3353 500 3432 ipse
570 3353 771 3412 Moses
833 3369 847 3410 :
936 3368 1051 3411 nec
1133 3351 1475 3412 temeritati
1557 3353 2020 3414 neotericorum

367 3449 664 3527 deinceps
721 3447 1098 3527 relinquitur
1153 3449 1353 3522 locus,
1414 3450 1720 3527 quoniam
1778 3450 2024 3512 scholia

371 3545 749 3624 marginalia
806 3546 1075 3606 Canonis
1127 3545 1450 3608 Hebraicaa
1508 3548 1789 3608 veritatis
1844 3567 2019 3628 aper-

380 3643 617 3704 tissime
646 3643 1080 3704 demonstrant
1119 3661 1335 3704 vocem
1395 3643 1746 3718 Hebraaam,
1795 3643 2020 3722 beever,

371 3759 498 3802 non
529 3745 731 3816 trans,
765 3757 896 3800 esse
926 3739 1338 3813 reddendam,
1401 3741 1534 3814 sed,
1597 3742 1662 3800 in
1719 3743 2018 3804 transitu.

365 3841 515 3912 Quae
564 3838 686 3899 hoc
742 3839 930 3898 modo
987 3837 1152 3898 lecta
1232 3845 1293 3898 et
1376 3839 1696 3900 intellecta
1777 3841 2014 3918 optime

362 3936 658 3998 convenit
714 3935 876 3997 Mosi
963 3935 1248 4012 loquenti
1331 3953 1404 3996 ac
1461 3937 1757 3997 scribenti
1813 3954 1826 3996 :
1879 3944 2014 3998 erat

363 4035 530 4095 enim
561 4034 624 4093 in
659 4033 983 4112 procinctu
1017 4033 1093 4092 ad
1138 4033 1589 4092 transeundum
1647 4034 2010 4106 Jordanem,

367 4132 628 4212 quando
678 4131 872 4194 verba
893 4131 1369 4192 Deuteronomii
1398 4133 1644 4191 locutus
1672 4141 1766 4193 est
1784 4133 1861 4192 ad
1878 4151 2012 4194 om-

359 4248 504 4290 nem
532 4229 746 4290 Israel.
780 4231 937 4290 Ecce
967 4246 1158 4308 quam
1189 4228 1311 4288 levi
1342 4229 1616 4306 negotio,
1671 4231 1856 4291 unius
1904 4250 2013 4292 vo-

362 4325 520 4386 culas
551 4333 722 4386 recta
747 4324 1290 4403 interpretatione,
1327 4325 1692 4386 dissolvitur
1720 4329 2015 4388 formido-

363 4422 499 4484 losa
526 4422 636 4483 illa
664 4428 726 4484 et
753 4421 1216 4500 insuperabilis,
1251 4427 1320 4479 ut
1347 4422 1464 4481 sibi
1495 4423 1844 4497 videbatur,
1907 4425 2018 4486 ob-

2132 3255 2356 3334 potuit.
2421 3259 2490 3315 In
2566 3255 2642 3316 iis
2723 3256 3118 3316 recensendis
3197 3255 3576 3316 utilitatibus
3649 3254 3778 3332 iam

2133 3370 2257 3412 non
2329 3349 2739 3424 immorabor,
2789 3370 2932 3412 cum
2989 3351 3120 3412 sole
3174 3351 3472 3412 clariores
3527 3349 3650 3410 sint
3707 3367 3784 3409 ac

2132 3448 2392 3510 curiosis
2447 3448 2738 3508 omnibus
2821 3448 3368 3509 manifestissimae.
3456 3449 3524 3508 In
3599 3446 3786 3506 unica

2132 3551 2343 3606 tamen
2402 3545 2632 3624 pagina
2706 3545 3087 3625 multiplices
3166 3546 3429 3607 ostendo
3513 3543 3783 3605 scholio-

2133 3662 2269 3702 rum
2329 3644 2569 3703 fructus
2626 3649 2688 3702 et
2743 3642 3068 3715 utilitates,
3127 3649 3198 3704 ut
3254 3643 3342 3704 sic
3398 3643 3476 3703 de
3533 3640 3782 3702 caeteris

2131 3741 2476 3804 innumeris
2530 3741 3044 3820 bonisjudicium
3129 3761 3206 3802 ex
3288 3762 3412 3804 uno
3470 3744 3780 3804 faciamus

2130 3839 2291 3900 loco.
2325 3840 2646 3900 Columnis
2673 3839 2865 3916 igitur
2893 3841 2968 3901 99
2998 3846 3060 3900 et
3117 3842 3234 3900 100
3261 3841 3382 3901 ista
3436 3846 3783 3901 occurrunt

2125 3938 2497 4014 marginalia
2529 3936 2792 4006 scholia,
2827 3937 3031 4015 primo
3087 3957 3120 3998 e
3175 3939 3369 3999 latere
3429 3938 3618 4017 hujus
3671 3957 3778 3998 sa-

2123 4036 2210 4094 cri
2273 4041 2604 4096 contextus
2656 4053 2670 4095 :
2730 4034 2817 4095 Et
2853 4036 3126 4117 populus
3185 4042 3331 4097 tuus
3402 4057 3579 4117 quem
3632 4037 3783 4097 edu-

2122 4132 2298 4192 xisti.
2333 4132 2552 4211 (Deut.
2602 4133 2846 4211 1v,12),
2911 4139 3030 4195 etc.
3091 4138 3187 4195 Ita
3240 4141 3454 4196 monet
3509 4134 3784 4195 scholia-

2124 4237 2271 4300 stes,
2305 4228 2610 4290 Hebraeus
2640 4250 2762 4290 non
2793 4229 2994 4311 habet,
3055 4238 3223 4293 tuus.
3286 4237 3356 4294 In
3426 4232 3548 4293 hac
3603 4238 3786 4292 nota-

2127 4327 2294 4388 tione
2352 4328 2505 4388 ﬁdes
2561 4327 2698 4407 ejus
2757 4330 3032 4391 maxime
3093 4330 3296 4391 elucet
3378 4336 3569 4408 atque
3641 4329 3783 4388 dili-

2125 4426 2358 4501 gentia.
2424 4430 2893 4504 (ionsequenter
2948 4446 3098 4487 vero
3169 4429 3247 4487 ad
3333 4429 3443 4487 illa
3525 4427 3774 4488 verba:

355 4519 648 4600 jectionis
679 4519 992 4590 machina,
1029 4536 1215 4596 quam
1252 4519 1312 4576 in
1348 4521 1758 4581 Pentateucbi
1807 4523 2014 4600 legiti-
2050 4518 2092 4580 D
2125 4520 2290 4581 Novi
2319 4528 2376 4580 te
2403 4543 2476 4581 ex
2506 4522 2770 4582 nomine.
2823 4522 3052 4601 (Exod.
3116 4540 3333 4595 xxxm,
3400 4524 3523 4600 17),
3579 4524 3781 4584 semel

366 4637 540 4680 mum
570 4624 890 4679 auctorem
925 4615 1122 4676 critici
1158 4615 1411 4694 quidam
1466 4619 1842 4680 recentiores
1883 4627 2015 4681 tor-

364 4723 582 4797 quent.
614 4719 793 4778 Certe
815 4715 934 4775 hoc
988 4714 1084 4774 vel
1142 4732 1266 4773 uno
1323 4714 1462 4774 loco
1513 4716 1834 4794 proﬂigari
1869 4737 2016 4796 pos-

365 4820 534 4889 sunt,
590 4815 828 4874 utinam
894 4819 954 4874 et
1012 4811 1320 4883 convinci,
1382 4812 1743 4891 quicunque
1795 4819 2014 4876 Mosen

367 4917 604 4990 negant
632 4919 952 4972 auctorem
1006 4909 1193 4970 fuisse
1242 4927 1565 4969 sacrorum
1623 4912 2015 4973 voluminum

366 5011 800 5073 Pentateuchi.
888 5012 1263 5087 Quanquam
1333 5007 1680 5068 timendum
1765 5017 1857 5071 est
1940 5030 2017 5071 ne

365 5107 614 5170 erudito
670 5114 734 5169 et
790 5107 1103 5168 catholico
1163 5104 1516 5165 scholiastae
1574 5125 1698 5167 non
1759 5109 2016 5186 acquie-

367 5211 569 5282 scant,
631 5205 739 5284 qui
792 5205 982 5264 etiam
1043 5201 1274 5263 Christi
1329 5203 1580 5262 Domini
1658 5205 2015 5266 testimonio

370 5322 498 5365 non
556 5303 811 5364 cedunt.
869 5301 991 5362 Sed
1058 5300 1110 5358 si
1166 5298 1260 5358 illi
1340 5299 1704 5378 resipiscere
1788 5303 2014 5375 nolint,

372 5401 596 5462 saltem
680 5399 908 5461 sinceri
981 5395 1275 5458 catholici
1333 5415 1550 5457 omnes
1606 5399 1897 5475 gratiam,
1951 5405 2018 5459 ut

373 5521 724 5582 speramus,
813 5501 1135 5562 habebunt
1198 5499 1553 5559 scholiastee
1611 5506 1846 5574 nostro,
1910 5501 2018 5579 qui

373 5599 728 5662 divinorum
816 5599 1144 5662 Librorum
1223 5595 1661 5657 auctoritatem
1721 5598 2018 5659 adversus

2124 4625 2185 4679 et
2212 4621 2436 4679 iterum
2493 4621 2676 4679 docet
2703 4621 2765 4678 in
2824 4621 3087 4680 Hebrmo
3145 4619 3382 4691 haberi,
3442 4618 3778 4680 Notescam

2125 4715 2242 4774 tibi
2299 4716 2363 4774 in
2423 4715 2668 4774 nomine
2728 4733 2742 4774 :
2803 4735 2993 4794 quam
3074 4715 3652 4794 interpretationem
3709 4718 3776 4778 in

2124 4812 2261 4872 aliis
2290 4813 2569 4872 Hebrzeis
2599 4812 3029 4891 scriptoribus,
3084 4820 3146 4873 ct
3202 4813 3567 4874 Latinorum
3631 4816 3774 4892 plu-

2125 4911 2298 4970 rimis
2380 4911 2861 4971 Commentariis
2933 4911 3164 4971 frustra
3220 4911 3502 4990 quaesivi.
3572 4913 3774 4983 Quam

2126 5009 2267 5088 pius
2297 5027 2551 5087 quoque
2608 5009 2797 5068 fuerit
2865 5026 2939 5068 ac
2983 5009 3314 5086 religiosus
3347 5016 3557 5070 noster
3587 5009 3774 5070 scho-

2123 5107 2354 5179 liastes,
2417 5106 2733 5178 discimus,
2793 5105 2856 5166 ni
2914 5105 3120 5178 fallor,
3179 5126 3255 5166 ex
3315 5107 3501 5167 modo
3583 5127 3774 5186 expo-

2125 5204 2314 5264 nendi
2363 5206 2531 5264 hunc
2617 5203 2816 5264 Exodi
2874 5203 3080 5263 locum
3134 5221 3149 5262 :
3237 5203 3375 5283 Ego
3452 5205 3774 5265 ostendam

2125 5321 2300 5361 omne
2332 5300 2553 5360 bonum
2585 5299 2724 5373 tibi,
2758 5306 2816 5360 et
2844 5300 3065 5361 vocabo
3122 5301 3188 5361 in
3243 5301 3489 5361 nomine
3542 5301 3772 5362 Domi-

2126 5399 2214 5473 ni,
2251 5407 2370 5458 etc.
2403 5397 2599 5476 (Ibid.
2635 5398 2756 5480 19.)
2792 5403 2934 5460 Non
2992 5400 3158 5459 enim
3217 5418 3293 5460 ea
3349 5400 3542 5460 verba
3580 5402 3774 5462 refert

2125 5497 2201 5557 ad
2261 5497 2561 5556 visionem
2597 5497 2891 5559 Essentia:
2923 5497 3175 5567 divinaz,
3235 5503 3305 5556 ut
3364 5497 3544 5558 multi
3600 5517 3771 5559 nunc

2127 5594 2427 5674 temporis
2481 5594 2842 5657 scholastici
2896 5595 3180 5667 faciunt;
3238 5593 3348 5654 sed
3403 5612 3589 5654 omne
3645 5595 3765 5656 bo-
