4060 6190
312 275 416 333 121

1709 271 2318 335 PROLEGOMENA.

3611 270 3726 328 122

311 426 462 466 num
497 407 774 468 hominis
803 408 996 469 vitam
1030 409 1360 470 mortalem
1411 408 1715 488 degentis,
1766 407 1832 467 in
1887 424 1960 467 eo
1990 408 2137 474 Aet
2164 405 2412 481 deinde,
2453 427 2482 464 ‹‹
2532 405 2598 465 in
2646 405 2890 464 cunctis
2945 401 3326 464 habitaculis
3382 401 3630 475 vestris,
3699 427 3727 458 κ

308 511 590 566 statuere
650 506 919 581 videtur,
981 507 1034 567 si
1092 507 1250 568 sciat
1305 511 1504 569 Deum
1536 505 1864 588 deprecari
1910 510 1971 564 et

311 621 459 662 eum
491 603 744 665 ﬂectere
783 605 862 665 ad
896 604 1417 666 misericordiam.
1450 603 1587 685 Ego
1645 603 1967 664 ostendam

313 719 490 759 omne
518 699 743 760 bonum
775 700 915 761 tibi.
948 699 1095 762 Hoc
1149 708 1262 782 est,
1315 703 1524 782 inquit
1578 702 1965 774 scholiastes,

309 798 628 856 ostendam
679 797 799 858 tibi
846 800 1150 878 quomodo
1207 821 1300 860 me
1355 799 1575 861 debeas
1623 797 1966 881 deprecari,

306 901 365 953 et
416 895 506 954 ad
562 897 1064 957 misericordiam
1105 900 1392 978 ﬂectere.
1453 904 1503 960 Ο
1585 898 1968 977 singularem

305 1000 366 1052 et
425 993 867 1055 admirabilem
922 995 1265 1076 Scripturaa
1321 996 1550 1057 divina:
1627 995 1964 1075 expositio-

303 1109 449 1151 nem
511 1093 528 1153 l
583 1094 755 1152 Hanc
813 1113 913 1154 me
969 1114 1092 1155 non
1154 1096 1369 1157 docuit
1425 1095 1780 1156 scholarum
1839 1093 1962 1152 fre-

300 1189 595 1266 quentia,
629 1208 755 1249 non
814 1191 1066 1252 assidua
1124 1199 1693 1254 commentatorum
1753 1192 1963 1252 lectio.

298 1288 514 1350 Unum
575 1288 824 1348 interim
885 1289 1172 1350 scholion
1260 1291 1608 1369 marginale
1694 1289 1965 1350 Canonis

295 1385 616 1445 immensa
668 1387 1098 1465 expositorum
1158 1389 1352 1450 vincit
1435 1389 1778 1449 volumina.
1855 1390 1967 1450 Ut-

303 1499 430 1561 que
486 1483 727 1562 aliquid
786 1484 1116 1556 addamus,
1195 1486 1364 1564 quod
1449 1485 1668 1547 lectori
1754 1485 1969 1546 fuisset

304 1580 552 1640 creditu
610 1580 886 1653 difﬁcile,
959 1591 1096 1644 erat
1170 1583 1537 1644 scholiastes
1621 1590 1746 1644 tam
1827 1601 1969 1662 per-

300 1678 519 1756 spicax
582 1678 662 1737 ad
721 1679 1150 1740 dissolvendas
1233 1681 1677 1760 ambiguitates
1732 1681 1969 1742 Biblio-

2079 506 2230 584 quia
2286 505 2516 584 partim
2572 506 2708 565 haec
2765 505 3062 584 leguntur
3115 504 3180 563 in
3274 501 3730 582 manuscripto,

2079 604 2306 682 partim
2366 623 2402 664 a
2459 604 2638 664 nobis
2695 603 3090 682 supplentur,
3153 608 3223 662 ut
3273 602 3405 680 jam
3439 601 3592 662 dixi.
3652 603 3732 661 At

2079 701 2377 762 columna
2433 704 2548 762 190
2602 703 2926 781 posuimus
2984 700 3104 760 hoc
3178 701 3368 760 modo
3440 697 3727 759 scholion

2081 801 2449 877 marginale,
2539 824 2568 856 «
2686 800 3063 880 lapisquc....
3166 797 3724 876 magnitudinis....

2079 898 2214 975 ejus
2247 917 2490 976 mag....
2524 898 2881 975 interierit,
2943 914 3273 976 percussor
3330 903 3530 956 morte
3588 915 3726 956 mo-

2079 996 2298 1072 rietur,
2346 1001 2460 1055 etc.
2521 1019 2550 1051 »
2584 995 2837 1056 Nullum
2896 995 3060 1055 enim
3116 1013 3367 1054 sensum
3417 993 3725 1072 expiscari

2075 1093 2392 1171 potuimus
2447 1111 2524 1153 ex
2576 1093 2782 1154 verbis
2855 1098 2965 1153 aut
3038 1092 3296 1171 syllabis
3378 1092 3729 1171 superstiti'

2073 1191 2190 1250 bus
2223 1209 2236 1250 :
2269 1191 2414 1252 ideo
2471 1191 2672 1253 satius
2721 1209 2856 1252 esse
2911 1191 3228 1263 duximus,
3287 1188 3421 1249 haec
3479 1189 3720 1249 divina-

2073 1289 2230 1351 tioni
2310 1290 2732 1351 studiosorum
2808 1290 3184 1368 relinquere,
3273 1307 3464 1367 quam
3521 1288 3726 1366 conje-

2075 1389 2268 1449 cturis
2324 1389 2555 1450 nostris
2611 1389 2850 1450 incerta
2905 1388 3166 1448 definire
3247 1404 3322 1447 ac
3405 1385 3723 1465 'supplerc.

2075 1487 2358 1566 Denique
2433 1506 2548 1566 pro
2632 1487 2879 1547 duobus
2951 1486 3198 1566 punctis
3281 1484 3586 1564 appositis
3661 1485 3724 1544 in

2077 1585 2292 1646 codice
2341 1587 2769 1665 manuscripto
2819 1587 2895 1646 ad
2955 1591 3148 1664 caput
3203 1583 3614 1653 scholiorum,
3665 1588 3725 1644 et

2077 1703 2269 1764 supra
2325 1689 2687 1745 contextum
2751 1689 2972 1744 contra
3029 1681 3537 1761 respondentem,
3579 1680 3726 1740 stel-

304 1794 444 1835 rum
479 1795 828 1850 sacrorum,
891 1785 960 1838 ut
1014 1779 1331 1839 interdum
1395 1781 1654 1858 propius
1711 1779 2236 1844 accedatBlulas
2292 1789 2815 1862 repraesentamus
2869 1781 2982 1861 (a),
3070 1800 3207 1860 qum
3292 1779 3357 1839 in
3430 1779 3723 1840 omnibus

303 1871 377 1932 ad
437 1889 694 1932 sensum
755 1875 1031 1935 auctoris
1089 1875 1532 1956 hagiographi,
1593 1895 1785 1956 quam
1830 1875 1965 1955 ipse

298 1970 747 2050 Hieronymus,
802 1973 1221 2052 interpretum
1282 1975 1567 2053 phmnix,
1633 1974 1730 2035 vel
1779 1974 1965 2034 facile

300 2068 620 2148 princeps.
661 2073 757 2130 Ne
790 2071 944 2148 quid
984 2090 1044 2131 v.
1107 2091 1170 2149 g.
1229 2071 1635 2134 obscuritatis
1690 2071 1789 2132 vel
1837 2089 1963 2130 am-

297 2167 630 2246 biguitatis
679 2176 1031 2230 remaneret
1087 2170 1315 2231 versib.
1377 2171 1606 2238 Quinto
1671 2176 1734 2231 et
1785 2177 1962 2231 sexto

297 2265 530 2344 capitis
586 2267 887 2327 tricesimi
938 2269 1146 2345 quarti
1205 2268 1312 2328 lib.
1372 2269 1595 2342 Exodi,
1655 2268 1962 2330 nonnulla

300 2365 545 2425 scholia
595 2372 739 2444 post
785 2367 1188 2427 emendatum
1246 2374 1485 2429 textum
1545 2369 1841 2448 apposuit
1894 2369 1957 2428 in

297 2463 614 2541 margine,
677 2483 818 2542 qum
875 2483 1126 2525 omnem
1185 2472 1515 2526 removent
1567 2465 1958 2526 difﬁcultatis

291 2560 614 2638 umbram,
669 2579 782 2621 nec
821 2562 1094 2641 amplius
1150 2563 1344 2623 verba
1401 2583 1543 2643 quae
1589 2564 1677 2624 ibi
1735 2565 1956 2642 legun-

292 2665 399 2720 tur
428 2661 508 2719 ad
569 2661 783 2721 Mosen
841 2662 1230 2740 loquentem,
1291 2665 1399 2724 sed
1457 2665 1535 2725 ad
1582 2665 1778 2724 Deum
1839 2666 1952 2725 do-

291 2763 539 2817 centem
571 2759 794 2819 orandi
845 2766 907 2820 et
955 2760 1337 2840 deprecandi
1392 2781 1457 2824 se
1515 2763 1794 2842 modum,
1857 2765 1952 2824 di-

289 2861 460 2916 recte
489 2857 710 2917 referri
739 2857 994 2918 debent.
1053 2862 1140 2920 De
1193 2861 1375 2940 cujus
1442 2868 1772 2922 contextus
1821 2882 1954 2923 mu-

290 2953 534 3013 tatione
592 2972 699 3014 seu
779 2955 1219 3018 emendatione
1293 2959 1462 3020 facta
1530 2960 1594 3020 in
1667 2962 1952 3023 versione

283 3049 783 3128 Hieronymiana
839 3052 1002 3113 infra
1058 3054 1310 3129 dicturi,
1370 3055 1434 3116 id
1494 3062 1740 3118 tantum
1786 3078 1950 3121 nunc
2059 3073 2163 3114 rae.
2245 3053 2740 3114 Lamentationes
2823 3052 3096 3120 Ieremia?
3147 3073 3164 3111 :

2074 1880 2250 1942 libris
2306 1881 2488 1942 editis
2543 1885 2947 1960 usurpantur,
3007 1898 3150 1940 cum
3215 1877 3720 1956 supradictorum

2072 1985 2452 2058 punctorum
2483 1978 2671 2038 situm
2725 1996 3122 2056 nequaquam
3174 1975 3497 2056 patiantur
3552 1975 3720 2052 leges

2071 2077 2512 2157 typographiaa
2545 2076 2889 2137 hodiernae.

2152 2175 2240 2233 De
2311 2181 2570 2235 auctore
2627 2173 3012 2234 scholiorum
3062 2170 3334 2232 Canonis
3376 2189 3572 2230 unum
3603 2169 3718 2230 ad-

2071 2271 2195 2332 huc
2264 2272 2640 2342 notandum,
2705 2289 2894 2350 penes
2950 2289 3064 2329 nos
3121 2287 3254 2329 esse
3311 2267 3719 2347 quamplures

2069 2371 2315 2431 codices
2346 2389 2491 2429 mss.
2526 2371 2588 2429 in
2621 2369 2850 2448 quibus
2905 2372 3155 2428 exstant
3211 2366 3516 2426 nonnulla
3564 2384 3714 2442 ope-

2067 2486 2139 2528 ra
2193 2467 2473 2546 ejusdem
2530 2467 2873 2546 scriptoris,
2961 2484 3102 2544 qua:
3187 2465 3468 2525 nondum
3554 2463 3720 2543 typis

2066 2584 2296 2627 excusa
2343 2573 2528 2638 sunt;
2578 2572 2638 2626 et
2698 2566 2814 2626 hoc
2847 2565 3066 2625 ordine
3116 2569 3243 2624 tam
3274 2562 3463 2635 edita,
3527 2580 3716 2640 quam

2064 2663 2300 2724 inedita
2375 2663 2817 2724 describuntur
2899 2667 3042 2741 post
3121 2659 3520 2720 Traditiones
3595 2661 3716 2718 He-
3811 2656 3820 2665 ’

2063 2762 2308 2822 braicas
2339 2766 2402 2822 S.
2437 2763 2803 2840 Hieronymi
2851 2761 2912 2820 in
2971 2759 3255 2820 Genesim
3311 2775 3326 2817 :
3400 2756 3715 2839 Liber_de

2061 2859 2263 2918 decem
2319 2858 2810 2918 Tentationibus.
2865 2857 3050 2917 Liber
3104 2857 3181 2916 de
3243 2853 3714 2932 Quaestionibus

2060 2953 2298 3034 Regum
2328 2963 2386 3016 et
2416 2956 2939 3038 Paralipomenon
2973 2976 2990 3014 :
3057 2953 3397 3014 Canticum
3460 2950 3710 3011 Debbo-

3247 3049 3540 3131 Epistola
3624 3049 3708 3108 ad

275 3165 613 3208 monemus
642 3149 977 3223 studiosos,
1012 3153 1513 3230 praestantiorem
1545 3173 1678 3215 esse
1739 3162 1943 3216 trans~
1977 3143 2018 3208 C
2056 3150 2457 3214 Dardanum.
2525 3152 2826 3216 Universa
2882 3151 3102 3212 isthmc
3148 3149 3467 3228 Opuscula
3505 3147 3707 3207 sancti

269 3243 577 3304 lationem
640 3244 826 3323 hujus
883 3247 1004 3308 loci
1062 3266 1138 3308 ex
1185 3251 1630 3312 emendatione
1686 3259 1750 3313 et
1780 3253 1944 3314 notis

267 3340 657 3414 scholiastis,
718 3361 908 3421 quam
968 3364 1109 3423 quas
1167 3348 1442 3425 primum
1513 3349 1767 3410 condita
1851 3356 1944 3411 est

268 3437 348 3496 ab
379 3438 528 3516 ipso
559 3439 966 3521 Hieronymo,
1003 3449 1074 3504 ut
1130 3445 1321 3522 paulo
1369 3453 1513 3525 post
1569 3449 1941 3510 auctoritate

270 3554 472 3596 sacrm
507 3537 850 3617 Scriptura:
882 3541 1316 3604 demonstrare
1346 3563 1670 3606 conamur.

353 3636 454 3695 Ad
486 3639 1102 3700 commendationem
1151 3642 1294 3702 fidei
1349 3649 1581 3705 nostra;
1637 3645 1701 3704 in
1759 3647 1942 3707 eden-

271 3731 372 3792 dis
427 3733 690 3795 scholiis
767 3736 1135 3815 hujusmodi
1216 3741 1694 3819 marginalibus,
1779 3743 1937 3804 illud

269 3829 464 3890 etiam
559 3833 864 3894 monitum
934 3836 1227 3898 volumus
1295 3839 1593 3900 lectorem
1659 3842 1936 3919 pruden-

265 3934 421 4000 tem,
481 3947 716 3990 excusa
746 3932 1002 3993 fuissea
1048 3935 1230 3996 nobis
1284 3935 1648 3998 charactere
1704 3943 1937 4000 Roma-

269 4042 352 4084 no
416 4043 820 4104 quacunque
876 4028 1000 4106 legi
1054 4036 1398 4108 potuerunt
1452 4033 1516 4092 in
1586 4038 1934 4096 manuscri-

267 4128 380 4198 pto
449 4122 747 4183 codice:
837 4133 1064 4186 caetera
1144 4146 1316 4202 vero,
1401 4148 1542 4207 quas
1624 4139 1934 4193 vetustate

269 4217 485 4277 deleta
516 4225 664 4278 sunt
693 4227 756 4280 et
783 4231 1102 4300 corrupta,
1162 4243 1414 4287 corrosa
1472 4228 1571 4286 vel
1619 4230 1927 4301 mutilata,

266 4316 714 4394 snpplevimus
768 4336 844 4378 ex
904 4325 1077 4380 textu
1140 4323 1468 4401 Hebraico,
1528 4326 1634 4385 sed
1711 4328 1931 4388 chara-

264 4419 439 4472 ctere
474 4413 699 4474 Italico
733 4432 746 4474 :
782 4416 984 4494 iisque
1015 4417 1167 4478 locis
1215 4421 1546 4494 duntaxat,
1609 4424 1714 4483 ubi
1762 4425 1926 4484 clare

264 4511 738 4587 perspeximus,
799 4513 969 4590 quod
1028 4515 1266 4587 abesse,
1328 4519 1534 4595 potuit
1593 4537 1607 4578 :

2054 3251 2425 3330 Hieronymi
2479 3251 2949 3330 prmtitulantur
3003 3249 3067 3308 in
3141 3266 3288 3308 mss.
3361 3246 3701 3321 codicibus,

2053 3354 2116 3408 et
2145 3349 2392 3410 duobus
2436 3349 2711 3429 exceptis
2758 3349 2927 3409 edita
2982 3353 3128 3407 sunt
3183 3346 3263 3406 ad
3325 3349 3584 3405 Erasmo
3643 3352 3706 3406 et

2051 3447 2356 3518 Mariano,
2391 3466 2532 3507 cum
2593 3447 2900 3526 Operibus
2953 3445 3234 3524 ejusdem
3267 3446 3330 3504 S.
3392 3443 3697 3504 Doctoris.

2049 3543 2294 3604 Inedita
2324 3551 2469 3604 sunt
2499 3545 2656 3618 haec,
2717 3542 3220 3604 Commentarius
3265 3541 3327 3600 in
3373 3540 3697 3600 Canticum

2051 3643 2377 3717 Debborae,
2413 3643 2583 3722 quod
2639 3645 2869 3721 legitur
2924 3660 3062 3722 cap.
3123 3659 3183 3712 v,
3246 3658 3406 3700 vers;
3462 3645 3693 3720 ﬁseqq.

2049 3741 2192 3801 libri
2273 3743 2596 3815 Judicum,
2685 3749 2746 3801 et
2812 3739 3314 3801 Commentarios
3391 3738 3550 3797 alter
3633 3737 3695 3796 in

2048 3840 2317 3916 primam
2384 3840 2918 3901 Lamentationem
2979 3836 3268 3898 Jeremiae
3323 3833 3586 3912 (Thren.
3650 3852 3690 3908 1,

2049 3939 2076 3995 1
2112 3940 2304 4016 seqq.)
2337 3941 2424 3998 De
2453 3957 2579 4017 quo
2611 3937 2834 3997 ultimo
2874 3953 3062 4014 opere
3135 3953 3259 3993 non
3317 3933 3517 3992 ausim
3578 3931 3691 3990 ad-

2047 4033 2169 4092 huc
2225 4035 2479 4095 deﬁnite
2553 4036 2892 4105 afﬁrmare,
2971 4031 3474 4092 lucubrationem
3558 4047 3691 4087 esse

2044 4132 2287 4193 Hebraei
2343 4134 2708 4193 Scholiastis
2767 4131 2982 4190 nostri.
3043 4134 3117 4188 At
3166 4129 3242 4187 de
3299 4129 3694 4187 Commenta-

2042 4230 2214 4290 riolis
2265 4231 2329 4290 in
2383 4231 2703 4290 Canticum
2761 4228 3066 4288 Debborm
3148 4225 3325 4285 nulla
3406 4229 3691 4303 superest

2040 4329 2222 4389 nobis
2276 4329 2660 4400 difficultas;
2722 4329 2871 4406 quia
2927 4343 3144 4386 eorum
3201 4324 3421 4402 stylus,
3484 4323 3689 4382 erudi-

2041 4427 2146 4492 tio.
2184 4429 2534 4497 sententia),
2569 4436 2629 4486 et
2661 4435 2886 4487 caetera
2932 4425 3165 4494 omnia,
3228 4442 3370 4501 qum
3415 4421 3684 4499 alicujus

1668 4521 1730 4580 in
1789 4511 2312 4584 aliisDauctoris
2387 4525 2671 4584 notitiam
2754 4525 3028 4582 tribuere
3112 4526 3395 4599 possunt,
3483 4537 3678 4579 unum

254 4605 428 4664 enim
459 4605 932 4670 obscurioribus
988 4619 1222 4689 puncta
1278 4620 1522 4675 tantum
1581 4617 1926 4694 adjecimus
2037 4627 2400 4686 renuntiant
2428 4627 2818 4686 Scholiastcn
2877 4625 3148 4684 Canonis
3204 4623 3524 4683 Hebraicae
3583 4640 3685 4682 ve-

252 4699 401 4802 loco
436 4702 778 4764 verborum
840 4712 902 4766 et
957 4708 1368 4787 syllabarum,
1430 4731 1700 4790 quarum
1748 4718 1923 4777 suffi-
2035 4725 2258 4785 ritatis.
2291 4729 2504 4785 Testes
2550 4724 2737 4802 hujus
2795 4723 2881 4783 rei
2941 4724 3234 4783 accedent
3295 4721 3526 4780 eruditi
3574 4720 3682 4780 ho-

251 4798 538 4859 cientem
627 4802 913 4863 notitiam
1000 4807 1249 4886 assequi
1324 4811 1745 4888 nequivimus.
1823 4817 1924 4876 Sic
2035 4822 2255 4897 mines,
2289 4842 2428 4883 cum
2463 4798 2775 4902 Opuscula
2804 4822 2914 4882 illa
2963 4821 3127 4900 typis
3175 4837 3406 4880 excusa
3461 4822 3680 4897 vulga-

249 4897 570 4958 columna
603 4900 717 4960 “8
746 4901 992 4963 diverso
1042 4903 1407 4968 charactere
1461 4909 1764 4988 scriptum
1826 4933 1919 4974 re-
2033 4920 2290 4980 buntur.

242 4995 491 5072 paries,
528 5018 560 5049 ‹‹
598 5014 737 5074 quae
786 4999 1013 5078 oﬂ'errz'
1057 5001 1276 5062 debent
1315 5003 1380 5064 in
1430 5007 1801 5070 sacriﬁcium
1839 5031 1852 5083 ;
1889 5037 1918 5072 ι)

328 5153 583 5245 ςᾳὶὲεςξ
609 5155 872 5245 inveniet
898 5160 1080 5245 lector
1109 5166 1278 5245 notas
1302 5167 1657 5238 marginales
1687 5169 1746 5226 in
1780 5178 1980 5230 nostra
2012 5177 2285 5245 editione,
2326 5196 2426 5234 nec
2457 5198 2490 5235 a
2523 5180 2742 5234 forLim-i
2791 5180 2991 5236 stellas
3024 5199 3035 5237 :
3093 5183 3316 5237 scholia
3358 5182 3676 5237 inserimus

237 5224 294 5278 in
331 5229 514 5280 textu
553 5228 781 5284 uncinis
817 5232 1118 5288 distincta.
1153 5235 1312 5290 Enrr.
