4060 6190
306 288 425 351 123
1472 279 1793 344 PATRUM
1841 281 2541 347 BENEDICTINORUM

3597 288 3714 346 134

1387 508 2420 622 PROLEGOMENON
2489 527 2638 622 IV.

912 702 998 760 De
1026 696 1251 760 Titulis
1280 703 1342 758 et
1371 697 1696 777 Capitulis,
1731 697 2027 760 Versibus
2050 703 2112 758 et
2140 697 2358 759 Metris
2389 716 2714 761 sacrorum
2741 698 3111 760 Bibliorum.

311 944 360 999 Ι.
395 939 615 1021 Biblia
645 958 826 1021 sacra
860 938 924 1021 in
955 945 1155 1021 certas
1171 942 1391 1021 partes
1421 937 1786 1021 dividebant
1799 938 2151 1021 scriptores
2191 939 2461 1021 antiqui,
2496 941 2607 1000 sed
2652 939 2872 1000 multis
2899 939 3311 1021 diversisque
3348 939 3582 1021 modis.
3609 943 3712 1021 rlI.

390 1019 705 1101 sectiones
735 1019 866 1080 illas
897 1017 1337 1101 imiiﬁ’erénter
1364 1017 1742 1101 vocabantur
1793 1017 2014 1101 Tituli,
2039 1017 2270 1079 Breves
2299 1017 2357 1081 et
2395 1020 2721 1101 Capitula.
2741 1017 3426 1101 IlI.Quasnamﬁ¢erint
3454 1020 3720 1081 distinc-

391 1100 590 1162 tiones
614 1119 901 1181 versuum
919 1099 1004 1181 ab
1035 1100 1317 1181 antiquis
1349 1099 1758 1181 usurpatwjn
1790 1099 2124 1181 Scriptura
2153 1119 2356 1162 sacra.
2391 1099 2508 1164 IV.—
2529 1102 2639 1162 An
2669 1101 2800 1181 sint
2849 1108 3043 1162 metra
3087 1102 3153 1160 in
3185 1099 3386 1181 libris
3403 1101 3629 1181 sacris,
3660 1107 3719 1160 et

391 1181 779 1338 ἓίλξνεεῗξξιιε
801 1180 866 1240 in
898 1178 1518 1241 Psalmis—Davidis:
1543 1183 1614 1240 V.
1652 1178 1730 1240 Η
1729 1178 2032 1252 ἱανοηγὶηί
2059 1181 2364 1241 sententia
2396 1181 2472 1241 de
2501 1179 2715 1242 metris
2743 1181 3214 1264 Scripturarum
3249 1179 3596 1266 explicatur
3661 1186 3720 1240 et

437 1282 467 1319 e
499 1281 592 1320 em
625 1282 642 1320 τ
678 1281 775 1322 ur.

437 1281 775 1322 eremzuur.

393 1399 444 1458 I.
500 1398 637 1456 Non
697 1401 792 1457 est
821 1395 1147 1474 praesentis
1200 1395 1344 1470 loci,
1405 1414 1521 1457 nec
1603 1395 1798 1457 animi
1852 1413 1966 1457 no-
1999 1393 2212 1460 Alum
2250 1397 2598 1474 facultatis
2654 1397 2782 1459 sibi
2838 1397 3166 1478 utriusque
3215 1397 3441 1478 linguas
3501 1393 3726 1457 habere

314 1493 448 1567 stri,
485 1493 563 1555 de
620 1494 912 1555 omnibus
965 1512 1286 1558 sacrorum
1341 1494 1690 1557 Bibliorum
1739 1493 1962 1556 sectio-
2075 1493 2423 1575 videbatur,
2473 1517 2666 1556 ausus
2721 1503 2813 1558 est
2867 1495 3287 1578 interpretari.
3347 1495 3445 1557 Ab
3500 1494 3578 1556 iis
3635 1494 3725 1555 in-

315 1591 501 1654 nibus
557 1610 630 1653 ac
686 1591 1192 1654 distinctionibus
1247 1592 1619 1672 perlongam
1675 1591 1965 1653 institue-
2076 1595 2475 1673 terpretibus,
2510 1614 2781 1674 quorum
2829 1594 3147 1676 imperitia
3205 1612 3419 1656 carere
3470 1592 3724 1654 volebat

314 1708 384 1751 re
443 1690 957 1769 disputationem.
1016 1690 1182 1752 Satis
1236 1690 1316 1752 sit
1368 1710 1598 1753 munus
1654 1689 1966 1753 editorum

317 1787 689 1867 Hieronymi
767 1788 889 1850 hoc
971 1788 1426 1866 Prolegomeno
1520 1789 1824 1870 explesse,
1906 1793 1968 1850 et

315 1887 688 1948 Latinorum
750 1887 1035 1949 codicum
1094 1889 1303 1949 varias
1358 1907 1431 1950 ac
1463 1888 1840 1968 multiplices
1870 1887 1965 1949 di-

314 1984 607 2060 visiones,
667 2003 811 2047 cum
867 1986 1161 2065 majores,
1193 1991 1326 2046 tum
1385 1986 1680 2057 minores,
1715 2005 1838 2046 non
1866 1985 1964 2047 in-

321 2083 564 2144 curiose
614 2083 979 2162 explicasse.
1011 2088 1240 2145 Actum
1297 2085 1466 2146 enim
1524 2103 1690 2146 nunc
1747 2102 1966 2164 agere-

323 2200 487 2254 mus,
546 2182 598 2242 si
653 2182 824 2260 quod
879 2187 1120 2262 spectat
1166 2183 1574 2246 Hebraeorum
1630 2189 1740 2245 aut
1793 2187 1967 2244 Grae-

324 2297 541 2342 corum
627 2279 1154 2360 exemplariorum
1241 2282 1596 2356 divisiones,
1690 2282 1970 2360 capitula

323 2384 384 2439 et
439 2397 656 2440 versus
732 2380 1247 2456 pertractandum
1332 2380 1436 2442 hic
1509 2380 1888 2459 susciperem
1951 2399 1966 2443 :

321 2475 472 2554 quia
525 2474 590 2536 in
653 2475 772 2537 hoc
827 2477 1034 2538 studio
1090 2477 1272 2539 nobis
1329 2484 1801 2541 anteverterunt
1855 2479 1970 2540 viri

323 2592 450 2634 non
483 2573 670 2652 pauci
724 2574 1075 2636 eruditione
1115 2576 1414 2638 celebres.
1467 2579 1555 2638 De
1602 2578 1970 2639 Latinorum

2071 1693 2464 1770 Augustinus
2519 1694 2801 1756 subsidio
2859 1693 3343 1755 translationum
3420 1691 3726 1771 Hierony-

2076 1790 2458 1866 mianarum,
2491 1792 2822 1866 habemus,
2863 1792 2927 1853 ni
2957 1791 3164 1868 fallor,
3197 1796 3293 1853 tot
3322 1791 3545 1852 modos
3561 1789 3724 1850 divi-

2074 1889 2320 1950 sionum
2352 1895 2416 1952 et
2470 1890 2995 1970 capitulationum
3045 1889 3111 1952 in
3168 1889 3374 1953 Veteri
3433 1893 3497 1951 et
3549 1891 3726 1951 Novo

2073 1992 2477 2051 Testamento
2538 2007 2552 2050 :
2641 2007 2844 2069 neque
2899 2007 3047 2050 vero
3123 1987 3500 2068 persuadere
3570 1987 3728 2050 mihi

2075 2104 2333 2166 possum
2392 2086 2472 2148 ab
2529 2086 2667 2149 aliis
2723 2086 3159 2166 scriptoribus,
3220 2104 3411 2165 quam
3469 2085 3550 2146 ab
3603 2085 3729 2148 illis

2075 2184 2383 2263 imperitis
2497 2184 2983 2248 translatoribus
3075 2184 3334 2259 Latinis,
3448 2182 3731 2245 derivata

2079 2283 2295 2344 fuisset
2324 2287 2418 2345 tot
2471 2283 2688 2362 inepta
2743 2283 3064 2359 lemmata,
3125 2301 3266 2361 quae
3321 2281 3614 2360 leguntur
3664 2281 3730 2341 in

2081 2381 2400 2444 codicibus
2456 2400 2604 2443 mss.
2691 2380 3126 2443 vetustissimis
3220 2397 3542 2441 sacrorum
3623 2378 3730 2440 Bi-

2081 2479 2376 2542 bliorum.
2411 2479 2714 2541 Solebant
2769 2497 3045 2558 namque
3093 2477 3339 2558 antiqui
3394 2477 3734 2556 scriptores

2079 2577 2146 2638 in
2195 2577 2570 2656 interpretes
2625 2575 2803 2639 libris
2857 2577 2986 2638 suis
3069 2576 3342 2638 indicem
3428 2575 3736 2654 capitulo-

324 2690 474 2750 ergo
526 2671 876 2734 Bibliorum
961 2674 1362 2748 sectionibus,
1447 2680 1638 2754 atque
1697 2675 1973 2754 antiquis
2082 2694 2223 2736 rum
2255 2676 2602 2755 praefigere,
2663 2681 2735 2738 ut
2783 2675 3049 2738 lectores
3103 2674 3256 2754 quid
3283 2673 3378 2753 [in
3433 2678 3732 2736 contextu

324 2769 831 2832 distinctionibus
896 2776 1024 2832 tam
1081 2772 1526 2851 capitulorum,
1587 2792 1778 2852 quam
1836 2792 1974 2834 ver-
2008 2767 2052 2831 B
2085 2774 2389 2836 librorum
2476 2779 2877 2850 tractaretur,
2978 2791 3105 2835 uno
3210 2771 3392 2851 quasi
3498 2771 3732 2834 intuitu

326 2869 693 2941 siculorum,
752 2868 1201 2948 disputandum
1263 2871 1446 2933 nobis
1500 2872 1831 2946 incumbit,
1901 2877 1972 2933 ut
2079 2877 2512 2951 agnoscerent.
2574 2871 2866 2934 Pluribus
2922 2877 3131 2932 autem
3191 2869 3394 2932 modis
3448 2869 3514 2932 id
3565 2887 3728 2948 pras-

327 2967 486 3028 nihil
541 2973 833 3030 occurrat
878 2968 942 3028 in
1000 2969 1275 3032 editione
1347 2970 1574 3034 divina
1632 2971 1822 3049 hujus
1878 2971 1972 3032 Bi-

325 3064 684 3140 bliothecas,
719 3066 883 3126 unde
914 3067 1152 3128 fructus
1205 3067 1428 3131 uberes
1484 3069 1806 3148 percipere
1845 3087 1972 3130 non

325 3163 522 3242 possit
549 3162 748 3224 lector
775 3164 1113 3226 studiosus.

410 3263 734 3339 Integrum
779 3279 968 3340 porro
1027 3263 1320 3325 volumen
1378 3264 1455 3326 de
1512 3265 1827 3328 veteribus
1871 3284 1971 3328 sa-

330 3377 581 3422 crorum
639 3359 984 3422 Bibliorum
1043 3362 1265 3441 titulis,
1319 3364 1450 3427 sive
1504 3365 1818 3444 capitulis,
1878 3383 1976 3426 se-

330 3457 667 3532 ctionibus,
729 3465 791 3520 et
845 3459 1301 3536 sticbometria,
1389 3463 1712 3525 conditum
1789 3463 1978 3525 fuisse

332 3555 411 3616 ab
443 3555 687 3617 erudito
714 3560 749 3617 J
756 3575 846 3617 os.
880 3559 962 3618 Μ.
995 3559 1176 3632 Caro,
1238 3560 1606 3639 presbytero
1654 3561 1977 3639 theologo,

333 3658 554 3714 notum
612 3659 707 3716 est
762 3655 1105 3729 omnibus;
1162 3662 1228 3718 at
1285 3675 1428 3718 cum
1490 3659 1689 3720 multa
1735 3659 1982 3720 divisio-

335 3773 484 3814 num
517 3753 583 3813 id
639 3772 839 3832 genus
894 3757 1187 3835 exempla
1233 3759 1726 3836 praetermiserit,
1777 3764 1862 3834 et,
1915 3763 1984 3820 ut

334 3851 469 3930 ipse
497 3850 750 3924 fatetur,
787 3859 1059 3932 anguste
1087 3855 1534 3933 antiquitatem
1586 3857 1812 3921 harum
1857 3857 1982 3917 dis-

335 3949 708 4011 tinctionum
767 3957 1134 4029 prosecutus
1194 3953 1324 4026 sit;
1413 3973 1540 4015 non
1599 3973 1801 4033 pauca
1831 3975 1981 4034 sup-

335 4047 508 4126 plere
540 4047 924 4126 curabimus,
957 4069 1098 4129 quee
1150 4051 1286 4129 ejus
1339 4052 1731 4130 diligentiam
1790 4054 1982 4132 fugis-

2081 2976 2248 3031 stare
2332 2974 2791 3033 consueverant
2872 2974 3007 3030 tum
3093 2967 3523 3039 ecclesiastici,
3593 2972 3730 3030 tum

2082 3068 2311 3131 exotici
2367 3068 2702 3146 scriptores
2762 3084 2777 3127 :
2837 3085 2984 3129 nam
3042 3071 3153 3128 aut
3205 3065 3488 3127 omnium
3541 3063 3728 3126 simul

2082 3167 2386 3228 librorum
2447 3165 2726 3244 capitula
2776 3166 2840 3227 in
2913 3168 3120 3228 fronte
3192 3163 3469 3228 universi
3524 3161 3736 3241 operis

2083 3263 2556 3345 praeponebant,
2593 3263 2754 3325 sicut
2804 3282 2844 3324 a
2891 3262 3095 3326 Plinio
3154 3260 3444 3323 Secundo
3501 3260 3734 3322 factum

2086 3369 2178 3425 est
2242 3362 2307 3423 in
2375 3361 2552 3422 libris
2610 3361 2903 3424 Historiae
2937 3359 3273 3434 Naturalis,
3335 3365 3397 3420 et
3454 3357 3741 3420 similiter

2087 3461 2167 3522 ab
2223 3459 2660 3521 ecclesiasticis
2715 3459 2888 3532 viris,
2948 3459 3056 3536 qui
3119 3457 3399 3537 capitula
3467 3461 3744 3534 quatuor

2088 3558 2572 3636 Evangeliorum
2665 3575 2794 3618 una
2875 3556 3064 3618 simul
3160 3554 3569 3635 prasﬂxerunt
3671 3553 3735 3614 in

2088 3658 2295 3718 fronte
2325 3655 2636 3730 Matthrei,
2687 3655 2847 3716 sicut
2904 3655 3108 3733 posita
3154 3653 3453 3731 leguntur
3506 3652 3572 3712 in
3628 3668 3738 3712 ve—

2090 3755 2436 3817 tustissimo
2489 3773 2605 3815 ms.
2666 3752 3238 3815 San-Germanensi
3296 3756 3514 3813 nostro
3561 3766 3736 3811 num.

2094 3856 2168 3916 15
2229 3872 2244 3927 ;
2305 3860 2416 3915 aut
2471 3851 2735 3931 singulis
2793 3851 2967 3912 libris
3026 3849 3244 3911 titulos
3317 3847 3741 3927 capitulorum

2094 3950 2418 4031 praeﬁgere
2449 3948 2845 4027 satagebant,
2879 3953 2950 4008 ut
2995 3947 3061 4007 in
3109 3945 3384 4009 Historia
3439 3943 3744 4006 Ecclesia-

2095 4050 2249 4110 stica
2306 4048 2451 4110 fecit
2509 4047 2814 4108 Eusebius
2871 4045 3288 4117 Caesariensis,
3377 4043 3485 4122 qui
3569 4040 3746 4103 libris

337 4163 401 4206 se
458 4146 770 4225 perspexi.
832 4146 991 4208 Illud
1050 4155 1260 4210 autem
1316 4150 1591 4229 primum
1667 4133 2060 4214 observariC
2098 4145 2513 4208 Historiarum
2554 4163 2810 4207 suarum
2859 4143 3097 4206 indices
3152 4160 3260 4204 seu
3332 4141 3548 4204 titulos
3579 4159 3744 4219 pras-

338 4242 550 4316 velim,
609 4242 773 4304 idem
834 4242 1279 4308 afﬁrmandum
1338 4267 1471 4310 esse
1553 4250 1630 4311 de
1711 4249 1988 4329 antiquis

343 4358 664 4401 sacrorum
722 4342 1066 4405 Bibliorum
1118 4346 1410 4424 capitulis
1465 4352 1529 4408 et
1582 4349 1985 4424 sectionibus,

342 4440 513 4517 quod
573 4438 651 4498 de
708 4440 1228 4503 translationibus
1312 4445 1547 4506 Latinis
1631 4446 1989 4527 Scriptura-

342 4554 482 4597 rum
541 4536 893 4598 docuerunt
948 4539 1367 4620 Hieronymus
1423 4547 1485 4604 et
1533 4545 1982 4622 Augustinus:

341 4651 570 4713 nempe
598 4637 693 4694 tot
722 4652 855 4694 esse
885 4653 1117 4712 genera
1167 4637 1533 4717 hujusmodi
1584 4642 1982 4715 divisionum,

341 4749 452 4791 seu
534 4730 1078 4812 capitulationum,
1157 4743 1314 4813 quot
1409 4743 1555 4798 sunt
1637 4739 1885 4801 codices
1971 4756 1986 4800 :

345 4830 877 4908 quemadmodum
965 4837 1060 4892 tot
1135 4840 1318 4895 erant
1399 4837 1990 4915 interpretationum

345 4927 734 5007 exemplaria
783 4929 1006 4990 Latina
1054 4931 1301 4994 diversa
1346 4938 1627 5013 tempore
1684 4935 1992 5015 Hierony-

347 5026 431 5086 mi
490 5031 550 5086 et
627 5028 984 5105 Augustini,
1049 5036 1203 5108 quot
1285 5030 1686 5092 habebantur
1749 5033 1994 5094 codices

345 5125 554 5186 sacri:
596 5123 733 5201 Qui
769 5127 954 5201 enim,
1011 5127 1219 5207 inquit
1275 5129 1338 5189 S.
1425 5135 1585 5209 Aug.
1647 5132 1756 5191 lib.
1818 5149 1859 5192 ιι
1917 5132 1995 5192 de

2096 4243 2358 4316 notavit,
2421 4243 2582 4304 sicut
2665 4241 2852 4304 hodie
2945 4241 3244 4319 leguntur
3315 4240 3379 4300 in
3465 4238 3747 4317 ejusdem

2096 4343 2416 4423 Operibus.
2446 4346 2571 4403 Aut
2601 4346 2767 4404 certe
2815 4359 2893 4402 ex
2949 4339 3146 4402 latere
3201 4339 3266 4400 in
3323 4337 3560 4416 pagina
3615 4336 3752 4397 bre-

2095 4441 2255 4502 viter
2308 4439 2721 4512 adnotabant,
2783 4456 2971 4518 quem
3045 4436 3421 4497 intrinsecus
3496 4451 3746 4496 sensum

2096 4538 2346 4616 singula
2395 4537 2674 4616 capitula
2728 4535 3164 4604 continerent;
3222 4532 3390 4610 quod
3448 4530 3754 4607 Hierony-

2097 4656 2238 4698 mus
2293 4635 2442 4696 fecit
2493 4635 2556 4694 in
2614 4632 3026 4694 translatione
3111 4627 3392 4707 epistolas
3467 4628 3531 4687 S.
3611 4627 3756 4704 Epi-

2098 4733 2318 4813 phanii
2373 4733 2449 4795 ad
2512 4735 2823 4794 Joannem
2871 4729 3237 4806 episcopum
3295 4722 3756 4802 Hierosolymi-

2100 4839 2344 4905 tanum,
2378 4829 2468 4892 uti
2498 4830 2697 4907 liquet
2743 4846 2820 4888 ex
2879 4825 3145 4906 epistola
3200 4823 3481 4903 ejusdem
3532 4821 3754 4884 Hiero-

2102 4929 2276 5010 nymi
2307 4928 2384 4990 ad
2444 4925 2946 5002 Pammachium,
3006 4922 3307 5001 inscripta
3364 4923 3452 4980 De
3510 4919 3755 4998 optimo

2104 5046 2332 5107 genere
2405 5022 2885 5104 interpretandi.
2970 5023 3062 5082 Ex
3146 5019 3268 5080 hoc
3348 5018 3755 5095 antiquorum

2105 5146 2218 5187 usu
2279 5125 2343 5185 in
2395 5121 2797 5203 prmﬁgendis
2853 5117 3146 5198 capitulis
3203 5117 3283 5177 ad
3360 5115 3626 5175 frontem
3690 5111 3757 5171 li-

347 5222 647 5283 Doctrina
700 5222 1076 5299 Christiana,
1139 5244 1278 5305 cap.
1330 5230 1428 5302 l9,
1504 5228 1870 5311 Scriptura:
1926 5249 1998 5288 ex
2105 5225 2385 5296 brorum,
2453 5220 2653 5282 falicis
2710 5223 2804 5279 est
2872 5216 3258 5296 conjectura,
3336 5227 3758 5290 unumquem-

347 5319 616 5381 Hebraea
642 5320 864 5399 lingua
922 5323 986 5381 in
1053 5322 1342 5384 Graecum
1399 5332 1734 5405 verterunt,
1795 5347 1995 5387 nume-

2108 5341 2230 5403 que
2266 5321 2553 5381 Latinum
2612 5319 3020 5395 interpretem
3079 5313 3323 5378 Veteris
3372 5315 3761 5372 Instrumen-

351 5420 490 5480 rari
503 5426 828 5501 possunt:
879 5421 1098 5480 Latini
1153 5429 1352 5483 autem
1404 5425 1764 5507 interpretes
1823 5425 2000 5487 nullo
2110 5423 2178 5495 ti,
2212 5419 2413 5480 Libris
2445 5416 2637 5478 sacris
2667 5415 2902 5475 indices
2950 5431 3059 5473 seu
3117 5410 3334 5472 titulos
3389 5425 3536 5468 suos
3573 5423 3755 5507 prae-

352 5519 552 5578 modo.
595 5517 680 5578 Ut
708 5519 868 5578 enim
901 5520 1121 5600 cuique
1134 5521 1372 5602 primis
1403 5501 1582 5601 ﬁdei
1624 5523 1997 5605 temporibus
2033 5509 2077 5574 D
2107 5520 2410 5601 posuisse,
2473 5522 2545 5578 ιη
2600 5515 2864 5575 Ῑθθίονθε
2920 5511 3423 5605 θάωοηθτθηωτ,
3482 5502 3656 5605 ‘1“id_
3691 5501 3757 5561 in

353 5615 417 5672 in
451 5635 670 5676 manus
726 5618 892 5678 venit
932 5619 1120 5678 codex
1185 5619 1468 5696 Graccus,
1519 5628 1578 5681 et
1630 5622 1998 5702 aliquantu-

2107 5619 2268 5679 libro
2326 5615 2599 5689 Genesis,
2683 5613 2792 5692 qui
2844 5611 2910 5672 in
2983 5607 3227 5681 Exodo,
3277 5603 3432 5685 quid
3504 5601 3572 5663 in
3637 5603 3756 5661 Le-
