4060 6190
283 296 401 354 125

1690 279 2275 344 PllOLEGOMENA
2287 321 2303 339 .

3577 269 3694 328 126

283 425 500 497 vitico,
563 430 626 485 et
680 423 832 503 quid
891 423 1143 485 demum
1193 423 1258 484 in
1314 421 1559 483 caeteris
1639 417 1933 480 omnibus
1963 415 2016 482 A
2046 435 2221 476 versa
2251 415 2409 476 serie
2438 410 2725 474 lectionis
2756 407 2978 469 titulos
3025 404 3413 467 credidimus
3465 401 3691 482 impri-

288 525 637 602 Scripturae
687 540 883 583 sacrae
941 521 1370 583 voluminibus
1427 519 1700 600 positum
1759 517 1928 594 lege-

291 629 484 683 retur.
524 621 765 682 Deinde
797 639 939 681 cum
997 620 1079 680 ad
1125 617 1468 681 editionem
1520 619 1682 679 LXX
1736 617 1936 676 Inter-

289 727 541 800 pretum
582 717 880 780 adornati
935 718 1172 780 fuerint
1227 716 1599 796 hujusmodi
1656 713 1822 775 tituli
1877 717 1939 773 et

288 819 800 899 capitulationes,
855 824 923 878 ut
980 817 1309 878 nominum
1369 822 1433 877 et
1491 813 1935 876 vocabulorum

289 918 560 996 antiqua
590 917 819 996 probat
865 916 1213 989 barbaries,
1277 913 1668 994 antiquiores
1726 912 1938 972 Hiero-

289 1035 488 1097 nymo
520 1016 677 1077 tales
733 1015 972 1076 indices
1027 1033 1165 1076 esse
1218 1014 1324 1074 vix
1379 1013 1657 1074 dubitari
1709 1016 1938 1090 potest.

286 1116 563 1178 Eosdem
618 1115 816 1192 igitur
873 1113 1153 1174 habuere
1213 1117 1508 1192 parentes
1567 1110 1734 1172 tituli
1777 1115 1939 1170 vete-

288 1233 390 1275 res
419 1220 484 1274 et
515 1212 818 1293 capitula,
855 1229 1013 1291 quos
1052 1211 1412 1272 habuerant
1467 1214 1756 1270 auctores
1812 1213 1940 1268 tam

288 1313 556 1372 diversa:
611 1310 857 1372 Latinae
913 1327 1241 1370 sacrorum
1325 1307 1676 1369 Bibliorum
1754 1306 1942 1366 inter-

290 1411 704 1491 pretationes.
805 1408 948 1469 Scio
1032 1406 1413 1487 Hesychium
1509 1403 1940 1466 doctissimum

293 1507 734 1588 presbyterum
805 1505 1229 1585 composuisse
1297 1509 1674 1583 argumenta
1746 1508 1808 1563 et
1855 1529 1945 1564 κε-

296 1615 508 1692 φάλαια
565 1606 631 1666 in
689 1603 1000 1666 duodecin
1058 1603 1404 1683 prophetas
1479 1602 1774 1674 minores,
1833 1601 1943 1661 sed

297 1725 470 1766 nunc
532 1705 610 1765 de
658 1704 1036 1764 Latinorum
1095 1701 1445 1763 Bibliorum
1501 1699 1794 1780 capitulis
1848 1699 1941 1758 lo-

297 1822 487 1883 quor,
552 1821 693 1882 qua
753 1802 1021 1862 multum
1081 1800 1319 1861 distant
1365 1798 1445 1859 ab
1520 1778 1948 1878 Hesychiano-
1980 1797 2180 1862 Bmo,
2237 1789 2676 1883 consequenter
2730 1778 3022 1883 impressi
3049 1799 3092 1883 ,ε

300 1921 441 1963 rum
473 1900 795 1980 elegantia
823 1906 890 1961 et
931 1898 1261 1961 facilitate.
1319 1897 1604 1958 Primum
1665 1915 1699 1956 e
1753 1895 1950 1974 vigin-

294 1999 342 2060 ti
372 1999 726 2079 capitulum
783 2002 939 2058 Osee
992 1996 1322 2076 prophetas
1379 1994 1503 2055 hoc
1560 1993 1748 2054 modo
1805 2011 1949 2054 con-

293 2097 500 2158 texuit
557 2095 905 2175 Hesychius
965 2100 1119 2156 tom.
1210 2094 1353 2155 VIII
1399 2091 1770 2153 Criticorum
1845 2109 1944 2151 sa-

288 2212 588 2257 crurum:
654 2199 832 2257 Βῗκὼν
886 2206 988 2268 τῆς
1053 2203 1161 2253 τῶν
1238 2194 1518 2254 Ἰουδαίων
1603 2201 1945 2270 συναγωγῆς,

291 2301 344 2371 ιε
374 2301 447 2368 ἧς
482 2302 511 2354 ὁ
540 2299 774 2374 Χριστὸς
823 2298 884 2353 τὸ
935 2297 1072 2354 κατὰ
1114 2299 1286 2371 σάρκα
1322 2295 1557 2352 τίκτεται
1593 2313 1608 2328 ⁸
1659 2294 1750 2349 καὶ
1809 2295 1945 2350 λαοῦ

287 2399 358 2451 τὸ
407 2399 505 2469 μὶν
558 2396 609 2451 ἐν
663 2396 884 2468 ἀπιστίᾳ
930 2391 1164 2468 ἔμεινεν,
1211 2395 1274 2448 τὸ
1323 2391 1382 2448 δὲ
1428 2391 1648 2468 ὕστερον
1699 2393 1948 2467 ἐπιστρέ-

291 2517 383 2574 φει
413 2496 500 2550 καὶ
531 2497 759 2564 σώζεται
795 2515 809 2529 ·
871 2488 934 2548 id
985 2494 1096 2560 est,
1157 2486 1382 2566 Imago
1437 2505 1780 2565 synagogas
1831 2484 1944 2552 lu-

299 2588 603 2665 daorum,
635 2587 713 2646 de
741 2605 864 2666 qua
901 2584 1212 2645 Christus
1267 2583 1552 2643 nascitur
1605 2584 1942 2643 secundum

292 2704 574 2756 carnem,
631 2691 692 2743 et
739 2683 982 2766 populi,
1047 2683 1325 2763 quicum
1386 2682 1452 2741 in
1500 2680 1945 2741 incredulitate

291 2783 740 2865 permanserit,
811 2787 1034 2864 postea
1118 2781 1452 2841 revertitur
1532 2785 1590 2839 et
1633 2780 1939 2840 salvatur.

294 2886 396 2944 Ita
455 2883 676 2942 Latine
737 2881 930 2941 reddo
987 2897 1236 2940 sensum
1279 2877 1540 2959 capituli
1595 2878 1942 2956 Hesychia-

295 2981 389 3052 ni,
418 2979 594 3060 quod
625 2985 933 3059 quantum
965 2979 1152 3038 distet
1203 2996 1242 3038 a
1286 2979 1654 3038 Latinorum
1727 2976 1943 3056 inepta

295 3079 786 3158 compositione,
819 3077 1065 3138 ostendi
1114 3082 1321 3155 potest
1377 3093 1454 3136 ex
1505 3076 1725 3137 eodem
1782 3075 1943 3155 prio-

2046 515 2320 587 mendos,
2354 535 2391 572 a
2424 509 2772 584 maioribus
2831 505 3068 567 nostris
3126 503 3349 564 ordine
3402 505 3690 561 currente

2045 614 2414 694 descriptos,
2447 616 2518 670 ut
2548 609 2741 670 lector
2772 604 3018 666 utiliter
3070 601 3455 678 admonitus,
3506 598 3688 660 salu-

2048 711 2244 772 briter
2269 710 2578 772 reddatur
2603 710 2897 776 attentus,
2930 707 2988 762 et
3016 699 3223 777 facile
3278 717 3688 778 unamquam-

2047 829 2164 891 que
2218 829 2346 869 rem
2407 808 2556 867 dum
2615 802 2860 884 quaerit,
2954 799 3255 876 inveniat,
3316 816 3502 876 quam
3568 793 3701 856 sibi

2051 907 2377 988 cognoscit
2405 903 2675 965 breviter
2703 899 3076 960 indicatam.
3106 895 3350 959 Titulus
3403 897 3694 956 Octateu-

2051 1006 2178 1080 chi,
2237 1005 2544 1066 librorum
2605 999 2843 1061 scilicet
2899 996 3182 1075 quinque
3238 992 3697 1064 Mosaicorum,

2054 1109 2267 1176 Josue,
2333 1101 2632 1161 Judicum
2690 1103 2755 1158 et
2809 1093 3007 1166 Ruth,
3070 1111 3107 1152 a
3151 1089 3495 1170 majoribus
3572 1089 3702 1150 suis

2053 1203 2272 1263 ordine
2332 1198 2683 1276 descriptos
2736 1191 3024 1272 agnoscit
3079 1189 3487 1251 Cassiodorus
3550 1205 3564 1259 ;
3625 1193 3692 1248 at

2055 1319 2178 1360 non
2206 1298 2376 1359 idem
2434 1296 2500 1355 in
2558 1293 2736 1355 libris
2793 1289 3329 1367 Paralipomenon
3388 1285 3700 1346 invenisse

2053 1417 2120 1459 se
2151 1396 2344 1458 dicit:
2378 1394 2458 1454 In
2503 1389 2862 1452 memoratis
2920 1391 3148 1459 autem,
3198 1383 3432 1464 inquit,
3490 1382 3702 1443 Para-

2054 1496 2405 1578 lipomenon
2436 1489 2627 1552 libris
2656 1485 2922 1549 duobus.
2974 1528 2990 1547 .
3043 1533 3058 1547 .
3111 1529 3125 1545 .
3175 1529 3190 1544 .
3241 1529 3257 1545 .
3307 1526 3324 1542 .
3359 1528 3374 1542 .
3408 1480 3701 1562 quoniam

2055 1593 2279 1655 titulos
2337 1591 2630 1670 antiquos
2687 1605 2808 1646 non
2867 1583 3092 1665 reperi,
3123 1601 3310 1643 novos
3339 1579 3424 1640 ad
3462 1587 3705 1661 praece-

2054 1692 2334 1753 dentium
2367 1684 2858 1750 similitudinem
2893 1681 3052 1742 locis
3081 1677 3392 1758 singulis,
3425 1683 3495 1737 ut
3533 1676 3702 1737 aesti-

3154 1782 3224 1837 ut
3286 1775 3704 1854 qualicunque

2059 1887 2350 1968 obsequio
2381 1881 2711 1954 sermonis,
2745 1876 3092 1940 devotionis
3123 1880 3348 1935 nostras
3420 1872 3702 1953 qualitas

2049 1986 2364 2068 potuisset
2393 1980 2682 2063 agnosci.
2725 1978 3005 2056 Idipsum
3054 1973 3349 2054 praestitit
3403 1973 3468 2032 in
3527 1970 3704 2030 libris

2057 2067 2412 2146 Salomonis
2441 2079 2697 2141 nomine
2755 2072 3148 2156 prmnotatis,
3207 2087 3441 2131 vocans
3497 2067 3703 2147 capite

2055 2187 2093 2244 5
2122 2182 2426 2264 capitula,
2457 2177 2630 2258 quod
2659 2175 2800 2236 aliis
2828 2172 2982 2234 locis
3021 2171 3158 2249 jam
3209 2165 3504 2264 {recitatis
3561 2166 3705 2226 titu-

2052 2282 2150 2343 los
2176 2262 2479 2359 appellat.
2512 2275 2618 2338 Ait
2645 2272 2878 2352 igitur:
2921 2267 3173 2347 Quibus
3218 2264 3406 2327 libris
3464 2262 3556 2344 (id
3612 2268 3707 2324 est

2056 2376 2432 2456 Salomonis)
2464 2373 2720 2450 iuvante
2747 2368 3025 2431 Domino
3082 2361 3362 2446 capitula
3417 2361 3702 2441 insigni-

2054 2499 2122 2540 re
2183 2474 2566 2550 curavimus,
2629 2490 2703 2531 ne
2751 2470 2816 2529 in
2878 2473 3003 2527 tam
3035 2460 3388 2525 necessaria
3418 2459 3700 2535 lectione,

2056 2582 2128 2636 ut
2184 2582 2340 2655 saepe
2392 2571 2631 2633 dictum
2683 2573 2798 2645 est,
2855 2565 3116 2630 conﬁisa
3175 2560 3406 2622 tironis
3461 2557 3706 2619 novitas

2054 2674 2467 2754 linqueretur.
2521 2668 2772 2728 Certum
2839 2682 2918 2726 ex
2991 2661 3090 2720 his
3173 2659 3703 2737 exploratumque

2051 2773 2361 2834 habemus
2397 2767 2616 2828 titulos
2663 2764 2790 2824 sive
2848 2759 3131 2839 capitula
3186 2757 3452 2836 praeﬁxa
3509 2754 3702 2815 fuisse

2051 2870 2341 2951 pluribus
2424 2863 2894 2942 Scripturarum
2981 2857 3158 2918 libris
3221 2859 3369 2915 ante
3438 2857 3688 2914 natalem

2052 2967 2444 3032 Cassiodori:
2481 2981 2555 3025 ea
2577 2961 2742 3023 enim
2801 2963 2985 3020 vocat
3041 2960 3268 3016 veteres
3325 2951 3570 3027 titulos,
3630 2957 3694 3014 et

2052 3091 2089 3130 a
2117 3064 2465 3141 maioribus
2493 3061 2715 3123 ordine
2742 3061 3028 3120 currente
3074 3052 3420 3119 descriptos
3445 3071 3463 3111 :
3521 3049 3694 3129 quod

288 3178 344 3238 ri
375 3151 664 3255 capitulo
704 3151 860 3236 Osee
904 3151 1235 3256 prophetae
1295 3174 1465 3254 apud
1525 3175 1754 3234 Carum
1785 3151 1938 3253 ijam
1972 3171 2016 3240 C
2055 3187 2183 3230 non
2214 3170 2378 3229 esset
2418 3162 2539 3224 nisi
2568 3161 2630 3220 in
2673 3155 2988 3218 veteribus
3044 3151 3386 3256 codicibus,
3445 3153 3693 3256 tempo-

292 3276 633 3336 laudatum
664 3273 764 3334 his
792 3273 1001 3334 verbis
1027 3289 1364 3352 expresso:
1401 3276 1452 3333 Ι.
1501 3271 1669 3332 Vade
1723 3277 1782 3332 et
1836 3291 1944 3332 ac-

293 3375 434 3454 cipe
465 3371 587 3432 tibi
617 3390 867 3431 uxorem
878 3371 1310 3448 fornicariam
1342 3369 1564 3451 (Osee.
1597 3388 1642 3446 ι,
1702 3370 1786 3451 2).
1837 3371 1945 3431 Ni-

289 3472 384 3530 hil
442 3469 618 3530 aliud
677 3475 906 3549 praster
975 3469 1111 3530 hmc
1169 3469 1360 3530 verba
1390 3468 1672 3529 continet
1697 3468 1941 3548 capitu-

287 3569 422 3630 lum
494 3585 771 3646 prassens
819 3567 884 3626 in
941 3584 1089 3627 mss.
1152 3567 1392 3627 Latinis
1458 3566 1796 3627 codicibus.
1860 3569 1939 3627 Il.

285 3665 380 3726 Et
409 3670 553 3724 erat
581 3680 876 3724 numerus
924 3663 1215 3733 ﬁliorum
1274 3661 1482 3722 Israel
1535 3661 1702 3721 sicut
1754 3681 1942 3721 arena

288 3764 495 3823 maris
525 3761 724 3843 (Ibid.
770 3763 894 3842 10).
953 3764 1062 3822 ΙΙΙ.
1120 3761 1270 3843 Ipsa
1324 3760 1477 3830 fecit
1531 3765 1830 3839 argentea
1886 3765 1944 3819 et

289 3882 485 3922 aurea
545 3877 718 3920 vasa.
795 3859 952 3928 Quid
1034 3860 1272 3919 habent
1350 3858 1588 3918 indices
1672 3859 1764 3918 illi
1819 3864 1944 3919 tres

287 3975 633 4020 commune
715 3975 858 4018 cum
936 3957 1124 4017 unico
1207 3955 1501 4036 Hesychii
1581 3961 1866 4040 κεφαλαίῳ
1916 3965 1944 4020 ‘I

288 4059 439 4136 quid
475 4074 628 4117 vero
687 4053 768 4115 ad
829 4055 1245 4116 eruditionem
1296 4056 1628 4115 conferunt
1675 4055 1944 4115 obscura

286 4155 450 4218 adeo
487 4155 702 4232 verba,
737 4160 806 4214 ut
865 4169 1083 4214 eorum
1142 4171 1392 4214 sensum
1451 4152 1699 4231 assequi
1755 4151 1942 4212 mini~

285 4274 387 4315 me
415 4253 624 4334 possis
651 4252 773 4312 nisi
811 4271 889 4312 ex
943 4252 1213 4312 lectione
1272 4256 1605 4312 contextus
1663 4249 1941 4330 prop‘heo

285 4353 457 4414 tici?
517 4354 740 4413 Restat
799 4349 992 4428 igitur
1046 4349 1264 4428 inepta
1315 4349 1710 4428 hujusmodi,
1769 4354 1832 4409 et
1858 4349 1942 4408 si-

284 4451 467 4511 milia
525 4447 806 4527 capitula
885 4449 1246 4508 Latinorum
1334 4445 1704 4519 Bibliorum,
1790 4464 1940 4506 con-

2053 3280 2120 3327 re
2177 3281 2303 3345 quo
2359 3258 2769 3324 Cassiodorus
2825 3255 2938 3314 illa
2967 3250 3304 3321 scribebat,
3344 3247 3696 3308 inveniren-

2051 3370 2154 3425 tur
2210 3365 2397 3440 longe
2454 3365 2641 3420 antea
2670 3353 2935 3416 exarati.
2997 3354 3163 3429 Ergo
3193 3348 3574 3410 recentiores
3623 3345 3698 3406 ti-

2051 3464 2192 3539 tuli,
2228 3461 2578 3523 Bibliorum
2636 3470 2958 3516 sacrorum
3015 3447 3486 3528 exemplaribus
3542 3464 3700 3525 prm-

2052 3562 2182 3634 ﬂxi,
2247 3565 2572 3620 auctorem
2630 3555 2982 3630 agnoscunt
3034 3547 3503 3617 Cassiodorum,
3590 3561 3702 3603 nec

2050 3659 2311 3720 inferior
2362 3662 2515 3717 setas
2573 3653 2663 3712 eis
2718 3645 3030 3727 assignari
3087 3649 3294 3724 potest
3348 3659 3538 3720 quam
3589 3659 3702 3701 sae-

2052 3759 2262 3820 culum
2313 3759 2584 3817 sextum.
2647 3749 2774 3810 Alii
2827 3745 3218 3825 antiquiores
3273 3741 3497 3820 primis
3553 3738 3701 3800 ﬁdei

2053 3854 2446 3936 temporibus
2493 3849 2748 3932 prodire
2798 3847 3146 3927 potuerunt
3201 3857 3344 3901 cum
3404 3837 3531 3898 illis
3589 3840 3700 3898 La-

2055 3955 2201 4018 tinis
2275 3946 2899 4031 interpretationibus
2982 3941 3477 4020 Scripturarum,
3536 3952 3695 4014 quas

2051 4051 2549 4117 innumerabiles
2643 4064 2835 4125 supra
2929 4041 3178 4103 dicebat
3278 4035 3690 4114 Augustinus.

2051 4151 2368 4231 Quidquid
2398 4149 2474 4208 sit
2507 4147 2584 4206 de
2611 4148 2924 4205 vetustate
2980 4145 3042 4200 et
3101 4135 3465 4198 auctoribus
3522 4131 3698 4210 capi-

2051 4251 2328 4313 tulorum
2390 4263 2532 4325 quas
2589 4242 2814 4303 divinis
2893 4235 3319 4299 voluminibus
3400 4233 3700 4309 leguntur

2050 4348 2335 4429 praefixa,
2393 4341 2754 4404 indubitata
2810 4356 2909 4398 res
2948 4341 3062 4407 est,
3096 4339 3428 4412 parentem
3457 4329 3569 4390 illa
3598 4346 3698 4388 ca-

2050 4446 2254 4526 pitula
2308 4460 2433 4503 non
2491 4438 2787 4500 habuisse
2840 4436 3316 4512 Hieronymum.
3372 4431 3697 4489 Lemmata

283 4549 419 4609 dita
506 4523 698 4607 fuisse
783 4545 864 4605 ab
937 4544 1247 4624 imperitis
1329 4545 1608 4623 antiquis
1681 4523 2215 4624 scripto-Denim
2277 4537 2645 4619 hujusmodi
2701 4535 2975 4596 barbara
3033 4536 3096 4591 et
3143 4530 3384 4607 inepta,
3444 4523 3698 4624 imperi-

279 4648 462 4707 ribus
539 4651 604 4704 et
678 4641 1150 4721 interpretibus,
1220 4643 1329 4721 qui
1402 4659 1518 4722 pro
1601 4649 1788 4720 captu
1865 4660 1939 4702 ac

280 4745 472 4804 libitu
558 4756 675 4800 suo
759 4739 876 4799 hos
950 4739 1168 4800 titulos
1250 4738 1717 4818 exemplaribus
1811 4740 1938 4799 suis

277 4839 729 4922 praeﬁgebant.
819 4837 1300 4916 Antiquissimos
1374 4837 1663 4898 existimo
1723 4838 1937 4899 titulos

270 4941 452 5004 illos.
515 4955 642 4997 non
699 4944 911 4997 tamen
967 4936 1248 4996 omnium
1309 4935 1614 4996 librorum
1695 4937 1936 4997 Veteris

269 5033 718 5098 Testamenti:
771 5033 924 5112 quia
978 5049 1103 5094 non
1138 5051 1236 5094 me
1268 5033 1421 5094 latet
1472 5033 1719 5114 aliquos
1748 5034 1936 5095 fuisse

269 5133 617 5215 appositus
671 5151 709 5192 a
790 5130 1165 5192 Cassiodoro
1225 5137 1465 5203 nostro,
1526 5138 1595 5193 ut
1672 5133 1931 5192 manife-

265 5242 450 5294 stum
507 5229 689 5290 nobis
744 5229 839 5289 est
895 5246 971 5288 ex
1031 5229 1331 5308 subjectis
1412 5230 1527 5289 viri
1605 5229 1934 5289 clarissimi

265 5327 689 5391 testimoniis.
723 5325 911 5386 Libro
966 5327 1231 5406 itaquel
1274 5327 1351 5388 de
1381 5327 1504 5387 illis
1561 5326 1756 5387 titulis
1813 5326 1934 5386 ista

263 5430 581 5490 observat
637 5423 1045 5485 Cassiodorus
1099 5441 1114 5484 :
1183 5424 1310 5485 Sed
1385 5431 1454 5485 ut
1529 5431 1731 5484 textus
1806 5443 1932 5483 me-

264 5525 518 5588 morati
565 5520 946 5583 Octateuchi
998 5523 1264 5603 quodam
1335 5523 1515 5582 nobis
1571 5522 1932 5603 compendio

261 5623 686 5696 panderetur,
746 5620 815 5680 in
855 5618 1203 5702 principiis
1249 5619 1557 5681 librorum
1635 5619 1712 5680 de
1785 5620 1932 5680 unis

2052 4649 2181 4703 tum
2241 4655 2500 4719 prorsus
2547 4639 2870 4696 auctorem
2904 4629 3142 4706 ubique
3198 4643 3328 4704 prm
3359 4641 3424 4684 se
3461 4621 3691 4693 ferunt,

2049 4739 2220 4819 quod
2276 4738 2355 4797 de
2410 4734 2792 4811 Hieronymo
2849 4728 2947 4787 vel
2980 4724 3288 4803 cogitasse
3316 4721 3490 4781 nefas
3511 4723 3691 4780 esset.

2045 4816 2363 4899 Praeterea
2423 4830 2668 4891 nullum
2750 4828 3016 4905 apparet
3096 4819 3428 4896 vestigium
3515 4816 3578 4876 in
3629 4818 3693 4874 S.

2044 4933 2331 4996 Doctoris
2413 4927 2731 5008 operibus,
2825 4921 2994 4984 unde
3060 4919 3287 4978 borum
3365 4913 3692 4976 titulorum

2045 5050 2196 5093 usus
2253 5027 2422 5108 apud
2498 5027 2704 5103 ipsum
2796 5022 3088 5097 receptus
3146 5015 3575 5087 dignoscatur,
3636 5013 3697 5068 et

2045 5127 2347 5208 capitula,
2409 5139 2680 5203 quorum
2732 5119 2837 5179 ille
2894 5115 3125 5194 smpius
3181 5110 3491 5183 meminit,
3553 5124 3694 5185 par-

2047 5232 2140 5286 tes
2188 5229 2335 5284 sunt
2389 5221 2720 5300 ipsiusmet
2758 5218 3109 5275 contextus
3167 5210 3497 5278 librorum,
3567 5220 3693 5262 non

2047 5321 2214 5385 tituli
2243 5321 2628 5381 extrinsecus
2661 5312 2866 5393 positi,
2903 5311 3003 5371 vel
3042 5309 3108 5370 in
3159 5309 3363 5368 fronte
3422 5300 3686 5382 praeﬁxi,

2046 5425 2154 5504 qui
2210 5419 2574 5482 summatim
2634 5417 3088 5494 repraesentem
3169 5405 3419 5468 easdem
3484 5405 3694 5481 partes

2040 5503 2106 5582 iu
2139 5526 2312 5580 textu
2347 5518 2608 5596 positas.
2640 5515 2848 5590 thue
2900 5527 3031 5569 rem
3091 5503 3431 5582 probemus
3479 5515 3691 5559 exem-

2036 5621 2180 5704 plis,
2266 5614 2573 5678 nonnulla
2660 5611 2804 5673 loca
2899 5619 3192 5668 recenseo
3278 5619 3312 5662 e
3392 5597 3694 5670 Quaestio-
