4060 6190
359 276 471 335 127

1525 279 1840 340 PATBUM
1887 281 2584 351 BENEDICTINORUM

3637 292 3750 350 128

359 409 544 470 nibus
573 409 895 470 Ilebraicis
922 409 984 469 in
1018 409 1324 483 Genesim,
1361 410 1468 470 ubi
1517 416 1614 471 ter
1667 416 1777 472 aut
1834 430 1992 490 qua-
2024 413 2078 479 A
2111 418 2330 494 quinto
2401 423 3009 484 Commentariorum
3091 424 3154 483 in
3238 424 3466 484 Isaiam
3544 429 3747 484 totum

363 513 457 568 ter
510 507 790 586 capitula
872 507 1154 568 nominat
1210 508 1628 587 Hieronymus
1697 509 2004 570 sectiones

368 607 707 686 Scripturae
766 625 922 685 quas
979 607 1255 686 suscepit
1311 608 1738 687 exponendas.
1829 607 2006 687 Capi-

365 707 566 766 tulum
653 704 821 765 verb.
908 723 1001 782 gr.
1109 705 1390 784 appellat
1473 724 1613 785 quas
1710 705 2006 785 leguntur

365 809 589 865 Genes.
671 820 818 872 xxv,
900 820 938 861 a
1006 821 1188 862 versu
1267 806 1340 863 13
1400 804 1478 863 ad
1553 821 1802 864 versum
1861 806 1999 864 18:

375 900 565 976 Quod
619 904 845 975 autem,
905 899 1131 978 inquit,
1197 899 1263 959 in
1321 907 1590 960 extremo
1647 900 1840 980 lzujus
1898 921 2005 960 ea-

358 997 558 1079 pituli
608 996 804 1075 juxta
875 996 1296 1079 Septuaginta
1373 998 1713 1078 legimus:
1773 1001 2006 1060 Contra

365 1095 588 1155 faciem
650 1096 934 1156 omnium
1011 1097 1275 1157 fratrum
1353 1115 1610 1157 suorum
1667 1097 2002 1173 habitavit,

371 1194 580 1253 verius
636 1199 728 1252 est
799 1193 972 1254 illud
1028 1195 1196 1274 quod
1247 1215 1359 1255 nos
1381 1196 1733 1276 posuimus,
1792 1215 2004 1258 coram

363 1292 657 1353 omnibus
695 1293 992 1352 fratribus
1048 1293 1365 1368 occubuit,
1428 1294 1498 1354 id
1553 1300 1645 1353 est
1694 1295 1758 1354 in
1811 1294 2008 1354 mani-

365 1389 478 1449 bus
510 1390 789 1450 omnium
819 1391 1110 1461 ﬁliorum
1138 1412 1394 1452 suorum
1426 1398 1708 1452 mortuus
1738 1398 1851 1471 est,
1895 1412 2006 1452 su-

356 1487 732 1569 perstitibus
765 1487 1009 1568 liberis,
1043 1496 1102 1549 et
1148 1491 1327 1551 nullo
1367 1491 1552 1572 prius
1601 1497 1794 1551 morte
1840 1498 2007 1571 prag-

368 1592 560 1668 repto.
622 1587 980 1666 Capitulum
1040 1588 1340 1667 intelligit
1397 1589 1518 1650 hoc
1548 1589 1686 1650 loco
1731 1607 1840 1650 sex
1870 1594 2006 1648 tan-

367 1694 500 1750 tum
559 1707 798 1763 versus,
862 1696 932 1751 ut
979 1690 1130 1770 dixi,
1193 1691 1300 1770 qui
1356 1692 1542 1752 etiam
1603 1691 2008 1752 continentur

2114 522 2474 580 contextum
2530 522 2790 601 capituli
2846 523 3044 582 nostri
3096 521 3372 582 vicesimi
3450 539 3593 582 cum
3653 522 3752 582 de-

2114 613 2463 692 scripsisset
2545 619 2994 698 Hieronymus,
3080 619 3214 697 ejus
3297 620 3749 698 expositionem

2114 709 2201 769 sic
2233 713 2633 792 auspicatur:
2682 714 2897 776 lotam
2937 718 3267 799 posuimus
3321 715 3586 798 capituli
3634 716 3753 776 hu-

2114 807 2219 878 ius
2249 812 2718 886 continentiam,
2753 820 2822 874 ut
2864 823 2985 895 per
3024 820 3246 896 partes
3300 814 3566 894 singula
3623 815 3751 874 dis-

2114 927 2418 984 seramus,
2456 918 2575 974 etc.
2611 914 2804 974 Nemo
2833 914 3110 972 virorum
3145 920 3238 973 est
3295 914 3428 990 qui,
3493 917 3754 992 propter

2115 1024 2298 1084 pares
2353 1009 2611 1088 capituli
2671 1011 2933 1089 hujusce
2994 1010 3317 1086 terminos,
3397 1011 3752 1070 novissimae

2115 1111 2347 1167 nostras
2400 1107 2464 1167 in
2525 1108 2796 1188 Vulgata
2851 1108 3074 1169 Latina
3140 1107 3462 1168 divisionis
3543 1114 3755 1167 aucto-

2114 1221 2242 1263 rem
2302 1205 2494 1266 faciat
2543 1207 3019 1286 Hieronymum.
3082 1207 3288 1278 Quare
3361 1223 3477 1266 nec
3548 1205 3752 1265 eidem

2113 1307 2416 1380 tanquam
2475 1304 2715 1364 auctori
2774 1304 3086 1364 ascribere
3142 1303 3456 1363 debemus
3514 1309 3757 1362 veteres

2115 1397 2332 1460 titulos
2359 1401 2487 1461 sive
2545 1401 3072 1480 capitulationes;
3135 1399 3250 1460 etsi
3297 1417 3753 1477 nonnunquam

2112 1494 2236 1556 illae
2296 1499 2672 1559 conveniant
2730 1518 2872 1558 cum
2927 1498 3310 1559 sectionibus
3389 1497 3753 1575 Scripturm,

2114 1613 2272 1672 quas
2327 1597 2454 1656 suis
2535 1597 3019 1658 Commentariis
3091 1595 3367 1656 illustrat
3442 1595 3757 1654 maximus

2114 1693 2480 1754 Latinorum
2540 1696 2872 1774 interpres.
2929 1695 3092 1754 Sane
3149 1699 3283 1754 tota
3335 1691 3469 1752 haec
3542 1691 3760 1751 distin-

367 1786 431 1846 in
467 1787 744 1866 capitulo
774 1806 913 1848 XLVI
973 1795 1204 1850 nostra:
1260 1790 1572 1864 editionis,
1633 1789 1753 1850 col.
1813 1793 1888 1849 25
1946 1793 2348 1868 ethucndi
2404 1795 2564 1854 ratio
2653 1813 2728 1854 ex
2817 1799 3146 1854 auctorum
3228 1791 3756 1870 librariorumque

369 1887 486 1955 26;
522 1885 627 1944 sed
663 1887 1162 1947 convenientiam
1223 1887 1414 1965 hujus
1471 1887 1732 1966 capituli
1786 1886 2007 1947 fortui-

370 1987 496 2042 tam
558 1984 896 2044 ostendunt
951 1991 1178 2045 caetera
1233 2004 1375 2064 qum
1433 1991 1800 2064 sequuntur.
1853 1987 2008 2045 Nam

376 2081 545 2158 quod
582 2081 928 2159 capitulum
958 2082 1116 2142 dixit
1153 2082 1317 2144 infra
1371 2084 1811 2163 Hieronymus,
1869 2083 2010 2143 uni-

374 2197 514 2239 cum
577 2197 826 2241 comma
882 2186 996 2254 est,
1058 2181 1187 2242 sive
1236 2201 1448 2243 versus
1503 2201 1667 2242 unus
1713 2183 2016 2243 recentio-

371 2276 457 2335 ris
509 2276 699 2349 illius,
765 2296 953 2356 quam
1013 2277 1202 2339 hodie
1259 2280 1606 2358 sequimur,
1666 2279 2012 2340 divisionis.

377 2374 636 2434 Genesis
671 2393 810 2452 cap.
847 2393 1065 2448 XXXVI,
1100 2379 1213 2436 24:
1247 2376 1388 2457 Ipse
1428 2382 1520 2436 est
1565 2377 1737 2456 Ana,
1795 2377 1908 2457 qui
1927 2379 2018 2436 in-

378 2471 544 2530 venit
570 2470 796 2538 [amim
831 2472 896 2531 in
953 2473 1218 2552 deserto,
1278 2495 1416 2534 cum
1467 2480 1750 2556 pasceret
1803 2475 2016 2534 asinos

373 2568 617 2628 Zebeon
628 2569 838 2650 patris
859 2571 983 2632 sui.
1046 2574 1132 2632 De
1188 2572 1308 2632 isto
1365 2581 1678 2634 commate
1731 2573 1822 2634 ita
1895 2573 2018 2633 dis-

371 2668 524 2728 serit
579 2668 1034 2746 Hieronymus:
1097 2668 1314 2728 Multa
1342 2675 1400 2728 et
1456 2670 1633 2729 varia
1663 2670 1832 2752 apud
1875 2669 2015 2730 He-

375 2764 568 2825 brwos
624 2765 700 2824 de
772 2764 885 2824 hoc
967 2766 1241 2847 capitulo
1324 2767 1790 2848 disputantur:
1847 2769 2016 2849 apud

264 2905 266 2912 ι
375 2862 636 2924 Graecos
664 2864 886 2944 quippe
912 2869 971 2922 et
1000 2870 1246 2925 nostros
1276 2873 1461 2946 super
1516 2865 1630 2925 hoc
1689 2865 2012 2925 silentium

373 2968 486 3040 est,
522 2968 640 3022 etc.
692 2963 870 3022 Nihil
902 2962 1026 3022 tale
1057 2963 1330 3042 reperies
1377 2965 1440 3023 in
1499 2963 1801 3025 divisione
1856 2965 2010 3025 titu-

371 3059 576 3120 lorum
637 3066 919 3119 veterum
971 3079 984 3132 ;
1048 3062 1376 3138 angustior
1439 3067 1533 3122 est
1605 3061 1769 3122 enim
1829 3063 2014 3122 unius

2120 1891 2381 1952 arbitrio
2436 1892 2755 1971 pependit,
2818 1898 2879 1952 et
2973 1890 3403 1968 unusquisque
3471 1895 3754 1949 veterum

2123 1989 2500 2067 scriptorum
2532 2009 2645 2070 pro
2677 1995 2864 2069 captu
2896 2007 3010 2050 suo
3059 1988 3345 2049 distinxit
3399 1992 3758 2048 contextum

2124 2105 2411 2147 sacrum:
2476 2087 2640 2148 unde
2700 2088 2938 2148 nullam
2997 2093 3129 2148 tum
3179 2087 3368 2146 fuisse
3425 2084 3768 2145 distinctio-

2125 2201 2267 2242 nem
2325 2204 2454 2263 praa
2509 2186 2750 2246 cmteris
2807 2185 3141 2265 probatam
3199 2201 3272 2243 ac
3331 2182 3522 2260 vulgo
3597 2198 3768 2241 recc-

2128 2289 2324 2361 ptam,
2385 2284 2786 2344 consentiunt
2835 2283 3085 2351 eruditi,
3176 2281 3575 2360 probantque
3635 2284 3761 2340 tam

2125 2381 2387 2441 diversae
2419 2382 2782 2441 earumdem
2815 2381 3120 2441 librorum
3179 2379 3487 2440 sectiones
3544 2395 3618 2438 ac
3645 2376 3771 2436 dis-

2129 2479 2481 2540 tinctiones.
2542 2481 2824 2550 Quatuor
2906 2479 3184 2539 diversas
3262 2475 3766 2555 capitulationes,

2126 2575 2189 2634 id
2221 2581 2335 2649 est,
2370 2576 2592 2636 seriem
2624 2575 3101 2656 quadruplicem
3134 2574 3461 2635 titulorum
3491 2573 3620 2632 sive
3668 2589 3766 2632 ca-

2127 2673 2496 2753 pitulorum,
2555 2673 2867 2734 edidimus
2941 2673 3019 2734 ad
3106 2673 3378 2732 frontem
3423 2675 3758 2742 Geneseos,

2123 2772 2286 2832 sicut
2334 2773 2632 2850 leguntur
2682 2771 2745 2830 in
2804 2770 3063 2831 diversis
3119 2768 3584 2848 exemplaribus
3614 2785 3760 2827 mss.

2125 2869 2428 2930 versionis
2525 2869 3047 2948 Hieronymianaz.
3135 2867 3322 2928 Nulla
3404 2872 3615 2926 tamen
3688 2884 3766 2925 ex

2123 2967 2246 3028 illis
2276 2986 2392 3027 usu
2438 2967 2758 3028 communi
2817 2972 3068 3045 recepta
3124 2965 3265 3034 fuit,
3323 2967 3431 3024 se-l
3486 2961 3769 3023 indiscri-

2131 3065 2416 3124 minatim
2471 3065 2656 3125 modo
2717 3064 2878 3123 hanc
2935 3063 3121 3124 modo
3178 3062 3367 3122 aliam
3428 3060 3770 3139 exscripto-

370 3157 660 3217 versiculi
717 3157 1101 3218 continentia
1159 3160 1236 3218 ad
1296 3160 1802 3220 constituendum
1861 3161 2088 3226 inte-C
2129 3182 2226 3224 res
2274 3162 2687 3241 usurpabant.
2747 3163 2861 3230 Qui
2922 3160 3308 3241 exemplaria
3361 3157 3630 3220 Canonis
3659 3159 3770 3216 de-

369 3273 552 3333 grum
612 3253 983 3332 capitulum,
1037 3255 1209 3334 quod
1269 3256 1554 3335 pluribus
1612 3257 1893 3316 versibus
1951 3261 2013 3318 et

371 3352 694 3412 sententiis
725 3358 1012 3412 constare
1044 3353 1444 3432 perspicuum
1505 3359 1598 3414 est
1655 3373 1732 3414 ex
1789 3372 2014 3432 conge-

373 3451 462 3510 rie
493 3451 774 3512 omnium
825 3451 1374 3528 capitulationum.
1435 3453 1690 3513 Diversa
1748 3453 2012 3530 proinde

375 3547 643 3607 dicenda
674 3554 818 3606 sunt
849 3549 1213 3628 Hieronymi
1265 3550 1547 3628 capitula
1602 3551 1682 3610 ab
1737 3550 1813 3611 iis
1869 3570 2010 3630 qum

374 3662 490 3704 nos
536 3643 847 3704 edidimus
902 3645 965 3704 in
1025 3646 1231 3705 fronte
1285 3651 1614 3720 Geneseos,
1669 3648 2010 3708 auctorita-

375 3747 499 3802 tem
532 3741 818 3802 codicum
878 3761 1026 3802 mss.
1086 3743 1305 3803 secuti.
1365 3743 1543 3814 Quod
1595 3745 1822 3805 iterum
1871 3764 2016 3824 pro-

371 3839 506 3900 bari
565 3845 771 3918 potest
847 3858 922 3900 ex
979 3840 1441 3911 Quaestionibus
1496 3841 1840 3915 Hebraicis,
1906 3843 2015 3903 ubi

373 3939 720 4018 capitulum
753 3939 910 4000 dixit
939 3940 1364 4018 Hieronymus
1421 3940 1578 4000 duos
1635 3959 1850 4001 versus
1905 3941 2016 4002 ho-

382 4037 615 4098 dierum
671 4037 1015 4110 divisionis,
1077 4041 1112 4097 5
1173 4037 1406 4097 scilicet
1461 4043 1523 4097 et
1570 4041 1776 4116 6cap.
1838 4055 2015 4100 XLvuI

381 4139 532 4196 Gen.
563 4154 575 4196 :
609 4135 696 4196 Et
723 4155 889 4195 nunc
917 4156 1047 4195 ecce
1075 4135 1369 4212 duoﬁlii
1399 4135 1515 4215 tui,
1550 4135 1662 4215 qui
1707 4136 1844 4195 nati
1870 4143 2017 4196 sunt

381 4233 445 4292 in
477 4239 645 4292 terra
706 4233 1011 4314 Egypti,
1073 4241 1191 4294 etc.
1225 4235 1290 4293 Si
1346 4235 1486 4312 quis
1516 4233 1900 4313 ambigebat,
1928 4235 2019 4295 in-

380 4332 518 4409 quit
573 4333 1014 4410 Hieronymus,
1078 4332 1250 4410 quod
1305 4335 1723 4411 Septuaginta
1791 4333 2018 4395 animm

373 4429 739 4489 introissent
794 4431 1142 4508 Aigyptum
1203 4428 1401 4506 (Gen.
1463 4447 1621 4503 XLVI,
1681 4432 1804 4509 ΞΠ),
1858 4440 2019 4512 prae-

2122 3261 2532 3339 scripserunt,
2626 3260 2845 3320 titulos
2930 3258 3372 3338 praeferebant,
3458 3256 3568 3335 qui
3632 3254 3771 3314 aliis

2125 3357 2538 3418 divisionibus
2596 3376 2860 3418 numero
2923 3356 3249 3434 pauciores
3304 3359 3523 3414 erant:
3585 3359 3770 3412 caete-

2122 3457 2206 3516 ris
2255 3457 2497 3535 placuit
2569 3455 2848 3533 capitula
2903 3471 3299 3533 praeponere,
3354 3451 3552 3511 multo
3583 3450 3768 3529 plura

2123 3571 2385 3614 numero
2443 3559 2506 3612 et
2578 3552 2906 3613 sententiis
2977 3550 3244 3621 diversa,
3317 3546 3765 3608 arbitrantibus

2122 3651 2611 3712 commodiorem
2672 3667 2805 3709 esse
2865 3647 3230 3709 methodum
3307 3664 3447 3723 qum
3523 3650 3762 3703 textum

2124 3751 2463 3830 Scriptura:
2521 3750 2581 3810 in
2646 3749 2875 3809 multas
2935 3753 3142 3826 partes
3173 3751 3364 3816 secat,
3399 3761 3588 3823 quam
3622 3761 3764 3821 qua:

2123 3850 2238 3910 sub
2297 3850 2515 3910 eadem
2576 3847 2881 3907 divisione
2939 3845 3235 3905 materias
3265 3843 3545 3903 diversas
3601 3858 3766 3900 com-

2124 3946 2435 4026 plectitur.
2499 3945 2739 4023 Ingenii
2795 3943 2988 4020 igitur
3017 3948 3079 4002 et
3133 3941 3375 4001 arbitrii
3423 3939 3768 4017 exscripto-

2124 4064 2261 4105 rum
2317 4043 2436 4104 fuit
2500 4049 2593 4103 tot
2623 4043 2899 4102 diversas
2954 4040 3018 4098 in
3077 4037 3544 4117 exemplaribus
3574 4043 3767 4096 trans-

2126 4141 2376 4203 lationis
2433 4138 2798 4218 Hieronymi
2870 4136 3195 4216 praeﬁgere
3279 4135 3515 4214 species
3594 4133 3766 4211 capi-

2128 4243 2443 4304 tulorum:
2500 4257 2768 4318 quarum
2829 4238 3003 4298 nulla
3047 4255 3085 4296 a
3142 4239 3206 4296 S.
3256 4239 3520 4297 Doctore
3589 4232 3770 4293 ador-

2128 4345 2276 4400 nata
2335 4336 2634 4406 creditur,
2692 4341 2763 4395 ut
2820 4334 3019 4395 facilis
3081 4339 3174 4392 est
3205 4330 3495 4409 probatio
3544 4329 3606 4388 in
3633 4327 3766 4405 jam

2129 4436 2338 4498 allatis
2381 4435 2666 4513 superius
2695 4430 3102 4510 argumentis.

375 4529 540 4588 senti
592 4527 870 4609 capitulo
923 4529 1364 4606 conﬁrmatur.
1428 4529 1599 4588 Istud
1668 4530 2014 4609 capitulum
2051 4534 2092 4596 Ι)
2205 4535 2277 4594 Il.
2339 4533 2579 4592 Indices
2628 4538 2838 4590 autem
2897 4535 2960 4588 et
2990 4525 3242 4587 ordines
3294 4523 3386 4583 illi
3415 4523 3765 4583 sectionum

379 4645 655 4705 praesens
687 4645 808 4687 non
842 4627 1119 4686 invenies
1151 4632 1435 4686 notatum
1468 4627 1529 4686 in
1587 4629 1800 4706 aliqua
1857 4629 2014 4689 serie

377 4725 779 4804 antiquarum
864 4725 1238 4785 divisionum
1317 4745 1422 4785 seu
1492 4725 2011 4804 capitulationum

376 4844 410 4884 a
445 4823 622 4882 nobis
666 4823 999 4899 edit-arum,
1063 4824 1228 4883 unde
1287 4822 1547 4900 colligas
1592 4841 1843 4884 necesse
1898 4831 2012 4897 est,

377 4921 696 5002 propriam
757 4940 889 4980 esse
975 4921 1360 5000 Hieronymo
1447 4919 1808 4998 bnjusmodi
1866 4922 2018 4982 divi-

378 5022 616 5080 sionem
650 5037 724 5079 ac
757 5019 1222 5079 distinctionem
1256 5017 1672 5097 capitulorum
1735 5019 1796 5078 in
1854 5019 2017 5082 libro

376 5123 706 5179 Geneseos.
763 5119 894 5175 Nec
954 5115 1227 5194 aliquem
1281 5123 1554 5186 moveat,
1609 5116 1775 5196 quod
1809 5135 2018 5195 aequa-

375 5217 458 5277 lia
490 5214 807 5276 interdum
858 5213 1261 5273 inveniantur
1317 5213 1595 5291 capitula
1652 5215 2017 5294 Hieronymi

375 5334 516 5376 cum
579 5315 776 5374 titulis
834 5312 1149 5372 veteribus
1219 5331 1362 5371 mss.
1451 5311 1738 5372 codicum
1793 5331 1807 5384 ;
1869 5333 2015 5374 casu

377 5415 540 5474 enim
605 5412 783 5492 quasi
852 5411 1277 5470 involuntario
1360 5410 1497 5470 haec
1582 5412 2013 5489 acciderunt;

375 5513 538 5572 sicut
595 5511 923 5590 aequalitas
980 5527 1172 5588 quam
1231 5508 1574 5586 aliquando
1631 5507 1864 5569 habere
1923 5510 2016 5569 di-

379 5616 766 5688 gnoscuntur
849 5627 991 5670 cum
1049 5607 1340 5687 capitulis
1409 5605 1753 5667 hodiernis.
1834 5607 2018 5669 Libro

2123 4630 2668 4693 indiscriminatim
2729 4645 2801 4686 ac
2848 4623 3207 4703 promiscue
3267 4619 3465 4690 tituli,
3531 4618 3765 4690 breves,

2125 4735 2188 4792 et
2228 4727 2504 4809 capitula
2537 4730 2839 4786 vocantur
2855 4721 3025 4800 apud
3059 4727 3316 4779 veteres.
3353 4719 3420 4778 Id
3444 4716 3577 4794 jam
3633 4735 3767 4776 cur—

2127 4829 2241 4888 sim
2306 4823 2773 4886 observavimus
2831 4823 2893 4882 in
2951 4819 3347 4892 Cassiodoro,
3409 4814 3517 4893 qui
3549 4815 3770 4894 priori-

2127 4926 2244 4985 bus
2303 4923 2548 4983 duobus
2605 4922 2919 5000 capitibus
2988 4918 3098 4979 lib.
3159 4934 3178 4977 1
3239 4915 3314 4974 de
3374 4913 3767 4974 Institutione

2127 5023 2482 5085 divinarum
2515 5019 2920 5094 Litterarum,
2954 5012 3301 5076 summaria
3361 5018 3424 5071 et
3472 5011 3771 5070 lemmata

2127 5120 2394 5199 praefixa
2423 5117 2624 5178 Libris
2655 5116 2846 5176 sacris
2878 5119 3062 5175 vocat
3105 5109 3360 5181 titulos;
3391 5127 3532 5188 quae
3563 5113 3773 5166 tamen

2127 5217 2335 5296 capite
2391 5216 2614 5294 quinto
2674 5213 2956 5292 appellat
3012 5207 3315 5290 capitula.
3375 5211 3444 5266 In
3476 5223 3623 5265 mss.
3659 5223 3774 5264 au-

2127 5322 2253 5375 tem
2289 5313 2611 5373 codicibus
2666 5312 2824 5372 adeo
2878 5310 3313 5369 inconstantes
3371 5303 3775 5382 reperiuntur

2130 5410 2495 5489 hujusmodi
2555 5407 3036 5488 appellationes,
3108 5411 3178 5464 ut
3233 5401 3460 5480 saepius
3519 5399 3580 5458 in
3649 5397 3773 5458 illis

2128 5509 2431 5586 scriptum
2467 5507 2790 5584 legamus;
2823 5502 3144 5583 Incipiunt
3174 5497 3353 5558 tituli
3374 5495 3552 5572 libri,
3600 5502 3722 5555 etc.
3753 5514 3768 5569 ;

2129 5606 2226 5669 vel
2312 5606 2502 5666 etiam
2581 5604 2705 5666 alio
2789 5601 2978 5665 modo
3047 5618 3064 5661 :
3148 5594 3472 5676 Incipiunt
3560 5592 3766 5653 breves
