4060 6190
296 370 408 428 129

1688 357 2295 418 PROLEGOMENA.

3583 377 3700 436 130

288 499 479 559 libris
519 496 827 570 Genesis;
861 501 923 556 et
953 502 1174 573 postea
1203 490 1283 551 ad
1310 491 1500 551 linem
1528 507 1540 548 :
1568 488 1939 570 Expliciunt
1969 493 2018 558 A
2051 497 2237 570 patec.
2289 494 2364 552 Et
2417 494 2624 572 primo
2681 497 2880 575 gradu
2937 500 3268 561 titulorum
3323 505 3516 566 series
3571 509 3698 568 col-

293 595 570 678 capitula
601 593 759 654 libri
814 591 1104 653 Genesis.
1157 590 1372 650 Canon
1423 587 1750 648 Hebraicae
1781 588 1944 648 veri-

297 696 448 756 tatis
503 698 762 754 notatus
817 710 992 751 num.
1053 691 1090 749 9
1147 689 1210 748 in
1263 693 1478 748 nostra
1532 688 1947 747 San-Germa-

298 793 475 854 neusi
537 790 949 860 bibliotheca,
1017 787 1260 848 variam
1327 784 1520 846 habet
1583 785 1942 863 inscriptio-

301 909 442 950 nem
476 889 539 948 in
595 888 800 947 fronte
848 885 1261 966 plurimorum
1306 883 1635 944 librorum.
1689 885 1766 941 Et
1797 882 1944 942 titu-

296 989 390 1048 los
423 986 682 1065 quidem
713 985 859 1044 libri
893 983 1090 1044 Exodi
1144 981 1232 1042 sic
1259 979 1545 1040 inscribit
1579 997 1592 1039 :
1626 978 1948 1060 Incipiunt

295 1083 575 1166 capitula
605 1080 762 1142 libri
815 1080 1026 1140 Exodi
1051 1101 1073 1154 ;
1132 1077 1387 1140 Levitici
1433 1095 1582 1137 vero
1612 1095 1740 1138 non
1769 1077 1943 1148 item,

291 1183 378 1242 ibi
399 1182 570 1241 enim
596 1181 748 1258 legit
777 1198 792 1239 :
825 1178 1152 1258 Incipiunt
1181 1175 1361 1235 tituli
1389 1173 1546 1234 libri
1566 1173 1851 1251 Levitici,
1879 1173 1949 1232 id

294 1285 386 1338 est
435 1276 739 1347 Vaiecra;
796 1282 860 1338 et
890 1277 972 1336 ad
1029 1275 1266 1336 calcem
1298 1273 1645 1334 sectionum
1682 1290 1695 1331 :
1733 1269 1948 1351 Expli-

291 1378 473 1436 ciunt
503 1375 680 1435 tituli
705 1373 989 1434 Levitici.
1024 1375 1104 1433 Et
1131 1373 1226 1432 ita
1256 1375 1714 1449 consequenter
1741 1369 1805 1430 in
1838 1387 1950 1429 caa-

294 1476 445 1536 teris
477 1475 660 1534 Mosis
688 1471 1114 1533 voluminibus
1145 1487 1158 1528 :
1195 1475 1260 1530 at
1290 1469 1353 1528 in
1383 1469 1595 1540 Josue,
1627 1467 1951 1548 Incipiunt

292 1571 596 1652 capitula.
629 1569 1001 1652 Expliciunt
1053 1565 1354 1648 capitula.
1390 1569 1459 1626 In
1490 1565 1666 1626 libris
1693 1566 1949 1627 tandem

296 1669 657 1742 Malachim,
717 1667 780 1728 id
857 1673 972 1739 est,
1032 1665 1218 1726 tertio
1275 1669 1338 1724 et
1401 1669 1630 1742 quarto
1703 1669 1949 1742 Regum

292 1766 647 1838 volumine,
679 1765 954 1846 primum
1006 1762 1218 1842 posuit
1262 1778 1276 1821 :
1319 1759 1646 1843 Incipiunt
1675 1759 1950 1841 capitula

296 1863 456 1924 libri
501 1861 880 1935 Malachim,
933 1866 996 1922 et
1040 1859 1270 1922 deinde
1314 1880 1327 1920 :

299 1960 682 2022 Malachim.
715 1964 784 2022 In
839 1963 1020 2021 Novo
1067 1959 1257 2020 etiam
1315 1962 1718 2018 Testamento
1749 1957 1953 2017 diver-

296 2061 546 2122 simode
622 2060 1054 2121 inscribuntur
1128 2058 1430 2118 lemmata
1505 2075 1827 2118 sacrorum
1885 2056 1956 2116 li-

298 2159 588 2221 brorum.
650 2157 1070 2237 Quamplures
1142 2174 1290 2216 mss.
1350 2156 1570 2234 legunt
1620 2155 1804 2233 juxta
1862 2173 1954 2216 re-

295 2265 556 2337 ceptum
589 2256 792 2333 magis
851 2271 1384 2333 communemque
1444 2253 1702 2314 modum
1739 2273 1752 2314 :
1786 2252 1954 2312 Inci-

292 2357 487 2436 piunt
514 2353 794 2436 capitula
824 2352 1091 2413 Matheei
1109 2374 1131 2427 ;
1164 2351 1273 2413 alii
1297 2371 1444 2413 vero
1475 2357 1608 2411 tum
1640 2351 1946 2425 Vaticani,

299 2460 436 2513 tum
473 2451 785 2514 Gallicani
846 2450 1094 2512 codices
1147 2468 1274 2510 non
1332 2448 1518 2528 pauci
1554 2449 1641 2508 ita
1671 2447 1949 2509 habent:

305 2549 542 2630 Incipit
571 2549 972 2609 Breviarium
1003 2546 1293 2607 Matthxi
1318 2568 1329 2606 :
1361 2555 1424 2607 et
1449 2547 1514 2606 in
1546 2546 1692 2616 ﬁne,
1724 2545 1954 2626 Expli-

300 2649 389 2708 cit
421 2647 824 2708 Breviarium
853 2645 1167 2706 Matthxi.
1213 2644 1389 2712 Quod
1421 2643 1707 2704 similiter
1735 2643 1956 2722 legunt

298 2746 364 2807 in
393 2746 536 2806 aliis
559 2743 1210 2822 evangelistis.Exstat
1239 2743 1301 2802 in
1326 2741 1718 2803 Bibliotheca
1740 2747 1956 2802 nostra

303 2842 878 2904 San-Germaneusi
933 2842 1133 2903 codex
1195 2840 1538 2902 Bibliorum
1617 2839 1958 2900 manuscri-

307 2941 864 3021 ptus,veneraudaa
895 2939 1240 3000 admodum
1272 2957 1452 3017 aeque
1474 2956 1547 2998 ac
1569 2937 1830 2998 curiosae
1851 2955 1958 2997 an-

300 3040 650 3118 tiquitatis,
673 3039 784 3117 qui
804 3037 1212 3117 quamplures
1229 3036 1424 3097 libros
1446 3041 1697 3097 sanctos
1716 3034 1958 3096 Veteris

301 3156 373 3198 ac
397 3137 563 3198 Novi
592 3135 977 3196 Testamenti
1005 3134 1232 3195 retinet
1280 3131 1458 3202 iuxta
1487 3137 1762 3196 veterem
1794 3133 1957 3193 Lati-

2055 588 2337 662 locatur;
2370 591 2647 652 secundo
2705 593 2843 656 loco
2901 594 3107 656 breves
3163 601 3537 677 posuimus;
3572 611 3698 665 ter-

2056 685 2142 745 tio
2228 686 2497 765 denique
2585 690 2882 770 capitula,
2971 713 3352 775 quocunque
3432 719 3696 763 numero
3783 683 3810 714 ⁷

2056 782 2513 858 describantur,
2563 787 2692 846 sive
2741 788 2944 868 plura,
3005 791 3134 852 sive
3192 795 3490 872 pauciora
3547 800 3694 860 sint.

2056 879 2152 940 Ad
2183 879 2351 941 hunc
2383 882 2637 942 modum
2669 884 2732 944 in
2772 884 2978 946 fronte
3033 892 3343 951 Geneseos
3373 893 3525 954 editi
3554 903 3700 956 sunt

2058 994 2096 1036 a
2150 977 2333 1037 nobis
2389 979 2568 1039 tituli
2621 999 2880 1057 XXXVIII,
2944 982 3150 1045 breves
3207 1007 3368 1064 XLVI,
3419 993 3697 1073 capitula

2057 1089 2284 1146 LXXXII,
2319 1080 2382 1134 et
2425 1075 2652 1136 iterum
2702 1078 2766 1137 in
2813 1079 2938 1140 alio
2985 1081 3190 1142 indice
3236 1086 3511 1166 capitula
3541 1105 3694 1149 CLlV.

2060 1172 2131 1228 In
2186 1169 2348 1231 libro
2408 1173 2608 1234 Exodi
2665 1181 2790 1236 tres
2845 1176 3014 1238 idem
3070 1179 3419 1242 sectionum
3466 1185 3702 1247 indices

2059 1271 2542 1348 praeposuimus,
2594 1274 2816 1334 titulos
2865 1277 3101 1338 scilicet
3130 1296 3297 1360 XVIII,
3332 1280 3537 1342 breves
3571 1303 3698 1358 XXI,

2059 1369 2335 1449 capitula
2387 1389 2685 1435 CXXXVIII.
2733 1377 2810 1435 Et
2852 1375 2942 1436 ita
2988 1387 3446 1458 consequenter
3473 1382 3538 1442 in
3573 1389 3706 1445 toto

2063 1470 2523 1546 Heptateucho.
2560 1475 2629 1531 In
2687 1473 3113 1536 voluminibus
3151 1483 3360 1538 autem
3395 1481 3705 1542 Samuelis

2061 1571 2124 1624 et
2151 1566 2514 1642 Malachim,
2548 1569 2612 1628 id
2671 1576 2763 1630 est
2803 1570 2868 1630 in
2899 1580 3176 1650 quatuor
3227 1579 3467 1655 Regum
3499 1577 3698 1655 libris,

2061 1661 2221 1723 nihil
2277 1665 2686 1744 apposuimus
2743 1673 2974 1746 praeter
3028 1670 3274 1745 titulos,
3333 1674 3443 1752 qui
3480 1675 3705 1754 legun-

2061 1764 2165 1819 tur
2222 1760 2439 1840 scripti
2495 1762 2560 1822 in
2620 1763 2821 1824 tribus
2889 1768 3358 1847 exemplaribus
3436 1773 3707 1835 ('Janonis

1373 1857 1745 1940 Expliciunt
1774 1857 1954 1918 tituli
1982 1858 2382 1932 BHebraicaa
2439 1860 2740 1936 veritatis,
2801 1865 3174 1927 Memmiano
3241 1887 3488 1950 nempe,
3553 1875 3704 1933 Car-

2066 1958 2445 2035 cassouensi,
2495 1965 2558 2020 et
2611 1964 3185 2025 San-Germaueusi
3253 1973 3492 2030 nostro.
3526 1970 3705 2041 Quod

2062 2055 2523 2134 Prophetarum
2558 2058 2880 2121 volumina
2927 2068 3192 2140 spectat,
3245 2065 3487 2127 nullum
3521 2087 3705 2147 pror-

2062 2169 2166 2210 sus
2221 2151 2492 2214 indicem
2549 2156 2896 2218 sectionum
2956 2159 3316 2238 putavimus
3369 2165 3706 2243 prmﬁgen-

2062 2251 2215 2312 dum
2245 2252 2310 2312 in
2341 2254 2549 2316 fronte
2605 2255 2832 2317 horum
2890 2257 3220 2332 librorum,
3273 2281 3350 2322 ne
3382 2263 3536 2343 quid
3565 2283 3709 2326 con-

2063 2353 2162 2409 tra
2213 2356 2485 2412 mentem
2546 2358 2609 2413 et
2664 2373 2845 2414 usum
2904 2356 3274 2436 Hieronymi
3327 2359 3597 2422 edidisse
3625 2363 3711 2423 vi-

2063 2446 2396 2507 deremur:
2432 2456 2602 2510 certo
2661 2469 2938 2531 namque
2986 2453 3216 2514 certius
3245 2461 3358 2528 est,
3395 2476 3521 2518 non
3553 2458 3708 2520 alias

2063 2561 2204 2604 eum
2292 2563 2633 2624 agnoscere
2715 2549 3176 2628 Prophetarum
3262 2554 3569 2616 sectiones
3643 2557 3707 2617 in

2061 2660 2290 2719 genere
2345 2663 2536 2723 quam
2595 2665 2735 2725 quae
2792 2647 2872 2708 ab
2929 2649 3065 2728 ipso
3123 2651 3305 2712 dictae
3347 2660 3496 2714 sunt
3525 2654 3709 2715 visio-

2067 2759 2215 2814 nes;
2275 2760 2389 2802 nec
2448 2743 2729 2822 capitula
2782 2745 2892 2805 illa
2963 2746 3196 2806 alicubi
3258 2751 3540 2828 appellat
3593 2753 3712 2813 nisi

2065 2837 2366 2900 lemmata
2422 2842 2712 2918 quaedam
2774 2847 3104 2903 contextus
3158 2847 3341 2918 sacri,
3402 2854 3465 2908 et
3503 2857 3714 2928 partes

2065 2952 2223 3013 quas
2269 2935 2332 2994 in
2406 2937 2536 2998 suis
2605 2940 3086 3001 Commentariis
3159 2961 3275 3021 pro
3331 2945 3592 3006 arbitrio
3649 2953 3713 3007 et

2064 3039 2252 3111 captu
2311 3033 2597 3096 distinxit
2651 3042 2714 3097 et
2782 3037 3144 3100 illustravit.
3228 3040 3373 3102 Haec
3430 3043 3709 3122 capitula

2063 3132 2429 3212 Hieronymi
2460 3133 2647 3213 longe
2706 3135 2953 3196 diversa
3005 3155 3138 3198 esse
3186 3139 3265 3198 ab
3296 3139 3393 3213 iis,
3427 3161 3568 3220 quae
3599 3160 3705 3202 sa-

296 3253 448 3295 nam
472 3233 824 3294 versionem
852 3233 981 3293 sive
1005 3231 1313 3292 Italicam.
1341 3233 1410 3292 In
1431 3249 1504 3292 eo
1526 3229 1720 3308 igitur
1739 3230 1954 3290 codice
1985 3241 2027 3308 ο
2064 3229 2184 3290 cris
2214 3231 2416 3290 Libris
2471 3232 2728 3310 prasfixa
2785 3241 2954 3305 sunt,
3013 3253 3204 3314 supra
3260 3238 3651 3298 ostendimus
3687 3257 3700 3309 ;

293 3334 467 3395 tituli
511 3339 752 3395 veteres
807 3331 1289 3410 Evangeliorum
1347 3330 1512 3391 hanc
1570 3329 1806 3390 habent
1862 3330 1956 3389 in-

296 3430 718 3510 scriptionem
784 3447 798 3488 :
869 3429 1103 3510 Incipit
1186 3427 1556 3509 capitulatio
1634 3423 1952 3504 Matthxi,

294 3529 545 3610 Incipit
599 3527 969 3608 capitulatio
1025 3526 1260 3598 Marci,
1320 3531 1439 3586 etc.
1470 3543 1483 3598 ;
1519 3531 1582 3585 et
1609 3525 1687 3585 ad
1719 3525 1954 3586 calcem

289 3628 668 3698 titulorum,
726 3624 1012 3706 Explicit
1065 3623 1436 3705 capitulatio
1484 3621 1798 3701 Matthzei,
1832 3630 1950 3683 etc.

293 3727 366 3785 1n
424 3726 644 3784 fronte
714 3728 984 3784 Actuum
1071 3721 1501 3801 apostolorum
1572 3721 1954 3799 singularem

298 3841 569 3901 prorsus
604 3821 794 3881 habet
849 3820 1127 3898 titulum,
1187 3838 1295 3880 seu
1351 3819 1562 3898 potius
1609 3819 1959 3880 adnotatio-

297 3938 444 3980 nem
484 3925 545 3979 et
599 3917 1093 3978 admonitionem
1141 3919 1324 3978 istam
1362 3935 1374 3976 :
1405 3915 1768 3976 [ridiculum
1801 3916 1959 3997 quid

293 4018 571 4092 fecerint
600 4015 871 4096 apostoli
929 4016 995 4074 in
1040 4013 1313 4075 Actibus
1343 4014 1502 4091 suis,
1539 4020 1608 4074 ut
1615 4013 1824 4088 facile
1855 4015 1958 4073 in-

295 4117 513 4175 venias
578 4114 650 4173 id
708 4113 876 4194 quod
931 4112 1048 4192 vis,
1107 4113 1170 4172 si
1211 4121 1327 4194 per
1382 4132 1670 4172 numeros
1711 4120 1958 4192 percur-

291 4233 440 4272 rens
498 4211 784 4293 capitula
838 4209 1284 4292 perquisieris.
1359 4210 1517 4270 Huic
1560 4209 1958 4271 adnotationi

291 4310 635 4388 subjungit
693 4309 972 4387 capitula
1029 4325 1153 4379 LIII,
1213 4313 1277 4368 et
1330 4314 1806 4386 consequenter,
1841 4307 1952 4366 Fi-

297 4410 491 4468 niunt
547 4405 851 4487 capitula.
911 4409 1002 4466 Ex
1085 4411 1181 4466 tot
1254 4405 1514 4465 diversis
1593 4405 1955 4466 nominibus

293 4507 704 4578 lemmatum,
737 4524 878 4582 quae
913 4505 1174 4583 prmﬁxa
1215 4503 1624 4564 inveniuntur
1653 4503 1714 4562 in
1749 4504 1954 4563 fronte

2068 3333 2130 3387 et
2160 3327 2368 3388 adhuc
2425 3329 2669 3407 aliquot
2723 3330 3052 3410 exemplis,
3105 3339 3412 3410 quantum
3444 3353 3542 3395 res
3571 3336 3707 3396 eXi-

2065 3425 2176 3504 git,
2235 3426 2503 3505 probare
2558 3446 2685 3488 non
2744 3427 3008 3504 refugio.
3071 3433 3238 3490 Duos
3294 3432 3579 3511 Vulgata:
3612 3433 3707 3492 di-

2065 3523 2321 3585 visionis
2352 3525 2691 3586 versiculos
2749 3545 2888 3606 cap.
2923 3546 2942 3587 I
3001 3531 3155 3589 Osee
3186 3529 3332 3589 dum
3369 3537 3711 3610 exponeret

2065 3621 2512 3700 Hieronymus,
2573 3623 2660 3682 ita
2721 3624 2960 3684 monuit
3020 3624 3357 3686 lectorem:
3419 3627 3505 3687 Et
3560 3629 3708 3708 quia

2073 3719 2597 3792 Commentarios,
2657 3741 2778 3780 non
2809 3721 2940 3780 lata
2999 3722 3316 3783 volumina
3347 3726 3707 3801 scribimus,

2063 3817 2351 3897 singulis
2407 3817 2704 3898 capitulis
2776 3818 3240 3884 explanationes
3282 3824 3585 3903 proprias
3643 3824 3708 3883 in

2065 3915 2202 3974 suis
2232 3915 2389 3975 locis
2419 3922 2822 3994 reservantes,
2859 3938 3021 3977 nunc
3052 3923 3290 3978 tantum
3324 3921 3400 3978 de
3404 3923 3710 4001 praesenti

2065 4013 2339 4093 capitulo
2369 4013 2779 4093 disputemus.
2815 4015 3171 4094 Capitulum
3204 4017 3382 4084 illud,
3427 4019 3710 4098 primum

2066 4112 2233 4189 quod
2264 4117 2466 4183 vocat,
2501 4114 2536 4172 3
2570 4119 2632 4172 et
2659 4116 2696 4170 4
2726 4130 2977 4172 versum
3020 4131 3158 4191 cap.
3194 4131 3213 4173 I
3245 4115 3422 4186 Osee,
3459 4123 3527 4175 ut
3556 4116 3708 4190 dixi,

2064 4209 2462 4269 solummodo
2521 4209 2824 4280 continet,
2912 4216 2973 4269 et
3029 4229 3170 4289 qua:
3258 4220 3714 4290 prmcesserunt

2063 4306 2293 4366 similia
2350 4306 2652 4384 capitula,
2711 4307 2990 4386 quinque
3049 4310 3144 4369 vel
3204 4328 3312 4370 sex
3369 4330 3713 4372 numeran-

2063 4409 2166 4464 tur
2195 4404 2258 4464 in
2299 4405 2779 4466 Commentariis
2836 4406 3228 4486 Hieronymi,
3288 4409 3396 4488 qui
3451 4409 3714 4488 singulis

2063 4501 2356 4580 capitulis
2439 4501 2919 4582 explanationes
2996 4505 3288 4584 proprias
3344 4505 3710 4567 adhibebat.

292 4621 638 4664 sacrorum
696 4602 1072 4678 Bibliorum,
1135 4619 1280 4661 mss.
1368 4601 1610 4678 liquido
1694 4606 1959 4679 apparet
1988 4603 2034 4666 D
2074 4599 2368 4676 Quatuor
2399 4599 2593 4678 igitur
2649 4601 2890 4680 priores
2937 4620 3154 4663 versus
3203 4608 3358 4665 Osee
3386 4605 3713 4683 prophetae

294 4702 580 4762 liberum
642 4701 871 4777 cuique
926 4700 1116 4760 fuisse
1146 4717 1222 4758 ea
1280 4717 1504 4758 vocare
1545 4697 1790 4775 titulos,
1825 4696 1960 4757 bre-
2068 4699 2132 4758 in
2165 4717 2270 4759 sex
2301 4697 2578 4780 capitula
2625 4698 2724 4758 vel
2771 4705 2995 4781 septem
3049 4702 3335 4762 distinxit
3361 4707 3424 4763 S.
3460 4705 3709 4764 Doctor.

294 4820 423 4872 res,
523 4796 870 4866 braviaria,
949 4795 1248 4876 capitula,
1341 4794 1819 4876 capitulationes
1899 4801 1962 4856 et
2070 4798 2350 4858 Primum
2409 4814 2557 4856 vero
2630 4797 2976 4876 capitulum
3047 4798 3328 4878 ejusdem
3387 4800 3712 4880 prophetae

291 4895 601 4954 indicula
661 4895 789 4954 sive
846 4893 1085 4952 indices
1123 4912 1148 4969 ;
1206 4893 1305 4952 bis
1373 4893 1540 4954 enim
1601 4893 1964 4970 gaudebant
2070 4897 2132 4956 in
2169 4913 2313 4955 mss.
2374 4894 2714 4968 codicibus,
2763 4896 2916 4955 etin
2967 4897 3239 4959 editione
3287 4900 3452 4973 Cari,
3489 4916 3712 4960 novem

287 4990 852 5073 appellationibus
923 4997 1052 5051 tam
1126 4990 1422 5058 minores.
1482 5009 1671 5068 quam
1725 4990 1964 5069 copiosi
2073 4991 2514 5070 complectitur
2587 4991 2927 5052 versiculos
2996 4994 3340 5073 integros:
3412 5015 3559 5057 nam
3613 5013 3715 5056 se-

284 5092 552 5152 indices
613 5090 1000 5149 diversarum
1063 5089 1412 5149 sectionum
1468 5088 1810 5167 Scripturae
1869 5107 1965 5148 sa-
2074 5090 2348 5150 cundum
2407 5087 2752 5167 capitulum
2836 5090 3002 5150 istud
3069 5092 3260 5154 habet
3317 5094 3642 5154 exordium
3697 5109 3710 5151 :

288 5209 452 5250 erm.
497 5189 634 5247 Non
695 5187 891 5246 sicin
951 5186 1070 5247 hac
1127 5187 1422 5264 prmsenti
1469 5185 1682 5246 divina
1736 5185 1963 5246 Biblio-
2073 5187 2158 5246 Et
2213 5191 2334 5245 erit
2392 5205 2685 5245 numerus
2739 5186 3031 5259 ﬁliorum
3085 5188 3312 5268 Israel,
3365 5198 3483 5250 etc.
3523 5212 3538 5264 ;
3573 5208 3712 5266 qua)

288 5287 496 5348 theca
558 5290 842 5346 errantes
910 5284 1318 5344 inveniuntur
1387 5288 1449 5345 et
1519 5302 1694 5361 vaga)
1741 5284 1960 5363 appel-
2073 5285 2266 5344 verba
2322 5284 2620 5362 leguntur
2677 5283 2856 5344 initio
2913 5285 3141 5346 decimi
3215 5305 3454 5358 versus,
3513 5285 3718 5362 capite

288 5385 585 5445 lationes
617 5382 932 5443 editorum
964 5401 1001 5442 a
1050 5381 1230 5442 nobis
1281 5383 1692 5444 lemmatum:
1728 5382 1808 5441 ad
1840 5387 1965 5440 tres
2075 5382 2460 5460 supradicto.
2524 5381 2680 5440 Hinc
2738 5381 2950 5442 videas
3004 5383 3210 5443 Biblia
3263 5401 3441 5442 saera
3471 5383 3717 5442 diverso

283 5481 620 5562 siquidem
683 5480 925 5558 species
955 5498 1028 5540 ac
1086 5480 1548 5540 nominationes
1597 5497 1966 5539 revocamus
2076 5499 2224 5540 sane
2255 5479 2444 5540 modo
2501 5484 2669 5539 secta
2725 5498 2857 5540 esse
2917 5499 2989 5540 ac
3043 5481 3337 5540 distincta
3385 5481 3465 5540 ab
3495 5481 3716 5540 Hiero-

292 5581 600 5641 diversas
655 5596 875 5640 omnes
941 5596 1261 5640 sacrorum
1338 5577 1684 5640 Bibliorum
1743 5576 1966 5638 sectio-
2075 5596 2290 5658 nymo,
2352 5582 2542 5657 atque
2620 5576 2698 5637 ab
2757 5578 3035 5656 antiquis
3109 5578 3246 5637 aliis
3302 5578 3720 5658 scriptoribus

293 5696 415 5739 nes
451 5695 604 5755 qua
633 5676 808 5757 apud
863 5677 1158 5756 antiquos
1216 5675 1555 5754 scriptores
1585 5680 1765 5736 erant
1792 5693 1968 5736 usur-
2076 5676 2174 5736 vel
2231 5675 2697 5754 interpretibus.
2779 5675 2952 5745 Quod
3013 5681 3080 5734 ut
3138 5675 3334 5753 magis
3391 5676 3718 5754 magisque
