4060 6190
347 370 454 429 131

1513 364 1839 425 PATRUM
1884 363 2590 425 BENEDICTINORUM

3635 366 3750 432 i3!

343 503 741 582 exploratum
771 500 1008 562 habeas
1039 519 1108 561 ac
1150 504 1569 578 compertum,
1605 499 1753 561 audi
1780 499 1988 579 ipsum
2016 497 2069 564 A
2101 498 2180 558 sti
2231 499 2524 572 contulit,
2583 515 2727 558 cum
2803 495 3010 556 ordini
3082 495 3384 575 primmvo
3448 514 3555 559 eas
3609 504 3748 561 stu-

233 601 242 605 ’
342 602 418 662 de
447 601 750 673 Hebraeis,
812 599 1065 670 Graecis,
1123 598 1488 677 Latinisque
1547 597 1836 677 capitulis
1866 597 1988 657 dis-

341 704 652 760 serentem
678 698 743 757 in
795 696 1135 775 Sophonim
1191 713 1331 776 cap.
1363 699 1423 772 8,
1484 714 1646 757 vers.
1679 697 1754 756 i4
1789 712 1802 754 :
1837 694 1984 754 Non

341 797 628 858 videatur
684 794 935 874 mirum,
1022 794 1250 872 inquit,
1323 798 1392 853 ut
1471 800 1624 874 saepe
1679 792 1978 872 diximus,

337 896 529 956 aliter
555 893 874 954 Hebraiea
903 891 1204 974 capitula,
1236 897 1294 950 et
1317 891 1506 952 aliter
1524 890 1724 970 LXX,
1756 888 1981 951 Graeca

336 993 624 1054 videlicet
657 991 998 1071 Latineque
1048 989 1264 1064 ﬁniri.
1335 987 1459 1050 Ubi
1502 989 1664 1049 enim
1699 989 1763 1049 in
1793 1008 1981 1048 sensu

334 1091 584 1150 diversa
615 1089 953 1150 translatio
1009 1093 1120 1161 est,
1185 1086 1276 1147 ibi
1331 1108 1573 1147 necesse
1610 1092 1704 1146 est
1730 1086 1980 1147 diversa

332 1209 463 1248 esse
493 1187 589 1247 vel
629 1185 958 1268 principia
987 1185 1084 1245 vel
1123 1186 1327 1264 fines.
1387 1186 1548 1257 Quid
1602 1185 1874 1264 amplius
1900 1184 1978 1246 ad

325 1286 635 1364 judicium
694 1285 771 1345 de
829 1284 1194 1363 Hieronymi
1251 1290 1313 1344 et
1367 1284 1634 1345 aliorum
1687 1282 1981 1362 capitulis

332 1383 686 1443 faciendum
747 1383 942 1460 possit
1001 1381 1366 1451 desiderari,
1413 1387 1580 1442 certe
1611 1400 1738 1442 non
1772 1380 1976 1440 viduo.

329 1480 839 1542 Manifestissime
898 1480 1061 1540 enim
1147 1479 1432 1540 distinxit
1514 1478 1794 1558 capitula
1849 1478 1979 1539 sive

327 1579 634 1642 sectiones
689 1596 837 1639 suas
897 1597 932 1638 a
988 1576 1233 1638 ceteris
1289 1576 1604 1650 omnibus,
1653 1583 1784 1637 tam
1811 1579 1979 1636 Grae-

326 1695 547 1738 corum
581 1694 770 1755 quam
801 1675 1196 1748 Latinorum,
1243 1675 1479 1748 dicens,
1529 1675 1594 1735 in
1625 1693 1739 1735 sua
1768 1680 1974 1735 trans-

324 1776 561 1837 latione
617 1775 950 1848 Hebraica,
1028 1774 1278 1836 diversa
1358 1792 1491 1835 esse
1547 1773 1860 1856 principia
1914 1781 1977 1836 et

2097 596 2235 656 duit
2289 596 2592 657 reddere:
2655 595 2990 664 Praeterea,
3046 593 3276 672 inquit,
3337 595 3621 657 ordinem
3649 598 3749 659 vi-

2095 692 2365 766 sionum,
2399 692 2512 772 qui
2565 691 2735 773 apud
2801 690 3057 751 Graecos
3104 697 3163 749 et
3203 690 3464 752 Latinos
3493 695 3746 756 omnino

2093 798 2391 859 con/usus
2422 797 2534 870 est,
2569 790 2655 850 ad
2685 790 3035 872 pristinam
3068 791 3279 867 ﬁdem
3334 793 3745 856 correximus.

2091 888 2372 969 Denique
2429 888 2698 949 visiones
2779 889 2910 950 sive
2962 894 3259 971 περικοπάς
3289 889 3564 950 Danielis
3625 891 3742 953 alio

2091 994 2299 1050 sentes
2331 988 2412 1048 ab
2443 987 2753 1048 Hebraioo
2780 989 2954 1048 fonte
2994 987 3194 1048 obelis
3224 987 3377 1050 dicit
3405 1007 3472 1048 se
3498 1008 3746 1069 praeno-

2092 1090 2293 1146 tasse:
2340 1084 2521 1146 Unde
2575 1091 2634 1144 et
2663 1106 2776 1147 nos
2832 1091 2974 1144 ante
3013 1105 3210 1146 annos
3254 1086 3576 1167 plurimos
3605 1108 3745 1150 cum

2093 1189 2464 1243 verteremns
2493 1177 2850 1258 Danielem,
2912 1183 3025 1243 has
3082 1184 3355 1244 visiones
3384 1183 3557 1246 obelo
3577 1194 3748 1267 prae-

2095 1282 2468 1361 notavimns,
2530 1282 2980 1362 signiﬁcantes
3009 1302 3114 1340 eas
3175 1283 3240 1341 in
3272 1281 3592 1344 Hebraico
3624 1304 3745 1345 non

2092 1377 2329 1440 haberi.
2362 1381 2516 1442 Vide
2569 1381 2948 1459 prooemium
3007 1385 3359 1442 Comment.
3413 1381 3478 1440 in
3509 1381 3740 1442 Danie-

2088 1476 2238 1538 lem.
2274 1479 2346 1538 Et
2395 1497 2472 1539 ne
2529 1477 2680 1558 quid
2737 1478 2899 1539 desit
2956 1478 3328 1548 curiositati,
3391 1479 3743 1541 monendus

2090 1581 2186 1637 est
2232 1575 2432 1637 lector
2478 1576 2816 1649 studiosus,
2871 1576 3100 1638 librum
3160 1575 3436 1640 Danielis
3499 1584 3740 1642 sectum

2091 1674 2337 1734 esseab
2396 1675 2673 1754 antiquis
2727 1674 2791 1735 in
2849 1674 3182 1736 duodecim
3242 1674 3738 1756 visiones.'quu!

2085 1771 2148 1831 in
2213 1790 2363 1836 mss.
2423 1773 2744 1834 codicibus
2801 1773 3074 1834 Canonis
3130 1773 3453 1836 Hebraicis
3510 1774 3741 1836 verita-

324 1874 480 1934 fines
509 1873 870 1935 Sectionum
929 1872 1161 1933 abillis
1215 1891 1354 1954 qua:
1394 1872 1459 1931 in
1494 1874 1646 1932 LXX
1675 1872 2052 1952 interpre-B
2087 1869 2184 1948 tis,
2245 1870 2437 1950 inque
2495 1869 2634 1933 aliis
2693 1870 3132 1931 vetustissimis
3208 1871 3488 1933 melioris
3541 1877 3734 1952 nota,

323 1971 558 2033 tatione
617 1971 1012 2049 legebantur.
1075 1969 1415 2048 Prophetia
1472 1969 1816 2048 Sophonim
1868 1969 1977 2030 ha-

324 2070 430 2131 bet
500 2069 564 2130 in
619 2067 1102 2129 Commentariis
1178 2067 1546 2146 Hieronymi
1635 2068 1971 2151 plusquam

319 2167 541 2245 viginti
596 2167 903 2227 sectiones
957 2166 1085 2226 sive
1159 2166 1444 2246 capitula
1502 2186 1515 2239 ;
1578 2165 1642 2226 in
1699 2166 1971 2228 editione

319 2269 528 2324 autem
599 2264 742 2324 Cari
838 2264 1189 2343 presbyteri
1276 2263 1533 2325 unicum
1621 2263 1968 2343 capitulum

321 2362 468 2423 huic
498 2361 658 2422 libro
713 2362 1043 2442 prmﬁxum
1103 2362 1508 2442 conspicitur.
1569 2362 1792 2424 Merito
1849 2362 1969 2442 igi-

321 2466 425 2520 tur
474 2459 776 2520 lemmata
833 2458 1197 2537 hujusmodi
1251 2458 1598 2538 abjecimus
1651 2460 1714 2520 in
1789 2459 1967 2521 libris

318 2557 729 2642 propheticis,
761 2575 905 2618 cum
965 2557 1122 2618 adeo
1172 2557 1420 2618 diversa
1460 2558 1856 2638 reperiantur
1885 2558 1964 2619 ab

317 2656 393 2718 iis
450 2654 744 2735 capitulis
799 2674 940 2734 quae
997 2655 1502 2739 Hieronymianis
1557 2658 1958 2717 Commenta-

317 2753 424 2815 riis
481 2753 777 2814 distincta
833 2759 978 2813 sunt
1032 2761 1094 2813 et
1148 2753 1485 2814 illustrata.
1550 2757 1860 2815 Prmterea
1896 2753 1961 2815 in

317 2851 778 2932 Prophetarum
826 2849 1255 2912 voluminibus
1303 2851 1605 2930 speciales
1635 2852 1962 2931 Scriptura

314 2966 515 3023 sacra,
549 2953 610 3008 et
666 2948 849 3026 quasi
909 2947 1150 3008 nativas
1206 2948 1427 3008 sortita
1482 2954 1574 3008 est
1624 2947 1961 3010 divisiones

313 3049 555 3108 ratione
657 3047 1049 3107 diversarum
1156 3047 1585 3120 materiarum,
1691 3066 1955 3126 quarum

311 3149 642 3204 contextus
719 3162 906 3204 sensu
998 3133 1326 3222 separatur
1395 3145 1458 3204 in
1538 3145 1816 3205 diversas
1885 3164 1957 3206 ac

2083 1985 2331 2027 summa
2420 1968 2542 2029 ﬁde
2629 1986 2942 2047 expressae
3036 1973 3184 2029 sunt
3259 1987 3334 2030 ac
3404 1969 3735 2050 descripta

2081 2070 2270 2142 prout
2301 2083 2337 2125 a
2371 2065 2552 2126 nobis
2610 2083 2777 2126 nunc
2835 2065 3021 2127 editae
3078 2072 3226 2127 sunt
3261 2066 3328 2127 in
3359 2066 3480 2129 hac
3509 2068 3737 2130 Divina

2079 2162 2492 2225 Bibliotheca.
2551 2163 2846 2242 Capitula
2899 2183 3049 2225 vero
3107 2165 3370 2244 prmﬁxa
3426 2166 3490 2227 in
3527 2167 3733 2228 fronte

2080 2260 2351 2322 Danielis
2377 2268 2792 2323 numerantur
2849 2263 3051 2324 multo
3109 2263 3316 2342 plura.
3351 2269 3482 2325 tam
3511 2265 3577 2326 in
3607 2264 3734 2326 edi-

2078 2359 2250 2420 tione
2296 2360 2439 2421 Cari
2495 2379 2686 2439 quam
2744 2361 2809 2420 in
2869 2379 3016 2424 mss.
3078 2361 3326 2442 aliquot
3379 2364 3726 2441 codicibus,

2077 2457 2185 2518 ubi
2213 2458 2292 2519 ad
2324 2476 2656 2520 numerum
2716 2460 2787 2520 31
2852 2478 3051 2539 usque
3108 2466 3366 2522 extenta
3394 2463 3723 2524 visuntur:

2075 2575 2202 2636 qua
2256 2556 2560 2618 divisione
2616 2556 2922 2619 hodierna
2980 2565 3194 2620 nostra
3237 2560 3443 2622 minor
3472 2568 3566 2623 est
3594 2580 3721 2623 ma-

2072 2654 2176 2716 dia
2231 2661 2411 2734 parte
2468 2656 2891 2736 capitulorum
2968 2657 3048 2717 ad
3107 2658 3313 2720 minus
3373 2677 3389 2720 :
3447 2660 3719 2739 Vulgata

2071 2750 2234 2812 enim
2268 2752 2468 2814 versio
2497 2770 2602 2815 xw
2633 2757 2877 2813 tantum
2932 2752 3124 2815 habet
3155 2755 3463 2818 sectiones
3485 2755 3549 2816 in
3581 2763 3717 2818 toto

2072 2850 2346 2911 Danielis
2373 2850 2717 2912 volumine.
2779 2851 2945 2928 Ergo
3001 2870 3116 2912 nec
3173 2871 3314 2914 cum
3370 2854 3715 2930 hodiernis,

2069 2965 2184 3007 nec
2211 2965 2354 3008 cum
2385 2948 2662 3027 antiquis
2711 2954 2995 3009 veterum
3044 2950 3420 3030 scriptorum
3467 2952 3717 3015 divisio-

2067 3044 2250 3105 nibus
2281 3045 2576 3106 convenit
2629 3045 2763 3120 illa,
2825 3064 2966 3125 qum
3021 3065 3134 3126 per
3186 3049 3470 3110 Visiones
3508 3049 3716 3112 distri-

2066 3141 2219 3203 buta
2248 3151 2339 3204 est
2384 3143 2448 3202 in
2496 3142 2659 3203 veris
2707 3144 3176 3223 exemplaribus
3206 3146 3715 3226 Hieronymianm

310 3241 632 3302 distinctas
693 3241 1195 3320 quamplurimas
1251 3248 1484 3321 partes,
1543 3261 1684 3321 quae
1743 3242 1823 3302 ab
1851 3241 1949 3303 in-
1983 3244 2026 3312 C
2069 3239 2492 3302 translationis
2521 3259 2597 3301 ex
2629 3241 2919 3302 Hebraeo.

307 3339 506 3400 vicem
563 3338 818 3398 minime
877 3339 1254 3419 dependent.
1299 3339 1773 3400 Sectionesillaa
1804 3358 1947 3401 cum

307 3435 483 3497 libris
537 3441 908 3510 nascuntur,
966 3442 1027 3496 et
1082 3437 1252 3516 apud
1319 3443 1556 3498 veteres
1611 3438 1950 3521 scriptores

306 3553 534 3596 nomen
619 3533 929 3594 visionum
985 3533 1326 3596 obtinent:
1414 3554 1678 3615 quaeque
1760 3536 1950 3597 inter-

305 3633 456 3693 dum
488 3633 676 3694 etiam
711 3651 854 3692 cum
912 3631 1233 3693 hodiernis
1289 3633 1580 3713 capitulis
1621 3634 1948 3695 inveniun-

306 3738 409 3792 tur
465 3731 831 3792 concordes.
907 3730 1324 3810 Hieronymus
1406 3731 1673 3812 primam
1730 3751 1949 3794 secun-

304 3829 576 3908 damque
632 3829 935 3890 visionem
995 3830 1170 3890 lsaiaz
1225 3835 1411 3891 vocat
1463 3830 1647 3910 juxta
1705 3850 1944 3892 morem

304 3947 432 3987 suae
491 3927 716 4006 alatis,
796 3927 965 4006 quod
1023 3946 1138 3986 nos
1203 3927 1492 4000 dicimus,
1552 3927 1825 4007 primum
1885 3933 1948 3990 et

303 4025 650 4086 secundum
709 4031 901 4104 caput
981 4023 1263 4103 ejusdem
1350 4024 1701 4104 propheta.
1771 4026 1946 4088 Unde

302 4123 432 4183 haec
463 4123 633 4203 apud
664 4141 805 4183 eum
865 4122 1164 4201 leguntur
1217 4123 1280 4182 in
1337 4123 1818 4184 Commentariis
1864 4123 1944 4186 ad

298 4229 489 4300 caput
541 4239 585 4282 ir
643 4221 862 4281 Isaiae:
921 4219 1006 4280 Et
1063 4220 1128 4280 in
1176 4221 1394 4302 priore
1449 4221 1706 4301 visione,
1760 4243 1943 4304 quam

298 4319 426 4391 fam
484 4318 900 4400 exposuimus,
962 4317 1070 4378 ubi
1123 4318 1313 4379 LXX
1350 4319 1744 4401 interpretati
1771 4327 1939 4381 sunt.

301 4421 497 4483 Quam
557 4416 713 4476 vidit
763 4422 983 4477 contra
1039 4416 1324 4477 Judaeum
1385 4423 1448 4478 et
1505 4424 1726 4479 contra
1764 4422 1944 4480 Jeru-

298 4514 492 4574 salem
524 4513 681 4593 (Isa.
744 4533 796 4588 ι,
830 4515 919 4590 2),
982 4514 1047 4573 in
1103 4513 1420 4575 Hebraico
1479 4515 1781 4598 scriptum
1825 4522 1937 4594 est,

2136 3339 2441 3399 Caeterum
2497 3339 2630 3399 sine
2682 3339 2974 3419 capitulis
3056 3342 3331 3421 praeﬁxis
3393 3343 3712 3405 edidimus

2057 3435 2380 3497 volumina
2433 3437 2987 3516 Paralipomenon,
3050 3440 3245 3512 Ezrm,
3280 3446 3340 3500 et
3370 3441 3656 3505 Estheris
3687 3459 3708 3504 ε

2056 3533 2205 3612 quia
2233 3533 2409 3594 nulla
2464 3534 2654 3596 fuisse
2710 3536 3000 3615 apposita
3058 3535 3157 3597 his
3213 3536 3390 3603 libris
3437 3537 3520 3600 ab
3567 3539 3712 3603 Hie-

2055 3650 2343 3712 ronymo,
2403 3632 2618 3693 docuit
2691 3649 2808 3693 nos
2883 3652 3078 3712 supra
3150 3635 3583 3710 Cassiodorus,
3643 3643 3708 3698 et

2057 3748 2201 3790 mss.
2292 3729 2539 3791 codices
2624 3732 2968 3810 per-vetusti
3055 3750 3130 3793 ac
3198 3733 3458 3813 Optimus
3535 3740 3706 3796 notua

2055 3827 2300 3888 nullum
2387 3829 2662 3890 retinent
2751 3828 3022 3892 indicem
3111 3831 3534 3910 capitulorum
3603 3834 3702 3896 vel

2055 3926 2405 3998 titulorum,
2467 3926 2576 3986 sed
2641 3928 3082 3988 tantummodo
3137 3929 3505 4010 Hieronymi
3549 3950 3707 4011 pras-

2055 4025 2323 4086 fationes
2393 4043 2536 4096 cum
2607 4043 2787 4086 sacro
2868 4032 3168 4088 contextu
3237 4046 3352 4107 per
3419 4028 3710 4091 membra

2055 4122 2331 4203 plurima
2401 4122 2694 4184 distincto
2767 4129 2828 4184 et
2917 4123 3116 4186 diviso
3188 4124 3374 4204 juxta
3444 4127 3702 4189 modum

2054 4240 2180 4300 quo
2236 4239 2352 4282 nos
2403 4220 2585 4280 illum
2663 4221 3086 4300 expressimus
3157 4223 3236 4287 ad
3293 4224 3482 4290 ﬁdem
3540 4243 3708 4305 pm-

2054 4317 2582 4380 stantissimorum
2680 4337 2829 4381 mss.
2930 4319 3388 4399 exemplarium
3471 4323 3702 4402 Regio-

2055 4434 2216 4490 rum,
2278 4416 2810 4492 Colbertinorum,
2869 4417 3362 4490 Corbeiensium,
3422 4427 3485 4480 et
3539 4424 3701 4482 San-

2053 4515 2596 4575 Germanensium.
2657 4515 2931 4576 Omissas
3007 4521 3219 4576 tamen
3305 4515 3704 4593 capitulatio-

299 4629 373 4671 AL
404 4629 548 4673 iUDA
577 4628 988 4684 DIERUSALEM,
1020 4610 1090 4670 id
1119 4617 1230 4690 est,
1289 4611 1724 4694 superfudam
1759 4619 1817 4673 et
1840 4613 1944 4681 [e-
1974 4617 2020 4682 D
2052 4631 2181 4687 nes,
2244 4632 2509 4692 quarum
2569 4618 2791 4673 auctor
2870 4612 2986 4672 fuit
3067 4612 3497 4685 Cassiodorus,
3557 4631 3704 4693 snp-

296 4710 590 4784 rnsalem,
629 4716 686 4769 et
717 4710 782 4770 in
815 4709 931 4769 hac
959 4730 1092 4789 quae
1121 4712 1393 4772 seczmda
1425 4717 1536 4783 est,
1572 4711 1638 4771 in
1670 4711 1945 4773 Hebrai-

293 4829 362 4867 co
393 4807 694 4868 similiter
748 4809 1102 4868 continetur
1153 4809 1309 4886 (Isa.
1363 4827 1433 4884 Ii,
1486 4809 1569 4891 l).
1603 4809 1692 4869 Et
1718 4811 1936 4886 miror,

293 4913 410 4967 etc.
446 4907 751 4981 Priorem,
785 4913 852 4967 ut
908 4906 1103 4984 vides,
1137 4908 1290 4969 dicit
1334 4907 1633 4967 visionem
1663 4908 1941 4988 itemque

293 5005 656 5078 secundum,
733 5005 902 5084 quod
985 5023 1100 5066 nos
1192 5005 1388 5084 prius,
1463 5011 1526 5067 et
1593 5006 1937 5068 secundum

291 5104 688 5182 appellamus
717 5101 1088 5182 capitulum.
1147 5103 1317 5165 Ordo
1365 5103 1560 5182 igitur
1589 5104 1936 5166 sectionum

291 5200 614 5280 hucusque
643 5201 706 5261 in
738 5199 900 5260 isaia
957 5199 1124 5260 idem
1185 5206 1278 5261 est
1307 5202 1478 5280 apud
1509 5221 1644 5276 nos,
1681 5202 1790 5282 qui
1821 5222 1938 5264 usu

287 5311 574 5378 receptus
631 5303 767 5358 erat
825 5302 1108 5380 tempore
1165 5298 1533 5378 Hieronymi
1593 5301 1764 5378 apud
1822 5305 1937 5361 Pa-

285 5403 406 5456 trcs
488 5403 551 5457 et
636 5395 925 5457 Ecclesia:
1009 5414 1322 5474 proceres.
1411 5401 1482 5458 In
1559 5398 1935 5459 Prmfatione

284 5513 536 5572 quoque
594 5493 1025 5554 translationis
1108 5494 1395 5556 Jeremiae
1481 5513 1558 5556 ex
1641 5495 1928 5569 Hebraao,

282 5590 448 5650 idem
510 5593 928 5672 Hieronymus
982 5592 1268 5654 meminit
1322 5593 1691 5673 hujusmodi
1749 5593 1935 5655 visio-

285 5707 474 5750 num:
505 5707 623 5751 nec
683 5690 1062 5752 mediocrem
1121 5709 1381 5771 operam
1442 5690 1737 5753 Ecclesiae
1763 5692 1936 5754 Chri-

2051 4710 2225 4789 plere
2279 4709 2663 4785 curabimus,
2724 4726 2869 4768 cum
2935 4709 3164 4770 veteris
3246 4709 3530 4786 Vulgata:
3587 4730 3699 4773 seu

2051 4807 2284 4868 Italicae
2343 4807 2648 4868 versionis
2703 4805 3210 4886 quamplurimas
3291 4807 3487 4869 libros
3540 4809 3702 4872 inte-

2051 4924 2196 4984 gros
2245 4905 2656 4983 evulgandos,
2721 4907 2850 4966 Deo
2911 4903 3198 4983 juvante,
3259 4905 3694 4985 suscipiemus.

2049 5003 2289 5065 Nostris
2345 5003 2579 5065 etenim
2637 5003 2798 5064 votis
2853 5020 2927 5063 ac
2984 5002 3208 5063 studiis
3267 5009 3513 5065 tantum
3545 5025 3700 5085 prm-

2049 5102 2207 5162 stitit
2285 5102 2550 5180 largitor
2624 5100 2909 5161 omnium
2990 5100 3301 5162 bonorum
3386 5104 3569 5179 Deus,
3630 5109 3702 5165 ut

2049 5218 2178 5261 non
2235 5200 2437 5260 solum
2519 5197 3024 5278 Hieronymianai
3104 5199 3407 5260 versionis
3470 5201 3535 5261 in
3593 5220 3700 5262 an.

2047 5297 2212 5376 gulis
2254 5296 2536 5358 obscuris
2593 5295 2994 5357 archivorum
3050 5301 3115 5358 et
3171 5297 3697 5360 bibliothecarum

2047 5394 2514 5455 delitescentem
2597 5393 2920 5473 ingentem
3031 5395 3402 5456 thesaurum
3515 5397 3698 5458 nobis

2045 5493 2414 5554 revelaret:
2501 5491 2610 5552 sed
2695 5493 2877 5554 donis
2957 5495 3310 5568 cumulans,
3405 5495 3697 5558 manibus

2045 5591 2276 5653 nostris
2305 5591 2497 5653 etiam
2528 5590 2778 5652 tradere
2808 5591 3009 5653 voluit
3065 5610 3191 5652 non
3223 5611 3425 5670 pauca
3457 5594 3692 5655 Italica:

2045 5689 2348 5752 versionis
2377 5689 2786 5768 exemplaria,
2848 5695 2984 5751 tum
3042 5690 3307 5765 Veteris,
3365 5697 3498 5752 tum
3531 5694 3690 5754 Novi
