4060 6190
271 336 388 397 133

1679 329 2294 391 PROLOGOMENA.

3574 333 3684 392 134

267 467 681 546 Testamenti,
755 486 896 545 qute
952 485 1066 528 suo
1141 471 1427 544 tempore
1477 462 1717 544 publici
1765 462 2011 542 jurisA
2044 463 2490 524 vocabulorum
2577 483 2838 525 numero
2926 465 3239 544 praeﬁnito
3301 463 3691 527 circumscri-

268 569 496 629 iierent
547 565 628 627 ad
685 566 1110 626 studiosorum
1168 569 1228 625 et
1283 562 1654 623 Christianae
1713 561 1922 640 reipu-

269 668 451 728 blicae
537 683 856 726 summam
919 664 1282 724 utilitatem.
1341 661 1679 722 Provocati
1734 660 1928 738 igitur

271 762 680 824 veneratione
735 761 1189 840 antiquissima:
1272 757 1595 829 versionis,
1671 763 1733 817 et
1790 774 1929 816 ma-

273 861 417 940 gnis
497 859 811 939 compulsi
883 857 1340 930 hortatoribus,
1423 859 1832 917 monumenta
1851 853 1932 913 is-

269 960 444 1020 three
511 977 696 1020 sacra
791 957 1070 1018 rediviva
1162 954 1460 1017 exhibere
1568 951 1925 1014 statuimus.

273 1061 482 1125 Quane
532 1075 609 1118 ne
664 1057 745 1116 ab
815 1055 975 1129 aliis,
1039 1073 1232 1133 quam
1291 1072 1328 1113 a
1375 1052 1555 1112 nobis
1618 1051 1680 1110 in
1734 1067 1929 1128 regno

277 1154 564 1216 Francia:
596 1153 951 1229 ederentur,
978 1152 1112 1231 jam
1155 1156 1409 1212 cautum
1442 1155 1536 1210 est
1576 1147 1931 1227 Diplomate

279 1253 500 1332 Regio,
559 1253 729 1332 quod
786 1251 966 1312 nobis
1041 1249 1366 1330 speciatim
1425 1264 1788 1308 concessum
1841 1250 1934 1305 est

277 1351 358 1410 ad
444 1350 610 1410 hanc
721 1349 960 1410 Italicae
1062 1346 1366 1407 versionis
1467 1343 1830 1404 editionem.
1881 1345 1933 1400 A

285 1447 576 1509 Μαί.ὺωί
647 1447 970 1509 volumine
1048 1445 1452 1507 exordiemur
1517 1461 1655 1503 eam
1738 1438 1935 1520 praelo

283 1546 704 1620 committere,
796 1550 858 1606 et
940 1562 1222 1605 seorsum
1278 1542 1446 1622 typis
1502 1538 1937 1616 evulgabimus

284 1643 443 1704 illud
497 1641 912 1722 Evangelium
968 1646 1228 1721 prOpter
1283 1640 1626 1700 ferventem
1685 1641 1935 1696 contro-

287 1742 553 1803 versiam
586 1741 856 1802 duorum
926 1738 1119 1817 hujus
1175 1736 1477 1816 temporis
1532 1733 1932 1814 scriptorum,

2037 560 2275 621 bendos
2331 579 2464 621 esse
2542 561 2907 640 liujusmodi
2995 580 3233 637 versus,
3290 580 3435 622 cum
3510 561 3688 622 nulla

2037 663 2208 718 certa
2274 658 2431 739 lege,
2495 677 2661 720 nunc
2721 660 2929 737 plures
2982 660 3045 719 in
3123 660 3231 732 eis,
3295 679 3462 720 nunc
3521 679 3682 739 pau-

2040 756 2235 816 ciores
2309 757 2612 816 dictiones
2669 756 3025 818 decurrant.
3086 757 3322 817 Deinde
3381 755 3682 834 Augusti-

2042 854 2227 914 niano
2279 855 2480 915 codici
2541 854 2695 914 nihil
2755 855 2873 914 fuit
2929 855 3244 933 peculiare
3326 855 3391 914 in
3459 855 3684 915 distin-

2039 953 2348 1014 ctionibus
2380 973 2698 1027 versuum,
2749 954 2856 1014 sed
2915 959 3116 1013 totum
3173 973 3507 1015 commune
3564 954 3688 1013 ha-

2040 1049 2175 1112 buit
2231 1071 2370 1112 cum
2432 1052 2568 1112 aliis
2627 1051 3094 1131 exemplaribus
3167 1056 3526 1112 Graecorum
3614 1070 3688 1112 ac

2039 1150 2430 1236 Latinorum.
2480 1152 2762 1210 Patrum.
2851 1149 3062 1210 Tertio
3164 1150 3433 1227 denique
3517 1149 3686 1228 apud

2042 1249 2497 1328 Hieronymum
2559 1248 2863 1309 nonnulla
2933 1253 3184 1308 exstant
3265 1246 3526 1324 vestigia
3573 1246 3689 1306 ho-

2044 1346 2276 1405 dierum
2335 1346 2750 1406 distinctionis
2821 1364 3157 1418 versuum;
3220 1345 3311 1404 uti
3393 1342 3692 1422 subjectis

2045 1444 2349 1522 exemplis
2433 1444 2596 1504 infra
2681 1444 3166 1518 declarabimus,
3251 1443 3426 1504 nullo
3484 1449 3695 1502 tamen

2047 1542 2258 1602 animo
2306 1541 2622 1620 litigandi,
2668 1543 2775 1603 sed
2831 1541 3256 1622 proponenda:
3309 1540 3502 1602 solius
3535 1540 3696 1600 veri-

2047 1641 2193 1700 tatis
2221 1641 2452 1700 studio.

2128 1739 2569 1802 Distinctioncs
2675 1744 2884 1799 autem
2975 1757 3265 1799 versuum
3346 1738 3411 1798 in
3522 1737 3699 1798 libris

286 1840 395 1919 qui
477 1838 812 1900 occasione
915 1835 1331 1915 manuscripti
1435 1830 2018 1908 CantabrigensiSB
2051 1842 2330 1897 veterum
2444 1837 2822 1916 scriptorum
2931 1837 3371 1898 usitatissimas
3479 1837 3694 1913 fuisse,

290 1937 489 1998 multa
545 1937 872 2016 disputant
929 1935 1006 1994 de
1056 1933 1324 2012 antiqua
1377 1930 1664 1992 versione
1716 1928 1942 1989 Latina

287 2035 800 2112 Evangeliorum,
859 2032 936 2092 de
983 2051 1058 2093 ea
1121 2029 1364 2092 scilicet
1400 2047 1542 2108 quae
1595 2026 1944 2104 _obtiuebat

285 2135 343 2193 in
409 2132 684 2194 Ecclesia
738 2129 1116 2192 occidentali
1171 2134 1317 2189 ante
1377 2125 1938 2205 Hieronymianam

293 2230 802 2308 castigationem.
882 2228 1090 2290 Multa
1183 2226 1480 2304 leguntur
1535 2223 1600 2283 in
1712 2221 1942 2282 nostris

292 2328 764 2408 exemplaribus
841 2323 1302 2404 manuscriptis,
1365 2341 1506 2402 quae
1588 2322 1773 2398 longe
1828 2319 1942 2380 ab-

293 2433 443 2488 sunt
518 2427 596 2487 ab
701 2425 1033 2486 amborum
1140 2420 1566 2500 conjecturis:
1637 2417 1944 2480 nonnulla

293 2544 443 2586 vero
522 2524 752 2604 quibus
803 2541 976 2583 nunc
1059 2520 1271 2600 hujus,
1327 2538 1498 2579 nunc
1554 2517 1722 2577 illius
1777 2515 1944 2576 dicto

292 2643 440 2685 vera
470 2643 608 2685 esse
637 2622 1157 2703 comprobantur.
1191 2619 1383 2699 Cujus
1431 2618 1685 2679 demum
1741 2633 1944 2676 causae

295 2724 695 2805 potissimum
797 2723 1052 2783 faveant
1135 2738 1282 2780 mss.
1397 2717 1642 2778 codices
1721 2714 1944 2788 nostri,

296 2841 420 2883 non
443 2828 596 2884 ante
627 2821 909 2902 ipsorum
965 2817 1442 2900 impressionem
1501 2815 1838 2894 perdisces.

374 2922 491 2982 Ill.
553 2925 843 2999 Longum
892 2923 1074 2992 esset,
1106 2916 1159 2977 si
1213 2915 1439 2976 vellem
1496 2918 1757 2975 cunctos
1787 2929 1949 2992 quo-

295 3017 600 3080 rumdam
677 3017 1036 3079 criticorum
1126 3031 1366 3074 errores
1449 3011 1596 3072 huic
1680 3009 1949 3088 articulo

296 3118 597 3189 inserere,
662 3121 722 3175 et
775 3114 968 3174 falsas
1022 3131 1241 3174 eorum
1298 3109 1624 3190 Opiniones
1677 3108 1754 3169 de
1807 3124 1950 3169 ver-

2054 1935 2238 1996 facile
2268 1935 2448 1994 nobis
2503 1935 2850 1995 concedent
2908 1934 3017 2014 qui
3074 1935 3355 1996 animum
3413 1934 3697 1996 attende-

2053 2033 2179 2094 rint
2225 2033 2306 2098 ad
2361 2033 2698 2094 Historiam
2731 2032 3013 2112 Josephi,
3076 2035 3156 2094 ad
3214 2033 3507 2112 liesychii
3553 2051 3697 2111 pre-

2052 2131 2288 2212 sbyteri
2334 2131 2864 2205 testiﬁcationem,
2917 2137 3108 2210 atque
3139 2131 3220 2191 ad
3279 2113 3702 2192 vetustissima

2051 2231 2519 2310 Scripturarum
2631 2249 2951 2292 sacrarum
3037 2234 3469 2304 monumenta,
3560 2248 3701 2310 quae

2053 2335 2217 2390 antas
2281 2329 2450 2390 mille
2507 2335 2569 2390 et
2628 2336 2880 2394 centum
2942 2348 3140 2391 annos
3195 2327 3260 2388 in
3316 2327 3703 2390 membranis

2056 2426 2522 2506 pretiosissimis
2600 2433 2857 2488 exarata
2939 2431 3297 2506 supersunt.
3386 2424 3702 2506 Josephus

2053 2525 2266 2604 igitur,
2357 2526 2728 2587 vernaculus
2806 2525 3172 2588 Judaaorum
3261 2524 3551 2605 scriptor,
3642 2530 3704 2584 et

2055 2624 2547 2706 apostolicorum
2607 2629 2982 2704 'Ltemporum
3070 2623 3332 2704 aequalis
3395 2623 3494 2683 vel
3550 2641 3706 2702 sup-

2056 2741 2193 2802 par,
2256 2727 2434 2783 notat
2490 2723 2570 2784 ad
2644 2723 2832 2787 linem
2889 2721 3035 2783 libri
3089 2741 3172 2781 xx
3271 2727 3698 2803 Ἀρχαιολογίας

2057 2838 2207 2892 suae,
2291 2839 2504 2881 versus
2580 2821 2643 2880 in
2750 2820 2847 2880 his
2929 2819 3150 2897 viginti
3234 2818 3697 2896 Antiquitatum

2056 2917 2484 2982 voluminibus
2530 2918 2838 2982 exstitisse
2900 2917 3228 2996 sexaginta
3287 2915 3484 2976 millia
3516 2933 3530 2976 :
3562 2936 3702 2996 quae

2057 3017 2342 3095 profecto
2400 3035 2512 3080 nec
2587 3021 2682 3076 tot
2737 3017 3057 3077 numerari
3116 3014 3357 3094 possint
3413 3015 3476 3074 in
3531 3020 3705 3075 textu

2062 3117 2277 3176 Graeco
2342 3114 2624 3196 Josephi,
2701 3114 2821 3175 nisi
2894 3115 3212 3174 breviores
3269 3111 3533 3173 fuissent
3589 3112 3707 3172 ho-

297 3233 487 3275 suum
549 3211 955 3275 divisionibus
1013 3229 1085 3270 ac
1145 3205 1651 3268 distinctionibus
1707 3204 1954 3265 usitatis
1984 3204 2028 3270 C
2065 3213 2298 3274 diemis
2351 3212 2581 3274 nostris
2667 3212 2931 3286 Biblicis,
2992 3230 3107 3274 nec
3165 3211 3242 3272 ad
3293 3216 3534 3271 certum
3591 3230 3709 3270 nu-

298 3313 474 3393 apud
537 3310 851 3389 antiquos,
915 3307 1280 3387 singillatim
1357 3304 1664 3378 refellere,
1722 3321 1958 3382 prOpo-

301 3411 573 3488 sitisque
657 3406 951 3487 capitnlis
1038 3405 1119 3466 ad
1216 3404 1466 3482 singula
1552 3401 1955 3481 respondere.

304 3508 490 3571 Unde
540 3506 861 3568 laciniosa:
893 3503 1334 3584 disputationis
1380 3500 1636 3562 fastidia
1689 3499 1958 3578 fugiens,

305 3614 367 3668 et
393 3607 465 3667 in
503 3612 746 3666 arctum
780 3605 976 3667 verba
1033 3603 1466 3681 compingens,
1525 3599 1683 3659 illud
1715 3604 1962 3658 tantum

301 3703 591 3765 breviter
651 3701 954 3762 lectorem
1039 3701 1374 3771 admoneo,
1435 3697 1680 3757 nullum
1754 3695 1963 3754 adhuc

304 3818 705 3882 nuperorum
762 3799 1140 3878 scriptorum
1185 3798 1342 3857 satis
1396 3799 1689 3857 accurate
1736 3792 1964 3852 dixisse

306 3899 382 3959 de
441 3897 730 3975 antiquis
805 3895 1088 3956 versibus
1146 3913 1255 3955 seu
1312 3890 1732 3954 commatibus
1797 3889 1962 3949 Scri-

304 4003 650 4076 pturarum
711 3994 1090 4055 divinarum.
1151 3993 1461 4073 Pleraque
1501 4008 1576 4050 ex
1632 3983 1966 4064 Augustini

305 4093 587 4174 Speculo
643 4092 916 4154 afferunt
941 4092 1008 4152 in
1058 4090 1185 4151 suis
1239 4089 1407 4150 notis
1477 4093 1539 4148 et
1583 4084 1968 4147 observatio-

305 4192 526 4263 nibus,
589 4209 733 4270 quae
795 4189 875 4250 ad
931 4189 1120 4250 finem
1173 4185 1741 4248 vetustissimorum
1793 4182 1970 4242 codi-

303 4308 454 4350 cum
541 4287 818 4368 probata
899 4287 1112 4347 statim
1180 4288 1586 4355 evanescunt,
1671 4286 1734 4341 et
1817 4279 1972 4339 falsa

305 4387 857 4448 demonstrantur.
921 4383 1150 4445 Scribit
1232 4382 1328 4442 vir
1385 4381 1626 4452 doctus,
1687 4385 1747 4438 et
1815 4375 1972 4436 mibi

304 4503 568 4546 summa
626 4481 1033 4544 veneratione
1071 4499 1320 4561 semper
1375 4478 1699 4550 colendus,
1756 4478 1969 4553 Augu-

303 4584 548 4644 stinum
614 4581 870 4660 quidem
917 4580 1009 4640 ita
1065 4579 1414 4640 Bibliorum
1475 4593 1691 4637 versus
1749 4573 1978 4633 distin-
2010 4571 2055 4636 i)
2089 4582 2223 4636 erat
2331 4581 2618 4655 tempore

299 4683 479 4742 xisse
529 4680 653 4741 sibi
712 4679 941 4752 visum,
998 4683 1066 4737 ut
1112 4697 1218 4736 sex
1265 4675 1572 4736 dictiones
1631 4670 1972 4750 unusquis-

302 4799 423 4860 que
532 4797 755 4836 versus
856 4775 1196 4835 contineret
1219 4791 1234 4834 ε

282 4974 524 5051 fuisse
599 4971 942 5053 peculiare,
1032 4991 1153 5030 non
1240 4967 1527 5029 omnibus
1637 4982 1976 5024 commune.

2071 3330 2312 3372 merum
2372 3309 2695 3395 prmﬁniri,
2748 3310 2866 3371 nisi
2913 3310 3204 3372 distincte
3236 3313 3298 3370 et
3357 3326 3468 3389 per
3521 3309 3714 3370 inter-

2070 3409 2236 3470 valla
2305 3409 2570 3470 fuissent
2634 3409 2931 3489 descripti
2977 3409 3038 3470 in
3098 3409 3498 3488 autographo
3546 3408 3714 3489 ejus-

2071 3508 2214 3571 dem
2298 3508 2593 3570 auctoris.
2710 3511 2944 3572 Morem
3046 3509 3213 3575 hunc
3326 3509 3722 3572 describendi

2075 3605 2271 3666 multa
2355 3604 2635 3666 versibus
2693 3606 2874 3667 valde
2956 3609 3346 3686 superiorem
3438 3607 3718 3686 Josepho

2074 3703 2345 3767 ostendit
2426 3702 2772 3782 Hesychius
2857 3705 3184 3784 presbyter
3240 3705 3715 3784 Hierosolymo-

2075 3819 2240 3874 rum,
2299 3819 2464 3875 cum,
2539 3801 2605 3860 in
2660 3805 2932 3862 tractatu
2965 3821 3152 3888 quem
3209 3809 3395 3866 vocat
3443 3807 3719 3884 Στιχηρόν

2077 3901 2408 3962 duodecim
2438 3901 2913 3981 prophetarum,
2949 3921 3090 3964 eum
3122 3907 3312 3966 refert
3343 3905 3423 3967 ad
3473 3911 3720 3982 tempo-

2080 4019 2147 4061 ra
2184 4000 2440 4061 Davidis
2493 4006 2554 4060 et
2599 4001 2978 4073 Salomonis,
3044 4002 3172 4064 sive
3231 4003 3420 4064 etiam
3451 3999 3723 4065 Jobihis

2076 4099 2351 4176 Regibus
2405 4098 2800 4158 vetustioris:
2847 4099 3084 4160 addens
3141 4101 3399 4182 insuper
3454 4099 3722 4163 similem

2078 4213 2371 4256 versuum
2446 4194 2909 4257 distinctionem
2968 4215 3032 4258 se
3089 4197 3397 4262 invenisse
3461 4198 3526 4258 in
3611 4195 3726 4257 ali~

2080 4299 2234 4372 quot
2299 4292 2762 4372 exemplaribus
2835 4293 3137 4355 librorum
3194 4296 3723 4376 apostolicorum:

2082 4387 2236 4458 Πλὴν
2280 4385 2425 4442 ἀλλᾶ
2467 4386 2555 4442 καὶ
2610 4389 2706 4456 τὴν
2755 4386 3127 4458 ἀποστολικὴν
3182 4389 3396 4466 βίϐλων
3451 4389 3592 4446 οὕτω
3622 4389 3728 4444 τινὶ

2083 4488 2476 4561 συγγραφεῖσαν
2507 4481 2701 4558 εὖρὼν,
2793 4485 2914 4538 etc.
3030 4481 3166 4542 Non
3278 4501 3427 4562 ergo
3514 4499 3732 4542 recens

2739 4575 3057 4657 Hesychii,
3184 4579 3293 4640 sed
3399 4578 3533 4658 jam
3633 4597 3733 4638 re-

2088 4681 2270 4753 cepta
2327 4679 2390 4734 et
2442 4672 2666 4733 inolita
2719 4690 3014 4734 versuum
3066 4675 3384 4737 distinctio
3438 4677 3502 4736 in
3561 4675 3736 4736 libris

1337 4773 1678 4854 subditque
1781 4769 1979 4828 verba
2087 4773 2278 4833 sacris
2305 4773 2546 4833 Veteris
2576 4789 2648 4831 ac
2677 4771 2845 4831 Novi
2898 4772 3304 4834 Testamenti.
3365 4777 3492 4835 Nec
3541 4792 3733 4834 unum

301 4878 591 4936 isthmc:
648 4873 773 4933 Sed
806 4873 876 4932 id
927 4871 1416 4954 Augustiniano
1470 4868 1675 4929 codici
1731 4865 1980 4925 videtur
2088 4869 2488 4930 solummodo

2617 4885 2864 4928 sacrum
2977 4877 3342 4933 contextum
3457 4872 3738 4934 versibus

2090 4959 2280 5019 fuisse
2318 4959 2682 5018 distinctum
2741 4975 2814 5017 ac
2843 4957 3232 5039 descriptum
3263 4961 3595 5034 novimus;
3628 4959 3737 5019 sed

299 5071 549 5132 Libros
580 5070 921 5151 Scriptura:
966 5069 1313 5150 plerosque,
1348 5071 1405 5127 et
1453 5067 1729 5141 fortasse
1775 5080 1980 5122 omnes
2090 5056 2408 5117 versiones
2463 5055 2655 5115 etiam
2729 5058 2984 5116 Graecas
3041 5076 3449 5138 quascunque
3503 5061 3741 5118 Instru-

283 5182 414 5252 ριν
501 5189 721 5228 versus
817 5167 1119 5227 distinxit
1174 5165 1626 5240 Hieronymus,
1684 5160 1795 5220 sed
1867 5158 1983 5218 Ιιο-
2097 5155 2286 5216 menti
2346 5154 2584 5215 Veteris
2639 5152 2720 5214 ab
2783 5153 3055 5232 Origene
3113 5175 3227 5236 per
3272 5157 3556 5218 membra
3611 5154 3739 5214 sive

302 5271 560 5328 clientae
609 5265 1046 5326 distinctionis
1094 5263 1274 5324 nulla
1331 5262 1498 5348 apud
1543 5276 1678 5320 eum
1740 5257 1986 5316 exstant

739 5367 815 5424 At
904 5382 1059 5443 pace
1162 5360 1568 5423 eruditissimi
1658 5354 1986 5435 scriptoris

301 5467 538 5525 dicere
590 5463 689 5523 fas
747 5463 844 5535 sit,
906 5462 1227 5522 inumeros
1282 5461 1471 5521 fuisse
1529 5455 1876 5534 antiquitus
1920 5453 1985 5512 in

301 5566 467 5626 totis
539 5561 885 5622 Bibliorum
966 5559 1410 5634 voluminibus,
1475 5557 1582 5638 qui
1659 5554 1814 5614 duas
1889 5551 1988 5610 vel

301 5667 445 5724 tres
480 5666 738 5721 tantum
771 5658 1076 5720 dictiones
1132 5657 1550 5728 continerent,
1608 5670 1722 5714 nec
1767 5650 1988 5728 alique

297 5365 623 5446 vestigia.

2093 5271 2387 5314 versuum
2419 5252 2560 5313 cola
2585 5251 2775 5311 fuisse
2832 5252 3064 5314 divisas
3109 5255 3324 5315 docuit
3382 5271 3496 5314 nos
3554 5254 3742 5312 Euse-

2094 5351 2235 5412 bius
2261 5349 2656 5411 Caesariensis
2711 5349 2824 5409 lib.
2884 5366 2948 5410 vI
3003 5353 3171 5412 Eccl.
3225 5352 3383 5411 Hist.
3446 5370 3582 5428 cap.
3639 5353 3735 5426 16,

2098 5450 2207 5510 ubi
2237 5449 2372 5510 haec
2428 5449 2620 5510 habet
2673 5447 2751 5507 de
2798 5465 2988 5526 opere
3042 5450 3466 5528 Hexapiorum
3523 5447 3744 5526 Orige-

2098 5549 2194 5608 nis
2227 5566 2241 5608 :
2274 5546 2420 5608 Has
2477 5547 2686 5628 igitur
2747 5565 2955 5605 omnes
3013 5546 3550 5628 interpretationes
3603 5566 3742 5606 cum

2099 5647 2166 5706 in
2198 5667 2387 5708 unum
2443 5653 2665 5726 corpus
2733 5641 3120 5724 collegisset,
3180 5650 3239 5705 et
3310 5653 3426 5727 per
3463 5645 3601 5706 cola
3671 5663 3746 5703 ac
