  <div class='ocr_page' id='page_1' title='image "/cluster/home/n/w/nwhite01/storage/ocr_20150623/28/hvd.32044052824265/081.png"; bbox 0 0 4060 6190; ppageno 0'>
   <div class='ocr_carea' id='block_1_1' title="bbox 355 290 3769 409">
    <p class='ocr_par' dir='ltr' id='par_1_1' title="bbox 355 290 3769 409">
     <span class='ocr_line' id='line_1_1' title="bbox 355 290 3769 409; baseline 0.001 -4"><span class='ocrx_word' id='word_1_1' title='bbox 355 348 475 409; x_wconf 66' lang='lat'><em>435</em></span> <span class='ocrx_word' id='word_1_2' title='bbox 1526 334 1855 399; x_wconf 77' lang='lat' dir='ltr'><em>PATltUM</em></span> <span class='ocrx_word' id='word_1_3' title='bbox 1905 335 2609 404; x_wconf 81' lang='lat' dir='ltr'><em>BENEDICTINORUM</em></span> <span class='ocrx_word' id='word_1_4' title='bbox 3655 347 3769 409; x_wconf 71' lang='lat'><em>136</em></span> 
     </span>
    </p>
   </div>
   <div class='ocr_carea' id='block_1_2' title="bbox 350 470 1978 552">
    <p class='ocr_par' dir='ltr' id='par_1_2' title="bbox 350 470 1978 552">
     <span class='ocr_line' id='line_1_2' title="bbox 350 470 1978 552; baseline -0.007 -10"><span class='ocrx_word' id='word_1_5' title='bbox 350 479 620 542; x_wconf 88' lang='lat' dir='ltr'><strong><em>membra</em></strong></span> <span class='ocrx_word' id='word_1_6' title='bbox 677 478 1098 552; x_wconf 84' lang='lat' dir='ltr'><strong><em>distinxisset,</em></strong></span> <span class='ocrx_word' id='word_1_7' title='bbox 1130 480 1189 533; x_wconf 88' lang='lat' dir='ltr'><em>et</em></span> <span class='ocrx_word' id='word_1_8' title='bbox 1218 473 1345 534; x_wconf 98' lang='lat' dir='ltr'><em>sibi</em></span> <span class='ocrx_word' id='word_1_9' title='bbox 1373 473 1633 533; x_wconf 78' lang='lat' dir='ltr'><em>invicem</em></span> <span class='ocrx_word' id='word_1_10' title='bbox 1671 492 1702 532; x_wconf 89' lang='lat' dir='ltr'><em>e</em></span> <span class='ocrx_word' id='word_1_11' title='bbox 1740 470 1978 551; x_wconf 64' lang='lat' dir='ltr'><strong><em>regione</em></strong></span> 
     </span>
    </p>
   </div>
   <div class='ocr_carea' id='block_1_3' title="bbox 2092 470 3767 552">
    <p class='ocr_par' dir='ltr' id='par_1_3' title="bbox 2109 470 3767 551">
     <span class='ocr_line' id='line_1_3' title="bbox 2109 470 3767 551; baseline 0.002 -21"><span class='ocrx_word' id='word_1_12' title='bbox 2109 470 2291 533; x_wconf 83' lang='lat' dir='ltr'><em>clzius</em></span> <span class='ocrx_word' id='word_1_13' title='bbox 2317 473 2466 551; x_wconf 56' lang='lat' dir='ltr'><em>[hac</em></span> <span class='ocrx_word' id='word_1_14' title='bbox 2505 476 2735 539; x_wconf 78' lang='lat' dir='ltr'><em>verba:</em></span> <span class='ocrx_word' id='word_1_15' title='bbox 2787 473 2946 532; x_wconf 83' lang='grc' dir='ltr'><em>Ἀλλ’</em></span> <span class='ocrx_word' id='word_1_16' title='bbox 3001 473 3189 546; x_wconf 67' lang='grc' dir='ltr'><em>ἐπειδὴ</em></span> <span class='ocrx_word' id='word_1_17' title='bbox 3248 473 3438 532; x_wconf 85' lang='grc' dir='ltr'><em>πολλά</em></span> <span class='ocrx_word' id='word_1_18' title='bbox 3498 478 3601 551; x_wconf 75' lang='grc' dir='ltr'><em>μὲν</em></span> <span class='ocrx_word' id='word_1_19' title='bbox 3657 483 3767 534; x_wconf 78' lang='grc' dir='ltr'>τῶν</span> 
     </span>
    </p>
   </div>
   <div class='ocr_carea' id='block_1_4' title="bbox 350 565 1978 661">
    <p class='ocr_par' dir='ltr' id='par_1_4' title="bbox 350 566 1978 661">
     <span class='ocr_line' id='line_1_4' title="bbox 350 566 1978 661; baseline -0.008 -21"><span class='ocrx_word' id='word_1_20' title='bbox 350 578 755 661; x_wconf 86' lang='lat' dir='ltr'><strong><em>opposuisset,</em></strong></span> <span class='ocrx_word' id='word_1_21' title='bbox 817 595 939 636; x_wconf 89' lang='lat' dir='ltr'><em>una</em></span> <span class='ocrx_word' id='word_1_22' title='bbox 994 593 1130 633; x_wconf 86' lang='lat' dir='ltr'><em>cum</em></span> <span class='ocrx_word' id='word_1_23' title='bbox 1163 569 1481 632; x_wconf 87' lang='lat' dir='ltr'><em>Hebraico</em></span> <span class='ocrx_word' id='word_1_24' title='bbox 1535 575 1726 649; x_wconf 74' lang='lat' dir='ltr'><strong><em>textu,</em></strong></span> <span class='ocrx_word' id='word_1_25' title='bbox 1776 566 1978 628; x_wconf 82' lang='lat' dir='ltr'><strong><em>Hexa-</em></strong></span> 
     </span>
    </p>
   </div>
   <div class='ocr_carea' id='block_1_5' title="bbox 2092 565 3771 661">
    <p class='ocr_par' dir='ltr' id='par_1_5' title="bbox 2106 565 3771 653">
     <span class='ocr_line' id='line_1_5' title="bbox 2106 565 3771 653; baseline 0.008 -33"><span class='ocrx_word' id='word_1_26' title='bbox 2106 565 2323 647; x_wconf 75' lang='grc' dir='ltr'>ἀσαφῶν</span> <span class='ocrx_word' id='word_1_27' title='bbox 2381 573 2416 640; x_wconf 83' lang='grc' dir='ltr'>ἠ</span> <span class='ocrx_word' id='word_1_28' title='bbox 2473 576 2583 628; x_wconf 84' lang='grc' dir='ltr'>τῶν</span> <span class='ocrx_word' id='word_1_29' title='bbox 2643 574 2846 650; x_wconf 75' lang='grc' dir='ltr'>στίχων</span> <span class='ocrx_word' id='word_1_30' title='bbox 2928 574 3224 653; x_wconf 76' lang='grc' dir='ltr'><em>σαφηνίζει</em></span> <span class='ocrx_word' id='word_1_31' title='bbox 3304 573 3562 653; x_wconf 73' lang='grc' dir='ltr'>διαίρεσις</span> <span class='ocrx_word' id='word_1_32' title='bbox 3645 578 3771 642; x_wconf 79' lang='lat' dir='ltr'><strong><em>Ubi</em></strong></span> 
     </span>
    </p>
   </div>
   <div class='ocr_carea' id='block_1_6' title="bbox 340 665 1978 759">
    <p class='ocr_par' dir='ltr' id='par_1_6' title="bbox 340 668 1978 759">
     <span class='ocr_line' id='line_1_6' title="bbox 340 668 1978 759; baseline -0.007 -21"><span class='ocrx_word' id='word_1_33' title='bbox 340 677 595 759; x_wconf 89' lang='lat' dir='ltr'><strong><em>plorum</em></strong></span> <span class='ocrx_word' id='word_1_34' title='bbox 680 673 858 734; x_wconf 91' lang='lat' dir='ltr'><strong><em>nobis</em></strong></span> <span class='ocrx_word' id='word_1_35' title='bbox 912 669 1288 753; x_wconf 69' lang='lat' dir='ltr'><strong><em>exemplaria</em></strong></span> <span class='ocrx_word' id='word_1_36' title='bbox 1371 668 1653 749; x_wconf 76' lang='lat' dir='ltr'><em>reliquit.</em></span> <span class='ocrx_word' id='word_1_37' title='bbox 1713 668 1802 728; x_wconf 91' lang='lat' dir='ltr'><em>De</em></span> <span class='ocrx_word' id='word_1_38' title='bbox 1856 684 1978 728; x_wconf 85' lang='lat' dir='ltr'><em>ver-</em></span> 
     </span>
    </p>
   </div>
   <div class='ocr_carea' id='block_1_7' title="bbox 2092 665 3762 759">
    <p class='ocr_par' dir='ltr' id='par_1_7' title="bbox 2105 665 3762 755">
     <span class='ocr_line' id='line_1_7' title="bbox 2105 665 3762 755; baseline 0.007 -28"><span class='ocrx_word' id='word_1_39' title='bbox 2105 665 2326 741; x_wconf 83' lang='grc' dir='ltr'><em>στίχους</em></span> <span class='ocrx_word' id='word_1_40' title='bbox 2411 679 2586 733; x_wconf 90' lang='lat' dir='ltr'><strong><em>vocat</em></strong></span> <span class='ocrx_word' id='word_1_41' title='bbox 2669 693 2803 755; x_wconf 63' lang='lat' dir='ltr'><strong><em>qum</em></strong></span> <span class='ocrx_word' id='word_1_42' title='bbox 2883 677 3043 736; x_wconf 82' lang='grc' dir='ltr'>κῶλα</span> <span class='ocrx_word' id='word_1_43' title='bbox 3089 674 3297 735; x_wconf 91' lang='lat' dir='ltr'><strong><em>dicere</em></strong></span> <span class='ocrx_word' id='word_1_44' title='bbox 3370 675 3762 739; x_wconf 71' lang='lat' dir='ltr'><em>debuisset...</em></span> 
     </span>
    </p>
   </div>
   <div class='ocr_carea' id='block_1_8' title="bbox 347 764 1978 855">
    <p class='ocr_par' dir='ltr' id='par_1_8' title="bbox 347 764 1978 849">
     <span class='ocr_line' id='line_1_8' title="bbox 347 764 1978 849; baseline -0.008 -12"><span class='ocrx_word' id='word_1_45' title='bbox 347 776 445 838; x_wconf 83' lang='lat' dir='ltr'><em>bis</em></span> <span class='ocrx_word' id='word_1_46' title='bbox 514 773 685 835; x_wconf 89' lang='lat' dir='ltr'><em>hisce</em></span> <span class='ocrx_word' id='word_1_47' title='bbox 765 770 1024 843; x_wconf 72' lang='lat' dir='ltr'><em>Graecis,</em></span> <span class='ocrx_word' id='word_1_48' title='bbox 1110 772 1309 830; x_wconf 79' lang='grc' dir='ltr'>διελών</span> <span class='ocrx_word' id='word_1_49' title='bbox 1340 793 1399 829; x_wconf 83' lang='grc' dir='ltr'><strong>τε</strong></span> <span class='ocrx_word' id='word_1_50' title='bbox 1432 772 1569 849; x_wconf 85' lang='grc' dir='ltr'>πρὸς</span> <span class='ocrx_word' id='word_1_51' title='bbox 1597 770 1778 828; x_wconf 81' lang='grc' dir='ltr'>κῶλον</span> <span class='ocrx_word' id='word_1_52' title='bbox 1861 764 1978 824; x_wconf 66' lang='grc' dir='ltr'><em>ωε(</em></span> 
     </span>
    </p>
   </div>
   <div class='ocr_carea' id='block_1_9' title="bbox 2092 764 3764 855">
    <p class='ocr_par' dir='ltr' id='par_1_9' title="bbox 2104 770 3764 855">
     <span class='ocr_line' id='line_1_9' title="bbox 2104 770 3764 855; baseline 0.005 -28"><span class='ocrx_word' id='word_1_53' title='bbox 2104 776 2295 850; x_wconf 83' lang='lat' dir='ltr'><strong><em>supra</em></strong></span> <span class='ocrx_word' id='word_1_54' title='bbox 2352 770 2726 845; x_wconf 81' lang='lat' dir='ltr'><strong><em>monuimus,</em></strong></span> <span class='ocrx_word' id='word_1_55' title='bbox 2794 771 2952 852; x_wconf 88' lang='lat' dir='ltr'><strong><em>quid</em></strong></span> <span class='ocrx_word' id='word_1_56' title='bbox 2992 772 3280 854; x_wconf 90' lang='lat' dir='ltr'><strong><em>primum</em></strong></span> <span class='ocrx_word' id='word_1_57' title='bbox 3332 772 3408 833; x_wconf 91' lang='lat' dir='ltr'><em>ab</em></span> <span class='ocrx_word' id='word_1_58' title='bbox 3473 772 3764 855; x_wconf 77' lang='lat' dir='ltr'><em>Origene</em></span> 
     </span>
    </p>
   </div>
   <div class='ocr_carea' id='block_1_10' title="bbox 347 860 3766 953">
    <p class='ocr_par' dir='ltr' id='par_1_10' title="bbox 347 860 3766 953">
     <span class='ocr_line' id='line_1_10' title="bbox 347 860 3766 953; baseline -0.002 -18"><span class='ocrx_word' id='word_1_59' title='bbox 347 874 497 936; x_wconf 82' lang='lat' dir='ltr'><strong>satis</strong></span> <span class='ocrx_word' id='word_1_60' title='bbox 554 869 897 951; x_wconf 79' lang='lat' dir='ltr'><em>disputavit</em></span> <span class='ocrx_word' id='word_1_61' title='bbox 964 866 1270 929; x_wconf 83' lang='lat' dir='ltr'><em>Henricus</em></span> <span class='ocrx_word' id='word_1_62' title='bbox 1352 863 1657 938; x_wconf 82' lang='lat' dir='ltr'><em>Valesius,</em></span> <span class='ocrx_word' id='word_1_63' title='bbox 1744 860 1999 923; x_wconf 82' lang='lat' dir='ltr'><em>Eusebii</em></span> <span class='ocrx_word' id='word_1_64' title='bbox 2087 867 2448 948; x_wconf 70' lang='lat' dir='ltr'><strong><em>praestitum</em></strong></span> <span class='ocrx_word' id='word_1_65' title='bbox 2504 868 2593 928; x_wconf 87' lang='lat' dir='ltr'><strong><em>sit</em></strong></span> <span class='ocrx_word' id='word_1_66' title='bbox 2648 869 2714 928; x_wconf 85' lang='lat' dir='ltr'><em>in</em></span> <span class='ocrx_word' id='word_1_67' title='bbox 2770 868 3204 951; x_wconf 87' lang='lat' dir='ltr'><strong><em>Hexaplorum</em></strong></span> <span class='ocrx_word' id='word_1_68' title='bbox 3232 870 3508 932; x_wconf 77' lang='lat' dir='ltr'><strong><em>editione</em></strong></span> <span class='ocrx_word' id='word_1_69' title='bbox 3543 893 3561 931; x_wconf 92' lang='lat'><em>:</em></span> <span class='ocrx_word' id='word_1_70' title='bbox 3595 874 3766 953; x_wconf 82' lang='lat' dir='ltr'><strong><em>quod</em></strong></span> 
     </span>
    </p>
   </div>
   <div class='ocr_carea' id='block_1_11' title="bbox 344 958 1997 1050">
    <p class='ocr_par' dir='ltr' id='par_1_11' title="bbox 344 958 1997 1050">
     <span class='ocr_line' id='line_1_11' title="bbox 344 958 1997 1050; baseline -0.009 -18"><span class='ocrx_word' id='word_1_71' title='bbox 344 972 654 1050; x_wconf 81' lang='lat' dir='ltr'><em>interpres</em></span> <span class='ocrx_word' id='word_1_72' title='bbox 736 965 1217 1038; x_wconf 77' lang='lat' dir='ltr'><em>eruditissimus,</em></span> <span class='ocrx_word' id='word_1_73' title='bbox 1297 962 1441 1042; x_wconf 86' lang='lat' dir='ltr'><em>jure</em></span> <span class='ocrx_word' id='word_1_74' title='bbox 1528 961 1752 1023; x_wconf 89' lang='lat' dir='ltr'><em>merito</em></span> <span class='ocrx_word' id='word_1_75' title='bbox 1811 958 1997 1020; x_wconf 87' lang='lat' dir='ltr'><em>casti-</em></span> 
     </span>
    </p>
   </div>
   <div class='ocr_carea' id='block_1_12' title="bbox 345 1058 1993 1148">
    <p class='ocr_par' dir='ltr' id='par_1_12' title="bbox 345 1058 1993 1148">
     <span class='ocr_line' id='line_1_12' title="bbox 345 1058 1993 1148; baseline -0.008 -18"><span class='ocrx_word' id='word_1_76' title='bbox 345 1088 502 1148; x_wconf 88' lang='lat' dir='ltr'><em>gans</em></span> <span class='ocrx_word' id='word_1_77' title='bbox 574 1065 1213 1145; x_wconf 88' lang='lat' dir='ltr'><em>Christophorsonum</em></span> <span class='ocrx_word' id='word_1_78' title='bbox 1297 1059 1469 1141; x_wconf 90' lang='lat' dir='ltr'><em>quod</em></span> <span class='ocrx_word' id='word_1_79' title='bbox 1527 1058 1781 1120; x_wconf 88' lang='lat' dir='ltr'><em>verterit</em></span> <span class='ocrx_word' id='word_1_80' title='bbox 1827 1076 1993 1136; x_wconf 69' lang='lat' dir='ltr'><em>prae-</em></span> 
     </span>
    </p>
   </div>
   <div class='ocr_carea' id='block_1_13' title="bbox 344 1154 1992 1227">
    <p class='ocr_par' dir='ltr' id='par_1_13' title="bbox 344 1154 1992 1227">
     <span class='ocr_line' id='line_1_13' title="bbox 344 1154 1992 1227; baseline -0.007 -2"><span class='ocrx_word' id='word_1_81' title='bbox 344 1167 512 1227; x_wconf 84' lang='lat' dir='ltr'><em>dicta</em></span> <span class='ocrx_word' id='word_1_82' title='bbox 565 1164 759 1226; x_wconf 89' lang='lat' dir='ltr'><em>verba</em></span> <span class='ocrx_word' id='word_1_83' title='bbox 838 1159 1191 1223; x_wconf 83' lang='lat' dir='ltr'><em>columellis</em></span> <span class='ocrx_word' id='word_1_84' title='bbox 1276 1159 1440 1219; x_wconf 87' lang='lat' dir='ltr'><strong><em>inter</em></strong></span> <span class='ocrx_word' id='word_1_85' title='bbox 1521 1177 1587 1217; x_wconf 89' lang='lat' dir='ltr'><strong><em>se</em></strong></span> <span class='ocrx_word' id='word_1_86' title='bbox 1658 1154 1992 1216; x_wconf 78' lang='lat' dir='ltr'><strong><em>distinxit:</em></strong></span> 
     </span>
    </p>
   </div>
   <div class='ocr_carea' id='block_1_14' title="bbox 346 1254 1992 1325">
    <p class='ocr_par' dir='ltr' id='par_1_14' title="bbox 346 1254 1992 1325">
     <span class='ocr_line' id='line_1_14' title="bbox 346 1254 1992 1325; baseline -0.009 0"><span class='ocrx_word' id='word_1_87' title='bbox 346 1265 486 1325; x_wconf 71' lang='lat'><em>0018.</em></span> <span class='ocrx_word' id='word_1_88' title='bbox 542 1262 710 1323; x_wconf 91' lang='lat' dir='ltr'><em>enim</em></span> <span class='ocrx_word' id='word_1_89' title='bbox 768 1268 916 1321; x_wconf 89' lang='lat' dir='ltr'><em>sunt</em></span> <span class='ocrx_word' id='word_1_90' title='bbox 962 1277 1179 1320; x_wconf 86' lang='lat' dir='ltr'><em>versus</em></span> <span class='ocrx_word' id='word_1_91' title='bbox 1235 1276 1342 1316; x_wconf 79' lang='lat'><em>8811</em></span> <span class='ocrx_word' id='word_1_92' title='bbox 1405 1254 1689 1316; x_wconf 71' lang='lat' dir='ltr'><em>membra</em></span> <span class='ocrx_word' id='word_1_93' title='bbox 1741 1270 1992 1314; x_wconf 90' lang='lat' dir='ltr'><em>sensum</em></span> 
     </span>
    </p>
   </div>
   <div class='ocr_carea' id='block_1_15' title="bbox 342 1349 1995 1440">
    <p class='ocr_par' dir='ltr' id='par_1_15' title="bbox 342 1349 1995 1440">
     <span class='ocr_line' id='line_1_15' title="bbox 342 1349 1995 1440; baseline -0.009 -17"><span class='ocrx_word' id='word_1_94' title='bbox 342 1362 662 1440; x_wconf 85' lang='lat' dir='ltr'><em>integrum</em></span> <span class='ocrx_word' id='word_1_95' title='bbox 718 1356 1131 1420; x_wconf 90' lang='lat' dir='ltr'><em>absolventia.</em></span> <span class='ocrx_word' id='word_1_96' title='bbox 1193 1357 1422 1416; x_wconf 88' lang='lat' dir='ltr'><em>Verum</em></span> <span class='ocrx_word' id='word_1_97' title='bbox 1508 1353 1640 1431; x_wconf 90' lang='lat' dir='ltr'><em>ipse</em></span> <span class='ocrx_word' id='word_1_98' title='bbox 1711 1349 1995 1411; x_wconf 85' lang='lat' dir='ltr'><em>Valesius</em></span> 
     </span>
    </p>
   </div>
   <div class='ocr_carea' id='block_1_16' title="bbox 341 1448 1994 1526">
    <p class='ocr_par' dir='ltr' id='par_1_16' title="bbox 341 1448 1994 1526">
     <span class='ocr_line' id='line_1_16' title="bbox 341 1448 1994 1526; baseline -0.008 -5"><span class='ocrx_word' id='word_1_99' title='bbox 341 1479 470 1521; x_wconf 91' lang='lat' dir='ltr'><em>non</em></span> <span class='ocrx_word' id='word_1_100' title='bbox 550 1457 799 1520; x_wconf 90' lang='lat' dir='ltr'><em>videtur</em></span> <span class='ocrx_word' id='word_1_101' title='bbox 891 1460 1184 1516; x_wconf 86' lang='lat' dir='ltr'><em>naturam</em></span> <span class='ocrx_word' id='word_1_102' title='bbox 1272 1469 1566 1513; x_wconf 88' lang='lat' dir='ltr'><em>versuum</em></span> <span class='ocrx_word' id='word_1_103' title='bbox 1669 1448 1994 1526; x_wconf 85' lang='lat' dir='ltr'><em>Scripture</em></span> 
     </span>
    </p>
   </div>
   <div class='ocr_carea' id='block_1_17' title="bbox 338 1542 1995 1638">
    <p class='ocr_par' dir='ltr' id='par_1_17' title="bbox 338 1542 1995 1638">
     <span class='ocr_line' id='line_1_17' title="bbox 338 1542 1995 1638; baseline -0.008 -21"><span class='ocrx_word' id='word_1_104' title='bbox 338 1556 522 1638; x_wconf 88' lang='lat' dir='ltr'><em>plene</em></span> <span class='ocrx_word' id='word_1_105' title='bbox 577 1558 921 1627; x_wconf 72' lang='lat' dir='ltr'><em>assecutus,</em></span> <span class='ocrx_word' id='word_1_106' title='bbox 974 1552 1124 1632; x_wconf 86' lang='lat' dir='ltr'><em>quia</em></span> <span class='ocrx_word' id='word_1_107' title='bbox 1163 1549 1493 1611; x_wconf 87' lang='lat' dir='ltr'><em>confundit</em></span> <span class='ocrx_word' id='word_1_108' title='bbox 1527 1547 1593 1608; x_wconf 91' lang='lat' dir='ltr'><em>in</em></span> <span class='ocrx_word' id='word_1_109' title='bbox 1626 1542 1995 1625; x_wconf 83' lang='lat' dir='ltr'><em>Hieronymi</em></span> 
     </span>
    </p>
   </div>
   <div class='ocr_carea' id='block_1_18' title="bbox 339 1641 1992 1734">
    <p class='ocr_par' dir='ltr' id='par_1_18' title="bbox 339 1641 1992 1734">
     <span class='ocr_line' id='line_1_18' title="bbox 339 1641 1992 1734; baseline -0.009 -18"><span class='ocrx_word' id='word_1_110' title='bbox 339 1652 838 1734; x_wconf 63' lang='lat' dir='ltr'><em>praefatiunculis</em></span> <span class='ocrx_word' id='word_1_111' title='bbox 895 1651 1036 1712; x_wconf 91' lang='lat' dir='ltr'><em>cola</em></span> <span class='ocrx_word' id='word_1_112' title='bbox 1105 1666 1399 1711; x_wconf 80' lang='lat' dir='ltr'><em>versuum</em></span> <span class='ocrx_word' id='word_1_113' title='bbox 1458 1664 1599 1707; x_wconf 90' lang='lat' dir='ltr'><em>cum</em></span> <span class='ocrx_word' id='word_1_114' title='bbox 1671 1641 1992 1705; x_wconf 89' lang='lat' dir='ltr'><em>commati-</em></span> 
     </span>
    </p>
   </div>
   <div class='ocr_carea' id='block_1_19' title="bbox 333 1741 1987 1832">
    <p class='ocr_par' dir='ltr' id='par_1_19' title="bbox 333 1741 1987 1832">
     <span class='ocr_line' id='line_1_19' title="bbox 333 1741 1987 1832; baseline -0.009 -18"><span class='ocrx_word' id='word_1_115' title='bbox 333 1752 474 1827; x_wconf 87' lang='lat' dir='ltr'><em>bus,</em></span> <span class='ocrx_word' id='word_1_116' title='bbox 534 1771 676 1832; x_wconf 70' lang='lat' dir='ltr'><em>quae</em></span> <span class='ocrx_word' id='word_1_117' title='bbox 731 1755 946 1830; x_wconf 87' lang='lat' dir='ltr'><em>partes</em></span> <span class='ocrx_word' id='word_1_118' title='bbox 1001 1752 1147 1809; x_wconf 90' lang='lat' dir='ltr'><em>sunt</em></span> <span class='ocrx_word' id='word_1_119' title='bbox 1207 1752 1272 1807; x_wconf 90' lang='lat' dir='ltr'><em>et</em></span> <span class='ocrx_word' id='word_1_120' title='bbox 1324 1743 1611 1806; x_wconf 88' lang='lat' dir='ltr'><em>membra</em></span> <span class='ocrx_word' id='word_1_121' title='bbox 1679 1741 1987 1812; x_wconf 91' lang='lat' dir='ltr'><em>colorum,</em></span> 
     </span>
    </p>
   </div>
   <div class='ocr_carea' id='block_1_20' title="bbox 2104 965 3758 1049">
    <p class='ocr_par' dir='ltr' id='par_1_20' title="bbox 2104 965 3758 1049">
     <span class='ocr_line' id='line_1_20' title="bbox 2104 965 3758 1049; baseline 0.005 -25"><span class='ocrx_word' id='word_1_122' title='bbox 2104 965 2404 1046; x_wconf 90' lang='lat' dir='ltr'><strong><em>singulas</em></strong></span> <span class='ocrx_word' id='word_1_123' title='bbox 2490 967 3031 1047; x_wconf 72' lang='lat' dir='ltr'><strong><em>interpretationes</em></strong></span> <span class='ocrx_word' id='word_1_124' title='bbox 3090 976 3205 1049; x_wconf 89' lang='lat' dir='ltr'><em>per</em></span> <span class='ocrx_word' id='word_1_125' title='bbox 3253 989 3540 1030; x_wconf 79' lang='lat' dir='ltr'><em>versuum</em></span> <span class='ocrx_word' id='word_1_126' title='bbox 3617 971 3758 1032; x_wconf 90' lang='lat' dir='ltr'><strong><em>cola</em></strong></span> 
     </span>
    </p>
   </div>
   <div class='ocr_carea' id='block_1_21' title="bbox 2104 1064 3760 1150">
    <p class='ocr_par' dir='ltr' id='par_1_21' title="bbox 2104 1064 3760 1150">
     <span class='ocr_line' id='line_1_21' title="bbox 2104 1064 3760 1150; baseline 0.004 -26"><span class='ocrx_word' id='word_1_127' title='bbox 2104 1064 2425 1126; x_wconf 83' lang='lat' dir='ltr'><strong><em>distinxit.</em></strong></span> <span class='ocrx_word' id='word_1_128' title='bbox 2501 1065 2723 1146; x_wconf 77' lang='lat' dir='ltr'><strong><em>Itaque</em></strong></span> <span class='ocrx_word' id='word_1_129' title='bbox 2796 1086 3084 1128; x_wconf 81' lang='lat' dir='ltr'><strong><em>versuum</em></strong></span> <span class='ocrx_word' id='word_1_130' title='bbox 3165 1068 3496 1129; x_wconf 84' lang='lat' dir='ltr'><strong><em>distinctio</em></strong></span> <span class='ocrx_word' id='word_1_131' title='bbox 3572 1090 3760 1150; x_wconf 88' lang='lat' dir='ltr'><strong><em>quam</em></strong></span> 
     </span>
    </p>
   </div>
   <div class='ocr_carea' id='block_1_22' title="bbox 2106 1159 3763 1248">
    <p class='ocr_par' dir='ltr' id='par_1_22' title="bbox 2106 1159 3763 1248">
     <span class='ocr_line' id='line_1_22' title="bbox 2106 1159 3763 1248; baseline 0.005 -28"><span class='ocrx_word' id='word_1_132' title='bbox 2106 1159 2290 1221; x_wconf 79' lang='lat' dir='ltr'><strong><em>hodie</em></strong></span> <span class='ocrx_word' id='word_1_133' title='bbox 2319 1162 2386 1222; x_wconf 88' lang='lat' dir='ltr'><em>in</em></span> <span class='ocrx_word' id='word_1_134' title='bbox 2415 1162 2832 1245; x_wconf 69' lang='lat' dir='ltr'><strong><em>Septuaginta</em></strong></span> <span class='ocrx_word' id='word_1_135' title='bbox 2887 1164 3215 1226; x_wconf 85' lang='lat' dir='ltr'><strong><em>Seniorum</em></strong></span> <span class='ocrx_word' id='word_1_136' title='bbox 3250 1166 3763 1248; x_wconf 70' lang='lat' dir='ltr'><strong><em>interpretatione</em></strong></span> 
     </span>
    </p>
   </div>
   <div class='ocr_carea' id='block_1_23' title="bbox 2104 1259 3755 1345">
    <p class='ocr_par' dir='ltr' id='par_1_23' title="bbox 2104 1259 3755 1345">
     <span class='ocr_line' id='line_1_23' title="bbox 2104 1259 3755 1345; baseline 0.005 -26"><span class='ocrx_word' id='word_1_137' title='bbox 2104 1260 2439 1338; x_wconf 86' lang='lat' dir='ltr'><strong><em>cernimus,</em></strong></span> <span class='ocrx_word' id='word_1_138' title='bbox 2498 1259 2813 1342; x_wconf 88' lang='lat' dir='ltr'><strong><em>Origenis</em></strong></span> <span class='ocrx_word' id='word_1_139' title='bbox 2898 1262 3211 1323; x_wconf 89' lang='lat' dir='ltr'><strong><em>inventum</em></strong></span> <span class='ocrx_word' id='word_1_140' title='bbox 3295 1269 3409 1324; x_wconf 90' lang='lat' dir='ltr'><strong><em>est.</em></strong></span> <span class='ocrx_word' id='word_1_141' title='bbox 3468 1265 3570 1326; x_wconf 89' lang='lat' dir='ltr'><em>Sic</em></span> <span class='ocrx_word' id='word_1_142' title='bbox 3625 1266 3755 1345; x_wconf 87' lang='lat' dir='ltr'><em>ille,</em></span> 
     </span>
    </p>
   </div>
   <div class='ocr_carea' id='block_1_24' title="bbox 2102 1357 3755 1440">
    <p class='ocr_par' dir='ltr' id='par_1_24' title="bbox 2102 1357 3755 1440">
     <span class='ocr_line' id='line_1_24' title="bbox 2102 1357 3755 1440; baseline 0.004 -23"><span class='ocrx_word' id='word_1_143' title='bbox 2102 1357 2388 1435; x_wconf 88' lang='lat' dir='ltr'><em>Origenis</em></span> <span class='ocrx_word' id='word_1_144' title='bbox 2443 1360 2697 1438; x_wconf 90' lang='lat' dir='ltr'><em>quidem</em></span> <span class='ocrx_word' id='word_1_145' title='bbox 2766 1359 3093 1421; x_wconf 89' lang='lat' dir='ltr'><em>inventum</em></span> <span class='ocrx_word' id='word_1_146' title='bbox 3143 1367 3255 1435; x_wconf 88' lang='lat' dir='ltr'><em>est,</em></span> <span class='ocrx_word' id='word_1_147' title='bbox 3319 1361 3493 1440; x_wconf 89' lang='lat' dir='ltr'><em>quod</em></span> <span class='ocrx_word' id='word_1_148' title='bbox 3556 1361 3755 1424; x_wconf 89' lang='lat' dir='ltr'><em>inter-</em></span> 
     </span>
    </p>
   </div>
   <div class='ocr_carea' id='block_1_25' title="bbox 2104 1457 3751 1537">
    <p class='ocr_par' dir='ltr' id='par_1_25' title="bbox 2104 1457 3751 1537">
     <span class='ocr_line' id='line_1_25' title="bbox 2104 1457 3751 1537; baseline 0.004 -22"><span class='ocrx_word' id='word_1_149' title='bbox 2104 1457 2487 1535; x_wconf 90' lang='lat' dir='ltr'><em>pretationes</em></span> <span class='ocrx_word' id='word_1_150' title='bbox 2546 1460 2794 1520; x_wconf 83' lang='lat' dir='ltr'><em>Graecas</em></span> <span class='ocrx_word' id='word_1_151' title='bbox 2867 1476 2900 1519; x_wconf 80' lang='grc' dir='ltr'><strong>θ</strong></span> <span class='ocrx_word' id='word_1_152' title='bbox 2957 1459 3213 1537; x_wconf 86' lang='lat' dir='ltr'><em>regione</em></span> <span class='ocrx_word' id='word_1_153' title='bbox 3284 1459 3403 1520; x_wconf 88' lang='lat' dir='ltr'><em>sibi</em></span> <span class='ocrx_word' id='word_1_154' title='bbox 3484 1460 3751 1522; x_wconf 86' lang='lat' dir='ltr'><em>invicem</em></span> 
     </span>
    </p>
   </div>
   <div class='ocr_carea' id='block_1_26' title="bbox 2101 1555 3755 1637">
    <p class='ocr_par' dir='ltr' id='par_1_26' title="bbox 2101 1555 3755 1637">
     <span class='ocr_line' id='line_1_26' title="bbox 2101 1555 3755 1637; baseline 0.002 -22"><span class='ocrx_word' id='word_1_155' title='bbox 2101 1555 2513 1634; x_wconf 80' lang='lat' dir='ltr'><em>opposuerit:</em></span> <span class='ocrx_word' id='word_1_156' title='bbox 2600 1562 2667 1617; x_wconf 90' lang='lat' dir='ltr'><em>at</em></span> <span class='ocrx_word' id='word_1_157' title='bbox 2752 1575 2880 1618; x_wconf 92' lang='lat' dir='ltr'><em>non</em></span> <span class='ocrx_word' id='word_1_158' title='bbox 2954 1556 3140 1617; x_wconf 83' lang='lat' dir='ltr'><em>facile</em></span> <span class='ocrx_word' id='word_1_159' title='bbox 3215 1557 3755 1637; x_wconf 87' lang='lat' dir='ltr'><em>acquiesceremus</em></span> 
     </span>
    </p>
   </div>
   <div class='ocr_carea' id='block_1_27' title="bbox 2102 1652 3751 1734">
    <p class='ocr_par' dir='ltr' id='par_1_27' title="bbox 2102 1652 3751 1734">
     <span class='ocr_line' id='line_1_27' title="bbox 2102 1652 3751 1734; baseline 0.002 -20"><span class='ocrx_word' id='word_1_160' title='bbox 2102 1652 2335 1714; x_wconf 85' lang='lat' dir='ltr'><em>Valcsii</em></span> <span class='ocrx_word' id='word_1_161' title='bbox 2390 1654 2724 1716; x_wconf 84' lang='lat' dir='ltr'><em>sententiae</em></span> <span class='ocrx_word' id='word_1_162' title='bbox 2780 1654 2844 1714; x_wconf 93' lang='lat' dir='ltr'><em>in</em></span> <span class='ocrx_word' id='word_1_163' title='bbox 2874 1653 3073 1733; x_wconf 87' lang='lat' dir='ltr'><em>priori</em></span> <span class='ocrx_word' id='word_1_164' title='bbox 3128 1654 3415 1734; x_wconf 87' lang='lat' dir='ltr'><em>Origenis</em></span> <span class='ocrx_word' id='word_1_165' title='bbox 3468 1655 3751 1733; x_wconf 87' lang='lat' dir='ltr'><em>invento,</em></span> 
     </span>
    </p>
   </div>
   <div class='ocr_carea' id='block_1_28' title="bbox 2099 1750 3749 1829">
    <p class='ocr_par' dir='ltr' id='par_1_28' title="bbox 2099 1750 3749 1829">
     <span class='ocr_line' id='line_1_28' title="bbox 2099 1750 3749 1829; baseline 0.003 -18"><span class='ocrx_word' id='word_1_166' title='bbox 2099 1768 2225 1829; x_wconf 89' lang='lat' dir='ltr'><em>quo</em></span> <span class='ocrx_word' id='word_1_167' title='bbox 2298 1750 2537 1813; x_wconf 83' lang='lat' dir='ltr'><em>scilicet</em></span> <span class='ocrx_word' id='word_1_168' title='bbox 2613 1770 2908 1813; x_wconf 77' lang='lat' dir='ltr'><em>versuum</em></span> <span class='ocrx_word' id='word_1_169' title='bbox 2979 1752 3447 1815; x_wconf 84' lang='lat' dir='ltr'><em>distinctionem</em></span> <span class='ocrx_word' id='word_1_170' title='bbox 3496 1754 3749 1816; x_wconf 88' lang='lat' dir='ltr'><em>deriva-</em></span> 
     </span>
    </p>
   </div>
   <div class='ocr_carea' id='block_1_29' title="bbox 335 1838 3753 1932">
    <p class='ocr_par' dir='ltr' id='par_1_29' title="bbox 335 1838 3753 1932">
     <span class='ocr_line' id='line_1_29' title="bbox 335 1838 3753 1932; baseline -0.003 -20"><span class='ocrx_word' id='word_1_171' title='bbox 335 1870 588 1912; x_wconf 86' lang='lat' dir='ltr'><em>sensum</em></span> <span class='ocrx_word' id='word_1_172' title='bbox 670 1849 989 1928; x_wconf 89' lang='lat' dir='ltr'><em>integrum</em></span> <span class='ocrx_word' id='word_1_173' title='bbox 1046 1844 1277 1925; x_wconf 62' lang='lat' dir='ltr'><em>sapius</em></span> <span class='ocrx_word' id='word_1_174' title='bbox 1357 1862 1486 1905; x_wconf 90' lang='lat' dir='ltr'><em>non</em></span> <span class='ocrx_word' id='word_1_175' title='bbox 1569 1838 1983 1904; x_wconf 88' lang='lat' dir='ltr'><em>absolventia.</em></span> <span class='ocrx_word' id='word_1_176' title='bbox 2013 1849 2062 1916; x_wconf 84' lang='grc' dir='ltr'><strong>Β</strong></span> <span class='ocrx_word' id='word_1_177' title='bbox 2093 1852 2222 1909; x_wconf 70' lang='lat' dir='ltr'><em>tam</em></span> <span class='ocrx_word' id='word_1_178' title='bbox 2253 1847 2406 1910; x_wconf 77' lang='lat' dir='ltr'><em>dicit</em></span> <span class='ocrx_word' id='word_1_179' title='bbox 2433 1849 2497 1910; x_wconf 78' lang='lat' dir='ltr'><em>in</em></span> <span class='ocrx_word' id='word_1_180' title='bbox 2556 1849 2975 1930; x_wconf 70' lang='lat' dir='ltr'><em>septuaginta</em></span> <span class='ocrx_word' id='word_1_181' title='bbox 3049 1849 3383 1912; x_wconf 74' lang='lat' dir='ltr'><em>Seniomm</em></span> <span class='ocrx_word' id='word_1_182' title='bbox 3439 1851 3753 1932; x_wconf 73' lang='grc' dir='ltr'><em>ίηιθι-ριιθ-</em></span> 
     </span>
    </p>
   </div>
   <div class='ocr_carea' id='block_1_30' title="bbox 335 1938 1987 2029">
    <p class='ocr_par' dir='ltr' id='par_1_30' title="bbox 335 1938 1987 2029">
     <span class='ocr_line' id='line_1_30' title="bbox 335 1938 1987 2029; baseline -0.008 -18"><span class='ocrx_word' id='word_1_183' title='bbox 335 1950 456 2012; x_wconf 87' lang='lat' dir='ltr'><em>Sed</em></span> <span class='ocrx_word' id='word_1_184' title='bbox 513 1968 653 2029; x_wconf 88' lang='lat' dir='ltr'><em>age,</em></span> <span class='ocrx_word' id='word_1_185' title='bbox 728 1949 1123 2029; x_wconf 85' lang='lat' dir='ltr'><em>proferamus</em></span> <span class='ocrx_word' id='word_1_186' title='bbox 1176 1945 1244 2005; x_wconf 90' lang='lat' dir='ltr'><em>in</em></span> <span class='ocrx_word' id='word_1_187' title='bbox 1301 1942 1574 2003; x_wconf 89' lang='lat' dir='ltr'><em>medium</em></span> <span class='ocrx_word' id='word_1_188' title='bbox 1630 1938 1987 2002; x_wconf 89' lang='lat' dir='ltr'><em>adnotatio-</em></span> 
     </span>
    </p>
   </div>
   <div class='ocr_carea' id='block_1_31' title="bbox 332 2035 1984 2117">
    <p class='ocr_par' dir='ltr' id='par_1_31' title="bbox 332 2035 1984 2117">
     <span class='ocr_line' id='line_1_31' title="bbox 332 2035 1984 2117; baseline -0.008 -8"><span class='ocrx_word' id='word_1_189' title='bbox 332 2067 476 2110; x_wconf 88' lang='lat' dir='ltr'><em>nem</em></span> <span class='ocrx_word' id='word_1_190' title='bbox 520 2046 918 2111; x_wconf 81' lang='lat' dir='ltr'><em>Valesianam</em></span> <span class='ocrx_word' id='word_1_191' title='bbox 967 2045 1032 2105; x_wconf 91' lang='lat' dir='ltr'><em>in</em></span> <span class='ocrx_word' id='word_1_192' title='bbox 1081 2043 1291 2103; x_wconf 92' lang='lat' dir='ltr'><em>locum</em></span> <span class='ocrx_word' id='word_1_193' title='bbox 1351 2038 1603 2101; x_wconf 89' lang='lat' dir='ltr'><em>Eusebii</em></span> <span class='ocrx_word' id='word_1_194' title='bbox 1653 2036 1787 2117; x_wconf 89' lang='lat' dir='ltr'><em>jam</em></span> <span class='ocrx_word' id='word_1_195' title='bbox 1843 2035 1984 2097; x_wconf 90' lang='lat' dir='ltr'><em>lau-</em></span> 
     </span>
    </p>
   </div>
   <div class='ocr_carea' id='block_1_32' title="bbox 328 2132 1983 2221">
    <p class='ocr_par' dir='ltr' id='par_1_32' title="bbox 328 2132 1983 2221">
     <span class='ocr_line' id='line_1_32' title="bbox 328 2132 1983 2221; baseline -0.009 -14"><span class='ocrx_word' id='word_1_196' title='bbox 328 2146 570 2207; x_wconf 87' lang='lat' dir='ltr'><em>datum.</em></span> <span class='ocrx_word' id='word_1_197' title='bbox 605 2144 894 2218; x_wconf 79' lang='lat' dir='ltr'><strong><em>Primus,</em></strong></span> <span class='ocrx_word' id='word_1_198' title='bbox 923 2139 1152 2221; x_wconf 88' lang='lat' dir='ltr'><em>inquit,</em></span> <span class='ocrx_word' id='word_1_199' title='bbox 1210 2137 1378 2220; x_wconf 88' lang='lat' dir='ltr'><strong><em>apud</em></strong></span> <span class='ocrx_word' id='word_1_200' title='bbox 1430 2135 1689 2197; x_wconf 78' lang='lat' dir='ltr'><strong><em>Latinos</em></strong></span> <span class='ocrx_word' id='word_1_201' title='bbox 1744 2132 1983 2194; x_wconf 88' lang='lat' dir='ltr'><strong><em>Hiero-</em></strong></span> 
     </span>
    </p>
   </div>
   <div class='ocr_carea' id='block_1_33' title="bbox 329 2238 1984 2323">
    <p class='ocr_par' dir='ltr' id='par_1_33' title="bbox 329 2238 1984 2323">
     <span class='ocr_line' id='line_1_33' title="bbox 329 2238 1984 2323; baseline -0.008 -19"><span class='ocrx_word' id='word_1_202' title='bbox 329 2263 551 2320; x_wconf 68' lang='lat' dir='ltr'><strong><em>nymus</em></strong></span> <span class='ocrx_word' id='word_1_203' title='bbox 636 2238 1207 2323; x_wconf 85' lang='lat' dir='ltr'><strong><em>interpretationem</em></strong></span> <span class='ocrx_word' id='word_1_204' title='bbox 1293 2255 1470 2296; x_wconf 89' lang='lat' dir='ltr'><strong><em>suam</em></strong></span> <span class='ocrx_word' id='word_1_205' title='bbox 1571 2242 1687 2317; x_wconf 89' lang='lat' dir='ltr'><strong><em>per</em></strong></span> <span class='ocrx_word' id='word_1_206' title='bbox 1769 2251 1984 2292; x_wconf 87' lang='lat' dir='ltr'><strong><em>versus</em></strong></span> 
     </span>
    </p>
   </div>
   <div class='ocr_carea' id='block_1_34' title="bbox 329 2329 1984 2419">
    <p class='ocr_par' dir='ltr' id='par_1_34' title="bbox 329 2329 1984 2419">
     <span class='ocr_line' id='line_1_34' title="bbox 329 2329 1984 2419; baseline -0.008 -18"><span class='ocrx_word' id='word_1_207' title='bbox 329 2341 652 2419; x_wconf 81' lang='lat' dir='ltr'><strong><em>distinxit,</em></strong></span> <span class='ocrx_word' id='word_1_208' title='bbox 688 2339 975 2400; x_wconf 87' lang='lat' dir='ltr'><strong><em>imitatus</em></strong></span> <span class='ocrx_word' id='word_1_209' title='bbox 1014 2336 1385 2416; x_wconf 88' lang='lat' dir='ltr'><strong><em>Origenem,</em></strong></span> <span class='ocrx_word' id='word_1_210' title='bbox 1433 2332 1546 2414; x_wconf 89' lang='lat' dir='ltr'><em>qui</em></span> <span class='ocrx_word' id='word_1_211' title='bbox 1574 2333 1641 2392; x_wconf 89' lang='lat' dir='ltr'><em>in</em></span> <span class='ocrx_word' id='word_1_212' title='bbox 1669 2329 1984 2411; x_wconf 87' lang='lat' dir='ltr'><strong><em>Hexaplis</em></strong></span> 
     </span>
    </p>
   </div>
   <div class='ocr_carea' id='block_1_35' title="bbox 330 2429 1983 2520">
    <p class='ocr_par' dir='ltr' id='par_1_35' title="bbox 330 2429 1983 2520">
     <span class='ocr_line' id='line_1_35' title="bbox 330 2429 1983 2520; baseline -0.007 -21"><span class='ocrx_word' id='word_1_213' title='bbox 330 2439 493 2499; x_wconf 89' lang='lat' dir='ltr'><strong><em>idem</em></strong></span> <span class='ocrx_word' id='word_1_214' title='bbox 559 2437 972 2520; x_wconf 71' lang='lat' dir='ltr'><strong><em>praestiterat.</em></strong></span> <span class='ocrx_word' id='word_1_215' title='bbox 1077 2434 1282 2495; x_wconf 89' lang='lat' dir='ltr'><em>Porro</em></span> <span class='ocrx_word' id='word_1_216' title='bbox 1374 2430 1692 2511; x_wconf 78' lang='lat' dir='ltr'><em>Origenes</em></span> <span class='ocrx_word' id='word_1_217' title='bbox 1767 2429 1835 2489; x_wconf 90' lang='lat' dir='ltr'><em>in</em></span> <span class='ocrx_word' id='word_1_218' title='bbox 1916 2447 1983 2487; x_wconf 91' lang='lat' dir='ltr'><em>eo</em></span> 
     </span>
    </p>
   </div>
   <div class='ocr_carea' id='block_1_36' title="bbox 332 2528 1983 2615">
    <p class='ocr_par' dir='ltr' id='par_1_36' title="bbox 332 2528 1983 2615">
     <span class='ocr_line' id='line_1_36' title="bbox 332 2528 1983 2615; baseline -0.006 -15"><span class='ocrx_word' id='word_1_219' title='bbox 332 2537 595 2600; x_wconf 79' lang='lat' dir='ltr'><strong><em>maxime</em></strong></span> <span class='ocrx_word' id='word_1_220' title='bbox 648 2535 971 2599; x_wconf 86' lang='lat' dir='ltr'><strong><em>consuluit</em></strong></span> <span class='ocrx_word' id='word_1_221' title='bbox 1054 2532 1403 2615; x_wconf 81' lang='lat' dir='ltr'><strong><em>legentium</em></strong></span> <span class='ocrx_word' id='word_1_222' title='bbox 1460 2529 1755 2592; x_wconf 89' lang='lat' dir='ltr'><strong><em>utilitati.</em></strong></span> <span class='ocrx_word' id='word_1_223' title='bbox 1815 2528 1983 2590; x_wconf 87' lang='lat' dir='ltr'><strong><em>Nam</em></strong></span> 
     </span>
    </p>
   </div>
   <div class='ocr_carea' id='block_1_37' title="bbox 324 2628 1985 2718">
    <p class='ocr_par' dir='ltr' id='par_1_37' title="bbox 324 2628 1985 2718">
     <span class='ocr_line' id='line_1_37' title="bbox 324 2628 1985 2718; baseline -0.007 -21"><span class='ocrx_word' id='word_1_224' title='bbox 324 2655 701 2718; x_wconf 67' lang='lat' dir='ltr'><strong><em>quascunque</em></strong></span> <span class='ocrx_word' id='word_1_225' title='bbox 718 2643 837 2717; x_wconf 90' lang='lat' dir='ltr'><strong><em>per</em></strong></span> <span class='ocrx_word' id='word_1_226' title='bbox 887 2652 1104 2693; x_wconf 91' lang='lat' dir='ltr'><strong><em>versus</em></strong></span> <span class='ocrx_word' id='word_1_227' title='bbox 1162 2630 1469 2691; x_wconf 86' lang='lat' dir='ltr'><strong><em>distincta</em></strong></span> <span class='ocrx_word' id='word_1_228' title='bbox 1526 2633 1696 2707; x_wconf 88' lang='lat' dir='ltr'><strong><em>sunt,</em></strong></span> <span class='ocrx_word' id='word_1_229' title='bbox 1752 2647 1823 2686; x_wconf 91' lang='lat' dir='ltr'><strong><em>ea</em></strong></span> <span class='ocrx_word' id='word_1_230' title='bbox 1861 2628 1985 2703; x_wconf 90' lang='lat' dir='ltr'><em>fa-</em></span> 
     </span>
    </p>
   </div>
   <div class='ocr_carea' id='block_1_38' title="bbox 325 2724 1985 2813">
    <p class='ocr_par' dir='ltr' id='par_1_38' title="bbox 325 2724 1985 2813">
     <span class='ocr_line' id='line_1_38' title="bbox 325 2724 1985 2813; baseline -0.006 -20"><span class='ocrx_word' id='word_1_231' title='bbox 325 2734 541 2813; x_wconf 86' lang='lat' dir='ltr'><em>cilius,</em></span> <span class='ocrx_word' id='word_1_232' title='bbox 603 2739 736 2793; x_wconf 89' lang='lat' dir='ltr'><em>tum</em></span> <span class='ocrx_word' id='word_1_233' title='bbox 794 2730 1273 2811; x_wconf 87' lang='lat' dir='ltr'><strong><em>intelliguntur,</em></strong></span> <span class='ocrx_word' id='word_1_234' title='bbox 1309 2733 1440 2788; x_wconf 83' lang='lat' dir='ltr'><em>tum</em></span> <span class='ocrx_word' id='word_1_235' title='bbox 1472 2724 1778 2787; x_wconf 76' lang='lat' dir='ltr'><strong><em>memoriae</em></strong></span> <span class='ocrx_word' id='word_1_236' title='bbox 1807 2744 1985 2784; x_wconf 89' lang='lat' dir='ltr'><strong><em>man-</em></strong></span> 
     </span>
    </p>
   </div>
   <div class='ocr_carea' id='block_1_39' title="bbox 328 2821 1985 2910">
    <p class='ocr_par' dir='ltr' id='par_1_39' title="bbox 328 2821 1985 2910">
     <span class='ocr_line' id='line_1_39' title="bbox 328 2821 1985 2910; baseline -0.007 -18"><span class='ocrx_word' id='word_1_237' title='bbox 328 2833 589 2893; x_wconf 82' lang='lat' dir='ltr'><strong><em>dantur.</em></strong></span> <span class='ocrx_word' id='word_1_238' title='bbox 621 2829 815 2892; x_wconf 87' lang='lat' dir='ltr'><strong><em>Adde</em></strong></span> <span class='ocrx_word' id='word_1_239' title='bbox 843 2828 1012 2910; x_wconf 88' lang='lat' dir='ltr'><strong><em>quod</em></strong></span> <span class='ocrx_word' id='word_1_240' title='bbox 1072 2827 1158 2888; x_wconf 90' lang='lat' dir='ltr'><em>ad</em></span> <span class='ocrx_word' id='word_1_241' title='bbox 1193 2826 1453 2887; x_wconf 73' lang='lat' dir='ltr'><strong><em>Graecas</em></strong></span> <span class='ocrx_word' id='word_1_242' title='bbox 1482 2824 1788 2885; x_wconf 89' lang='lat' dir='ltr'><strong><em>editiones</em></strong></span> <span class='ocrx_word' id='word_1_243' title='bbox 1821 2821 1985 2882; x_wconf 88' lang='lat' dir='ltr'><strong><em>inter</em></strong></span> 
     </span>
    </p>
   </div>
   <div class='ocr_carea' id='block_1_40' title="bbox 330 2919 1985 3011">
    <p class='ocr_par' dir='ltr' id='par_1_40' title="bbox 330 2919 1985 3011">
     <span class='ocr_line' id='line_1_40' title="bbox 330 2919 1985 3011; baseline -0.006 -22"><span class='ocrx_word' id='word_1_244' title='bbox 330 2949 393 2989; x_wconf 90' lang='lat' dir='ltr'><strong><em>se</em></strong></span> <span class='ocrx_word' id='word_1_245' title='bbox 499 2927 975 3011; x_wconf 88' lang='lat' dir='ltr'><strong><em>comparandas,</em></strong></span> <span class='ocrx_word' id='word_1_246' title='bbox 1073 2934 1345 3007; x_wconf 90' lang='lat' dir='ltr'><strong><em>prorsus</em></strong></span> <span class='ocrx_word' id='word_1_247' title='bbox 1423 2921 1775 2983; x_wconf 87' lang='lat' dir='ltr'><strong><em>necessaria</em></strong></span> <span class='ocrx_word' id='word_1_248' title='bbox 1857 2919 1985 2985; x_wconf 85' lang='lat' dir='ltr'><strong><em>fuit</em></strong></span> 
     </span>
    </p>
   </div>
   <div class='ocr_carea' id='block_1_41' title="bbox 329 3016 1984 3106">
    <p class='ocr_par' dir='ltr' id='par_1_41' title="bbox 329 3016 1984 3106">
     <span class='ocr_line' id='line_1_41' title="bbox 329 3016 1984 3106; baseline -0.007 -19"><span class='ocrx_word' id='word_1_249' title='bbox 329 3025 698 3106; x_wconf 74' lang='lat' dir='ltr'><strong><em>hujusmodi</em></strong></span> <span class='ocrx_word' id='word_1_250' title='bbox 804 3023 1155 3086; x_wconf 80' lang='lat' dir='ltr'><strong><em>distinctio.</em></strong></span> <span class='ocrx_word' id='word_1_251' title='bbox 1216 3019 1585 3103; x_wconf 80' lang='lat' dir='ltr'><strong><em>Exemplum</em></strong></span> <span class='ocrx_word' id='word_1_252' title='bbox 1670 3016 1984 3098; x_wconf 89' lang='lat' dir='ltr'><strong><em>Origenis</em></strong></span> 
     </span>
    </p>
   </div>
   <div class='ocr_carea' id='block_1_42' title="bbox 328 3113 1984 3204">
    <p class='ocr_par' dir='ltr' id='par_1_42' title="bbox 328 3113 1984 3204">
     <span class='ocr_line' id='line_1_42' title="bbox 328 3113 1984 3204; baseline -0.006 -21"><span class='ocrx_word' id='word_1_253' title='bbox 328 3124 525 3183; x_wconf 87' lang='lat' dir='ltr'><strong><em>secuti</em></strong></span> <span class='ocrx_word' id='word_1_254' title='bbox 564 3128 711 3183; x_wconf 86' lang='lat' dir='ltr'><strong><em>sunt</em></strong></span> <span class='ocrx_word' id='word_1_255' title='bbox 731 3127 944 3204; x_wconf 83' lang='lat' dir='ltr'><strong><em>postea</em></strong></span> <span class='ocrx_word' id='word_1_256' title='bbox 1002 3119 1370 3202; x_wconf 88' lang='lat' dir='ltr'><strong><em>complures,</em></strong></span> <span class='ocrx_word' id='word_1_257' title='bbox 1420 3122 1479 3177; x_wconf 89' lang='lat' dir='ltr'><em>et</em></span> <span class='ocrx_word' id='word_1_258' title='bbox 1522 3117 1589 3177; x_wconf 87' lang='lat' dir='ltr'><em>in</em></span> <span class='ocrx_word' id='word_1_259' title='bbox 1616 3115 1793 3176; x_wconf 90' lang='lat' dir='ltr'><em>Novo</em></span> <span class='ocrx_word' id='word_1_260' title='bbox 1835 3113 1984 3175; x_wconf 88' lang='lat' dir='ltr'><strong><em>Tes-</em></strong></span> 
     </span>
    </p>
   </div>
   <div class='ocr_carea' id='block_1_43' title="bbox 2095 1945 3746 2028">
    <p class='ocr_par' dir='ltr' id='par_1_43' title="bbox 2095 1945 3746 2028">
     <span class='ocr_line' id='line_1_43' title="bbox 2095 1945 3746 2028; baseline 0.003 -22"><span class='ocrx_word' id='word_1_261' title='bbox 2095 1945 2422 2007; x_wconf 90' lang='lat' dir='ltr'><em>tationem.</em></span> <span class='ocrx_word' id='word_1_262' title='bbox 2455 1946 2828 2009; x_wconf 87' lang='lat' dir='ltr'><em>Credibilius</em></span> <span class='ocrx_word' id='word_1_263' title='bbox 2870 1952 2985 2021; x_wconf 88' lang='lat' dir='ltr'><em>est,</em></span> <span class='ocrx_word' id='word_1_264' title='bbox 3020 1945 3083 2007; x_wconf 91' lang='lat' dir='ltr'><em>ni</em></span> <span class='ocrx_word' id='word_1_265' title='bbox 3131 1947 3341 2021; x_wconf 83' lang='lat' dir='ltr'><em>fallor,</em></span> <span class='ocrx_word' id='word_1_266' title='bbox 3402 1948 3746 2028; x_wconf 87' lang='lat' dir='ltr'><em>aliqualem</em></span> 
     </span>
    </p>
   </div>
   <div class='ocr_carea' id='block_1_44' title="bbox 2094 2043 3749 2108">
    <p class='ocr_par' dir='ltr' id='par_1_44' title="bbox 2094 2043 3749 2108">
     <span class='ocr_line' id='line_1_44' title="bbox 2094 2043 3749 2108; baseline 0.002 -4"><span class='ocrx_word' id='word_1_267' title='bbox 2094 2062 2386 2105; x_wconf 90' lang='lat' dir='ltr'><em>versuum</em></span> <span class='ocrx_word' id='word_1_268' title='bbox 2472 2050 2534 2106; x_wconf 92' lang='lat' dir='ltr'><em>et</em></span> <span class='ocrx_word' id='word_1_269' title='bbox 2617 2049 3005 2107; x_wconf 88' lang='lat' dir='ltr'><em>commatum</em></span> <span class='ocrx_word' id='word_1_270' title='bbox 3090 2043 3461 2107; x_wconf 87' lang='lat' dir='ltr'><em>divisionem</em></span> <span class='ocrx_word' id='word_1_271' title='bbox 3535 2046 3749 2108; x_wconf 88' lang='lat' dir='ltr'><em>obser-</em></span> 
     </span>
    </p>
   </div>
   <div class='ocr_carea' id='block_1_45' title="bbox 2092 2142 3739 2223">
    <p class='ocr_par' dir='ltr' id='par_1_45' title="bbox 2092 2142 3739 2223">
     <span class='ocr_line' id='line_1_45' title="bbox 2092 2142 3739 2223; baseline 0.003 -21"><span class='ocrx_word' id='word_1_272' title='bbox 2092 2158 2271 2203; x_wconf 88' lang='lat' dir='ltr'><em>vasse</em></span> <span class='ocrx_word' id='word_1_273' title='bbox 2379 2146 2621 2205; x_wconf 86' lang='lat' dir='ltr'><em>veteres</em></span> <span class='ocrx_word' id='word_1_274' title='bbox 2728 2142 2872 2204; x_wconf 90' lang='lat' dir='ltr'><em>illos</em></span> <span class='ocrx_word' id='word_1_275' title='bbox 2980 2147 3232 2205; x_wconf 67' lang='lat' dir='ltr'><em>Graecos</em></span> <span class='ocrx_word' id='word_1_276' title='bbox 3336 2142 3739 2223; x_wconf 85' lang='lat' dir='ltr'><em>interpretes,</em></span> 
     </span>
    </p>
   </div>
   <div class='ocr_carea' id='block_1_46' title="bbox 2092 2239 3741 2321">
    <p class='ocr_par' dir='ltr' id='par_1_46' title="bbox 2092 2239 3741 2321">
     <span class='ocr_line' id='line_1_46' title="bbox 2092 2239 3741 2321; baseline 0.002 -20"><span class='ocrx_word' id='word_1_277' title='bbox 2092 2239 2508 2320; x_wconf 79' lang='lat' dir='ltr'><em>Septuaginta</em></span> <span class='ocrx_word' id='word_1_278' title='bbox 2609 2240 2773 2311; x_wconf 84' lang='lat' dir='ltr'><em>dico,</em></span> <span class='ocrx_word' id='word_1_279' title='bbox 2877 2240 3200 2319; x_wconf 83' lang='lat' dir='ltr'><em>Aquilam,</em></span> <span class='ocrx_word' id='word_1_280' title='bbox 3286 2241 3741 2321; x_wconf 85' lang='lat' dir='ltr'><em>Symmachum</em></span> 
     </span>
    </p>
   </div>
   <div class='ocr_carea' id='block_1_47' title="bbox 2093 2338 3749 2419">
    <p class='ocr_par' dir='ltr' id='par_1_47' title="bbox 2093 2338 3749 2419">
     <span class='ocr_line' id='line_1_47' title="bbox 2093 2338 3749 2419; baseline 0.001 -19"><span class='ocrx_word' id='word_1_281' title='bbox 2093 2343 2155 2400; x_wconf 90' lang='lat' dir='ltr'><em>et</em></span> <span class='ocrx_word' id='word_1_282' title='bbox 2208 2338 2728 2412; x_wconf 90' lang='lat' dir='ltr'><em>Theodotionem,</em></span> <span class='ocrx_word' id='word_1_283' title='bbox 2788 2357 2979 2419; x_wconf 89' lang='lat' dir='ltr'><em>quam</em></span> <span class='ocrx_word' id='word_1_284' title='bbox 3041 2339 3304 2400; x_wconf 87' lang='lat' dir='ltr'><em>confuso</em></span> <span class='ocrx_word' id='word_1_285' title='bbox 3362 2357 3622 2419; x_wconf 86' lang='lat' dir='ltr'><em>prorsus</em></span> <span class='ocrx_word' id='word_1_286' title='bbox 3686 2345 3749 2402; x_wconf 89' lang='lat' dir='ltr'><em>et</em></span> 
     </span>
    </p>
   </div>
   <div class='ocr_carea' id='block_1_48' title="bbox 2091 2436 3747 2518">
    <p class='ocr_par' dir='ltr' id='par_1_48' title="bbox 2091 2436 3747 2518">
     <span class='ocr_line' id='line_1_48' title="bbox 2091 2436 3747 2518; baseline 0.002 -21"><span class='ocrx_word' id='word_1_287' title='bbox 2091 2436 2456 2498; x_wconf 87' lang='lat' dir='ltr'><em>indistincto</em></span> <span class='ocrx_word' id='word_1_288' title='bbox 2538 2437 2976 2518; x_wconf 89' lang='lat' dir='ltr'><em>imperitorum</em></span> <span class='ocrx_word' id='word_1_289' title='bbox 3087 2436 3468 2518; x_wconf 87' lang='lat' dir='ltr'><em>scriptorum</em></span> <span class='ocrx_word' id='word_1_290' title='bbox 3571 2456 3747 2501; x_wconf 91' lang='lat' dir='ltr'><em>more</em></span> 
     </span>
    </p>
   </div>
   <div class='ocr_carea' id='block_1_49' title="bbox 2093 2534 3744 2614">
    <p class='ocr_par' dir='ltr' id='par_1_49' title="bbox 2093 2534 3744 2614">
     <span class='ocr_line' id='line_1_49' title="bbox 2093 2534 3744 2614; baseline 0.001 -19"><span class='ocrx_word' id='word_1_291' title='bbox 2093 2552 2237 2596; x_wconf 88' lang='lat' dir='ltr'><em>suas</em></span> <span class='ocrx_word' id='word_1_292' title='bbox 2282 2535 2598 2597; x_wconf 87' lang='lat' dir='ltr'><em>versiones</em></span> <span class='ocrx_word' id='word_1_293' title='bbox 2646 2534 3022 2596; x_wconf 89' lang='lat' dir='ltr'><em>condidisse.</em></span> <span class='ocrx_word' id='word_1_294' title='bbox 3068 2536 3162 2596; x_wconf 83' lang='lat' dir='ltr'><strong>Ex</strong></span> <span class='ocrx_word' id='word_1_295' title='bbox 3214 2534 3494 2614; x_wconf 85' lang='lat' dir='ltr'><em>Josepho</em></span> <span class='ocrx_word' id='word_1_296' title='bbox 3540 2541 3744 2597; x_wconf 87' lang='lat' dir='ltr'><em>osten-</em></span> 
     </span>
    </p>
   </div>
   <div class='ocr_carea' id='block_1_50' title="bbox 2091 2632 3745 2714">
    <p class='ocr_par' dir='ltr' id='par_1_50' title="bbox 2091 2632 3745 2714">
     <span class='ocr_line' id='line_1_50' title="bbox 2091 2632 3745 2714; baseline 0.002 -21"><span class='ocrx_word' id='word_1_297' title='bbox 2091 2652 2230 2694; x_wconf 90' lang='lat' dir='ltr'><em>sum</em></span> <span class='ocrx_word' id='word_1_298' title='bbox 2280 2652 2532 2714; x_wconf 90' lang='lat' dir='ltr'><em>quoque</em></span> <span class='ocrx_word' id='word_1_299' title='bbox 2557 2639 2650 2695; x_wconf 89' lang='lat' dir='ltr'><em>est</em></span> <span class='ocrx_word' id='word_1_300' title='bbox 2678 2652 2893 2713; x_wconf 88' lang='lat' dir='ltr'><em>supra,</em></span> <span class='ocrx_word' id='word_1_301' title='bbox 2952 2632 3501 2695; x_wconf 89' lang='lat' dir='ltr'><em>consuetissimum</em></span> <span class='ocrx_word' id='word_1_302' title='bbox 3553 2633 3745 2696; x_wconf 86' lang='lat' dir='ltr'><em>fuisse</em></span> 
     </span>
    </p>
   </div>
   <div class='ocr_carea' id='block_1_51' title="bbox 2095 2731 3744 2813">
    <p class='ocr_par' dir='ltr' id='par_1_51' title="bbox 2095 2731 3744 2813">
     <span class='ocr_line' id='line_1_51' title="bbox 2095 2731 3744 2813; baseline 0 -21"><span class='ocrx_word' id='word_1_303' title='bbox 2095 2750 2332 2793; x_wconf 90' lang='lat' dir='ltr'><em>morem</em></span> <span class='ocrx_word' id='word_1_304' title='bbox 2361 2731 2533 2813; x_wconf 88' lang='lat' dir='ltr'><em>apud</em></span> <span class='ocrx_word' id='word_1_305' title='bbox 2577 2736 2818 2793; x_wconf 86' lang='lat' dir='ltr'><em>veteres</em></span> <span class='ocrx_word' id='word_1_306' title='bbox 2875 2736 3186 2805; x_wconf 84' lang='lat' dir='ltr'><em>auctores,</em></span> <span class='ocrx_word' id='word_1_307' title='bbox 3249 2736 3435 2792; x_wconf 66' lang='lat' dir='ltr'><em>relate</em></span> <span class='ocrx_word' id='word_1_308' title='bbox 3490 2738 3744 2811; x_wconf 87' lang='lat' dir='ltr'><em>aposto-</em></span> 
     </span>
    </p>
   </div>
   <div class='ocr_carea' id='block_1_52' title="bbox 2091 2829 3747 2910">
    <p class='ocr_par' dir='ltr' id='par_1_52' title="bbox 2091 2829 3747 2910">
     <span class='ocr_line' id='line_1_52' title="bbox 2091 2829 3747 2910; baseline 0 -20"><span class='ocrx_word' id='word_1_309' title='bbox 2091 2829 2167 2890; x_wconf 90' lang='lat' dir='ltr'><em>lis</em></span> <span class='ocrx_word' id='word_1_310' title='bbox 2224 2830 2521 2910; x_wconf 69' lang='lat' dir='ltr'><em>aaquales,</em></span> <span class='ocrx_word' id='word_1_311' title='bbox 2579 2848 2773 2910; x_wconf 84' lang='lat' dir='ltr'><em>opera</em></span> <span class='ocrx_word' id='word_1_312' title='bbox 2823 2829 3144 2890; x_wconf 89' lang='lat' dir='ltr'><em>dividendi</em></span> <span class='ocrx_word' id='word_1_313' title='bbox 3181 2847 3295 2908; x_wconf 89' lang='lat' dir='ltr'><em>per</em></span> <span class='ocrx_word' id='word_1_314' title='bbox 3367 2847 3606 2906; x_wconf 86' lang='lat' dir='ltr'><em>versus,</em></span> <span class='ocrx_word' id='word_1_315' title='bbox 3664 2847 3747 2890; x_wconf 90' lang='lat' dir='ltr'><em>ac</em></span> 
     </span>
    </p>
   </div>
   <div class='ocr_carea' id='block_1_53' title="bbox 2091 2924 3738 2988">
    <p class='ocr_par' dir='ltr' id='par_1_53' title="bbox 2091 2924 3738 2988">
     <span class='ocr_line' id='line_1_53' title="bbox 2091 2924 3738 2988; baseline -0.001 0"><span class='ocrx_word' id='word_1_316' title='bbox 2091 2942 2310 2988; x_wconf 87' lang='lat' dir='ltr'><em>eorum</em></span> <span class='ocrx_word' id='word_1_317' title='bbox 2394 2944 2727 2988; x_wconf 89' lang='lat' dir='ltr'><em>numerum</em></span> <span class='ocrx_word' id='word_1_318' title='bbox 2807 2925 2874 2986; x_wconf 90' lang='lat' dir='ltr'><em>in</em></span> <span class='ocrx_word' id='word_1_319' title='bbox 2957 2924 3082 2986; x_wconf 85' lang='lat' dir='ltr'><em>ﬁne</em></span> <span class='ocrx_word' id='word_1_320' title='bbox 3165 2924 3472 2986; x_wconf 90' lang='lat' dir='ltr'><em>librorum</em></span> <span class='ocrx_word' id='word_1_321' title='bbox 3546 2924 3738 2986; x_wconf 89' lang='lat' dir='ltr'><em>adno-</em></span> 
     </span>
    </p>
   </div>
   <div class='ocr_carea' id='block_1_54' title="bbox 2093 3022 3744 3106">
    <p class='ocr_par' dir='ltr' id='par_1_54' title="bbox 2093 3022 3744 3106">
     <span class='ocr_line' id='line_1_54' title="bbox 2093 3022 3744 3106; baseline -0.001 -21"><span class='ocrx_word' id='word_1_322' title='bbox 2093 3023 2293 3085; x_wconf 88' lang='lat' dir='ltr'><em>tandi.</em></span> <span class='ocrx_word' id='word_1_323' title='bbox 2349 3025 2665 3085; x_wconf 66' lang='lat' dir='ltr'><em>Prmterea</em></span> <span class='ocrx_word' id='word_1_324' title='bbox 2716 3023 2867 3084; x_wconf 88' lang='lat' dir='ltr'><em>libri</em></span> <span class='ocrx_word' id='word_1_325' title='bbox 2935 3029 3221 3106; x_wconf 74' lang='grc' dir='ltr'>στιχήρεις</span> <span class='ocrx_word' id='word_1_326' title='bbox 3277 3022 3449 3094; x_wconf 85' lang='lat' dir='ltr'><em>dicti,</em></span> <span class='ocrx_word' id='word_1_327' title='bbox 3508 3022 3572 3083; x_wconf 93' lang='lat' dir='ltr'><em>id</em></span> <span class='ocrx_word' id='word_1_328' title='bbox 3627 3027 3744 3097; x_wconf 86' lang='lat' dir='ltr'><em>est,</em></span> 
     </span>
    </p>
   </div>
   <div class='ocr_carea' id='block_1_55' title="bbox 2091 3117 3746 3199">
    <p class='ocr_par' dir='ltr' id='par_1_55' title="bbox 2091 3117 3746 3199">
     <span class='ocr_line' id='line_1_55' title="bbox 2091 3117 3746 3199; baseline 0.001 -19"><span class='ocrx_word' id='word_1_329' title='bbox 2091 3119 2226 3199; x_wconf 79' lang='lat' dir='ltr'><em>Iob,</em></span> <span class='ocrx_word' id='word_1_330' title='bbox 2340 3119 2613 3199; x_wconf 87' lang='lat' dir='ltr'><strong><em>Psalmi,</em></strong></span> <span class='ocrx_word' id='word_1_331' title='bbox 2715 3118 3085 3192; x_wconf 81' lang='lat' dir='ltr'><em>Proverbia,</em></span> <span class='ocrx_word' id='word_1_332' title='bbox 3196 3117 3609 3179; x_wconf 81' lang='lat' dir='ltr'><strong><em>Ecclesiastes</em></strong></span> <span class='ocrx_word' id='word_1_333' title='bbox 3684 3125 3746 3181; x_wconf 83' lang='lat' dir='ltr'><em>et</em></span> 
     </span>
    </p>
   </div>
   <div class='ocr_carea' id='block_1_56' title="bbox 329 3212 3742 3301">
    <p class='ocr_par' dir='ltr' id='par_1_56' title="bbox 329 3212 3742 3301">
     <span class='ocr_line' id='line_1_56' title="bbox 329 3212 3742 3301; baseline -0.003 -20"><span class='ocrx_word' id='word_1_334' title='bbox 329 3226 597 3281; x_wconf 79' lang='lat' dir='ltr'><strong><em>tomento</em></strong></span> <span class='ocrx_word' id='word_1_335' title='bbox 655 3220 817 3279; x_wconf 88' lang='lat' dir='ltr'><strong><em>idem</em></strong></span> <span class='ocrx_word' id='word_1_336' title='bbox 866 3219 1321 3301; x_wconf 73' lang='lat' dir='ltr'><strong><em>praestiterunt,</em></strong></span> <span class='ocrx_word' id='word_1_337' title='bbox 1383 3214 1552 3297; x_wconf 90' lang='lat' dir='ltr'><strong><em>quod</em></strong></span> <span class='ocrx_word' id='word_1_338' title='bbox 1633 3213 1746 3274; x_wconf 91' lang='lat' dir='ltr'><strong><em>ille</em></strong></span> <span class='ocrx_word' id='word_1_339' title='bbox 1783 3212 1978 3294; x_wconf 90' lang='lat' dir='ltr'><strong><em>prius</em></strong></span> <span class='ocrx_word' id='word_1_340' title='bbox 2008 3218 2052 3286; x_wconf 84' lang='lat' dir='ltr'><strong><em>C</em></strong></span> <span class='ocrx_word' id='word_1_341' title='bbox 2099 3216 2437 3280; x_wconf 74' lang='lat' dir='ltr'><strong><em>Canticum</em></strong></span> <span class='ocrx_word' id='word_1_342' title='bbox 2518 3218 2925 3298; x_wconf 66' lang='lat' dir='ltr'><strong><em>canticorum,</em></strong></span> <span class='ocrx_word' id='word_1_343' title='bbox 3004 3217 3284 3279; x_wconf 72' lang='lat' dir='ltr'><em>versibus</em></span> <span class='ocrx_word' id='word_1_344' title='bbox 3385 3218 3466 3279; x_wconf 75' lang='lat' dir='ltr'><em>ab</em></span> <span class='ocrx_word' id='word_1_345' title='bbox 3560 3217 3742 3279; x_wconf 74' lang='lat' dir='ltr'><em>initio</em></span> 
     </span>
    </p>
   </div>
   <div class='ocr_carea' id='block_1_57' title="bbox 326 3313 1979 3390">
    <p class='ocr_par' dir='ltr' id='par_1_57' title="bbox 326 3313 1979 3390">
     <span class='ocr_line' id='line_1_57' title="bbox 326 3313 1979 3390; baseline -0.006 -13"><span class='ocrx_word' id='word_1_346' title='bbox 326 3322 566 3384; x_wconf 85' lang='lat' dir='ltr'><strong><em>fecerat</em></strong></span> <span class='ocrx_word' id='word_1_347' title='bbox 619 3318 684 3376; x_wconf 88' lang='lat' dir='ltr'><em>in</em></span> <span class='ocrx_word' id='word_1_348' title='bbox 781 3314 992 3377; x_wconf 84' lang='lat' dir='ltr'><strong><em>Vetere</em></strong></span> <span class='ocrx_word' id='word_1_349' title='bbox 1046 3314 1495 3390; x_wconf 86' lang='lat' dir='ltr'><strong><em>Instrumenta,</em></strong></span> <span class='ocrx_word' id='word_1_350' title='bbox 1572 3316 1640 3370; x_wconf 85' lang='lat' dir='ltr'><em>ut</em></span> <span class='ocrx_word' id='word_1_351' title='bbox 1713 3313 1979 3368; x_wconf 85' lang='lat' dir='ltr'><strong><em>testatur</em></strong></span> 
     </span>
    </p>
   </div>
   <div class='ocr_carea' id='block_1_58' title="bbox 329 3406 1974 3488">
    <p class='ocr_par' dir='ltr' id='par_1_58' title="bbox 329 3406 1974 3488">
     <span class='ocr_line' id='line_1_58' title="bbox 329 3406 1974 3488; baseline -0.005 -14"><span class='ocrx_word' id='word_1_352' title='bbox 329 3414 691 3485; x_wconf 77' lang='lat' dir='ltr'><strong><em>Hesychius</em></strong></span> <span class='ocrx_word' id='word_1_353' title='bbox 771 3411 1397 3488; x_wconf 76' lang='lat' dir='ltr'><strong><em>Hierosolymitanus</em></strong></span> <span class='ocrx_word' id='word_1_354' title='bbox 1463 3409 1530 3469; x_wconf 89' lang='lat' dir='ltr'><em>in</em></span> <span class='ocrx_word' id='word_1_355' title='bbox 1588 3406 1752 3469; x_wconf 88' lang='lat' dir='ltr'><em>libro</em></span> <span class='ocrx_word' id='word_1_356' title='bbox 1800 3426 1974 3487; x_wconf 88' lang='lat' dir='ltr'><strong><em>quem</em></strong></span> 
     </span>
    </p>
   </div>
   <div class='ocr_carea' id='block_1_59' title="bbox 329 3505 1972 3594">
    <p class='ocr_par' dir='ltr' id='par_1_59' title="bbox 329 3505 1972 3594">
     <span class='ocr_line' id='line_1_59' title="bbox 329 3505 1972 3594; baseline -0.004 -23"><span class='ocrx_word' id='word_1_357' title='bbox 329 3512 660 3594; x_wconf 79' lang='lat' dir='ltr'><strong><em>inscripsit</em></strong></span> <span class='ocrx_word' id='word_1_358' title='bbox 741 3519 1021 3594; x_wconf 75' lang='grc' dir='ltr'><em>Στςχηρὸν</em></span> <span class='ocrx_word' id='word_1_359' title='bbox 1100 3509 1428 3571; x_wconf 88' lang='lat' dir='ltr'><strong><em>duodecim</em></strong></span> <span class='ocrx_word' id='word_1_360' title='bbox 1502 3505 1972 3590; x_wconf 79' lang='lat' dir='ltr'><strong><em>prophetarum.</em></strong></span> 
     </span>
    </p>
   </div>
   <div class='ocr_carea' id='block_1_60' title="bbox 335 3603 1978 3691">
    <p class='ocr_par' dir='ltr' id='par_1_60' title="bbox 335 3603 1978 3691">
     <span class='ocr_line' id='line_1_60' title="bbox 335 3603 1978 3691; baseline -0.005 -20"><span class='ocrx_word' id='word_1_361' title='bbox 335 3609 537 3689; x_wconf 84' lang='lat' dir='ltr'><strong><em>Quem</em></strong></span> <span class='ocrx_word' id='word_1_362' title='bbox 564 3609 814 3691; x_wconf 87' lang='lat' dir='ltr'><strong><em>quidem</em></strong></span> <span class='ocrx_word' id='word_1_363' title='bbox 845 3608 1079 3670; x_wconf 89' lang='lat' dir='ltr'><strong><em>librum</em></strong></span> <span class='ocrx_word' id='word_1_364' title='bbox 1112 3608 1251 3669; x_wconf 88' lang='lat' dir='ltr'><strong><em>ideo</em></strong></span> <span class='ocrx_word' id='word_1_365' title='bbox 1281 3608 1376 3668; x_wconf 89' lang='lat' dir='ltr'><em>sic</em></span> <span class='ocrx_word' id='word_1_366' title='bbox 1430 3606 1780 3688; x_wconf 88' lang='lat' dir='ltr'><strong><em>inscripsit,</em></strong></span> <span class='ocrx_word' id='word_1_367' title='bbox 1809 3603 1978 3685; x_wconf 90' lang='lat' dir='ltr'><strong><em>quod</em></strong></span> 
     </span>
    </p>
   </div>
   <div class='ocr_carea' id='block_1_61' title="bbox 327 3706 1974 3790">
    <p class='ocr_par' dir='ltr' id='par_1_61' title="bbox 327 3706 1974 3790">
     <span class='ocr_line' id='line_1_61' title="bbox 327 3706 1974 3790; baseline -0.004 -21"><span class='ocrx_word' id='word_1_368' title='bbox 327 3709 413 3769; x_wconf 89' lang='lat' dir='ltr'><em>ad</em></span> <span class='ocrx_word' id='word_1_369' title='bbox 509 3708 861 3789; x_wconf 88' lang='lat' dir='ltr'><strong><em>marginem</em></strong></span> <span class='ocrx_word' id='word_1_370' title='bbox 943 3706 1380 3790; x_wconf 12' lang='lat' dir='ltr'><strong><em>singulorum.</em></strong></span> <span class='ocrx_word' id='word_1_371' title='bbox 1424 3724 1711 3765; x_wconf 85' lang='lat' dir='ltr'><strong><em>versuum</em></strong></span> <span class='ocrx_word' id='word_1_372' title='bbox 1786 3711 1974 3784; x_wconf 89' lang='lat' dir='ltr'><strong><em>appo-</em></strong></span> 
     </span>
    </p>
   </div>
   <div class='ocr_carea' id='block_1_62' title="bbox 324 3800 1970 3888">
    <p class='ocr_par' dir='ltr' id='par_1_62' title="bbox 324 3800 1970 3888">
     <span class='ocr_line' id='line_1_62' title="bbox 324 3800 1970 3888; baseline -0.004 -22"><span class='ocrx_word' id='word_1_373' title='bbox 324 3813 536 3867; x_wconf 73' lang='lat' dir='ltr'><strong><em>suerat</em></strong></span> <span class='ocrx_word' id='word_1_374' title='bbox 646 3806 1087 3888; x_wconf 77' lang='lat' dir='ltr'><strong><em>expositionem</em></strong></span> <span class='ocrx_word' id='word_1_375' title='bbox 1200 3804 1476 3866; x_wconf 87' lang='lat' dir='ltr'><strong><em>locorum</em></strong></span> <span class='ocrx_word' id='word_1_376' title='bbox 1567 3800 1970 3881; x_wconf 71' lang='lat' dir='ltr'><strong><em>difficilium,</em></strong></span> 
     </span>
    </p>
   </div>
   <div class='ocr_carea' id='block_1_63' title="bbox 322 3900 1969 3987">
    <p class='ocr_par' dir='ltr' id='par_1_63' title="bbox 322 3900 1969 3987">
     <span class='ocr_line' id='line_1_63' title="bbox 322 3900 1969 3987; baseline -0.005 -22"><span class='ocrx_word' id='word_1_377' title='bbox 322 3905 490 3985; x_wconf 84' lang='lat' dir='ltr'><strong><em>quod</em></strong></span> <span class='ocrx_word' id='word_1_378' title='bbox 589 3911 972 3987; x_wconf 75' lang='grc' dir='ltr'>παρατίθεσθαι</span> <span class='ocrx_word' id='word_1_379' title='bbox 1032 3910 1091 3963; x_wconf 92' lang='lat' dir='ltr'><em>et</em></span> <span class='ocrx_word' id='word_1_380' title='bbox 1145 3910 1435 3986; x_wconf 78' lang='grc' dir='ltr'><em>παράθεσιν</em></span> <span class='ocrx_word' id='word_1_381' title='bbox 1551 3900 1680 3982; x_wconf 87' lang='lat' dir='ltr'><strong><em>ipse</em></strong></span> <span class='ocrx_word' id='word_1_382' title='bbox 1774 3903 1969 3959; x_wconf 85' lang='lat' dir='ltr'><strong><em>vocat.</em></strong></span> 
     </span>
    </p>
   </div>
   <div class='ocr_carea' id='block_1_64' title="bbox 344 3999 1968 4081">
    <p class='ocr_par' dir='ltr' id='par_1_64' title="bbox 344 3999 1968 4081">
     <span class='ocr_line' id='line_1_64' title="bbox 344 3999 1968 4081; baseline -0.004 -17"><span class='ocrx_word' id='word_1_383' title='bbox 344 4002 535 4065; x_wconf 79' lang='lat' dir='ltr'><strong><em>Verba</em></strong></span> <span class='ocrx_word' id='word_1_384' title='bbox 618 4002 933 4078; x_wconf 73' lang='lat' dir='ltr'><strong><em>Hesychii</em></strong></span> <span class='ocrx_word' id='word_1_385' title='bbox 984 4008 1134 4081; x_wconf 87' lang='lat' dir='ltr'><strong><em>sunt</em></strong></span> <span class='ocrx_word' id='word_1_386' title='bbox 1191 3999 1356 4061; x_wconf 66' lang='lat' dir='ltr'><em>haec:</em></span> <span class='ocrx_word' id='word_1_387' title='bbox 1416 4010 1572 4066; x_wconf 82' lang='grc' dir='ltr'>Ἔστι</span> <span class='ocrx_word' id='word_1_388' title='bbox 1607 4004 1701 4079; x_wconf 75' lang='grc' dir='ltr'>μὶν</span> <span class='ocrx_word' id='word_1_389' title='bbox 1739 4004 1968 4079; x_wconf 79' lang='grc' dir='ltr'>ἀρχαῖον</span> 
     </span>
    </p>
   </div>
   <div class='ocr_carea' id='block_1_65' title="bbox 317 4097 1973 4185">
    <p class='ocr_par' dir='ltr' id='par_1_65' title="bbox 317 4097 1973 4185">
     <span class='ocr_line' id='line_1_65' title="bbox 317 4097 1973 4185; baseline -0.005 -22"><span class='ocrx_word' id='word_1_390' title='bbox 317 4112 480 4163; x_wconf 83' lang='grc' dir='ltr'><em>τοῦτο</em></span> <span class='ocrx_word' id='word_1_391' title='bbox 508 4112 625 4171; x_wconf 82' lang='grc' dir='ltr'><em>τοῖς</em></span> <span class='ocrx_word' id='word_1_392' title='bbox 684 4108 969 4185; x_wconf 77' lang='grc' dir='ltr'>θεοφόροις</span> <span class='ocrx_word' id='word_1_393' title='bbox 1010 4106 1073 4161; x_wconf 82' lang='grc' dir='ltr'><em>τὸ</em></span> <span class='ocrx_word' id='word_1_394' title='bbox 1126 4101 1470 4178; x_wconf 79' lang='grc' dir='ltr'>σπούδασμα,</span> <span class='ocrx_word' id='word_1_395' title='bbox 1503 4097 1765 4177; x_wconf 77' lang='grc' dir='ltr'>στιχηδὸν</span> <span class='ocrx_word' id='word_1_396' title='bbox 1800 4101 1876 4163; x_wconf 85' lang='grc' dir='ltr'><em>ὡς</em></span> <span class='ocrx_word' id='word_1_397' title='bbox 1903 4101 1973 4156; x_wconf 79' lang='grc' dir='ltr'><em>τὰ</em></span> 
     </span>
    </p>
   </div>
   <div class='ocr_carea' id='block_1_66' title="bbox 317 4197 1968 4281">
    <p class='ocr_par' dir='ltr' id='par_1_66' title="bbox 317 4197 1968 4281">
     <span class='ocr_line' id='line_1_66' title="bbox 317 4197 1968 4281; baseline -0.002 -24"><span class='ocrx_word' id='word_1_398' title='bbox 317 4202 506 4259; x_wconf 73' lang='grc' dir='ltr'><em>πολλὰ</em></span> <span class='ocrx_word' id='word_1_399' title='bbox 555 4205 691 4281; x_wconf 84' lang='grc' dir='ltr'>πρὸς</span> <span class='ocrx_word' id='word_1_400' title='bbox 744 4204 845 4273; x_wconf 83' lang='grc' dir='ltr'><em>τήν</em></span> <span class='ocrx_word' id='word_1_401' title='bbox 896 4207 1003 4257; x_wconf 83' lang='grc' dir='ltr'>τῶν</span> <span class='ocrx_word' id='word_1_402' title='bbox 1053 4201 1448 4276; x_wconf 70' lang='grc' dir='ltr'><em>μελετωμινων</em></span> <span class='ocrx_word' id='word_1_403' title='bbox 1508 4201 1822 4279; x_wconf 73' lang='grc' dir='ltr'>σαφήνειαν,</span> <span class='ocrx_word' id='word_1_404' title='bbox 1874 4197 1968 4260; x_wconf 78' lang='grc' dir='ltr'><em>τὰς</em></span> 
     </span>
    </p>
   </div>
   <div class='ocr_carea' id='block_1_67' title="bbox 319 4290 1971 4376">
    <p class='ocr_par' dir='ltr' id='par_1_67' title="bbox 319 4290 1971 4376">
     <span class='ocr_line' id='line_1_67' title="bbox 319 4290 1971 4376; baseline -0.004 -19"><span class='ocrx_word' id='word_1_405' title='bbox 319 4301 655 4376; x_wconf 78' lang='grc' dir='ltr'><em>προφητείας</em></span> <span class='ocrx_word' id='word_1_406' title='bbox 686 4300 1011 4371; x_wconf 71' lang='grc' dir='ltr'><em>ἐντίθεσθαι,</em></span> <span class='ocrx_word' id='word_1_407' title='bbox 1060 4299 1201 4373; x_wconf 87' lang='lat' dir='ltr'><strong><em>etc.,</em></strong></span> <span class='ocrx_word' id='word_1_408' title='bbox 1234 4312 1366 4374; x_wconf 61' lang='lat' dir='ltr'><strong><em>qum</em></strong></span> <span class='ocrx_word' id='word_1_409' title='bbox 1411 4291 1632 4352; x_wconf 79' lang='lat' dir='ltr'><strong><em>Latine</em></strong></span> <span class='ocrx_word' id='word_1_410' title='bbox 1688 4290 1777 4350; x_wconf 88' lang='lat' dir='ltr'><em>ita</em></span> <span class='ocrx_word' id='word_1_411' title='bbox 1829 4290 1971 4351; x_wconf 88' lang='lat' dir='ltr'><strong><em>red-</em></strong></span> 
     </span>
    </p>
   </div>
   <div class='ocr_carea' id='block_1_68' title="bbox 315 4387 1968 4473">
    <p class='ocr_par' dir='ltr' id='par_1_68' title="bbox 315 4387 1968 4473">
     <span class='ocr_line' id='line_1_68' title="bbox 315 4387 1968 4473; baseline -0.002 -21"><span class='ocrx_word' id='word_1_412' title='bbox 315 4392 527 4452; x_wconf 83' lang='lat' dir='ltr'><strong><em>dimus</em></strong></span> <span class='ocrx_word' id='word_1_413' title='bbox 564 4413 576 4454; x_wconf 93' lang='lat'><em>:</em></span> <span class='ocrx_word' id='word_1_414' title='bbox 614 4393 840 4453; x_wconf 88' lang='lat' dir='ltr'><em>Libros</em></span> <span class='ocrx_word' id='word_1_415' title='bbox 915 4390 1321 4473; x_wconf 87' lang='lat' dir='ltr'><em>propheticos</em></span> <span class='ocrx_word' id='word_1_416' title='bbox 1383 4388 1639 4468; x_wconf 88' lang='lat' dir='ltr'><em>majoris</em></span> <span class='ocrx_word' id='word_1_417' title='bbox 1722 4387 1968 4468; x_wconf 86' lang='lat' dir='ltr'><em>perspi-</em></span> 
     </span>
    </p>
   </div>
   <div class='ocr_carea' id='block_1_69' title="bbox 315 4486 1963 4571">
    <p class='ocr_par' dir='ltr' id='par_1_69' title="bbox 315 4486 1963 4571">
     <span class='ocr_line' id='line_1_69' title="bbox 315 4486 1963 4571; baseline -0.002 -21"><span class='ocrx_word' id='word_1_418' title='bbox 315 4491 565 4552; x_wconf 88' lang='lat' dir='ltr'><em>cuitatis</em></span> <span class='ocrx_word' id='word_1_419' title='bbox 646 4509 838 4552; x_wconf 89' lang='lat' dir='ltr'><em>causa</em></span> <span class='ocrx_word' id='word_1_420' title='bbox 919 4508 1033 4571; x_wconf 83' lang='lat' dir='ltr'><em>per</em></span> <span class='ocrx_word' id='word_1_421' title='bbox 1117 4506 1414 4550; x_wconf 89' lang='lat' dir='ltr'><em>versuum</em></span> <span class='ocrx_word' id='word_1_422' title='bbox 1473 4487 1614 4548; x_wconf 90' lang='lat' dir='ltr'><em>cola</em></span> <span class='ocrx_word' id='word_1_423' title='bbox 1661 4486 1963 4559; x_wconf 90' lang='lat' dir='ltr'><em>dividere,</em></span> 
     </span>
    </p>
   </div>
   <div class='ocr_carea' id='block_1_70' title="bbox 2086 3315 3739 3396">
    <p class='ocr_par' dir='ltr' id='par_1_70' title="bbox 2086 3315 3739 3396">
     <span class='ocr_line' id='line_1_70' title="bbox 2086 3315 3739 3396; baseline -0.001 -19"><span class='ocrx_word' id='word_1_424' title='bbox 2086 3317 2425 3396; x_wconf 89' lang='lat' dir='ltr'><em>conscripti</em></span> <span class='ocrx_word' id='word_1_425' title='bbox 2454 3321 2623 3377; x_wconf 86' lang='lat' dir='ltr'><em>sunt.</em></span> <span class='ocrx_word' id='word_1_426' title='bbox 2668 3316 2846 3377; x_wconf 91' lang='lat' dir='ltr'><em>Unde</em></span> <span class='ocrx_word' id='word_1_427' title='bbox 2902 3315 3157 3376; x_wconf 86' lang='lat' dir='ltr'><em>evidens</em></span> <span class='ocrx_word' id='word_1_428' title='bbox 3214 3315 3495 3394; x_wconf 83' lang='lat' dir='ltr'><em>exsurgit</em></span> <span class='ocrx_word' id='word_1_429' title='bbox 3550 3334 3739 3395; x_wconf 81' lang='lat' dir='ltr'><em>argu-</em></span> 
     </span>
    </p>
   </div>
   <div class='ocr_carea' id='block_1_71' title="bbox 2089 3413 3734 3493">
    <p class='ocr_par' dir='ltr' id='par_1_71' title="bbox 2089 3413 3734 3493">
     <span class='ocr_line' id='line_1_71' title="bbox 2089 3413 3734 3493; baseline 0.001 -18"><span class='ocrx_word' id='word_1_430' title='bbox 2089 3421 2391 3488; x_wconf 88' lang='lat' dir='ltr'><em>mentum,</em></span> <span class='ocrx_word' id='word_1_431' title='bbox 2455 3414 2628 3493; x_wconf 93' lang='lat' dir='ltr'><em>quod</em></span> <span class='ocrx_word' id='word_1_432' title='bbox 2680 3413 2746 3474; x_wconf 93' lang='lat' dir='ltr'><em>in</em></span> <span class='ocrx_word' id='word_1_433' title='bbox 2801 3413 2927 3475; x_wconf 89' lang='lat' dir='ltr'><em>illis</em></span> <span class='ocrx_word' id='word_1_434' title='bbox 3000 3414 3224 3474; x_wconf 89' lang='lat' dir='ltr'><em>saltem</em></span> <span class='ocrx_word' id='word_1_435' title='bbox 3273 3413 3451 3475; x_wconf 87' lang='lat' dir='ltr'><em>libris</em></span> <span class='ocrx_word' id='word_1_436' title='bbox 3508 3413 3734 3477; x_wconf 87' lang='lat' dir='ltr'><em>divisio</em></span> 
     </span>
    </p>
   </div>
   <div class='ocr_carea' id='block_1_72' title="bbox 2084 3510 3732 3590">
    <p class='ocr_par' dir='ltr' id='par_1_72' title="bbox 2084 3510 3732 3590">
     <span class='ocr_line' id='line_1_72' title="bbox 2084 3510 3732 3590; baseline 0.001 -18"><span class='ocrx_word' id='word_1_437' title='bbox 2084 3531 2377 3575; x_wconf 88' lang='lat' dir='ltr'><em>versuum</em></span> <span class='ocrx_word' id='word_1_438' title='bbox 2416 3512 2741 3574; x_wconf 91' lang='lat' dir='ltr'><em>inventum</em></span> <span class='ocrx_word' id='word_1_439' title='bbox 2799 3511 3086 3590; x_wconf 90' lang='lat' dir='ltr'><em>Origenis</em></span> <span class='ocrx_word' id='word_1_440' title='bbox 3116 3510 3339 3573; x_wconf 88' lang='lat' dir='ltr'><em>haberi</em></span> <span class='ocrx_word' id='word_1_441' title='bbox 3370 3511 3732 3574; x_wconf 85' lang='lat' dir='ltr'><em>nullatenus</em></span> 
     </span>
    </p>
   </div>
   <div class='ocr_carea' id='block_1_73' title="bbox 2083 3611 3725 3684">
    <p class='ocr_par' dir='ltr' id='par_1_73' title="bbox 2083 3611 3725 3684">
     <span class='ocr_line' id='line_1_73' title="bbox 2083 3611 3725 3684; baseline -0.001 -10"><span class='ocrx_word' id='word_1_442' title='bbox 2083 3613 2290 3674; x_wconf 89' lang='lat' dir='ltr'><em>debet.</em></span> <span class='ocrx_word' id='word_1_443' title='bbox 2375 3612 2567 3674; x_wconf 89' lang='lat' dir='ltr'><em>Plura</em></span> <span class='ocrx_word' id='word_1_444' title='bbox 2622 3616 2770 3673; x_wconf 87' lang='lat' dir='ltr'><em>sunt</em></span> <span class='ocrx_word' id='word_1_445' title='bbox 2848 3611 2913 3672; x_wconf 90' lang='lat' dir='ltr'><em>in</em></span> <span class='ocrx_word' id='word_1_446' title='bbox 3000 3611 3412 3673; x_wconf 87' lang='lat' dir='ltr'><em>adnotatione</em></span> <span class='ocrx_word' id='word_1_447' title='bbox 3468 3611 3725 3684; x_wconf 87' lang='lat' dir='ltr'><em>Valesii,</em></span> 
     </span>
    </p>
   </div>
   <div class='ocr_carea' id='block_1_74' title="bbox 2084 3707 3743 3790">
    <p class='ocr_par' dir='ltr' id='par_1_74' title="bbox 2084 3707 3743 3790">
     <span class='ocr_line' id='line_1_74' title="bbox 2084 3707 3743 3790; baseline -0.001 -19"><span class='ocrx_word' id='word_1_448' title='bbox 2084 3711 2401 3790; x_wconf 64' lang='lat' dir='ltr'><em>praecipue</em></span> <span class='ocrx_word' id='word_1_449' title='bbox 2474 3711 2833 3772; x_wconf 59' lang='lat' dir='ltr'><em>Graecorum</em></span> <span class='ocrx_word' id='word_1_450' title='bbox 2881 3708 3218 3769; x_wconf 90' lang='lat' dir='ltr'><em>verborum</em></span> <span class='ocrx_word' id='word_1_451' title='bbox 3270 3707 3563 3789; x_wconf 86' lang='lat' dir='ltr'><em>Hesychii</em></span> <span class='ocrx_word' id='word_1_452' title='bbox 3645 3709 3743 3770; x_wconf 88' lang='lat' dir='ltr'><em>in-</em></span> 
     </span>
    </p>
   </div>
   <div class='ocr_carea' id='block_1_75' title="bbox 2086 3807 3734 3888">
    <p class='ocr_par' dir='ltr' id='par_1_75' title="bbox 2086 3807 3734 3888">
     <span class='ocr_line' id='line_1_75' title="bbox 2086 3807 3734 3888; baseline -0.001 -20"><span class='ocrx_word' id='word_1_453' title='bbox 2086 3808 2598 3888; x_wconf 84' lang='lat' dir='ltr'><em>terpretationem</em></span> <span class='ocrx_word' id='word_1_454' title='bbox 2658 3807 3032 3886; x_wconf 88' lang='lat' dir='ltr'><em>spectantia,</em></span> <span class='ocrx_word' id='word_1_455' title='bbox 3110 3825 3254 3886; x_wconf 74' lang='lat' dir='ltr'><em>qum</em></span> <span class='ocrx_word' id='word_1_456' title='bbox 3341 3807 3734 3868; x_wconf 89' lang='lat' dir='ltr'><em>eruditorum</em></span> 
     </span>
    </p>
   </div>
   <div class='ocr_carea' id='block_1_76' title="bbox 2073 3904 3734 3985">
    <p class='ocr_par' dir='ltr' id='par_1_76' title="bbox 2073 3904 3734 3985">
     <span class='ocr_line' id='line_1_76' title="bbox 2073 3904 3734 3985; baseline -0.002 -18"><span class='ocrx_word' id='word_1_457' title='bbox 2073 3906 2315 3985; x_wconf 89' lang='lat' dir='ltr'><em>judicio</em></span> <span class='ocrx_word' id='word_1_458' title='bbox 2395 3904 2839 3985; x_wconf 86' lang='lat' dir='ltr'><em>permittimus.</em></span> <span class='ocrx_word' id='word_1_459' title='bbox 2898 3908 3172 3965; x_wconf 87' lang='lat' dir='ltr'><em>Tantum</em></span> <span class='ocrx_word' id='word_1_460' title='bbox 3249 3904 3457 3965; x_wconf 90' lang='lat' dir='ltr'><em>dicam</em></span> <span class='ocrx_word' id='word_1_461' title='bbox 3538 3906 3734 3985; x_wconf 89' lang='lat' dir='ltr'><em>Hesy-</em></span> 
     </span>
    </p>
   </div>
   <div class='ocr_carea' id='block_1_77' title="bbox 2082 3997 3734 4083">
    <p class='ocr_par' dir='ltr' id='par_1_77' title="bbox 2082 3997 3734 4083">
     <span class='ocr_line' id='line_1_77' title="bbox 2082 3997 3734 4083; baseline -0.002 -18"><span class='ocrx_word' id='word_1_462' title='bbox 2082 4004 2293 4065; x_wconf 91' lang='lat' dir='ltr'><em>chium</em></span> <span class='ocrx_word' id='word_1_463' title='bbox 2324 4004 2611 4083; x_wconf 89' lang='lat' dir='ltr'><em>apposite</em></span> <span class='ocrx_word' id='word_1_464' title='bbox 2664 4022 2883 4064; x_wconf 87' lang='lat' dir='ltr'><em>versus</em></span> <span class='ocrx_word' id='word_1_465' title='bbox 2941 4002 3294 4082; x_wconf 87' lang='lat' dir='ltr'><em>appellasse</em></span> <span class='ocrx_word' id='word_1_466' title='bbox 3323 3997 3574 4075; x_wconf 80' lang='grc' dir='ltr'>στίχους,</span> <span class='ocrx_word' id='word_1_467' title='bbox 3608 4021 3734 4063; x_wconf 92' lang='lat' dir='ltr'><em>non</em></span> 
     </span>
    </p>
   </div>
   <div class='ocr_carea' id='block_1_78' title="bbox 2077 4100 3740 4179">
    <p class='ocr_par' dir='ltr' id='par_1_78' title="bbox 2077 4100 3740 4179">
     <span class='ocr_line' id='line_1_78' title="bbox 2077 4100 3740 4179; baseline -0.002 -15"><span class='ocrx_word' id='word_1_468' title='bbox 2077 4106 2253 4179; x_wconf 82' lang='grc' dir='ltr'>κῶλα,</span> <span class='ocrx_word' id='word_1_469' title='bbox 2278 4108 2348 4163; x_wconf 90' lang='lat' dir='ltr'><em>ut</em></span> <span class='ocrx_word' id='word_1_470' title='bbox 2401 4101 2604 4163; x_wconf 87' lang='lat' dir='ltr'><em>voluit</em></span> <span class='ocrx_word' id='word_1_471' title='bbox 2658 4100 2949 4165; x_wconf 81' lang='lat' dir='ltr'><em>Valesius</em></span> <span class='ocrx_word' id='word_1_472' title='bbox 3006 4100 3186 4161; x_wconf 84' lang='lat' dir='ltr'><strong><em>colon</em></strong></span> <span class='ocrx_word' id='word_1_473' title='bbox 3243 4101 3410 4162; x_wconf 91' lang='lat' dir='ltr'><em>enim</em></span> <span class='ocrx_word' id='word_1_474' title='bbox 3467 4100 3740 4163; x_wconf 89' lang='lat' dir='ltr'><em>sumitur</em></span> 
     </span>
    </p>
   </div>
   <div class='ocr_carea' id='block_1_79' title="bbox 2079 4201 3730 4282">
    <p class='ocr_par' dir='ltr' id='par_1_79' title="bbox 2079 4201 3730 4282">
     <span class='ocr_line' id='line_1_79' title="bbox 2079 4201 3730 4282; baseline -0.001 -18"><span class='ocrx_word' id='word_1_475' title='bbox 2079 4203 2249 4282; x_wconf 89' lang='lat' dir='ltr'><em>apud</em></span> <span class='ocrx_word' id='word_1_476' title='bbox 2313 4202 2766 4282; x_wconf 85' lang='lat' dir='ltr'><em>Hieronymum</em></span> <span class='ocrx_word' id='word_1_477' title='bbox 2841 4220 2956 4282; x_wconf 90' lang='lat' dir='ltr'><em>pro</em></span> <span class='ocrx_word' id='word_1_478' title='bbox 3059 4201 3376 4264; x_wconf 89' lang='lat' dir='ltr'><em>sententia</em></span> <span class='ocrx_word' id='word_1_479' title='bbox 3458 4202 3730 4282; x_wconf 89' lang='lat' dir='ltr'><em>integra,</em></span> 
     </span>
    </p>
   </div>
   <div class='ocr_carea' id='block_1_80' title="bbox 2078 4297 3737 4379">
    <p class='ocr_par' dir='ltr' id='par_1_80' title="bbox 2078 4297 3737 4379">
     <span class='ocr_line' id='line_1_80' title="bbox 2078 4297 3737 4379; baseline -0.001 -18"><span class='ocrx_word' id='word_1_480' title='bbox 2078 4319 2221 4379; x_wconf 64' lang='lat' dir='ltr'><em>quas</em></span> <span class='ocrx_word' id='word_1_481' title='bbox 2251 4299 2499 4361; x_wconf 90' lang='lat' dir='ltr'><em>duobus</em></span> <span class='ocrx_word' id='word_1_482' title='bbox 2556 4299 2654 4360; x_wconf 91' lang='lat' dir='ltr'><em>vel</em></span> <span class='ocrx_word' id='word_1_483' title='bbox 2701 4299 2901 4361; x_wconf 89' lang='lat' dir='ltr'><em>tribus</em></span> <span class='ocrx_word' id='word_1_484' title='bbox 2930 4299 3107 4361; x_wconf 67' lang='lat' dir='ltr'><em>caesis</em></span> <span class='ocrx_word' id='word_1_485' title='bbox 3137 4300 3416 4361; x_wconf 88' lang='lat' dir='ltr'><em>decurrit</em></span> <span class='ocrx_word' id='word_1_486' title='bbox 3442 4298 3506 4361; x_wconf 89' lang='lat' dir='ltr'><em>in</em></span> <span class='ocrx_word' id='word_1_487' title='bbox 3538 4297 3737 4360; x_wconf 83' lang='lat' dir='ltr'><em>sacris</em></span> 
     </span>
    </p>
   </div>
   <div class='ocr_carea' id='block_1_81' title="bbox 2076 4393 3735 4474">
    <p class='ocr_par' dir='ltr' id='par_1_81' title="bbox 2076 4393 3735 4474">
     <span class='ocr_line' id='line_1_81' title="bbox 2076 4393 3735 4474; baseline -0.001 -18"><span class='ocrx_word' id='word_1_488' title='bbox 2076 4397 2300 4459; x_wconf 89' lang='lat' dir='ltr'><em>libris:</em></span> <span class='ocrx_word' id='word_1_489' title='bbox 2361 4393 2552 4469; x_wconf 82' lang='grc' dir='ltr'>στίχος</span> <span class='ocrx_word' id='word_1_490' title='bbox 2598 4414 2749 4458; x_wconf 88' lang='lat' dir='ltr'><em>vero</em></span> <span class='ocrx_word' id='word_1_491' title='bbox 2825 4396 3057 4457; x_wconf 88' lang='lat' dir='ltr'><em>dicitur</em></span> <span class='ocrx_word' id='word_1_492' title='bbox 3111 4396 3441 4474; x_wconf 88' lang='lat' dir='ltr'><em>quodlibet</em></span> <span class='ocrx_word' id='word_1_493' title='bbox 3496 4413 3735 4457; x_wconf 62' lang='lat' dir='ltr'><em>caesum</em></span> 
     </span>
    </p>
   </div>
   <div class='ocr_carea' id='block_1_82' title="bbox 2074 4491 3742 4573">
    <p class='ocr_par' dir='ltr' id='par_1_82' title="bbox 2074 4491 3742 4573">
     <span class='ocr_line' id='line_1_82' title="bbox 2074 4491 3742 4573; baseline -0.002 -18"><span class='ocrx_word' id='word_1_494' title='bbox 2074 4494 2221 4571; x_wconf 88' lang='lat' dir='ltr'><em>coli,</em></span> <span class='ocrx_word' id='word_1_495' title='bbox 2301 4500 2364 4555; x_wconf 91' lang='lat' dir='ltr'><em>et</em></span> <span class='ocrx_word' id='word_1_496' title='bbox 2433 4493 2737 4573; x_wconf 72' lang='lat' dir='ltr'><em>quaelibet</em></span> <span class='ocrx_word' id='word_1_497' title='bbox 2810 4491 3255 4554; x_wconf 88' lang='lat' dir='ltr'><em>subdistinctio</em></span> <span class='ocrx_word' id='word_1_498' title='bbox 3319 4493 3383 4551; x_wconf 90' lang='lat' dir='ltr'><em>in</em></span> <span class='ocrx_word' id='word_1_499' title='bbox 3462 4491 3742 4570; x_wconf 86' lang='lat' dir='ltr'><em>periodis</em></span> 
     </span>
    </p>
   </div>
   <div class='ocr_carea' id='block_1_83' title="bbox 314 4586 3740 4668">
    <p class='ocr_par' dir='ltr' id='par_1_83' title="bbox 314 4586 3740 4668">
     <span class='ocr_line' id='line_1_83' title="bbox 314 4586 3740 4668; baseline -0.002 -12"><span class='ocrx_word' id='word_1_500' title='bbox 314 4594 494 4649; x_wconf 75' lang='lat' dir='ltr'><em>Vetus</em></span> <span class='ocrx_word' id='word_1_501' title='bbox 523 4588 851 4649; x_wconf 76' lang='lat' dir='ltr'><em>inventum</em></span> <span class='ocrx_word' id='word_1_502' title='bbox 908 4595 1002 4648; x_wconf 73' lang='lat' dir='ltr'><em>est</em></span> <span class='ocrx_word' id='word_1_503' title='bbox 1050 4593 1418 4649; x_wconf 66' lang='lat' dir='ltr'><em>Sanctorum</em></span> <span class='ocrx_word' id='word_1_504' title='bbox 1473 4587 1756 4647; x_wconf 66' lang='lat' dir='ltr'><em>Patrum.</em></span> <span class='ocrx_word' id='word_1_505' title='bbox 1808 4586 1964 4646; x_wconf 77' lang='lat' dir='ltr'><em>Nam</em></span> <span class='ocrx_word' id='word_1_506' title='bbox 1997 4593 2045 4659; x_wconf 92' lang='lat' dir='ltr'><strong>D</strong></span> <span class='ocrx_word' id='word_1_507' title='bbox 2077 4610 2463 4654; x_wconf 86' lang='lat' dir='ltr'><em>sermonum.</em></span> <span class='ocrx_word' id='word_1_508' title='bbox 2524 4594 2677 4652; x_wconf 82' lang='lat' dir='ltr'><em>Rem</em></span> <span class='ocrx_word' id='word_1_509' title='bbox 2713 4589 3020 4668; x_wconf 84' lang='lat' dir='ltr'><em>exemplis</em></span> <span class='ocrx_word' id='word_1_510' title='bbox 3079 4589 3475 4651; x_wconf 84' lang='lat' dir='ltr'><em>manifestam</em></span> <span class='ocrx_word' id='word_1_511' title='bbox 3525 4589 3740 4651; x_wconf 86' lang='lat' dir='ltr'><em>facere</em></span> 
     </span>
    </p>
   </div>
   <div class='ocr_carea' id='block_1_84' title="bbox 314 4683 1962 4762">
    <p class='ocr_par' dir='ltr' id='par_1_84' title="bbox 314 4683 1962 4762">
     <span class='ocr_line' id='line_1_84' title="bbox 314 4683 1962 4762; baseline 0 -17"><span class='ocrx_word' id='word_1_512' title='bbox 314 4685 491 4747; x_wconf 90' lang='lat' dir='ltr'><em>initio</em></span> <span class='ocrx_word' id='word_1_513' title='bbox 592 4686 725 4748; x_wconf 89' lang='lat' dir='ltr'><em>sine</em></span> <span class='ocrx_word' id='word_1_514' title='bbox 824 4686 956 4747; x_wconf 90' lang='lat' dir='ltr'><em>ulla</em></span> <span class='ocrx_word' id='word_1_515' title='bbox 1066 4684 1475 4746; x_wconf 89' lang='lat' dir='ltr'><em>distinctione</em></span> <span class='ocrx_word' id='word_1_516' title='bbox 1560 4683 1962 4762; x_wconf 86' lang='lat' dir='ltr'><em>legebantur.</em></span> 
     </span>
    </p>
   </div>
   <div class='ocr_carea' id='block_1_85' title="bbox 315 4780 1965 4846">
    <p class='ocr_par' dir='ltr' id='par_1_85' title="bbox 315 4780 1965 4846">
     <span class='ocr_line' id='line_1_85' title="bbox 315 4780 1965 4846; baseline -0.001 -1"><span class='ocrx_word' id='word_1_517' title='bbox 315 4786 545 4845; x_wconf 81' lang='lat' dir='ltr'><em>Postea</em></span> <span class='ocrx_word' id='word_1_518' title='bbox 573 4802 720 4845; x_wconf 86' lang='lat' dir='ltr'><em>vero</em></span> <span class='ocrx_word' id='word_1_519' title='bbox 751 4784 865 4845; x_wconf 90' lang='lat' dir='ltr'><em>viri</em></span> <span class='ocrx_word' id='word_1_520' title='bbox 897 4784 1067 4845; x_wconf 90' lang='lat' dir='ltr'><em>docti</em></span> <span class='ocrx_word' id='word_1_521' title='bbox 1116 4790 1179 4846; x_wconf 92' lang='lat' dir='ltr'><em>et</em></span> <span class='ocrx_word' id='word_1_522' title='bbox 1205 4801 1531 4846; x_wconf 87' lang='lat' dir='ltr'><em>sacrarum</em></span> <span class='ocrx_word' id='word_1_523' title='bbox 1584 4780 1965 4843; x_wconf 89' lang='lat' dir='ltr'><em>Litterarum</em></span> 
     </span>
    </p>
   </div>
   <div class='ocr_carea' id='block_1_86' title="bbox 317 4879 1964 4962">
    <p class='ocr_par' dir='ltr' id='par_1_86' title="bbox 317 4879 1964 4962">
     <span class='ocr_line' id='line_1_86' title="bbox 317 4879 1964 4962; baseline -0.001 -19"><span class='ocrx_word' id='word_1_524' title='bbox 317 4882 605 4953; x_wconf 90' lang='lat' dir='ltr'><em>studiosi,</em></span> <span class='ocrx_word' id='word_1_525' title='bbox 660 4882 939 4962; x_wconf 83' lang='lat' dir='ltr'><em>majoris,</em></span> <span class='ocrx_word' id='word_1_526' title='bbox 972 4889 1041 4944; x_wconf 89' lang='lat' dir='ltr'><em>ut</em></span> <span class='ocrx_word' id='word_1_527' title='bbox 1073 4881 1225 4955; x_wconf 84' lang='lat' dir='ltr'><em>dixi,</em></span> <span class='ocrx_word' id='word_1_528' title='bbox 1261 4879 1723 4959; x_wconf 89' lang='lat' dir='ltr'><em>perspicuitatis</em></span> <span class='ocrx_word' id='word_1_529' title='bbox 1752 4897 1964 4960; x_wconf 89' lang='lat' dir='ltr'><em>causa,</em></span> 
     </span>
    </p>
   </div>
   <div class='ocr_carea' id='block_1_87' title="bbox 315 4977 1966 5059">
    <p class='ocr_par' dir='ltr' id='par_1_87' title="bbox 315 4977 1966 5059">
     <span class='ocr_line' id='line_1_87' title="bbox 315 4977 1966 5059; baseline -0.002 -17"><span class='ocrx_word' id='word_1_530' title='bbox 315 4980 684 5059; x_wconf 87' lang='lat' dir='ltr'><em>hujusmodi</em></span> <span class='ocrx_word' id='word_1_531' title='bbox 738 4998 1036 5041; x_wconf 89' lang='lat' dir='ltr'><em>versuum</em></span> <span class='ocrx_word' id='word_1_532' title='bbox 1096 4979 1567 5041; x_wconf 88' lang='lat' dir='ltr'><em>distinctionem</em></span> <span class='ocrx_word' id='word_1_533' title='bbox 1646 4977 1966 5056; x_wconf 83' lang='lat' dir='ltr'><em>excogita-</em></span> 
     </span>
    </p>
   </div>
   <div class='ocr_carea' id='block_1_88' title="bbox 317 5074 1964 5157">
    <p class='ocr_par' dir='ltr' id='par_1_88' title="bbox 317 5074 1964 5157">
     <span class='ocr_line' id='line_1_88' title="bbox 317 5074 1964 5157; baseline -0.002 -18"><span class='ocrx_word' id='word_1_534' title='bbox 317 5083 484 5139; x_wconf 91' lang='lat' dir='ltr'><em>runt.</em></span> <span class='ocrx_word' id='word_1_535' title='bbox 544 5080 641 5140; x_wconf 88' lang='lat' dir='ltr'><em>Ita</em></span> <span class='ocrx_word' id='word_1_536' title='bbox 695 5077 1159 5157; x_wconf 85' lang='lat' dir='ltr'><em>Prophetarum</em></span> <span class='ocrx_word' id='word_1_537' title='bbox 1185 5075 1329 5137; x_wconf 89' lang='lat' dir='ltr'><em>libri</em></span> <span class='ocrx_word' id='word_1_538' title='bbox 1359 5075 1439 5136; x_wconf 88' lang='lat' dir='ltr'><em>ab</em></span> <span class='ocrx_word' id='word_1_539' title='bbox 1468 5075 1593 5136; x_wconf 90' lang='lat' dir='ltr'><em>illis</em></span> <span class='ocrx_word' id='word_1_540' title='bbox 1618 5074 1769 5135; x_wconf 88' lang='lat' dir='ltr'><em>editi</em></span> <span class='ocrx_word' id='word_1_541' title='bbox 1798 5080 1964 5135; x_wconf 89' lang='lat' dir='ltr'><em>sunt.</em></span> 
     </span>
    </p>
   </div>
   <div class='ocr_carea' id='block_1_89' title="bbox 316 5172 1969 5248">
    <p class='ocr_par' dir='ltr' id='par_1_89' title="bbox 316 5172 1969 5248">
     <span class='ocr_line' id='line_1_89' title="bbox 316 5172 1969 5248; baseline -0.004 -9"><span class='ocrx_word' id='word_1_542' title='bbox 316 5177 420 5239; x_wconf 90' lang='lat' dir='ltr'><em>Sic</em></span> <span class='ocrx_word' id='word_1_543' title='bbox 448 5175 702 5238; x_wconf 85' lang='lat' dir='ltr'><em>Davidis</em></span> <span class='ocrx_word' id='word_1_544' title='bbox 732 5173 1015 5248; x_wconf 88' lang='lat' dir='ltr'><em>Psalmi;</em></span> <span class='ocrx_word' id='word_1_545' title='bbox 1065 5174 1153 5235; x_wconf 91' lang='lat' dir='ltr'><em>sic</em></span> <span class='ocrx_word' id='word_1_546' title='bbox 1206 5172 1571 5246; x_wconf 90' lang='lat' dir='ltr'><em>Proverbia,</em></span> <span class='ocrx_word' id='word_1_547' title='bbox 1631 5178 1694 5234; x_wconf 89' lang='lat' dir='ltr'><em>et</em></span> <span class='ocrx_word' id='word_1_548' title='bbox 1748 5172 1969 5233; x_wconf 87' lang='lat' dir='ltr'><em>Eccle-</em></span> 
     </span>
    </p>
   </div>
   <div class='ocr_carea' id='block_1_90' title="bbox 314 5270 1970 5349">
    <p class='ocr_par' dir='ltr' id='par_1_90' title="bbox 314 5270 1970 5349">
     <span class='ocr_line' id='line_1_90' title="bbox 314 5270 1970 5349; baseline -0.004 -14"><span class='ocrx_word' id='word_1_549' title='bbox 314 5274 557 5349; x_wconf 88' lang='lat' dir='ltr'><em>siastes,</em></span> <span class='ocrx_word' id='word_1_550' title='bbox 619 5280 682 5335; x_wconf 92' lang='lat' dir='ltr'><em>et</em></span> <span class='ocrx_word' id='word_1_551' title='bbox 738 5272 1066 5334; x_wconf 87' lang='lat' dir='ltr'><em>Canticum</em></span> <span class='ocrx_word' id='word_1_552' title='bbox 1153 5271 1567 5333; x_wconf 87' lang='lat' dir='ltr'><em>canticorum.</em></span> <span class='ocrx_word' id='word_1_553' title='bbox 1653 5270 1755 5332; x_wconf 90' lang='lat' dir='ltr'><em>Sic</em></span> <span class='ocrx_word' id='word_1_554' title='bbox 1810 5270 1970 5330; x_wconf 91' lang='lat' dir='ltr'><em>liber</em></span> 
     </span>
    </p>
   </div>
   <div class='ocr_carea' id='block_1_91' title="bbox 311 5368 1969 5454">
    <p class='ocr_par' dir='ltr' id='par_1_91' title="bbox 311 5368 1969 5454">
     <span class='ocr_line' id='line_1_91' title="bbox 311 5368 1969 5454; baseline -0.004 -19"><span class='ocrx_word' id='word_1_555' title='bbox 311 5372 457 5435; x_wconf 89' lang='lat' dir='ltr'><em>Jobi</em></span> <span class='ocrx_word' id='word_1_556' title='bbox 509 5390 623 5454; x_wconf 90' lang='lat' dir='ltr'><em>per</em></span> <span class='ocrx_word' id='word_1_557' title='bbox 676 5389 893 5432; x_wconf 89' lang='lat' dir='ltr'><em>versus</em></span> <span class='ocrx_word' id='word_1_558' title='bbox 941 5369 1277 5430; x_wconf 83' lang='lat' dir='ltr'><em>distinctus</em></span> <span class='ocrx_word' id='word_1_559' title='bbox 1333 5368 1668 5448; x_wconf 86' lang='lat' dir='ltr'><em>reperitur.</em></span> <span class='ocrx_word' id='word_1_560' title='bbox 1755 5368 1877 5428; x_wconf 93' lang='lat' dir='ltr'><em>Sed</em></span> <span class='ocrx_word' id='word_1_561' title='bbox 1907 5374 1969 5430; x_wconf 89' lang='lat' dir='ltr'><em>et</em></span> 
     </span>
    </p>
   </div>
   <div class='ocr_carea' id='block_1_92' title="bbox 316 5466 1967 5549">
    <p class='ocr_par' dir='ltr' id='par_1_92' title="bbox 316 5466 1967 5549">
     <span class='ocr_line' id='line_1_92' title="bbox 316 5466 1967 5549; baseline -0.001 -19"><span class='ocrx_word' id='word_1_562' title='bbox 316 5472 549 5531; x_wconf 87' lang='lat' dir='ltr'><em>librum</em></span> <span class='ocrx_word' id='word_1_563' title='bbox 630 5469 1088 5549; x_wconf 87' lang='lat' dir='ltr'><em>Apostolicum,</em></span> <span class='ocrx_word' id='word_1_564' title='bbox 1147 5466 1213 5527; x_wconf 93' lang='lat' dir='ltr'><em>id</em></span> <span class='ocrx_word' id='word_1_565' title='bbox 1264 5473 1380 5539; x_wconf 89' lang='lat' dir='ltr'><em>est,</em></span> <span class='ocrx_word' id='word_1_566' title='bbox 1440 5470 1635 5527; x_wconf 85' lang='lat' dir='ltr'><em>Actus</em></span> <span class='ocrx_word' id='word_1_567' title='bbox 1708 5474 1772 5528; x_wconf 92' lang='lat' dir='ltr'><em>et</em></span> <span class='ocrx_word' id='word_1_568' title='bbox 1825 5467 1967 5546; x_wconf 90' lang='lat' dir='ltr'><em>Epi-</em></span> 
     </span>
    </p>
   </div>
   <div class='ocr_carea' id='block_1_93' title="bbox 317 5562 1969 5646">
    <p class='ocr_par' dir='ltr' id='par_1_93' title="bbox 317 5562 1969 5646">
     <span class='ocr_line' id='line_1_93' title="bbox 317 5562 1969 5646; baseline -0.001 -20"><span class='ocrx_word' id='word_1_569' title='bbox 317 5565 510 5627; x_wconf 88' lang='lat' dir='ltr'><em>stolas</em></span> <span class='ocrx_word' id='word_1_570' title='bbox 583 5564 1014 5646; x_wconf 88' lang='lat' dir='ltr'><em>apostolorum</em></span> <span class='ocrx_word' id='word_1_571' title='bbox 1064 5563 1186 5624; x_wconf 87' lang='lat' dir='ltr'><em>hoc</em></span> <span class='ocrx_word' id='word_1_572' title='bbox 1244 5562 1433 5623; x_wconf 92' lang='lat' dir='ltr'><em>modo</em></span> <span class='ocrx_word' id='word_1_573' title='bbox 1517 5562 1597 5623; x_wconf 88' lang='lat' dir='ltr'><em>ab</em></span> <span class='ocrx_word' id='word_1_574' title='bbox 1654 5562 1969 5643; x_wconf 84' lang='lat' dir='ltr'><em>aliquibus</em></span> 
     </span>
    </p>
   </div>
   <div class='ocr_carea' id='block_1_94' title="bbox 319 5659 1967 5743">
    <p class='ocr_par' dir='ltr' id='par_1_94' title="bbox 319 5659 1967 5743">
     <span class='ocr_line' id='line_1_94' title="bbox 319 5659 1967 5743; baseline -0.001 -19"><span class='ocrx_word' id='word_1_575' title='bbox 319 5663 705 5743; x_wconf 88' lang='lat' dir='ltr'><em>descriptum</em></span> <span class='ocrx_word' id='word_1_576' title='bbox 749 5663 983 5726; x_wconf 90' lang='lat' dir='ltr'><em>inveni.</em></span> <span class='ocrx_word' id='word_1_577' title='bbox 1040 5659 1394 5742; x_wconf 81' lang='lat' dir='ltr'><strong><em>Subjungit</em></strong></span> <span class='ocrx_word' id='word_1_578' title='bbox 1474 5659 1701 5721; x_wconf 90' lang='lat' dir='ltr'><strong><em>deinde</em></strong></span> <span class='ocrx_word' id='word_1_579' title='bbox 1755 5660 1967 5740; x_wconf 69' lang='lat' dir='ltr'><strong><em>Hesy-</em></strong></span> 
     </span>
    </p>
   </div>
   <div class='ocr_carea' id='block_1_95' title="bbox 2069 4684 3745 4770">
    <p class='ocr_par' dir='ltr' id='par_1_95' title="bbox 2069 4684 3745 4770">
     <span class='ocr_line' id='line_1_95' title="bbox 2069 4684 3745 4770; baseline -0.003 -19"><span class='ocrx_word' id='word_1_580' title='bbox 2069 4690 2342 4770; x_wconf 86' lang='lat' dir='ltr'><em>juvabit.</em></span> <span class='ocrx_word' id='word_1_581' title='bbox 2400 4687 2692 4749; x_wconf 90' lang='lat' dir='ltr'><em>Psalmus</em></span> <span class='ocrx_word' id='word_1_582' title='bbox 2741 4705 2762 4747; x_wconf 86' lang='grc' dir='ltr'><em>ι</em></span> <span class='ocrx_word' id='word_1_583' title='bbox 2846 4686 3011 4746; x_wconf 89' lang='lat' dir='ltr'><em>hanc</em></span> <span class='ocrx_word' id='word_1_584' title='bbox 3067 4685 3292 4747; x_wconf 87' lang='lat' dir='ltr'><em>habuit</em></span> <span class='ocrx_word' id='word_1_585' title='bbox 3377 4684 3745 4764; x_wconf 87' lang='lat' dir='ltr'><em>antiquitus</em></span> 
     </span>
    </p>
   </div>
   <div class='ocr_carea' id='block_1_96' title="bbox 2080 4782 3740 4865">
    <p class='ocr_par' dir='ltr' id='par_1_96' title="bbox 2080 4782 3740 4865">
     <span class='ocr_line' id='line_1_96' title="bbox 2080 4782 3740 4865; baseline -0.002 -17"><span class='ocrx_word' id='word_1_586' title='bbox 2080 4806 2371 4849; x_wconf 88' lang='lat' dir='ltr'><em>versuum</em></span> <span class='ocrx_word' id='word_1_587' title='bbox 2451 4784 2925 4865; x_wconf 87' lang='lat' dir='ltr'><em>dispositionem</em></span> <span class='ocrx_word' id='word_1_588' title='bbox 2992 4802 3067 4844; x_wconf 88' lang='lat' dir='ltr'><em>ac</em></span> <span class='ocrx_word' id='word_1_589' title='bbox 3134 4782 3605 4845; x_wconf 86' lang='lat' dir='ltr'><em>distinctionem</em></span> <span class='ocrx_word' id='word_1_590' title='bbox 3674 4784 3740 4844; x_wconf 90' lang='lat' dir='ltr'><em>in</em></span> 
     </span>
    </p>
   </div>
   <div class='ocr_carea' id='block_1_97' title="bbox 2075 4882 3484 4947">
    <p class='ocr_par' dir='ltr' id='par_1_97' title="bbox 2075 4882 3484 4947">
     <span class='ocr_line' id='line_1_97' title="bbox 2075 4882 3484 4947; baseline -0.004 0"><span class='ocrx_word' id='word_1_591' title='bbox 2075 4883 2517 4947; x_wconf 86' lang='lat' dir='ltr'><em>vetustissimis</em></span> <span class='ocrx_word' id='word_1_592' title='bbox 2566 4882 2983 4945; x_wconf 90' lang='lat' dir='ltr'><em>Ecclesiarum</em></span> <span class='ocrx_word' id='word_1_593' title='bbox 3020 4882 3484 4943; x_wconf 88' lang='lat' dir='ltr'><em>monumentis:</em></span> 
     </span>
    </p>
   </div>
   <div class='ocr_carea' id='block_1_98' title="bbox 2154 4986 3739 5062">
    <p class='ocr_par' dir='ltr' id='par_1_98' title="bbox 2154 4986 3739 5062">
     <span class='ocr_line' id='line_1_98' title="bbox 2154 4986 3739 5062; baseline -0.003 -15"><span class='ocrx_word' id='word_1_594' title='bbox 2154 4992 2371 5048; x_wconf 88' lang='lat' dir='ltr'><em>Beatus</em></span> <span class='ocrx_word' id='word_1_595' title='bbox 2395 4988 2753 5062; x_wconf 84' lang='lat' dir='ltr'><em>virquinon</em></span> <span class='ocrx_word' id='word_1_596' title='bbox 2805 4987 2953 5044; x_wconf 88' lang='lat' dir='ltr'><em>abiit</em></span> <span class='ocrx_word' id='word_1_597' title='bbox 2981 4987 3040 5043; x_wconf 89' lang='lat' dir='ltr'><em>in</em></span> <span class='ocrx_word' id='word_1_598' title='bbox 3088 4986 3336 5062; x_wconf 79' lang='lat' dir='ltr'><em>concilio</em></span> <span class='ocrx_word' id='word_1_599' title='bbox 3393 4987 3739 5062; x_wconf 87' lang='lat' dir='ltr'><em>impiorum,</em></span> 
     </span>
    </p>
   </div>
   <div class='ocr_carea' id='block_1_99' title="bbox 2221 5058 3378 5125">
    <p class='ocr_par' dir='ltr' id='par_1_99' title="bbox 2221 5058 3378 5125">
     <span class='ocr_line' id='line_1_99' title="bbox 2221 5058 3378 5125; baseline -0.004 -6"><span class='ocrx_word' id='word_1_600' title='bbox 2221 5068 2279 5119; x_wconf 90' lang='lat' dir='ltr'><em>et</em></span> <span class='ocrx_word' id='word_1_601' title='bbox 2324 5062 2383 5117; x_wconf 88' lang='lat' dir='ltr'><em>in</em></span> <span class='ocrx_word' id='word_1_602' title='bbox 2442 5058 2549 5117; x_wconf 63' lang='lat' dir='ltr'><em>via&#39;</em></span> <span class='ocrx_word' id='word_1_603' title='bbox 2590 5064 2964 5125; x_wconf 88' lang='lat' dir='ltr'><em>peccatorum</em></span> <span class='ocrx_word' id='word_1_604' title='bbox 3023 5075 3140 5115; x_wconf 89' lang='lat' dir='ltr'><em>non</em></span> <span class='ocrx_word' id='word_1_605' title='bbox 3194 5058 3378 5125; x_wconf 88' lang='lat' dir='ltr'><em>stetit,</em></span> 
     </span>
    </p>
   </div>
   <div class='ocr_carea' id='block_1_100' title="bbox 2221 5129 3423 5204">
    <p class='ocr_par' dir='ltr' id='par_1_100' title="bbox 2221 5129 3423 5204">
     <span class='ocr_line' id='line_1_100' title="bbox 2221 5129 3423 5204; baseline -0.002 -15"><span class='ocrx_word' id='word_1_606' title='bbox 2221 5140 2279 5189; x_wconf 90' lang='lat' dir='ltr'><em>et</em></span> <span class='ocrx_word' id='word_1_607' title='bbox 2308 5134 2367 5189; x_wconf 88' lang='lat' dir='ltr'><em>in</em></span> <span class='ocrx_word' id='word_1_608' title='bbox 2399 5129 2702 5204; x_wconf 14' lang='lat' dir='ltr'><em>cathedra,</em></span> <span class='ocrx_word' id='word_1_609' title='bbox 2734 5129 3081 5204; x_wconf 64' lang='lat' dir='ltr'><em>pestilentia</em></span> <span class='ocrx_word' id='word_1_610' title='bbox 3103 5147 3219 5204; x_wconf 85' lang='lat' dir='ltr'><em>non</em></span> <span class='ocrx_word' id='word_1_611' title='bbox 3252 5131 3423 5187; x_wconf 87' lang='lat' dir='ltr'><em>sedit.</em></span> 
     </span>
    </p>
   </div>
   <div class='ocr_carea' id='block_1_101' title="bbox 2153 5202 3286 5277">
    <p class='ocr_par' dir='ltr' id='par_1_101' title="bbox 2153 5202 3286 5277">
     <span class='ocr_line' id='line_1_101' title="bbox 2153 5202 3286 5277; baseline -0.003 -17"><span class='ocrx_word' id='word_1_612' title='bbox 2153 5206 2265 5261; x_wconf 89' lang='lat' dir='ltr'><em>Sed</em></span> <span class='ocrx_word' id='word_1_613' title='bbox 2299 5205 2359 5260; x_wconf 91' lang='lat' dir='ltr'><em>in</em></span> <span class='ocrx_word' id='word_1_614' title='bbox 2383 5204 2509 5277; x_wconf 85' lang='lat' dir='ltr'><em>lege</em></span> <span class='ocrx_word' id='word_1_615' title='bbox 2543 5202 2774 5259; x_wconf 79' lang='lat' dir='ltr'><em>Domini</em></span> <span class='ocrx_word' id='word_1_616' title='bbox 2804 5202 3079 5277; x_wconf 78' lang='lat' dir='ltr'><em>voluntas</em></span> <span class='ocrx_word' id='word_1_617' title='bbox 3109 5202 3239 5277; x_wconf 76' lang='lat' dir='ltr'><em>ejus</em></span> <span class='ocrx_word' id='word_1_618' title='bbox 3272 5219 3286 5257; x_wconf 93' lang='lat'><em>:</em></span> 
     </span>
    </p>
   </div>
   <div class='ocr_carea' id='block_1_102' title="bbox 2219 5273 3541 5349">
    <p class='ocr_par' dir='ltr' id='par_1_102' title="bbox 2219 5273 3541 5349">
     <span class='ocr_line' id='line_1_102' title="bbox 2219 5273 3541 5349; baseline -0.002 -17"><span class='ocrx_word' id='word_1_619' title='bbox 2219 5282 2279 5333; x_wconf 89' lang='lat' dir='ltr'><em>et</em></span> <span class='ocrx_word' id='word_1_620' title='bbox 2306 5277 2367 5332; x_wconf 90' lang='lat' dir='ltr'><em>in</em></span> <span class='ocrx_word' id='word_1_621' title='bbox 2397 5273 2524 5349; x_wconf 73' lang='lat' dir='ltr'><em>lege</em></span> <span class='ocrx_word' id='word_1_622' title='bbox 2554 5277 2684 5348; x_wconf 89' lang='lat' dir='ltr'><em>ejus</em></span> <span class='ocrx_word' id='word_1_623' title='bbox 2714 5274 3103 5331; x_wconf 86' lang='lat' dir='ltr'><em>meditabitur</em></span> <span class='ocrx_word' id='word_1_624' title='bbox 3131 5273 3225 5329; x_wconf 88' lang='lat' dir='ltr'><em>die</em></span> <span class='ocrx_word' id='word_1_625' title='bbox 3256 5290 3321 5330; x_wconf 87' lang='lat' dir='ltr'><em>ao</em></span> <span class='ocrx_word' id='word_1_626' title='bbox 3351 5277 3541 5333; x_wconf 83' lang='lat' dir='ltr'><em>nocte.</em></span> 
     </span>
    </p>
   </div>
   <div class='ocr_carea' id='block_1_103' title="bbox 2155 5368 3735 5444">
    <p class='ocr_par' dir='ltr' id='par_1_103' title="bbox 2155 5368 3735 5444">
     <span class='ocr_line' id='line_1_103' title="bbox 2155 5368 3735 5444; baseline -0.003 -9"><span class='ocrx_word' id='word_1_627' title='bbox 2155 5376 2293 5435; x_wconf 91' lang='lat' dir='ltr'><em>Duo</em></span> <span class='ocrx_word' id='word_1_628' title='bbox 2321 5375 2409 5435; x_wconf 91' lang='lat' dir='ltr'><em>ibi</em></span> <span class='ocrx_word' id='word_1_629' title='bbox 2448 5379 2599 5435; x_wconf 90' lang='lat' dir='ltr'><em>sunt</em></span> <span class='ocrx_word' id='word_1_630' title='bbox 2628 5368 2807 5443; x_wconf 80' lang='grc' dir='ltr'>κῶλα,</span> <span class='ocrx_word' id='word_1_631' title='bbox 2868 5372 2931 5434; x_wconf 92' lang='lat' dir='ltr'><em>id</em></span> <span class='ocrx_word' id='word_1_632' title='bbox 3002 5379 3097 5434; x_wconf 90' lang='lat' dir='ltr'><em>est</em></span> <span class='ocrx_word' id='word_1_633' title='bbox 3169 5373 3312 5433; x_wconf 75' lang='lat' dir='ltr'><em>dum</em></span> <span class='ocrx_word' id='word_1_634' title='bbox 3385 5370 3735 5444; x_wconf 61' lang='lat' dir='ltr'><em>sententias,</em></span> 
     </span>
    </p>
   </div>
   <div class='ocr_carea' id='block_1_104' title="bbox 2078 5467 3729 5551">
    <p class='ocr_par' dir='ltr' id='par_1_104' title="bbox 2078 5467 3729 5551">
     <span class='ocr_line' id='line_1_104' title="bbox 2078 5467 3729 5551; baseline -0.003 -18"><span class='ocrx_word' id='word_1_635' title='bbox 2078 5471 2253 5551; x_wconf 90' lang='lat' dir='ltr'><em>prior</em></span> <span class='ocrx_word' id='word_1_636' title='bbox 2316 5471 2723 5543; x_wconf 86' lang='lat' dir='ltr'><em>trimembris,</em></span> <span class='ocrx_word' id='word_1_637' title='bbox 2787 5477 2850 5534; x_wconf 91' lang='lat' dir='ltr'><em>et</em></span> <span class='ocrx_word' id='word_1_638' title='bbox 2933 5470 3244 5550; x_wconf 87' lang='lat' dir='ltr'><em>posterior</em></span> <span class='ocrx_word' id='word_1_639' title='bbox 3317 5467 3729 5530; x_wconf 87' lang='lat' dir='ltr'><em>bimembris:</em></span> 
     </span>
    </p>
   </div>
   <div class='ocr_carea' id='block_1_105' title="bbox 2078 5562 3732 5649">
    <p class='ocr_par' dir='ltr' id='par_1_105' title="bbox 2078 5562 3732 5649">
     <span class='ocr_line' id='line_1_105' title="bbox 2078 5562 3732 5649; baseline -0.009 -18"><span class='ocrx_word' id='word_1_640' title='bbox 2078 5569 2358 5649; x_wconf 89' lang='lat' dir='ltr'><em>quinque</em></span> <span class='ocrx_word' id='word_1_641' title='bbox 2428 5574 2640 5630; x_wconf 89' lang='lat' dir='ltr'><em>autem</em></span> <span class='ocrx_word' id='word_1_642' title='bbox 2697 5568 2983 5630; x_wconf 88' lang='lat' dir='ltr'><em>membra</em></span> <span class='ocrx_word' id='word_1_643' title='bbox 3066 5573 3128 5629; x_wconf 88' lang='lat' dir='ltr'><em>et</em></span> <span class='ocrx_word' id='word_1_644' title='bbox 3211 5565 3490 5647; x_wconf 90' lang='lat' dir='ltr'><em>quinque</em></span> <span class='ocrx_word' id='word_1_645' title='bbox 3549 5562 3732 5640; x_wconf 80' lang='grc' dir='ltr'><em>στίχοι</em></span> 
     </span>
    </p>
   </div>
   <div class='ocr_carea' id='block_1_106' title="bbox 2074 5661 3737 5747">
    <p class='ocr_par' dir='ltr' id='par_1_106' title="bbox 2074 5661 3737 5747">
     <span class='ocr_line' id='line_1_106' title="bbox 2074 5661 3737 5747; baseline -0.003 -18"><span class='ocrx_word' id='word_1_646' title='bbox 2074 5685 2186 5730; x_wconf 88' lang='lat' dir='ltr'><em>seu</em></span> <span class='ocrx_word' id='word_1_647' title='bbox 2264 5685 2483 5729; x_wconf 84' lang='lat' dir='ltr'><em>versus</em></span> <span class='ocrx_word' id='word_1_648' title='bbox 2553 5666 2959 5747; x_wconf 88' lang='lat' dir='ltr'><em>Hesychiani,</em></span> <span class='ocrx_word' id='word_1_649' title='bbox 3038 5663 3153 5744; x_wconf 89' lang='lat' dir='ltr'><em>qui</em></span> <span class='ocrx_word' id='word_1_650' title='bbox 3235 5661 3504 5743; x_wconf 84' lang='lat' dir='ltr'><em>singulis</em></span> <span class='ocrx_word' id='word_1_651' title='bbox 3588 5675 3737 5725; x_wconf 86' lang='lat' dir='ltr'><em>sen-</em></span> 
     </span>
    </p>
   </div>
  </div>
