4060 6190
257 294 350 354 137

1626 290 2241 355 PROLEGOMENA.

3526 305 3644 368 138

253 423 485 485 tentiolis
534 427 596 484 et
648 423 832 484 lineis
910 424 1401 484 constituuntur.
1492 430 1564 486 In
1649 443 1863 486 exem-
1893 432 1946 496 Α
1975 427 2250 487 cutionis
2280 434 2414 488 arte
2444 430 2838 505 traduntur;
2900 441 2963 495 et
3001 434 3229 496 iterum
3283 436 3476 515 paulo
3536 437 3636 497 in-

252 522 490 600 plaribus
568 521 872 581 Canonis
916 521 1239 582 Hebraicre
1346 523 1625 584 veritatis
1728 521 1867 582 cola

251 637 455 697 semper
507 618 821 696 incipiunt
878 619 958 680 ab
1013 638 1139 680 una
1195 619 1408 681 littera
1485 620 1863 700 majuscula,

251 718 434 795 sapius
461 717 655 776 etiam
715 716 1023 777 miniata:
1084 714 1267 789 στίχοι
1329 737 1439 779 seu
1500 738 1714 780 versus
1772 719 1865 779 in-

250 814 682 874 discriminatim
717 833 754 874 a
787 814 1031 876 minuta
1082 815 1292 876 littera
1340 817 1438 876 vel
1487 817 1862 896 maiuscula,

250 910 388 989 juxta
461 930 701 972 morem
759 914 1125 993 quarumvis
1180 915 1582 994 scriptorum,
1643 922 1704 976 et
1762 933 1863 975 eo-

247 1028 353 1070 rum
395 1017 779 1088 temporum,
859 1011 1085 1089 quibus
1135 1012 1278 1072 libri
1333 1013 1634 1092 descripti
1689 1019 1856 1074 sunt.

246 1111 298 1167 In
340 1107 633 1168 Psalterio
690 1128 746 1168 v.
800 1129 863 1187 g.
926 1112 1290 1170 monasterii
1371 1111 1855 1183 Sen-Germani,

243 1209 383 1286 cujus
435 1227 690 1268 usuram
750 1208 1044 1270 habuisse
1126 1210 1358 1271 dicitur
1430 1211 1860 1271 sanctissimus

244 1306 460 1366 antistes
521 1306 914 1378 Parisiensis,
973 1326 1046 1367 ac
1101 1315 1409 1387 patronus
1459 1315 1692 1382 noster,
1764 1309 1858 1369 lit-

241 1410 359 1463 teras
433 1423 654 1464 omnes
736 1404 1186 1465 versiculorum
1262 1405 1535 1466 initiales
1620 1406 1856 1485 ubique

240 1503 485 1561 visuntur
569 1503 868 1580 aequales,
954 1503 1104 1582 quia
1177 1503 1482 1564 universae
1574 1505 1855 1565 unciales

239 1607 357 1659 sunt
379 1599 503 1660 sive
537 1601 904 1677 majusculae
935 1619 1046 1679 per
1079 1606 1281 1662 totum
1320 1608 1686 1662 contextum
1721 1620 1735 1661 :
1766 1602 1854 1662 sic

241 1697 372 1756 enim
400 1697 665 1774 legimus
695 1696 863 1757 Psal.
900 1716 920 1756 1
956 1716 970 1757 :

299 1838 421 1882 lDRO
476 1839 596 1884 NON
654 1841 729 1883 RB
789 1838 1020 1884 URGENT
1093 1840 1242 1884 IIPII
1322 1841 1386 1884 IN
1442 1840 1693 1896 JUDICIO,
1753 1841 1848 1884 NE-

1960 1794 2392 1859 distinctiones
2453 1817 2467 1860 :

239 1919 330 1968 QUE
385 1920 760 1965 PECCATORBS
830 1920 889 1963 IN
965 1919 1238 1964 CONCILIO
1299 1921 1628 1975 JUSTORUM,
1704 1920 1852 1972 QUO-

236 1998 355 2041 l'llAM
416 2000 590 2045 NOVIT
649 2001 914 2045 DOMINUS
983 2001 1131 2043 VIAM
1204 1999 1509 2047 JUBTOBUM
1572 2003 1647 2046 ΕΤ
1715 2002 1852 2046 ITER

237 2076 494 2124 IIPIOBUI
540 2081 803 2125 PEBIBIT.

288 2190 496 2248 Contra
552 2196 830 2269 quatuor
867 2187 985 2249 hos
1040 2186 1288 2261 στίχους,
1364 2189 1427 2249 id
1487 2195 1600 2261 est,
1634 2209 1853 2251 versus

227 2285 274 2344 in
322 2287 553 2347 duobus
611 2288 764 2348 colis
812 2287 1162 2366 exscriptos
1225 2289 1501 2349 retinent
1581 2290 1851 2350 Canonis

229 2385 604 2463 exemplaria,
639 2386 718 2445 ad
751 2384 920 2445 hunc
952 2385 1212 2445 modum
1250 2403 1263 2443 :

278 2526 564 2597 Propterea
597 2545 714 2582 non
747 2533 1061 2600 resurgent
1091 2527 1258 2598 impii
1290 2527 1348 2582 in
1375 2529 1624 2600 judicio,

337 2615 513 2672 neque
547 2606 883 2671 peccatores
915 2601 973 2654 in
1027 2600 1480 2672 congregatione
1523 2601 1846 2670 justorum.

278 2671 539 2732 Quoniam
580 2672 742 2726 novit
769 2672 1056 2727 Dominus
1084 2671 1241 2726 viam
1275 2673 1598 2743 justorum,

335 2749 388 2797 et
416 2745 567 2798 viam
603 2743 919 2813 impiorum
954 2743 1188 2815 peribit.

283 2876 679 2950 Ιτηετστίχους
737 2879 931 2956 igitur
985 2885 1043 2940 et
1099 2882 1266 2944 inter
1317 2877 1474 2938 κῶλα
1557 2879 1845 2940 eamdem

219 2973 654 3037 distinctionem
686 2977 988 3039 adhibere
1019 2980 1236 3042 debuit
1290 2978 1596 3044 Valesius,
1651 2995 1844 3055 quam

217 3089 404 3133 omnes
487 3075 893 3152 agnoscimus
966 3077 1028 3136 in
1105 3079 1436 3140 circuitum
1495 3077 1842 3155 perfectum

217 3171 509 3244 orationis,
573 3177 638 3232 et
695 3171 860 3233 inter
916 3175 1202 3237 membra
1259 3176 1541 3255 ejusdem
1609 3169 1912 3235 circui-C
1947 3166 2137 3226 10806
2197 3184 2211 3226 ε

218 3271 316 3338 tus,
343 3268 403 3328 id
432 3275 550 3340 est,
585 3271 751 3330 inter
793 3269 1044 3346 περίοδον
1119 3281 1181 3334 et
1228 3275 1392 3334 inter
1445 3269 1621 3331 κῶλα.
1693 3274 1842 3338 (ὶοω

215 3369 359 3424 ntex
385 3368 745 3444 Augustino
803 3369 1233 3432 manifestiora
1289 3371 1464 3442 fiant,
1524 3369 1587 3428 in
1645 3367 1845 3428 consi-

214 3466 508 3531 deratione
539 3485 764 3530 eorum
795 3487 937 3546 quae
968 3469 1266 3548 leguntur
1327 3487 1465 3546 cap.
1527 3471 1588 3539 '1,
1651 3466 1736 3525 lib
1784 3482 1843 3526 ιν

217 3564 277 3625 de
325 3569 621 3628 Doctrina
677 3566 1052 3639 Christiana,
1140 3567 1465 3646 paulisper
1541 3565 1840 3624 immore-

217 3679 375 3722 mur:
433 3663 731 3725 nonnihil
789 3663 954 3723 enim
1037 3663 1196 3724 lucis
1255 3663 1511 3724 accedet
1566 3661 1619 3721 si
1673 3666 1841 3721 recte

217 3757 578 3839 intelligatur
609 3760 774 3839 quod
810 3760 887 3820 de
943 3761 1240 3839 periodis,
1291 3760 1468 3832 colis,
1529 3765 1591 3819 et
1675 3776 1840 3818 com-

217 3859 455 3918 matibus
492 3859 607 3919 ubi
636 3858 944 3936 reperitur
990 3859 1294 3938 scriptum
1346 3876 1360 3918 :
1418 3856 1835 3936 Agnoscitur,

217 3953 388 4031 inquit
440 3955 865 4034 Augustinus,
921 3961 981 4014 et
1035 3955 1220 4015 aliud
1274 3955 1486 4027 decus,
1544 3953 1839 4034 quoniam

207 4058 325 4129 post
399 4054 628 4134 aliqua
719 4053 1262 4133 pronuntiationis
1363 4072 1501 4112 voce
1583 4049 1840 4130 singula

211 4148 396 4218 ﬁnita,
428 4171 570 4232 quae
598 4150 804 4210 nostri
832 4149 1099 4210 membra
1129 4157 1187 4210 et
1231 4169 1410 4223 caesa,
1469 4149 1681 4210 Graeci
1735 4169 1844 4209 au-

211 4252 305 4305 tem
330 4247 484 4301 κῶλα
511 4255 576 4308 et
606 4247 864 4318 κόμματα
922 4254 1158 4320 vocant,
1217 4248 1501 4328 sequitur
1571 4246 1842 4307 ambitus

211 4345 315 4402 sive
360 4348 700 4424 circuitus,
749 4366 926 4427 quem
976 4341 1228 4421 περίοδον
1312 4346 1420 4406 illi
1501 4345 1839 4427 appellant,

209 4443 362 4519 cujus
417 4442 696 4504 membra
778 4444 1250 4524 suspenduntur
1327 4463 1468 4502 voce
1543 4442 1837 4515 dicentis,

1976 521 2168 584 ferius
2197 545 2222 587 .'
2252 525 2459 586 Porro
2488 534 2690 589 autem
2741 531 2852 610 qui
2882 532 3076 606 novit,
3128 534 3423 613 agnoscit
3462 535 3634 615 quod

1975 640 2043 679 ea
2073 642 2250 697 cwsa,
2284 643 2416 704 qua?
2467 628 2724 698 κόμματα
2777 627 2992 690 (ἓνωεί
3037 637 3279 703 vocant,
3337 638 3398 691 et
3455 653 3640 693 mem-

1974 717 2113 793 bra,
2169 726 2229 780 et
2256 722 2589 796 circuitus,
2621 726 2698 786 de
2727 727 2957 806 quibus
3008 729 3204 809 paulo
3260 735 3404 789 ante
3429 731 3633 791 disse-

1972 817 2100 888 rui,
2188 826 2306 880 etc.
2343 823 2518 882 Caesa
2617 841 2767 903 ergo
2875 831 3192 905 suntquae
3247 834 3553 888 commata
3583 848 3622 890 a

1973 916 2205 976 Graecis
2261 925 2568 979 vocantur
2622 941 2636 981 :
2697 921 2835 982 cola
2903 923 3186 983 membra
3240 923 3510 1004 integra,
3572 931 3637 988 et

1972 1013 2215 1092 majora
2268 1017 2733 1079 commatibus:
2800 1019 3040 1099 periodi
3096 1038 3268 1094 vero,
3326 1022 3627 1084 circuitus

1968 1111 2077 1189 qui
2133 1112 2419 1190 pluribus
2505 1117 2804 1178 membris
2890 1123 3302 1198 peraguntur,
3391 1119 3483 1180 ita
3559 1126 3630 1182 ut

1967 1209 2265 1270 circuitus
2321 1213 2385 1271 in
2417 1209 2598 1288 κῶλα,
2651 1216 2790 1276 cola
2845 1216 2906 1276 in
2962 1213 3224 1286 κόμματα
3270 1216 3472 1278 divisa
3501 1218 3628 1278 sint

1963 1316 2028 1376 in
2058 1308 2366 1382 oratione,
2412 1310 2602 1388 juxta
2651 1314 3026 1374 elocutionis
3076 1318 3301 1388 artem,
3364 1313 3443 1375 de
3498 1333 3626 1394 qua

1963 1404 2197 1468 ibidem
2229 1409 2511 1488 disputat
2567 1419 2821 1474 sanctus
2873 1415 3283 1493 Augustinus,
3337 1415 3446 1494 qui
3501 1420 3631 1477 tres

1963 1503 2437 1567 distinctionum
2551 1511 2792 1589 species
2919 1512 3193 1591 propriis
3302 1512 3627 1575 vocabulis

1961 1603 2235 1662 ostendit
2291 1605 2355 1664 in
2415 1625 2540 1667 una
2588 1608 2656 1668 B.
2733 1609 2917 1670 Pauli
2975 1607 3269 1681 περικόπῃ.
3331 1611 3444 1670 His
3501 1629 3628 1672 non

1961 1715 2039 1758 ex
2087 1717 2269 1779 aequo
2315 1704 2701 1781 respondent
2761 1706 3271 1786 Hieronymianae
3330 1725 3628 1769 versuum

2453 1817 2467 1860 :
2529 1801 2655 1862 duo
2713 1802 2881 1862 enim
2939 1821 3174 1881 genera
3241 1803 3624 1864 divisionum

1962 1893 2026 1953 in
2076 1897 2416 1975 Scripturis
2489 1899 2694 1959 solum
2782 1908 3091 1962 memorat
3175 1900 3616 1980 Hieronymus,

1962 1991 2098 2070 ejus
2125 1994 2362 2055 scilicet
2391 2015 2532 2074 quae
2563 1997 2636 2057 ﬁt
2663 2016 2776 2077 per
2803 1993 2964 2051 κῶλα
3017 1999 3287 2077 integra,
3338 2003 3402 2060 et
3456 1999 3620 2060 alte-

1961 2093 2090 2153 rius
2147 2113 2289 2173 quae
2335 2115 2446 2175 per
2501 2094 2660 2150 κῶλα
2715 2106 2778 2159 et
2829 2096 3090 2171 κόμματα
3143 2100 3442 2160 distincta
3498 2104 3617 2161 est.

1959 2192 2048 2249 De
2104 2192 2298 2269 priori
2351 2193 2752 2255 distinctione
2808 2214 3105 2256 versuum
3182 2214 3293 2275 per
3367 2197 3617 2274 integra

1959 2282 2114 2338 κῶλα
2165 2290 2451 2350 meminit
2523 2309 2817 2371 expresse
2874 2293 2937 2352 in
2995 2293 3374 2354 Prmfatione
3429 2292 3620 2354 libro-

1959 2403 2096 2445 rum
2148 2388 2704 2466 Paralipomenon,
2767 2409 2924 2469 quos
2971 2408 3048 2452 ex
3096 2391 3361 2452 Hebraeo
3394 2389 3613 2451 Latine

1958 2484 2281 2544 reddidit:
2342 2484 2428 2545 Et
2482 2487 2651 2567 quod
2705 2508 2890 2561 nunc,
2943 2488 3171 2568 inquit,
3233 2505 3436 2549 DABRE
3467 2505 3614 2548 su-

1958 2597 2098 2653 um,
2181 2581 2252 2641 id
2323 2589 2438 2651 est,
2528 2584 2737 2646 Verba
2818 2586 3086 2655 dierum,
3171 2585 3616 2666 interpretatus

1957 2697 2094 2737 sum
2126 2701 2148 2737 .-
2208 2679 2445 2740 idcirco
2456 2681 2618 2755 feci,
2670 2687 2740 2740 ut
2795 2681 3262 2742 inextricabiles
3292 2701 3523 2758 moras,
3557 2687 3619 2740 et

1955 2775 2184 2835 silvam
2247 2777 2589 2850 nominum,
2677 2797 2813 2858 quae
2886 2779 3264 2860 scriptorum
3348 2782 3614 2855 confusa

1955 2879 2105 2932 sunt
2159 2874 2332 2947 vitio,
2393 2895 2802 2956 sensuumque
2877 2875 3252 2950 barbariem,
3330 2876 3610 2957 apertius

1954 2976 2013 3029 et
2050 2979 2174 3052 per
2228 2992 2515 3032 versuum
2571 2972 2710 3032 cola
2766 2973 3142 3053 digererem.
3177 2974 3414 3034 Eadem
3464 2991 3607 3034 ver-

1954 3088 2136 3130 suum
2195 3069 2352 3143 cola,
2443 3072 2728 3132 membra
2809 3077 2994 3132 vocat
3079 3072 3459 3133 Praefatione
3538 3071 3606 3132 in

2300 3169 2747 3247 Monemusque
2824 3168 3136 3242 lectorem,
3222 3174 3291 3228 ut
3379 3168 3607 3229 silvam

1950 3261 2410 3324 Hebraicorum
2468 3266 2810 3339 nominum,
2871 3271 2930 3324 et
3005 3266 3446 3326 distinctiones
3488 3273 3611 3347 per

1951 3361 2219 3422 membra
2276 3364 2519 3423 divisas
2575 3363 2864 3445 diligens
2921 3365 3195 3446 scriptor
3267 3369 3604 3426 conservet.

1949 3461 2433 3521 Praefationibus
2491 3469 2704 3522 autem
2792 3462 2856 3522 in
2938 3463 3163 3523 Isaiam
3224 3467 3286 3522 et
3341 3463 3402 3521 in
3464 3463 3609 3522 Eze-

1950 3557 2214 3617 chielem
2273 3577 2397 3619 non
2457 3558 2662 3619 solum
2725 3578 2839 3639 per
2888 3559 3049 3632 cola,
3113 3559 3218 3619 sed
3279 3577 3393 3638 per
3467 3559 3609 3620 cola

1948 3660 2011 3714 et
2093 3661 2411 3715 commata
2493 3675 2670 3716 suam
2754 3657 3104 3717 versionem
3211 3675 3441 3716 novam
3527 3674 3606 3716 ex

1949 3751 2213 3812 Hebraeo
2270 3753 2626 3814 distinctam
2691 3754 2902 3827 fuisse,
2963 3754 3148 3814 docet
3203 3753 3280 3814 ad
3361 3771 3599 3817 morem

1946 3846 2251 3909 librorum
2313 3851 2752 3911 Demosthenis
2811 3858 2874 3912 et
2929 3851 3240 3912 Ciceronis
3301 3868 3316 3910 :
3377 3848 3598 3919 Nemo,

1947 3945 2174 4024 inquit,
2232 3967 2369 4008 cum
2411 3947 2754 4030 prophetas
2812 3948 3094 4008 versibus
3171 3947 3404 4007 viderit
3471 3965 3606 4006 esse

1948 4041 2314 4124 descriptos,
2377 4051 2567 4106 metro
2605 4066 2706 4106 eos
2770 4046 3030 4106 wstimet
3082 4045 3250 4126 apud
3304 4042 3604 4104 Hebraeos

1950 4139 2179 4220 ligari,
2230 4148 2289 4201 et
2343 4143 2596 4223 aliquid
2648 4143 2858 4203 simile
2912 4142 3134 4203 habere
3189 4143 3266 4202 de
3319 4141 3605 4202 Psalmis

1950 4245 2009 4298 et
2045 4238 2361 4320 Operibus
2417 4240 2822 4301 Salomonis:
2877 4241 2988 4300 sed
3041 4241 3209 4321 quod
3257 4240 3322 4300 in
3378 4239 3607 4300 Demo-

1950 4336 2164 4397 sthene
2217 4345 2276 4398 et
2333 4340 2397 4399 in
2467 4338 2677 4400 Tullio
2733 4339 2892 4400 solet
2939 4341 3120 4414 ﬁeri,
3182 4344 3252 4399 ut
3291 4347 3412 4420 per
3466 4337 3603 4398 cola

1951 4436 2334 4516 scribantur,
2384 4444 2442 4496 et
2497 4445 2821 4517 commata,
2880 4439 2992 4519 qui
3039 4439 3251 4518 utique
3292 4447 3492 4519 prosa
3546 4440 3606 4494 et

208 4538 372 4599 donec
424 4542 660 4602 ultimo
695 4541 1008 4618 ﬁniatur.
1070 4541 1235 4601 Nam
1265 4561 1476 4601 eorum
1506 4559 1639 4620 quae
1677 4547 1841 4620 prw-
1875 4539 1919 4602 D
1951 4555 2073 4594 non
2105 4535 2386 4596 versibus
2440 4537 2964 4618 conscripserunt.
3000 4536 3135 4597 Nos
3192 4556 3431 4616 quoque
3488 4534 3608 4594 uti-

206 4639 424 4709 cedunt,
485 4639 830 4699 circuitum
889 4638 1228 4699 membrum
1315 4638 1487 4698 illud
1559 4642 1653 4697 est
1694 4637 1844 4718 pri-

207 4753 370 4811 mum,
429 4738 741 4817 quoniam
797 4737 1124 4798 tribulatio
1183 4737 1554 4816 patientiam
1617 4754 1838 4814 opera-

205 4839 289 4892 tur
311 4834 524 4912 (Rom.
583 4854 645 4906 v,
679 4835 737 4914 3)
785 4852 800 4893 :
859 4835 1222 4906 secundum,
1285 4833 1587 4914 patientia
1633 4840 1842 4893 autem

205 4932 635 5008 probationem
694 4931 888 5010 (Ibid.
964 4933 1029 5011 4)
1093 4951 1108 4992 :
1198 4931 1473 5009 tertium,
1555 4931 1845 5009 probatio

203 5045 326 5090 vero
381 5050 572 5111 spem
632 5029 877 5108 (Ibid.).
937 5028 1188 5089 Deinde
1251 5027 1672 5109 subjungitur
1717 5028 1847 5109 ipse

200 5127 514 5201 circuitus,
611 5128 722 5208 qui
826 5126 1030 5187 tribus
1096 5128 1438 5209 peragitur
1528 5125 1841 5196 membris,

201 5243 440 5302 quorum
483 5225 775 5307 primum
827 5229 942 5302 est,
1002 5243 1145 5304 spes
1201 5233 1413 5285 autem
1486 5242 1612 5284 non
1700 5242 1847 5284 con-

201 5321 382 5386 fundit
413 5323 626 5404 (Ibid.
657 5327 762 5402 5):
793 5321 1156 5394 secundum,
1208 5322 1358 5399 quia
1414 5321 1689 5382 cbaritas
1739 5321 1849 5381 Dei

205 5419 407 5482 diffusa
466 5428 574 5482 est
627 5420 692 5479 in
750 5420 1049 5480 cordibus
1105 5419 1333 5480 nostris
1385 5417 1663 5497 (Ibid):
1724 5423 1847 5477 ter-

205 5517 363 5592 tium,
427 5537 555 5598 per
618 5517 921 5595 Spiritum
978 5522 1289 5588 sanctum,
1350 5516 1459 5593 qui
1523 5515 1706 5576 datus
1758 5523 1853 5576 est

209 5616 364 5678 nobis
389 5613 633 5698 (Ibid).
663 5613 758 5674 At
785 5612 915 5674 hac
959 5619 1141 5694 atque
1186 5611 1557 5692 hujusmodi
1613 5613 1679 5672 in
1727 5612 1854 5675 εἰοε-

515 5753 795 5816 Panos.
835 5750 1106 5818 XXVIII.

1953 4633 2130 4692 litati
2211 4633 2554 4714 legentium
2625 4635 3053 4716 providentes,
3148 4633 3609 4716 interpretatio-

1953 4752 2086 4790 nem
2164 4752 2380 4792 novam
2438 4753 2590 4793 novo
2646 4732 2964 4792 scribendi
3012 4753 3233 4813 genere
3307 4730 3609 4792 distinxi-

1954 4849 2115 4891 mus.
2173 4833 2267 4892 Ita
2314 4832 2732 4911 Hieronymus
2786 4832 3167 4892 Prmfatione
3231 4831 3296 4890 in
3347 4831 3602 4904 Isaiam,

1953 4931 2106 4991 etin
2159 4932 2546 4992 Ezechielem
2606 4933 2684 4992 de
2743 4932 3005 4993 Hebraeo
3063 4932 3350 4993 similiter
3401 4931 3482 4993 ab
3529 4950 3607 4993 eo

1954 5046 2225 5102 versum,
2265 5030 2383 5089 hoc
2439 5031 2627 5089 modo
2685 5030 2912 5090 invitat
2965 5031 3228 5090 Paulam
3275 5037 3337 5089 et
3388 5033 3612 5091 Eustoo

1955 5125 2164 5186 chium
2251 5127 2332 5186 ad
2415 5127 2748 5188 lectionem
2833 5127 3116 5206 ejusdem
3198 5127 3528 5206 prophetae
3588 5144 3604 5186 :

1955 5222 2173 5302 Legite
2232 5223 2432 5303 igitur
2487 5230 2547 5283 et
2629 5222 2795 5284 hunc
2860 5225 3056 5302 juxta
3129 5223 3610 5284 translationem

1958 5327 2235 5382 nostram
2269 5323 2603 5402 :quoniam
2639 5331 2751 5400 per
2805 5323 2942 5384 cola
3001 5323 3297 5404 scriptus,
3357 5327 3415 5380 et
3444 5341 3611 5381 com-

1960 5425 2148 5496 mata,
2208 5420 2696 5496 manifestiorem
2755 5419 3110 5500 legentibus
3161 5412 3410 5479 sensum
3491 5419 3613 5479 tri-

1961 5517 2118 5577 buit.
2173 5519 2339 5579 Colis
2407 5519 2602 5597 igitur
2677 5526 2740 5579 et
2823 5518 3243 5578 commatibus
3319 5516 3616 5579 distincta

1963 5621 2101 5677 erat
2153 5634 2320 5678 nova
2392 5615 2884 5696 Hieronymiana
2965 5615 3402 5694 interpretatio
3464 5633 3616 5696 pro-
