4060 6190
458 330 574 390 139

1624 322 1948 386 PATRUM
1993 319 2694 384 BENEDICTINORUM

3747 319 3857 382 140

456 464 814 544 phetarum,
876 481 1017 524 cum
1075 466 1319 521 tantum
1379 458 1532 520 colis
1587 459 1779 519 libros
1854 459 2093 519 Parali-
2126 459 2175 525 Α
2277 451 3753 544 ΜΘῨΒΜΞΙᾨἾνξςΟΚΥΑξΘΡΔῂ-ἱεῒΔΔΒΠΪΕῙΞἮζ--ΫῈῌΑῙῖἕξ-φξφ,
3801 458 3854 544 et

455 582 771 644 pomenon
858 562 1187 621 divisisset.
1274 563 1477 627 Quare
1571 558 1867 619 lectorem
1974 577 2100 618 non

456 660 836 741 praemonuit
889 658 1369 719 Praefationibus
1423 658 1486 717 in
1521 656 1842 717 volumina
1891 657 2099 716 Histo-

457 760 583 819 rica
611 763 801 819 Josue
832 762 895 817 et
935 757 1488 836 Paralipomenon,
1550 773 1629 815 ne
1687 755 1969 815 crederet
2024 773 2100 813 ex

451 877 566 918 sua
594 858 878 918 colorum
938 855 1356 929 distinctione,
1414 859 1609 914 metra
1666 871 1801 913 esse
1856 852 1918 911 in
1979 852 2102 911 illis

452 955 627 1016 libris
682 974 695 1015 ε
757 954 919 1015 sicut
974 972 1189 1015 revera
1248 953 1418 1013 illam
1498 951 1859 1030 opinionem
1918 949 2102 1009 docet

451 1072 586 1114 esse
620 1053 1096 1134 praecavendam
1127 1052 1191 1111 in
1242 1051 1415 1111 libris
1464 1048 1849 1128 propheticis
1884 1066 1898 1119 ;
1952 1046 2102 1125 quia

452 1170 565 1231 per
622 1151 763 1212 cola
804 1156 866 1211 et
921 1154 1237 1211 commata
1286 1147 1581 1227 descripti
1652 1146 1922 1226 speciem
1985 1145 2102 1204 ha-

450 1252 602 1312 bent
658 1251 932 1312 metricre
991 1248 1483 1328 compositionis.
1544 1246 1693 1317 Quae
1753 1251 1820 1305 ut
1904 1243 2102 1305 oculis

455 1349 736 1409 omnium
794 1354 1125 1427 perspecta
1178 1346 1303 1406 sint
1367 1352 1429 1405 et
1508 1344 1860 1414 manifesta,
1943 1360 2103 1401 non-

452 1446 662 1507 nullas
717 1445 1080 1518 sententias,
1161 1450 1295 1504 tum
1379 1462 1450 1502 ex
1550 1440 1907 1520 Prophetis,
1967 1447 2100 1499 tum

454 1562 530 1604 ex
586 1542 1106 1621 Paralipomenis,
1165 1541 1268 1601 hic
1344 1540 1469 1600 loci
1550 1537 1899 1599 describere
1974 1554 2102 1596 non

455 1642 789 1722 gravabor.
858 1641 959 1702 Sic
1012 1640 1207 1718 igitur
1264 1657 1376 1718 per
1431 1637 1570 1698 cola
1644 1642 1707 1697 et
1787 1638 2103 1696 commata

454 1739 764 1801 edidimus
811 1744 1145 1816 sequentes
1202 1737 1376 1798 Isaiae
1434 1735 1761 1816 prophetae
1848 1737 2101 1794 senten-

455 1837 575 1898 tias
627 1838 757 1897 sive
817 1837 1112 1917 periodos
1142 1855 1281 1914 cap.
1314 1852 1335 1895 ι
1368 1853 1383 1895 :

532 1960 763 2028 Audite,
798 1960 947 2026 coeli,
979 1965 1035 2016 et
1066 1960 1309 2016 auribus
1342 1958 1592 2031 percipe,
1626 1960 1802 2027 terra,

602 2033 883 2115 quoniam
913 2032 1200 2115 Dominus
1222 2031 1451 2115 locutus
1482 2033 1591 2087 est.

534 2102 711 2159 Filios
742 2105 1013 2172 enutrivi,
1038 2108 1095 2159 et
1124 2102 1367 2159 exaltavi
1404 2120 1417 2157 :

607 2175 719 2247 ipsi
754 2180 950 2230 autem
984 2180 1329 2246 spreverunt
1359 2189 1473 2229 me.

532 2245 811 2317 Cognovit
840 2248 944 2302 bos
971 2245 1380 2318 possessorum
1411 2260 1609 2318 suum,

604 2316 662 2372 et
689 2318 893 2391 asinus
929 2316 1184 2391 praesepe
1214 2316 1438 2391 domini
1467 2318 1559 2371 sui
1593 2331 1606 2369 :

528 2389 707 2445 Israel
737 2389 1076 2461 autemnon
1110 2389 1404 2461 Cognovit,

600 2460 855 2534 populus
883 2478 1046 2518 meus
1068 2458 1519 2517 non'intellexit.

534 2585 758 2647 Modus
830 2586 932 2647 hic
1016 2585 1335 2646 dividendi
1421 2586 1785 2645 contextum
1854 2597 2103 2640 sacrum

456 2682 934 2761 prophetarum,
966 2684 1124 2744 nihil
1171 2683 1382 2743 diﬁ‘ert
1411 2680 1490 2741 ab
1544 2698 1642 2751 eo,
1703 2696 1828 2757 quo
1869 2676 2106 2738 Psalmi

455 2781 752 2860 descripti
809 2786 953 2842 sunt
1000 2782 1065 2841 in
1130 2778 1601 2859 exemplaribus
1656 2775 1927 2837 Canonis
1982 2777 2105 2834 He-

455 2878 685 2940 braicm
752 2880 1034 2940 veritatis
1088 2897 1102 2940 :
1163 2898 1310 2938 nam
1371 2877 1625 2938 Psalmo
1692 2892 1860 2935 nono
1932 2870 2106 2933 verbi

456 2976 663 3053 gratia
746 2976 1015 3037 similem
1087 2977 1280 3037 habes
1367 2991 1661 3035 versuum
1756 2970 2103 3032 distinctio-

457 3090 625 3133 nem.

526 3196 857 3253 Conﬁtebor
887 3197 1135 3252 Domino
1167 3198 1225 3251 in
1256 3201 1378 3252 toto
1410 3197 1583 3253 corde
1612 3211 1763 3263 meo,

596 3269 847 3324 narrabo
878 3269 1078 3324 omnia
1104 3268 1398 3324 mirabilia
1425 3274 1549 3324 tua.

526 3337 785 3396 Lmtabor
814 3346 871 3395 et
900 3340 1164 3412 gaudebo
1193 3340 1252 3394 in
1284 3346 1362 3406 te,

594 3427 801 3466 canam
834 3411 1057 3467 nomini
1089 3415 1210 3481 tuo,
1244 3411 1562 3466 Altissime.

523 3481 667 3537 Cum
693 3483 1008 3538 ceciderint
1036 3483 1261 3537 inimici
1295 3483 1409 3537 mei
1441 3487 1782 3551 retrorsum,

597 3556 922 3609 corruerint
952 3562 1007 3609 et
1040 3554 1317 3625 perierint
1350 3571 1384 3609 a
1414 3554 1558 3609 facie
1590 3560 1713 3608 tua.

523 3625 729 3681 Fecisti
763 3626 917 3681 enim
942 3627 1235 3696 judicium
1272 3642 1465 3680 meum
1500 3631 1551 3680 et
1584 3641 1825 3680 causam
1885 3640 2099 3690 meam,

591 3698 796 3753 sedisti
827 3714 1004 3770 super
1033 3696 1244 3753 solium
1270 3697 1452 3767 judex
1472 3696 1740 3767 justiﬁes.

528 3823 986 3901 Prophetarum
1046 3824 1260 3901 itaque
1318 3828 1380 3882 et
1426 3823 1824 3883 Psalmorum
1875 3824 2100 3884 descri-

450 3920 605 3998 ptio,
666 3939 807 3981 cum
867 3921 1083 3981 eadem
1147 3920 1333 3981 fuerit
1388 3920 1450 3979 in
1511 3940 1675 3980 nova
1732 3922 2098 4000 Hieronymi

449 4018 861 4080 translatione
908 4037 983 4079 ex
1037 4019 1323 4093 Hebraeo,
1388 4038 1513 4079 non
1562 4019 1673 4079 abs
1727 4038 1793 4079 re
1855 4020 2099 4080 monuit

445 4119 509 4177 S.
544 4119 774 4178 Doctor
802 4118 1179 4179 Prmfatione
1249 4118 1311 4177 in
1364 4118 1613 4193 Isaiam,
1649 4136 1724 4177 ne
1756 4118 1918 4196 quis,
1953 4137 2094 4179 cum

443 4213 684 4273 videret
736 4216 1086 4292 Prophetas
1142 4214 1421 4275 versibus
1472 4214 1841 4294 descriptos,
1893 4222 2093 4277 metro

441 4326 547 4369 eos
579 4311 920 4371 aestimaret
949 4312 1118 4391 apud
1149 4312 1445 4373 Hebraeos
1503 4313 1686 4391 ligari
1738 4319 1797 4373 et
1853 4314 2093 4392 aliquid

438 4404 672 4468 habere
724 4408 927 4469 simile
983 4410 1059 4469 de
1108 4410 1373 4469 Psalmis
1430 4417 1492 4470 et
1544 4411 1853 4489 Operibus
1908 4412 2088 4472 Salo-

439 4505 660 4578 monis,
737 4505 837 4565 cui
893 4506 1252 4566 addendum
1313 4512 1427 4580 est,
1489 4513 1551 4567 et
1597 4507 1674 4568 de
1718 4508 1862 4569 Jobi
1919 4509 2089 4569 volu-

439 4604 651 4665 mine:
686 4607 806 4667 Job
843 4624 1139 4685 namque,
1201 4613 1357 4667 teste
1416 4607 1819 4687 Hieronymo,
1885 4616 2086 4671 metro

437 4698 672 4775 ligatur
701 4702 866 4779 apud
900 4702 1217 4774 Hebrmos,
1278 4708 1339 4762 et
1395 4704 1677 4763 versibus
1708 4704 1771 4763 in
1802 4706 2087 4767 versione

435 4796 715 4873 ejusdem
774 4799 1124 4877 descriptus
1181 4799 1410 4875 legitur
1464 4800 1541 4858 ad
1598 4818 1833 4860 morem
1922 4802 2086 4863 l’sal-

435 4910 678 4953 morum
713 4902 773 4956 et
803 4914 1064 4973 Operum
1125 4896 1503 4957 Salomonis.
1564 4899 1698 4957 Non
1759 4899 1846 4957 sic
1897 4903 2084 4961 Para-

429 4990 771 5070 lipomena,
833 5015 999 5073 quae,
1060 5001 1128 5055 ut
1184 4996 1337 5069 dixi,
1409 4996 1562 5056 colis
1637 5000 2081 5060 tantummodo

427 5089 741 5170 descripta
788 5100 936 5153 sunt
983 5100 1043 5154 et
1101 5094 1394 5153 distincta
1450 5094 1530 5154 ad
1570 5094 1889 5156 vitandam
1942 5116 2081 5158 sen-

423 5206 606 5248 suum
660 5190 1016 5251 barbariem
1076 5198 1136 5251 et
1190 5192 1642 5253 confusionem.
1706 5194 1882 5254 Unde
1941 5195 2078 5255 cola

420 5286 641 5350 istheec
672 5290 762 5351 ita
816 5291 1132 5369 descripta
1189 5291 1591 5370 reperiuntur
1657 5310 1795 5371 cap.
1853 5309 1875 5352 1
1932 5292 2076 5352 libri

418 5385 645 5462 prioris
679 5403 692 5444 :

491 5507 666 5583 Porro
693 5509 797 5565 ﬁlii
827 5510 1047 5583 Regma
1069 5527 1093 5583 7:
1135 5509 1285 5583 Saba
1317 5513 1376 5564 et
1405 5508 1613 5583 Datan.

490 5578 649 5637 Cbus
677 5588 873 5639 autem
905 5578 1109 5654 genuit
1142 5582 1426 5640 Nemrod:
1462 5582 1574 5637 iste
1607 5579 1779 5652 coepit
1809 5596 1936 5639 esse
1968 5598 2072 5654 po-

562 5654 692 5710 tens
724 5654 785 5712 in
814 5657 991 5711 terra.

2356 527 2616 595 Laabim,
2648 523 3076 597 etiNephtuim,
3133 523 3461 597 Pbetrusim
3509 542 3750 597 quoque
3801 531 3854 582 et

2353 596 2655 653 Casluim:
2690 596 2760 650 de
2792 596 3008 666 quibus
3036 595 3255 668 egressi
3289 601 3429 651 sunt
3460 595 3775 667 Philistim,
3800 603 3854 655 et

2349 668 2707 742 Caphtorim.

2292 797 2490 868 Quam
2549 795 2795 855 diversa
2850 795 2928 855 sit
2982 795 3104 855 ista
3162 795 3480 857 distinctio
3530 816 3643 877 per
3722 798 3853 859 cola

2209 913 2503 954 versuum
2564 893 2643 953 ab
2702 912 2797 965 ea,
2832 913 2973 972 quas
3008 894 3077 953 fit
3130 913 3245 973 per
3273 894 3413 955 cola
3442 901 3504 956 et
3533 904 3846 958 commata

2210 1011 2394 1052 nemo
2452 992 2729 1070 prudens
2785 1011 2860 1052 ex
2916 993 3253 1072 propositis
3320 994 3624 1072 exemplis
3706 1014 3842 1074 per-

2208 1096 2492 1169 spectum
2555 1090 2741 1150 modo
2775 1090 3006 1151 habere
3038 1110 3162 1152 non
3195 1097 3422 1170 potest.
3482 1093 3628 1160 Quis
3685 1093 3845 1153 enim

2210 1186 2327 1246 sibi
2389 1186 2768 1259 persuadere
2825 1186 3120 1266 patietur,
3182 1188 3321 1247 cola
3395 1188 3457 1248 in
3533 1189 3852 1268 Paralipo-

2214 1283 2414 1343 menis
2472 1283 2807 1362 descripta,
2885 1284 3156 1362 speciem
3215 1285 3513 1363 praeferre
3584 1285 3851 1346 metricae

2211 1380 2541 1458 cujusdam
2601 1381 3073 1460 compositionis
3107 1384 3135 1442 ?
3192 1384 3465 1443 Econtra
3523 1383 3664 1463 quis
3716 1383 3854 1443 infi-

2211 1479 2339 1539 cias
2422 1478 2560 1553 ibit,
2650 1479 3115 1540 distinctionem
3202 1480 3658 1560 prophetarum
3745 1500 3851 1560 per

2213 1576 2352 1637 cola
2403 1582 2465 1637 et
2513 1582 2829 1637 commata
2884 1578 3148 1638 similem
3208 1597 3341 1638 esse
3396 1579 3671 1639 metricis
3748 1579 3851 1639 de-

2212 1674 2657 1753 scriptionibus
2703 1676 2732 1734 ?
2788 1676 2858 1735 In
2909 1694 2983 1736 ea
3039 1675 3438 1737 distinctione
3520 1675 3854 1737 versiculo-

2217 1791 2351 1832 rum
2413 1772 2650 1832 diceres
2688 1773 3040 1851 Prophetas
3087 1775 3417 1835 decurrere
3475 1774 3853 1835 hexametris

2217 1875 2278 1930 et
2358 1870 2789 1948 pentametris,
2878 1870 3024 1931 licet
3106 1890 3295 1951 prosa
3368 1879 3429 1932 et
3480 1892 3605 1933 non
3676 1892 3851 1934 versu

2216 1966 2554 2046 conscripti
2612 1967 2753 2028 sint.
2816 1969 3303 2049 Paralipomena
3386 1988 3534 2032 vero
3618 1970 3853 2031 nullam

2216 2063 2452 2125 habent
2504 2065 2843 2143 imaginem
2876 2066 3227 2128 hexametri
3283 2076 3395 2128 aut
3452 2067 3853 2146 pentametri,

2216 2159 2325 2219 sed
2382 2160 2576 2221 solius
2633 2162 2935 2223 orationis
2987 2182 3099 2242 per
3155 2164 3438 2224 membra
3483 2164 3720 2237 divisae,
3790 2164 3857 2225 id

2216 2264 2308 2318 est
2366 2278 2478 2337 per
2533 2280 2677 2322 suas
2716 2259 3015 2335 περικοπὰς
3074 2268 3136 2323 et
3191 2263 3489 2324 circuiuts
3518 2263 3852 2324 distinctae.

2215 2350 2381 2427 Ergo
2437 2349 2589 2409 colis
2645 2356 2888 2411 tantum
2946 2352 3496 2431 Paralipomenon,
3558 2359 3619 2413 et
3672 2353 3860 2414 Josue

2215 2446 2408 2507 libros
2489 2448 2777 2510 distinxit
2846 2449 3285 2530 Hieronymus,
3387 2470 3528 2512 cum
3642 2469 3859 2511 omnes

2214 2543 2558 2622 prophetas
2589 2565 2701 2625 per
2756 2547 2896 2607 cola
2951 2552 3011 2607 et
3068 2553 3384 2609 commata
3439 2548 3858 2627 descripserit,

2218 2648 2284 2701 ut
2338 2643 2471 2721 ipse
2530 2644 2714 2704 ﬁdem
2776 2646 2927 2705 facit
2988 2646 3045 2705 in
3120 2647 3246 2706 suis
3328 2644 3855 2707 Praefatiunculis.

2215 2740 2391 2810 Quod
2476 2741 2893 2804 distinctionis
2978 2744 3212 2823 duplex
3307 2762 3506 2822 genus
3615 2742 3861 2804 facilius

2213 2837 2546 2916 intelliges,
2596 2840 2647 2899 si
2703 2842 2951 2901 noveris
3002 2842 3219 2902 eadem
3305 2842 3627 2903 volumina
3700 2839 3861 2902 Scri-

2214 2938 2543 3011 pturarum
2628 2936 3047 2997 diversimode
3128 2938 3318 2999 fuisse
3396 2945 3568 2999 secta
3632 2943 3692 2997 et
3745 2937 3860 2997 de-

2214 3030 2447 3110 scripta
2504 3032 2567 3091 in
2620 3034 2809 3094 variis
2865 3052 2939 3095 ac
2986 3034 3247 3097 diversis
3299 3054 3447 3095 mss.
3516 3034 3859 3097 codicibus.

2214 3130 2427 3207 Neque
2512 3149 2661 3191 vero
2746 3132 2900 3192 colis
2980 3139 3042 3193 et
3124 3134 3543 3194 commatibus
3621 3132 3865 3211 ubique

2133 3192 2176 3261 C
2213 3192 2544 3289 distinctus
2627 3230 2945 3291 invenitur
3026 3192 3429 3307 liberJobi,
3482 3192 3491 3194 ἡ
3522 3192 3647 3292 νειΓ
3702 3192 3865 3291 liber

2210 3325 2607 3387 Psalmorum
2645 3332 2679 3403 ’;
2728 3329 2838 3390 sed
2892 3348 3057 3390 nunc
3112 3348 3225 3409 per
3268 3348 3559 3392 versuum
3613 3330 3868 3408 integra

2212 3423 2374 3496 cola,
2446 3443 2613 3485 nunc
2672 3444 2782 3505 per
2836 3428 2975 3488 cola
3033 3434 3095 3489 et
3125 3434 3462 3501 commata,
3504 3427 3666 3488 sicut
3721 3428 3865 3487 uni-

2210 3521 2436 3599 cuique
2492 3523 2868 3602 scriptorum
2948 3531 3231 3587 veterum
3315 3525 3574 3606 placuit,
3636 3524 3873 3585 descri—

2210 3625 2351 3697 ptos
2402 3620 2588 3681 fuisse
2644 3623 2802 3682 nulli
2858 3624 3119 3683 dubium
3177 3629 3291 3684 est.
3379 3623 3631 3683 Librum
3715 3622 3873 3684 Jobi

2208 3734 2320 3795 per
2350 3718 2489 3778 cola
2518 3719 2801 3780 distinxit
2830 3739 2945 3781 ms.
2981 3721 3176 3781 codex
3238 3720 3603 3781 monasterii
3659 3721 3871 3781 nostri

2207 3816 2469 3893 Majoris
2527 3837 2724 3897 prope
2779 3823 3084 3893 Turones,
3149 3839 3334 3899 quem
3428 3839 3538 3899 per
3594 3820 3731 3880 cola
3796 3828 3871 3884 et

2206 3921 2521 3975 commata
2578 3918 2864 3979 dividunt
2916 3919 3303 3998 exemplaria
3389 3918 3506 3979 tria
3588 3919 3869 3980 Canonis

2205 4011 2525 4073 Hebraicas
2580 4015 2879 4091 veritatis,
2940 4018 3393 4078 Memmantum
3463 4016 3622 4090 dico,
3703 4017 3867 4077 Car-

2203 4127 2598 4184 cassonense,
2710 4120 2771 4174 et
2877 4116 3458 4176 San-Germanense
3541 4121 3865 4177 nostrum.

2203 4209 2352 4286 Cap.
2414 4226 2480 4268 III
2538 4210 2683 4270 libri
2732 4211 2852 4273 Job
2903 4213 2989 4273 sic
3070 4213 3338 4291 legimus
3397 4212 3697 4291 scriptum
3790 4211 3871 4273 in

2200 4306 2412 4367 codice
2498 4308 2752 4387 Majoris
2838 4311 3222 4384 monasterii,
3306 4316 3451 4371 ante
3518 4315 3869 4373 sexcentos

2199 4421 2398 4463 annos
2425 4404 2490 4465 in
2521 4408 2904 4469 membranis
2932 4408 3196 4487 pulchre
3220 4414 3478 4469 exarato
3504 4425 3517 4467 2

2270 4554 2471 4631 Pereat
2529 4558 2652 4614 dies
2708 4560 2767 4615 in
2827 4576 2946 4630 qua
2999 4564 3175 4614 natus
3207 4574 3359 4631 sum,
3394 4563 3452 4613 et
3480 4575 3593 4614 nox
3623 4559 3683 4613 in
3736 4575 3873 4631 qua

2340 4627 2561 4701 dictum
2595 4635 2684 4685 est
2716 4649 2728 4685 :
2763 4627 3081 4701 conceptus
3110 4640 3200 4685 est
3224 4629 3418 4684 homo.

2267 4698 2401 4752 Dies
2434 4699 2532 4755 ille
2560 4707 2817 4757 vertatur
2845 4704 2904 4756 in
2930 4698 3203 4757 tenebras
3238 4718 3249 4756 :
3284 4716 3400 4753 non
3434 4698 3695 4769 requirat
3714 4717 3871 4760 eum

2336 4770 2489 4825 Deus
2521 4773 2795 4844 desuper,
2828 4779 3018 4828 etnon
3054 4773 3311 4827 illustret
3338 4770 3563 4827 lumine
3597 4788 3610 4825 :

2264 4840 2591 4898 Obscurent
2620 4840 2752 4899 cum
2786 4848 3057 4913 tenebrae,
3090 4849 3145 4899 et
3176 4844 3387 4898 umbra
3408 4844 3637 4898 mortis.
3661 4843 3875 4901 Occu-

2336 4918 2431 4984 pet
2462 4931 2591 4970 eum
2627 4916 2833 4989 caligo,
2867 4924 2924 4972 et
2945 4916 3273 4972 involvatur
3304 4913 3719 4970 amaritudine.

2270 5053 2438 5128 Tria,
2471 5062 2539 5116 ut
2567 5057 2758 5131 vides,
2791 5058 2893 5119 hic
2950 5058 3091 5119 cola
3151 5076 3447 5117 versuum
3530 5056 3879 5136 descripta.

2189 5157 2359 5225 sunt,
2392 5172 2532 5231 quae
2591 5155 2655 5215 in
2713 5157 3007 5217 omnibus
3036 5155 3309 5234 aequalia
3371 5160 3516 5215 sunt
3553 5152 3880 5219 divisioni

2188 5247 2534 5326 hodiernae,
2596 5260 2656 5315 et
2714 5254 3246 5316 Massoretharum
3312 5252 3873 5319 distinctionibus.

2186 5348 2255 5405 In
2286 5351 2756 5428 exemplaribus
2814 5360 3026 5415 autem
3058 5351 3331 5413 Canonis
3388 5349 3607 5410 eadem
3648 5350 3876 5415 verba

2182 5443 2491 5508 diversam
2600 5450 2838 5513 habent
2944 5468 3237 5514 versuum
3341 5448 3866 5527 distinctionem,

2181 5540 2330 5618 quia
2387 5563 2502 5623 per
2555 5549 2716 5622 cola,
2776 5554 2839 5609 et
2891 5552 3209 5609 commata
3249 5550 3628 5624 separantur
3648 5542 3871 5622 juxta

2180 5656 2421 5703 morem
2477 5646 3048 5709 vetustissimorum
3105 5643 3523 5724 Scriptorum,
3586 5642 3698 5723 qui
3729 5640 3871 5709 di-
