4060 6190
216 365 324 426 Mi

1621 364 2162 428 PROLEGOMEN
2177 373 2247 428 Α.

3516 373 3632 436 MS

211 506 450 582 quanto
535 506 817 580 tempore
899 505 1043 579 post
1129 499 1584 580 Hieronymum
1662 500 1864 562 Biblia
1896 501 1952 570 Α
1982 502 2406 565 voluminibus
2479 523 2624 566 mss.
2709 505 2994 566 nondum
3069 523 3206 569 esse
3277 507 3631 572 obsoleta:

217 616 390 660 sacra
417 598 860 660 describebant
885 598 952 658 in
983 599 1151 660 hunc
1187 601 1444 660 modum
1487 617 1500 657 ε

287 731 485 787 Pereat
514 730 640 786 dies
669 730 729 785 in
759 747 876 802 qua
907 735 1080 786 natus
1111 748 1266 787 sum.

283 809 338 858 et
371 803 569 875 noxpiu
602 818 721 873 qua
750 804 973 875 dictum
1003 806 1096 857 est
1126 819 1138 856 :
1175 807 1496 875 conceptus
1528 805 1618 858 est
1669 802 1865 859 homo.

286 875 426 930 Dies
455 873 551 929 ille
582 879 842 929 vertatur
869 874 926 928 in
960 876 1254 941 tenebras,

284 963 401 1001 non
434 948 694 1028 requirat
725 962 856 1028 cum
888 945 1040 1028 Deus
1071 946 1344 1017 desuper,

282 1024 338 1072 et
371 1033 485 1072 non
518 1015 773 1072 illustret
800 1015 1044 1071 lumine.

280 1089 614 1144 Obscurent
641 1105 777 1144 eum
806 1089 1082 1152 tenebras,
1114 1093 1173 1142 et
1203 1087 1413 1142 umbra
1445 1087 1672 1151 mortis,

279 1166 529 1232 occupet
555 1176 692 1215 eum
721 1159 929 1232 caligo,
961 1165 1020 1214 et
1050 1158 1380 1214 involvatur
1413 1157 1828 1213 amaritudine.

291 1289 364 1347 In
398 1285 538 1345 aliis
565 1284 1052 1364 quamplurimis
1100 1302 1247 1343 mss.
1302 1283 1476 1343 libris
1533 1283 1691 1343 liber
1744 1283 1867 1344 Job

220 1401 324 1444 nec
414 1383 688 1461 primum
775 1382 988 1454 habet,
1076 1399 1189 1441 nec
1268 1381 1613 1441 secundum
1670 1398 1869 1458 genus

223 1480 659 1552 distinctionis,
713 1479 822 1539 sed
885 1497 1011 1538 uno
1070 1477 1252 1557 quasi
1308 1478 1481 1538 ducti
1528 1486 1591 1538 et
1644 1477 1865 1538 eodem

221 1585 431 1639 tenore
527 1577 880 1655 descriptus
967 1582 1084 1648 est,
1159 1577 1320 1636 sicut
1429 1576 1869 1636 describuntur

221 1677 409 1737 Mosis
465 1682 528 1735 et
585 1680 828 1752 Regum
889 1673 1233 1734 volumina.
1296 1677 1428 1734 Nec
1495 1674 1619 1733 alio
1679 1674 1867 1734 modo

217 1793 428 1834 versus
515 1774 577 1832 in
660 1773 785 1832 illis
859 1791 936 1833 ex
999 1772 1221 1832 ordine
1293 1778 1606 1844 secantur,
1675 1790 1867 1850 quam

1977 621 2124 662 naui
2214 621 2609 682 quaecunque
2692 605 3164 667 observavimus
3242 607 3307 667 in
3385 608 3622 670 Latinis

1975 698 2152 759 libris
2181 699 2258 760 de
2315 700 2716 761 distinctione
2775 721 3066 763 versuum
3118 722 3287 764 nunc
3320 723 3433 783 per
3463 705 3628 780 cola,

1978 797 2167 857 modo
2215 815 2330 876 per
2383 798 2524 858 cola
2580 803 2643 859 et
2690 807 3026 874 commata,
3089 801 3309 862 eadem
3369 819 3629 881 prorsus

1975 901 2315 955 occurrunt
2399 895 2463 955 in
2546 895 2824 974 antiquis
2908 898 3318 960 Hebraeorum
3402 918 3628 960 monu-

1977 994 2223 1067 mentis,
2301 993 2472 1055 haud
2527 995 2840 1057 incuriose
2898 1014 2936 1057 a
2991 997 3174 1058 nobis
3255 998 3625 1060 eruditionis

1975 1109 2166 1152 causa
2197 1093 2612 1171 perlustratis.
2646 1094 2958 1155 Hebraica
3016 1094 3222 1155 Biblia
3267 1114 3415 1156 mss.
3481 1115 3624 1176 qua:

1973 1190 2038 1250 in
2095 1190 2491 1252 Bibliotheca
2546 1192 2819 1253 Oratorii
2873 1192 3242 1254 Parisiensis
3297 1212 3624 1256 asservan-

1973 1293 2099 1360 tur,
2136 1287 2359 1367 hisque
2409 1289 2634 1349 litteris
2665 1295 2726 1350 et
2755 1289 3056 1357 numeris,
3112 1292 3236 1353 BB.
3277 1292 3354 1352 33
3411 1297 3628 1353 notata

1975 1391 2144 1458 sunt,
2206 1404 2331 1446 non
2390 1385 2580 1447 aliam
2639 1392 2992 1465 agnoscunt
3048 1405 3346 1448 versuum
3405 1388 3630 1450 distin-

1976 1483 2247 1544 ctionem
2306 1485 2369 1544 in
2428 1485 2603 1545 libris
2633 1485 2800 1560 Jobi,
2835 1485 3114 1560 Davidis,
3147 1492 3210 1547 et
3250 1486 3628 1562 Salomonis,

1977 1598 2164 1658 quam
2227 1601 2367 1660 quae
2425 1600 2462 1642 a
2520 1583 2923 1644 Massorethis
2984 1584 3299 1662 praefinita
3368 1591 3464 1645 est
3519 1603 3634 1664 per

1978 1685 2211 1756 puncta
2265 1681 2434 1740 dicta
2488 1679 2725 1755 Silone,
2788 1681 2920 1742 sive
3002 1681 3169 1763 Soph
3227 1682 3459 1743 Pasnc.
3547 1686 3632 1744 At

1979 1777 2150 1854 regia
2178 1778 2485 1839 Hebraica
2527 1797 2848 1840 sacrorum
2906 1779 3252 1842 Bibliorum
3304 1781 3630 1842 volumina

221 1871 462 1950 punctis
527 1869 848 1942 adhibitis,
905 1870 1154 1930 duobus
1213 1870 1312 1930 vel
1372 1869 1571 1929 tribus
1601 1888 1716 1948 pro
1771 1875 1952 1939 vo-B
1987 1892 2134 1935 mss.
2191 1894 2366 1936 num.
2414 1880 2449 1937 5
2510 1881 2572 1936 et
2627 1877 2666 1936 6
2721 1877 2972 1937 eosdem
3029 1877 3225 1938 libros
3279 1878 3628 1958 descriptos

222 1969 459 2030 luntate
520 1967 895 2047 scriptorum
985 1973 1292 2040 veterum,
1377 1967 1486 2046 qui
1541 1966 1871 2028 Cassiodo-

220 2084 348 2126 rum
410 2065 612 2126 secuti
696 2065 988 2125 videntur
1081 2065 1145 2123 in
1231 2082 1329 2136 eo,
1417 2065 1587 2143 quod
1658 2064 1874 2130 docuit

223 2181 350 2242 cap.
388 2166 466 2224 12
497 2162 575 2224 de
607 2162 1003 2223 Institutione
1033 2161 1227 2222 divin.
1262 2161 1660 2223 Litterarum.
1713 2165 1869 2223 Nam

221 2261 383 2338 quod
412 2279 532 2340 per
559 2259 897 2322 intervalla
927 2260 1344 2339 Hieronymus
1380 2260 1444 2319 in
1506 2278 1621 2320 sua
1679 2265 1874 2320 trans-

222 2358 449 2418 latione
538 2357 888 2436 descripsit,
976 2357 1132 2417 illud
1221 2364 1681 2436 consequenter
1763 2376 1872 2438 po-

222 2458 415 2517 suisse
476 2462 540 2516 et
596 2455 906 2516 adunasse
963 2455 1370 2516 Cassiodorus
1398 2455 1749 2516 credendus
1777 2462 1870 2516 est

219 2572 288 2614 ex
316 2554 412 2624 iis,
449 2572 594 2632 quae
626 2553 764 2614 loco
796 2553 988 2613 citato
1046 2553 1379 2630 leguntur:
1429 2551 1625 2612 Hunc
1667 2557 1868 2612 autem

211 2650 575 2731 pandecten,
662 2651 891 2729 inquit,
966 2655 1221 2730 propter
1285 2650 1522 2731 copiam
1581 2649 1869 2710 lectionis

221 2749 559 2808 minutiore
618 2767 803 2807 manu
864 2747 929 2806 in
986 2746 1348 2808 senionibus
1406 2747 1868 2828 quinquaginta

217 2846 415 2906 tribus
469 2846 917 2906 estimavimus
965 2845 1501 2922 conscribendam,
1579 2851 1649 2905 ut
1703 2845 1872 2925 quod

218 2942 392 3004 lectio
472 2944 726 3026 copiosa
818 2943 1099 3016 tetendit,
1182 2943 1508 3023 scripturae
1587 2943 1869 3002 densitas

217 3042 493 3102 adunata
569 3039 982 3101 contraheret.
1069 3040 1515 3119 Copiosissima
1596 3047 1732 3102 erat
1801 3041 1868 3101 in

217 3142 488 3202 editione
536 3139 903 3219 Hieronymi
963 3139 1147 3199 lectio
1203 3138 1542 3217 Scriptura:
1612 3145 1870 3218 propter

1980 1973 2253 2034 retinent
2307 1992 2420 2052 per
2472 1973 2612 2034 cola
2666 1991 2960 2034 versuum
3013 1980 3076 2035 et
3133 1980 3474 2048 commata,
3537 1977 3629 2038 ita

1983 2077 2051 2131 ut
2105 2070 2344 2132 diceres
2398 2070 2787 2150 exemplaria
2816 2072 3088 2134 Canonis
3116 2073 3341 2133 Latina
3370 2091 3448 2134 ex
3503 2073 3630 2135 illis

1981 2167 2260 2229 Hebraeis
2290 2185 2588 2249 expressa
2617 2169 2828 2231 fuisse.
2860 2172 3064 2231 Tanta
3119 2188 3395 2250 namque
3448 2189 3629 2251 repe-

1979 2267 2139 2327 ritur
2166 2268 2329 2328 inter
2379 2273 2676 2346 utrosque
2733 2268 2980 2329 codices
3037 2268 3314 2329 affinitas
3363 2274 3426 2330 et
3479 2287 3636 2330 con-

1979 2364 2216 2436 cordia,
2279 2372 2346 2424 ut
2428 2363 2608 2424 nobis
2663 2364 2893 2443 saepius
2949 2364 3356 2426 admirationi
3419 2364 3628 2440 fuerit,

1978 2462 2232 2541 quando
2291 2480 2432 2522 cum
2494 2462 2770 2522 Hebraeis
2827 2463 3356 2542 comparabamus
3419 2482 3634 2525 exem-

1977 2561 2180 2640 plaria
2236 2560 2478 2621 Latina.
2539 2561 2722 2621 Liber
2768 2562 2911 2634 Job,
2987 2567 3326 2622 attestante
3409 2562 3630 2624 Hiero-

1979 2676 2192 2736 nymo,
2252 2675 2438 2736 prosa
2492 2657 2735 2735 incipit,
2798 2676 2979 2718 versu
3037 2658 3292 2730 labitur,
3357 2659 3630 2737 pedestri

1977 2773 2265 2815 sermone
2335 2753 2572 2827 ﬁnitur,
2629 2755 2692 2814 id
2725 2760 2841 2827 est,
2903 2774 2940 2816 a
2996 2755 3306 2834 principio
3355 2755 3626 2816 volumi-

1977 2853 2074 2912 nis
2130 2870 2327 2930 usque
2384 2851 2464 2912 ad
2525 2852 2715 2912 verba
2762 2853 2904 2924 Job,
2965 2852 3073 2912 ubi
3153 2852 3240 2912 ait
3299 2868 3314 2912 :
3401 2851 3630 2912 Pereat

1977 2951 2136 3023 dies,
2200 2957 2320 3010 etc.
2371 2947 2510 3027 (Iob
2564 2967 2653 3025 ιιι,
2717 2951 2803 3028 3),
2863 2968 3052 3028 prosa
3085 2949 3288 3010 oratio
3345 2955 3488 3010 est:
3549 2950 3630 3010 ab

1977 3050 2086 3110 illo
2145 3055 2356 3110 autem
2415 3055 2728 3110 commate
2785 3067 2982 3128 usque
3050 3050 3129 3110 ad
3214 3049 3402 3111 finem
3485 3049 3632 3109 libri

1976 3149 2260 3209 versibus
2318 3147 2686 3218 absolvitur,
2768 3165 2995 3226 nempe
3081 3165 3279 3226 usque
3360 3148 3438 3207 ad
3496 3147 3633 3208 haec

218 3238 513 3299 distincta
568 3237 906 3298 intervalla
959 3236 1240 3298 colorum
1301 3243 1362 3296 et
1426 3243 1860 3296 commatum:

1981 3245 2195 3317 verba,
2229 3243 2315 3304 Et
2361 3266 2486 3325 ago
2527 3245 2964 3326 paenitentiam
3024 3245 3089 3304 in
3128 3243 3375 3322 favilla
3431 3249 3490 3303 et
3535 3244 3632 3304 ci-

218 3353 343 3397 eam
380 3337 736 3397 breviorem
769 3335 916 3396 fecit
969 3341 1031 3394 et
1087 3334 1568 3394 contractiorem
1625 3335 1868 3396 Cassio-

218 3434 419 3505 dorus,
509 3452 652 3494 cum
730 3440 793 3494 et
879 3431 1319 3492 minutioribus
1401 3432 1868 3492 characteribus

218 3530 591 3600 litterarum,
626 3536 688 3591 et
717 3530 1010 3591 adunatis
1041 3529 1327 3608 partibus
1370 3530 1544 3608 prius
1607 3531 1863 3591 distinc-

220 3628 376 3688 tisin
411 3647 618 3688 unum
677 3628 871 3688 veluti
928 3627 1191 3687 densum
1246 3644 1475 3705 corpus
1529 3628 1860 3688 contraxit.

220 3727 458 3786 Inﬁnita
493 3731 834 3805 supersunt
892 3741 1039 3784 mss.
1099 3723 1486 3802 exemplaria
1542 3743 1864 3787 sacrorum

219 3823 587 3896 Bibliornm,
625 3823 730 3884 ubi
761 3840 1000 3892 versus,
1034 3827 1162 3882 tam
1203 3820 1268 3880 in
1325 3821 1615 3896 Psalmis,
1675 3842 1866 3903 quam

219 3920 271 3980 in
323 3922 594 4001 reliquis
678 3921 865 3992 notis,
941 3925 1190 3980 tantum
1265 3921 1680 3999 interpunctis
1752 3924 1872 3983 dis-

219 4017 380 4079 tincti
440 4019 852 4098 reperiuntur
910 4035 924 4077 :
988 4017 1097 4078 sed
1169 4017 1412 4078 rariora
1493 4019 1554 4078 in
1639 4020 1870 4098 quibus

221 4117 465 4193 Psalmi,
507 4123 569 4178 et
604 4115 923 4195 prmeipue
967 4114 1110 4174 libri
1145 4113 1314 4188 Jobi,
1373 4115 1527 4175 colis
1576 4135 1868 4178 versuum

219 4223 351 4274 sunt
403 4214 714 4292 descripti
765 4233 779 4273 :
839 4211 1143 4274 rarissimi
1208 4218 1421 4273 autem
1479 4215 1724 4275 codices
1779 4215 1872 4276 illi

219 4319 352 4372 sunt
405 4313 521 4392 qui
551 4330 670 4391 per
698 4311 838 4372 cola
893 4317 956 4372 et
985 4316 1302 4370 commata
1333 4311 1541 4372 adhuc
1600 4314 1873 4375 retinent

219 4409 558 4487 descriptos
621 4408 816 4468 libros
880 4407 1164 4481 στιχήρεις
1194 4409 1422 4470 Jobum
1457 4427 1685 4488 nempe
1725 4429 1869 4472 cum

218 4506 475 4567 Psalmis
567 4505 842 4578 Davidis,
940 4511 1004 4566 et
1111 4507 1408 4588 operibus
1488 4507 1866 4571 Salomonis.

1976 3363 2118 3402 nere
2173 3341 2312 3418 (Iob
2368 3361 2516 3416 xm,
2573 3343 2683 3422 6.).
2773 3347 3046 3404 Parvum
3108 3350 3320 3404 autem
3377 3360 3626 3404 comma

1974 3433 2102 3492 sive
2131 3432 2491 3510 Capitulum
2525 3432 2695 3510 quod
2757 3438 3042 3492 remanet
3101 3451 3287 3512 prosa
3337 3432 3625 3492 oratione

1974 3529 2349 3589 contexitur.
2397 3531 2627 3590 Totum
2683 3529 2850 3609 istud
2910 3529 3051 3588 libri
3105 3529 3225 3590 Job
3283 3528 3619 3589 artificium

1973 3627 2260 3705 religiose
2315 3627 2713 3688 observatum
2773 3627 3056 3688 videmus
3103 3627 3167 3686 in
3225 3626 3414 3706 regiis
3467 3645 3614 3687 mss.

1972 3725 2248 3784 Hebraeis
2295 3723 2428 3802 jam
2462 3725 2734 3784 laudatis
2768 3742 2782 3785 :
2817 3731 3020 3785 totum
3079 3724 3229 3784 item
3280 3724 3346 3784 in
3401 3742 3618 3784 exem-

1978 3823 2256 3903 plaribus
2313 3824 2582 3883 Canonis
2639 3822 2964 3883 Hebraicaa
3044 3821 3346 3900 veritatis,
3437 3838 3625 3900 quem

1978 3923 2264 3982 Latinum
2299 3921 2447 3981 fecit
2476 3921 2920 4000 Hieronymus.
2953 3921 3020 3979 ln
3078 3938 3151 3980 eo
3209 3926 3458 3980 tantum
3498 3918 3628 3978 dis-

1979 4019 2347 4099 crepabunt,
2425 4019 2596 4098 quod
2654 4019 3058 4079 Hebraeorum
3114 4035 3402 4077 versuum
3461 4033 3634 4076 com-

1978 4121 2149 4175 mata
2205 4114 2425 4193 spatiis
2491 4113 2706 4174 vacuis
2786 4114 2867 4174 ab
2923 4113 3194 4173 invicem
3256 4103 3635 4192 separantur

1977 4214 2043 4273 in
2101 4212 2319 4272 eadem
2352 4212 2519 4271 linea
2555 4229 2568 4271 :
2607 4229 2749 4289 quas
2806 4217 3125 4272 commata
3183 4210 3301 4271 sibi
3349 4209 3636 4290 subjecta

1978 4319 2041 4373 et
2098 4312 2382 4372 subnexa
2442 4311 2844 4389 reperiuntur
2917 4311 2979 4370 in
3057 4310 3278 4372 Latina
3324 4311 3634 4381 versione,

1979 4416 2240 4489 propter
2300 4408 2606 4487 majorem
2676 4409 3014 4470 verborum
3072 4409 3442 4470 Latinorum
3527 4425 3633 4470 co-

1981 4509 2172 4586 piam,
2232 4525 2358 4584 qua
2413 4507 2765 4586 proprietas
2821 4506 3010 4584 huius
3067 4506 3300 4585 lingua:
3355 4504 3636 4584 comple-

218 4603 379 4673 Quod
441 4605 649 4683 igitur
702 4609 946 4682 spectat
1027 4605 1492 4666 distinctionem
1580 4609 2106 4672 versuuthur.
2169 4609 2292 4667 Res
2353 4608 2473 4667 erit
2559 4607 2800 4667 facilior
2882 4605 3231 4679 intellectu,
3316 4605 3368 4666 si
3448 4604 3638 4684 hujus

216 4701 271 4759 in
327 4710 462 4764 toto
493 4706 760 4762 Canone
819 4701 1139 4764 Hebraicis
1201 4702 1504 4776 veritatis,
1563 4721 1704 4764 eam
1747 4723 1877 4765 mu-

217 4801 361 4860 tuati
445 4819 679 4861 sumus
760 4805 822 4860 et
904 4801 1341 4862 vetustissimis
1424 4802 1872 4871 monumentis.

217 4915 480 4974 quorum
537 4915 665 4976 ope
717 4897 999 4958 destituti
1057 4898 1119 4958 in
1181 4898 1370 4959 Mosis
1426 4898 1873 4972 voluminibus,

215 4995 414 5071 Josue,
447 4996 782 5068 Iudicum,
817 5002 964 5069 etc.,
1013 4996 1172 5056 nihil
1230 5013 1342 5075 per
1387 4995 1528 5057 cola
1581 5015 1874 5059 versuum

216 5093 435 5156 ibidem
503 5093 789 5154 dividere
838 5093 1022 5155 nobis
1075 5093 1496 5172 permisimus,
1556 5095 1664 5156 sed
1740 5101 1878 5158 tan-

218 5194 330 5252 tum
389 5190 1030 5270 interpunctionibus
1087 5191 1168 5250 ad
1245 5208 1539 5250 versuum
1627 5191 1878 5254 distinc-

217 5289 436 5352 tionem
473 5288 793 5351 adhibitis
856 5287 1194 5349 editionem
1260 5294 1542 5349 nostram
1601 5290 1874 5352 absolvi-

217 5407 336 5450 mus
369 5396 579 5471 prout
610 5387 789 5449 licuit
820 5388 1239 5449 mediocritati
1273 5393 1524 5449 nostras.

1985 4705 2362 4767 discriminis
2424 4705 2720 4784 exempla
2775 4722 3227 4784 proponamus.
3288 4703 3434 4764 Jobi
3513 4703 3637 4764 ita-

1985 4821 2109 4883 que
2165 4803 2372 4881 capite
2431 4803 2615 4863 tertio
2698 4803 2842 4862 talis
2923 4808 3016 4862 est
3097 4801 3267 4880 apud
3340 4800 3638 4862 Hebraeos

1985 4906 2370 4962 commatum
2404 4900 2724 4961 distinctio
2754 4899 2817 4959 in
2847 4899 3154 4961 versibus.

3082 5049 3147 5102 in
3186 5025 3322 5104 ’ς’-Μ
3363 5049 3455 5101 ειν
3495 5049 3641 5103 τιδι’

2848 5167 3069 5224 valaela
3097 5184 3260 5224 amar
3287 5169 3423 5222 hora
3450 5179 3638 5236 gaver.

1991 5058 2005 5103 :
2039 5054 2144 5105 πελ
2184 5053 2302 5103 mn
2345 5055 2474 5103 ms
2514 5025 2717 5104 n‘w‘mi

1985 5170 2147 5227 lovad
2178 5171 2286 5225 iam
2316 5167 2548 5224 havaled
2579 5167 2641 5223 bo

2066 5305 2213 5364 Haec
2243 5303 2369 5363 duo
2426 5307 2742 5362 commata
2788 5299 3069 5380 ejusdem
3128 5318 3341 5362 versus
3397 5298 3459 5358 in
3517 5301 3639 5358 La-

1988 5401 2122 5462 tina
2176 5400 2463 5461 versione
2520 5399 2640 5460 sibi
2689 5399 2974 5460 subnexa
3032 5405 3177 5459 sunt
3238 5395 3393 5478 (Iob,
3425 5412 3516 5470 ut,
3549 5394 3640 5474 3),

282 5489 663 5552 Notandum
724 5505 870 5548 vero
924 5505 1068 5548 cum
1127 5487 1370 5566 primis,
1447 5489 1573 5548 duo
1646 5507 1879 5568 genera
1992 5507 2057 5561 ut
2090 5500 2388 5569 diximus,
2419 5505 2481 5559 et
2510 5497 2634 5559 hoc
2665 5498 2854 5558 modo
2885 5497 3236 5575 descripta:

220 5586 726 5661 distinctionum,
759 5605 901 5665 qua:
932 5586 997 5646 in
1054 5586 1336 5648 versibus
1393 5587 1537 5647 Jobi
1591 5593 1654 5648 et
1707 5591 1877 5650 Psal-

225 5703 455 5749 morum
521 5685 806 5746 diximus
832 5684 1088 5765 usitata,
1143 5684 1210 5745 in
1267 5683 1556 5766 pluribus
1597 5686 1878 5750 Hebraeis

2061 5623 2261 5680 Pereat
2292 5623 2416 5679 dies
2444 5621 2502 5678 in
2536 5639 2654 5685 qua
2684 5626 2862 5678 natus
2894 5637 3028 5676 sum
3060 5635 3074 5685 ;

2059 5699 2128 5751 Et
2159 5712 2272 5752 nox
2303 5695 2362 5751 in
2395 5711 2515 5767 qua
2543 5688 2765 5750 dictum
2798 5696 2888 5749 est
2919 5709 2934 5749 :
2968 5692 3286 5761 conceptus
3317 5693 3408 5746 est
3436 5688 3637 5748 homo.
