4060 6190
0 523 16 660 i

468 325 585 384 143
1628 317 1956 378 PATRUM
1999 315 2706 381 BENEDICTINORUM
3758 321 3869 382 lu

450 499 457 534 ε
541 459 636 518 Ita
683 461 1136 536 consequenter
1187 471 1300 533 per
1354 457 1556 514 totum
1607 451 1862 526 Jobum,
1923 457 1985 511 et
2041 450 2106 510 in
2139 451 2335 516 Aista
2371 453 2510 512 cola
2564 458 2626 513 et
2681 460 3046 516 commata:
3109 455 3606 536 Hieronymiana
3662 458 3867 516 autem

461 556 741 617 Hebraeis
772 575 918 616 mss.
981 552 1326 626 codicibus,
1387 557 1449 613 et
1505 552 1566 612 in
1626 551 1861 613 Latinis
1909 552 2111 610 Cano-
2219 545 2374 602 κῶλα
2404 554 2459 604 et
2483 548 2742 621 κόμματι
2797 553 2860 612 in
2937 555 3445 616 Praefatiunculis
3527 557 3591 614 S.
3650 555 3866 614 Docto-

459 657 559 718 nis
589 655 1078 734 exemplaribus,
1141 654 1282 715 cola
1330 671 1623 713 versuum
1679 656 1740 711 et
1795 655 2111 710 commata
2221 647 2306 707 ris
2366 655 2740 720 memorata,
2793 651 3225 714 distinctiones
3302 661 3447 714 sunt
3524 651 3872 732 Scriptura-

461 755 776 834 descripta
832 753 1250 834 reperiuntur.
1306 755 1580 820 Quorum
1645 749 2112 810 distinctionem
2223 763 2361 804 rum
2395 763 2507 824 per
2558 747 2848 808 membra
2877 749 3118 826 divisas,
3153 770 3293 830 quae
3353 768 3686 812 numerum
3747 767 3874 809 ver-

459 855 574 915 etsi
621 853 685 912 in
744 852 1028 932 pluribus
1089 869 1235 910 mss.
1297 848 1618 910 codicibus
1679 847 1935 907 minime
1991 846 2107 906 ob-
2222 863 2404 904 suum
2438 844 2926 908 constituuntin
2958 850 3160 910 Libris
3191 851 3403 912 sacris.
3465 850 3630 921 Quas
3662 849 3874 910 distin-

459 955 772 1010 servatam
849 948 1199 1019 videamus,
1277 946 1520 1006 nullum
1593 950 1926 1025 propterea
1983 961 2116 1003 mo-
2223 941 2460 1002 ctiones
2516 961 2834 1017 versuum,
2888 965 3056 1007 nunc
3130 948 3402 1027 majores
3459 948 3650 1008 fuisse
3707 948 3873 1026 apud

458 1066 606 1109 vere
677 1046 910 1107 debent
998 1042 1530 1123 exemplariorum
1613 1049 1805 1102 tanta:
1892 1041 2114 1100 discre-
2223 1045 2462 1101 veteres
2506 1041 2877 1120 Scriptores,
2939 1063 3105 1106 nunc
3164 1046 3480 1107 breviores
3533 1064 3726 1124 supra
3783 1045 3873 1106 di-

458 1144 714 1227 pantiaz,
806 1142 956 1222 quia
1037 1142 1309 1202 inductm
1395 1147 1539 1200 sunt
1589 1158 1674 1200 .a
1731 1138 2002 1199 librariis
2057 1143 2120 1198 et
2224 1137 2544 1197 cebamus.
2607 1140 2955 1220 Utrumque
3012 1151 3223 1203 autem
3283 1143 3348 1204 id
3405 1143 3872 1203 distinctionum

463 1241 875 1322 scriptoribus
932 1239 1232 1318 antiquis,
1293 1239 1402 1316 qui
1461 1255 1626 1297 nunc
1684 1237 1896 1315 plures
1974 1252 2114 1294 sen-
2225 1251 2422 1312 genus
2453 1235 2532 1294 ab
2565 1235 2948 1316 Hieronymo
3007 1239 3293 1317 agnitum
3353 1245 3416 1301 et
3473 1245 3869 1318 usurpatum,

462 1341 693 1404 tentias
749 1338 1167 1418 conjungunt,
1231 1355 1400 1397 nunc
1458 1335 1838 1406 distrahunt,
1931 1337 2117 1412 prout
2225 1351 2303 1391 ex
2357 1331 2638 1410 ejusdem
2700 1335 2905 1396 verbis
2959 1336 3234 1398 breviter
3319 1337 3871 1398 demonstrandum

461 1441 529 1500 in
587 1439 902 1499 calamum
977 1436 1266 1504 ﬂuerent,
1327 1441 1390 1494 et
1443 1434 1690 1494 animus
1773 1431 2115 1510 scriptoris,
2225 1437 2339 1490 est.
2427 1431 2732 1491 Versuum
2817 1433 3138 1495 distinctio
3224 1435 3304 1496 ab
3405 1435 3668 1513 antiquo
3745 1452 3874 1494 aevo

461 1542 599 1598 tum
659 1533 930 1606 Hebrmi,
983 1540 1115 1592 tum
1175 1531 1407 1604 Latini,
1467 1530 1642 1610 operi
1699 1535 1861 1591 esset
1914 1529 2119 1588 inten-
2226 1535 2532 1606 usurpata
2585 1527 2648 1588 in
2696 1529 2899 1590 Libris
2953 1531 3166 1603 sacris,
3228 1551 3304 1592 ea
3359 1532 3632 1611 primum
3708 1531 3877 1592 haud

464 1641 587 1708 tus,
647 1638 760 1694 aut
814 1650 1048 1709 vagus;
1109 1636 1178 1691 ut
1243 1630 1306 1691 in
1365 1628 1609 1706 magnis
1664 1633 1725 1688 et
1807 1625 2120 1687 diuturnis
2227 1625 2417 1686 dubie
2474 1628 2856 1687 recensenda
2911 1635 3005 1689 est
3061 1649 3202 1708 quas
3260 1630 3325 1690 in
3382 1629 3657 1690 editione
3731 1630 3878 1690 Vul-

468 1732 768 1812 operibus
808 1730 946 1790 fieri
1003 1728 1183 1789 solet.
1247 1727 1530 1805 Scriptor
1587 1725 1820 1787 codicis
1874 1723 2120 1785 Hebrmi
2229 1729 2377 1801 gata
2433 1729 2578 1783 ante
2634 1725 3083 1804 Hieronymum
3143 1727 3519 1788 obtinebat:
3613 1746 3876 1806 quasque

471 1829 829 1894 Oratoriani
887 1847 1079 1908 supra
1140 1826 1470 1888 memorati
1552 1825 1831 1904 integros
1911 1820 2550 1900 versusBcopiosior
2607 1822 2725 1882 fuit
2805 1825 3049 1884 caeteris
3131 1825 3425 1886 omnibus
3471 1825 3879 1886 divisionibus

471 1929 769 1990 continue
798 1926 1130 2005 descripsit
1184 1925 1246 1985 in
1280 1930 1413 1986 toto
1469 1923 1797 1994 Psalterio,
1857 1940 1971 1982 nec
2028 1921 2124 1981 ul-
2232 1927 2359 1982 tam
2419 1921 2714 2000 antiquis,
2779 1941 2970 2001 quam
3031 1923 3371 1984 hodiernis.
3459 1927 3583 1985 Hac
3668 1924 3880 1984 distin-

474 2027 601 2088 lam
652 2025 741 2086 ibi
799 2023 1154 2085 observavit
1185 2028 1571 2083 commatum
1630 2019 2119 2089 distinctionem,
2231 2017 2436 2078 ctione
2490 2035 2781 2078 versuum
2842 2021 3058 2098 partiti
3139 2022 3288 2082 olim
3375 2021 3633 2094 Psalmi,
3693 2021 3880 2100 dupla

477 2142 670 2204 quam
730 2128 942 2182 tamen
979 2126 1349 2200 prosecutus
1404 2125 1497 2180 est
1553 2119 1713 2179 libro
1771 2117 1976 2196 primo
2006 2118 2126 2177 Pa-
2233 2115 2537 2193 majorem
2625 2116 2902 2178 habuere
2983 2138 3313 2180 numerum
3399 2119 3872 2191 versiculorum,

473 2223 936 2301 ralipomenon,
1027 2238 1170 2280 cum
1256 2236 1396 2297 cap.
1477 2234 1582 2277 xv1
1641 2216 1924 2296 ejusdem
1981 2213 2126 2274 libri
2233 2215 2331 2276 vel
2382 2214 2695 2274 interdum
2779 2216 2968 2295 triplo
3055 2218 3384 2297 majorem,
3471 2236 3662 2296 quam
3713 2235 3878 2278 nunc

471 2318 794 2380 Psalmum
873 2333 969 2378 CIV
1055 2334 1179 2376 non
1262 2314 1537 2393 segniter
1593 2313 1948 2373 exscribere
2012 2329 2122 2372 vo-
2235 2311 2471 2372 habent
2499 2311 2562 2370 in
2619 2311 2892 2390 Vulgata
2917 2319 3133 2375 nostra
3191 2313 3440 2375 Latina.
3471 2314 3659 2375 Verbi
3694 2331 3884 2374 causa

473 2416 617 2477 luit.
675 2415 851 2476 Idem
909 2418 1042 2474 esto
1096 2411 1405 2492 judicium
1464 2411 1542 2471 de
1600 2411 1904 2490 scriptore
1964 2408 2128 2469 Lati—
2236 2409 2380 2472 Psal
2412 2426 2523 2469 xm
2577 2411 2762 2486 juxta
2816 2411 3186 2472 hodiernam
3245 2412 3614 2474 divisionem
3672 2412 3890 2472 decem

474 2538 579 2590 no,
639 2536 756 2577 ms.
819 2513 1052 2576 codicis
1124 2511 1497 2584 Bibliorum,
1555 2529 1744 2589 quem
1821 2507 2131 2568 Colberti-
2239 2507 2520 2568 versibus
2604 2507 2932 2568 distinctus
3006 2510 3258 2589 legitur,
3317 2509 3504 2588 juxta
3561 2510 3889 2588 antiquam

475 2636 575 2678 nae
663 2612 1062 2675 bibliothecas
1119 2610 1437 2670 donarunt
1494 2607 1780 2669 canonici
1847 2606 2130 2666 Anicien-
2240 2605 2606 2665 divisionem
2666 2605 2727 2665 in
2786 2607 3094 2668 Psalterio
3183 2611 3466 2668 Romana
3560 2606 3894 2668 duodecim

477 2731 616 2776 ses:
674 2714 726 2774 is
781 2712 948 2774 enim
1006 2709 1160 2770 colis
1217 2725 1508 2768 versuum
1568 2705 1853 2766 distinxit
1890 2705 2131 2783 priores
2241 2703 2464 2764 habuit
2493 2721 2728 2776 versus,
2784 2705 2882 2764 vel
2941 2705 3262 2777 tredecim,
3324 2711 3655 2766 numerato
3713 2703 3898 2764 titulo

480 2819 623 2876 octo
670 2811 771 2872 vel
826 2810 1062 2883 decem~
1127 2807 1409 2867 Psalmos
1493 2804 1770 2877 Davidis,
1853 2802 2130 2880 reliquos
2241 2799 2478 2862 Psalmi
2525 2819 2639 2878 pro
2699 2819 2824 2862 uno
2883 2808 3216 2862 commate.
3282 2806 3352 2862 In
3410 2803 3730 2864 communi
3785 2819 3904 2861 au-

478 2933 630 2976 vero
703 2916 1038 2990 sequentes
1095 2906 1423 2986 descripsit
1471 2906 1708 2983 absque
1767 2903 1954 2963 simili
2036 2919 2134 2962 co-
2245 2906 2370 2960 tem
2402 2904 2465 2960 et
2494 2899 2688 2960 veteri
2720 2900 2940 2961 Latina
2971 2901 3384 2962 translatione
3440 2900 3661 2979 viginti
3721 2900 3908 2979 quin-

480 3013 688 3072 lorum
798 3004 1219 3075 distinctione,
1335 3001 1948 3082 interpunctionibus
2031 3017 2131 3059 so-
2244 3016 2366 3076 que
2424 3004 2840 3058 numerantur
2895 2998 3102 3072 στίχοι,
3156 3005 3266 3060 aut
3323 2998 3544 3078 viginti
3600 3017 3709 3060 sex
3755 3016 3903 3058 cum

480 3108 809 3170 lummodo
841 3103 1141 3188 adhibitis
1198 3103 1262 3162 in
1303 3102 1428 3162 ﬁne
1485 3119 1800 3161 versuum.
1862 3099 1974 3159 His
2031 3099 2135 3158 ad-
2245 3093 2454 3154 titulo.
2563 3095 2748 3155 Istius
2849 3097 3294 3174 copiosissimas
3391 3096 3713 3158 divisionis
3765 3115 3910 3157 ver-

481 3206 706 3268 dendaa
765 3208 973 3264 essent
1038 3199 1282 3278 aliquot
1339 3198 1652 3259 variantes
1707 3193 2213 3260 distinctionesC
2251 3210 2432 3252 suum
2517 3191 2801 3253 meminit
2908 3193 3353 3275 Hieronymus,
3434 3195 3584 3254 dum
3669 3192 3911 3272 virgini

484 3322 782 3367 versuum
864 3300 1182 3361 interdum
1242 3301 1644 3359 occurrentes
1692 3297 1754 3356 in
1812 3294 2000 3374 regiis
2021 3296 2140 3355 He-
2247 3289 2683 3351 eruditissima;
2744 3292 3084 3352 Eustochio
3170 3292 3505 3371 respondet
3593 3291 3910 3370 prooemio

487 3401 677 3462 brmis
732 3397 1073 3469 codicibus,
1146 3395 1336 3474 inque
1392 3394 1592 3454 tribus
1674 3392 2141 3472 exemplaribus
2248 3389 2312 3448 in
2345 3387 2451 3448 lib.
2495 3405 2594 3450 XVI
2649 3390 3259 3450 Commentariorum
3310 3391 3374 3450 in
3433 3391 3699 3450 Isaiam:
3753 3389 3914 3449 Non

485 3498 726 3562 Latinis
809 3494 1078 3556 Canonis
1143 3493 1466 3554 Hebraicaa
1524 3490 1803 3552 veritatis
1854 3490 1974 3550 nisi
2029 3509 2138 3550 cu-
2241 3495 2525 3567 parvam,
2558 3487 2784 3566 inquit,
2829 3486 2990 3546 milii
3045 3487 3564 3568 quaestiunculam
3641 3486 3924 3548 detulis-

485 3597 653 3656 rioso
736 3592 959 3654 lectori
1037 3591 1399 3651 sufﬁcerent
1481 3608 1622 3668 qum
1722 3588 2141 3667 praemisimus
2251 3585 2322 3657 ti,
2385 3585 2554 3665 quod
2596 3585 2840 3644 scilicet
2873 3591 3006 3646 octo
3064 3607 3280 3647 versus
3336 3587 3448 3667 qui
3505 3586 3802 3666 leguntur
3845 3587 3924 3646 in

488 3691 783 3770 exempla
814 3689 894 3750 ad
925 3706 1130 3748 causa:
1163 3687 1672 3766 explicationem.
2249 3683 2576 3761 Eeclesiis,
2636 3689 2694 3742 et
2749 3684 2813 3743 iu
2870 3682 3188 3744 Hebraico
3247 3705 3367 3745 non
3427 3683 3754 3763 habentur,
3788 3690 3924 3743 ter-

567 3794 747 3852 Nunc
777 3787 829 3848 si
885 3787 963 3847 ad
1008 3785 1322 3864 periodos,
1385 3784 1524 3845 cola
1579 3791 1642 3844 et
1696 3789 2014 3844 commata
2061 3783 2140 3843 ab
2251 3781 2331 3840 tii
2357 3781 2586 3841 decimi
2616 3781 2885 3855 Psalmi,
2943 3781 3294 3864 Apostolus
3353 3783 3700 3865 usurparit,
3735 3783 3927 3842 scri-

485 3887 836 3968 Augustino
868 3884 1204 3946 observata
1231 3882 1294 3942 in
1335 3882 1629 3960 Epistolis
1685 3881 1865 3942 Pauli
1923 3881 2139 3942 redea-
2251 3877 2396 3938 beus
2472 3879 2557 3939 ad
2624 3878 2937 3941 Romanos
2995 3878 3188 3962 (Cap.
3248 3898 3338 3954 Ill,
3400 3901 3557 3941 vers.
3619 3880 3831 3959 13-18)
3901 3901 3923 3940 :

489 4006 649 4059 mus,
714 3983 1009 4065 proclivis
1061 3987 1155 4042 est
1200 3987 1391 4059 atque
1440 3979 1735 4058 expedita
1793 3980 2138 4058 responsio,
2251 3977 2621 4056 Sepulcrum
2657 3984 2879 4056 patens
2938 3984 3033 4039 est
3088 3985 3307 4057 guttur
3366 3997 3607 4057 eorum,
3671 3978 3926 4056 linguis

486 4084 954 4146 sanctissimum
1005 4078 1352 4141 antistitem
1411 4077 1755 4158 respexisse
1815 4077 1926 4138 lib.
1980 4095 2038 4139 Iv
2066 4077 2144 4138 de
2252 4074 2380 4134 suis
2437 4075 2654 4136 dolose
2710 4075 3006 4154 agebant,
3066 4094 3379 4137 venenum
3434 4076 3722 4156 aspidum
3782 4075 3924 4136 sub

484 4181 786 4243 Doctrina
867 4177 1244 4249 Christiana,
1335 4194 1460 4236 non
1519 4174 1596 4236 ad
1679 4174 2141 4234 distinctionem
2253 4171 2435 4232 labiis
2518 4190 2758 4234 eorum.
2845 4177 3124 4242 Quorum
3213 4193 3283 4236 os
3341 4173 3780 4236 maledictione
3847 4180 3929 4235 et

484 4296 778 4339 versuum
830 4277 1126 4337 usitatam
1183 4274 1247 4333 in
1305 4273 1506 4333 Libris
1534 4273 1749 4344 sacris,
1783 4272 1890 4332 sed
1925 4273 2000 4332 ad
2037 4272 2143 4332 ba-
2251 4269 2671 4330 amaritudine
2755 4269 3011 4350 plenum
3071 4278 3185 4345 est,
3256 4273 3500 4334 veloces
3558 4271 3746 4352 pedes
3805 4289 3936 4332 eo-

487 4374 984 4456 giographorum
1017 4372 1395 4450 scriptorum
1445 4369 1897 4449 eloquentiam,
1947 4387 2141 4448 quam
2251 4385 2388 4427 rum
2450 4368 2526 4427 ad
2587 4368 3034 4429 effundendum
3121 4370 3516 4448 sanguinem.
3596 4368 3937 4430 Contritio

486 4471 816 4535 ostendere
901 4468 1140 4529 studuit
1229 4486 1262 4526 e
1319 4472 1616 4528 contextu
1716 4466 2138 4544 Epistolarum
2251 4471 2314 4525 et
2372 4465 2705 4527 infelicitas
2761 4467 2822 4526 in
2886 4467 3000 4526 viis
3051 4485 3293 4539 eorum,
3352 4473 3415 4528 et
3472 4468 3642 4528 viam
3729 4467 3945 4546 pacis

485 4575 558 4634 B.
592 4568 798 4644 Pauli,
860 4567 967 4627 ubi
1027 4565 1458 4644 grammaticas
1491 4565 1644 4626 artis
1676 4564 2132 4633 distinctiones,
2169 4567 2374 4632 Dnon
2435 4569 2868 4641 cognoverunt
2929 4581 2943 4635 ;
3003 4581 3129 4623 non
3187 4570 3281 4623 est
3338 4563 3530 4623 timor
3585 4563 3695 4624 Dei
3753 4571 3937 4626 ante

486 4689 560 4732 ac
616 4670 786 4745 leges
842 4663 1245 4742 elegantioris
1300 4663 1607 4724 sermonis
1655 4662 2007 4740 probantur
2037 4681 2134 4722 re-
2246 4662 2464 4721 oculos
2517 4679 2756 4721 eorum.
2826 4659 3019 4736 Quod
3072 4681 3210 4720 cum
3263 4660 3604 4739 audissem,
3638 4661 3837 4740 quasi
3887 4683 3938 4721 α

486 4773 699 4828 tantas.
732 4763 883 4824 Cola
938 4761 1130 4840 igitur
1186 4767 1248 4821 et
1305 4767 1620 4821 commata
1677 4763 1741 4820 S.
1803 4759 2137 4838 Augustini
2241 4759 2594 4827 fortissimo
2619 4757 2836 4839 pugile
2876 4767 3213 4840 percussus
3271 4779 3484 4832 essem,
3545 4760 3696 4840 ccepi
3751 4761 3946 4820 taci-

487 4864 646 4925 nihil
705 4861 826 4922 hoc
882 4860 1021 4920 loco
1079 4859 1322 4937 spirant
1392 4863 1623 4936 prater
1697 4857 2132 4936 gradationem
2245 4861 2346 4915 tus
2403 4860 2687 4930 astuare,
2717 4861 2776 4915 et
2803 4862 3110 4938 stuporem
3143 4857 3366 4916 mentis
3398 4855 3618 4916 vultus
3649 4855 3947 4938 pallor:

484 4959 986 5044 grammaticam,
1052 4974 1179 5035 qua
1236 4955 1427 5016 verba
1483 4955 1581 5016 vel
1639 4973 1826 5016 censa
1909 4973 2136 5015 conne-
2243 4954 2526 5035 signare,
2561 4962 2682 5015 etc.
2747 4957 2902 5016 Octo
2957 4955 3049 5015 illi
3107 4975 3346 5035 versus,
3408 4956 3516 5036 qui
3569 4963 3696 5017 tres
3749 4961 3941 5018 tan-

483 5064 742 5122 ctuntur
787 5056 1053 5116 alterum
1115 5072 1192 5114 ex
1250 5054 1472 5131 altero,
1534 5055 1694 5115 sicut
1752 5055 1932 5114 Rom.
1975 5071 2034 5126 v,
2069 5055 2128 5126 3,
2243 5058 2376 5113 tum
2432 5052 2669 5114 habent
2727 5053 3158 5115 distinctiones
3213 5055 3278 5115 in
3336 5060 3552 5116 nostra
3625 5052 3950 5132 Vulgata

482 5177 558 5221 ex
591 5152 998 5217 tribulatione
1057 5150 1450 5229 patientiam,
1511 5169 1585 5212 ex
1643 5151 1950 5231 patientia
1981 5169 2133 5230 pro-
2245 5153 2487 5224 Latina,
2547 5157 2608 5211 et
2654 5150 2717 5210 in
2766 5152 3073 5224 Romano,
3132 5151 3465 5222 Psalterio,
3502 5152 3620 5212 hoc
3677 5151 3950 5216 ordine

478 5256 823 5324 hationem,
905 5267 989 5324 _ex
1069 5247 1441 5326 probatione
1525 5267 1698 5327 spem
1780 5266 2130 5309 connexam
2241 5255 2302 5312 et
2333 5268 2595 5310 numero
2627 5249 2971 5310 decurrunt
3017 5249 3081 5310 in
3140 5251 3448 5312 Psalterio
3508 5253 3572 5310 S.
3632 5253 3951 5312 Germa-

479 5355 768 5416 videmus
799 5367 812 5407 :
847 5347 945 5408 vel
976 5345 1168 5406 decus
1224 5345 1394 5406 aliud
1455 5346 1778 5420 orationis,
1815 5365 1941 5424 quo
1990 5352 2134 5424 post
2241 5347 2328 5419 ni,
2363 5352 2635 5406 veterem
2667 5345 3003 5422 Vulgatam
3063 5353 3125 5409 et
3180 5346 3388 5413 Κοινὴν
3445 5347 3808 5425 complexo,
3850 5359 3954 5412 et

483 5453 697 5532 aliqua
744 5443 1212 5528 pronuntiantis
1269 5462 1420 5505 voce
1478 5443 1727 5522 singula
1781 5443 1984 5520 ﬁnita,
2043 5463 2132 5505 se-
2241 5443 2612 5515 uncialibus,
2679 5447 2742 5502 ut
2801 5451 3049 5520 vocant,
3121 5445 3344 5506 litteris
3422 5443 3629 5506 aureis
3705 5449 3952 5524 atque

485 5551 696 5631 quitur
751 5545 1026 5608 ambitus
1082 5541 1212 5602 sive
1268 5541 1585 5615 circuitus,
1638 5560 1824 5621 quem
1874 5537 2126 5615 περίοδον
2239 5541 2554 5622 argenteis
2583 5547 2896 5603 exarato:

485 5646 810 5728 appellant
843 5661 858 5704 :
892 5640 1449 5721 grammaticorum
1509 5646 1572 5700 et
1600 5645 1925 5702 oratorum
1983 5645 2130 5701 sunt
2306 5647 2654 5721 Sepulcrum
2682 5652 2891 5720 patens
2920 5653 3014 5706 est
3042 5652 3251 5721 guttur
3278 5665 3505 5720 eorum,
