4060 6190
235 408 352 468 145

235 537 482 609 Linguis
513 535 643 592 suis
675 533 876 609 dolose
909 532 1194 609 agebant;

237 603 538 666 Venénum
572 608 851 678 aspidum
883 603 993 660 sub
1024 603 1199 660 labiis
1231 617 1433 678 eorum

237 683 495 746 Quorum
514 697 582 735 os
606 669 1506 751 maledictioneet_amaritudine
1529 669 1886 751 plenumest.

237 754 476 808 Veloces
511 752 691 823 pedes
721 766 923 823 eorum
958 749 1027 823 ad
1048 746 1470 823 effundendum
1495 746 1848 812 sanguinem
1874 757 1887 804 ;

237 819 528 880 Contritio
555 827 614 877 et
643 821 960 876 infelicitas
991 819 1050 874 in
1082 819 1192 874 viis
1223 833 1421 872 eorum
1448 833 1463 882 ;

236 897 300 951 Et
328 897 486 950 viam
521 893 682 964 pacis
718 909 834 948 non
867 894 1310 964 cognoverunt;

234 968 356 1023 Non
390 974 484 1022 est
513 962 696 1020 timor
715 965 818 1019 Dei
851 970 984 1018 ante
1016 962 1216 1018 oculos
1247 975 1471 1016 eorum.

314 1084 381 1142 In
414 1079 714 1142 Ecclesiis
767 1079 1141 1141 Latinorum
1199 1075 1574 1154 legebantur
1631 1076 1774 1132 octo
1800 1069 1894 1130 illi

233 1198 475 1250 versus,
539 1184 698 1238 teste
757 1177 1164 1255 Hieronymo,
1224 1192 1298 1235 ac
1356 1171 1595 1250 virgine
1663 1170 1891 1228 Eusto-

234 1277 402 1352 chio,
454 1278 516 1336 in
570 1293 787 1336 eorum
848 1293 1103 1352 quoque
1153 1271 1474 1333 codicibus
1526 1267 1712 1328 modo
1755 1265 1890 1344 jam

236 1374 527 1434 exhibito
572 1371 1010 1432 scribebantur
1076 1387 1219 1429 cum
1279 1366 1538 1428 totidem
1597 1379 1890 1423 versuum

236 1469 781 1546 distinctionibus,
830 1486 974 1546 quas
1025 1466 1284 1544 duplam
1336 1463 1434 1523 vel
1476 1461 1732 1539 triplam
1785 1459 1894 1517 ha-

230 1569 386 1629 bent
448 1567 820 1627 divisionem
881 1583 1024 1625 cum
1082 1569 1300 1624 nostra
1357 1560 1665 1621 hodierna
1721 1573 1891 1616 com-

230 1673 498 1746 paratae.
551 1665 855 1726 Eamdem
910 1681 1206 1725 versuum
1265 1660 1733 1721 distinctionem
1783 1674 1896 1714 nu-

233 1781 551 1825 merosam
629 1762 916 1840 agnoscit
992 1761 1413 1839 Hieronymus
1487 1755 1758 1836 epistola
1811 1752 1892 1813 ad

235 1862 544 1923 Sunniam
620 1868 681 1920 et
749 1859 1084 1931 Fretelam,
1161 1858 1269 1918 ubi
1346 1857 1478 1915 haec
1551 1854 1742 1914 habet
1811 1850 1890 1910 ad

233 1961 401 2020 Psal.
437 1975 584 2033 XVII,
621 1961 733 2019 i3:
803 1955 1073 2016 Grando
1103 1961 1160 2014 et
1200 1953 1495 2014 carbones
1526 1951 1726 2031 ignis,
1760 1953 1879 2008 etc.

233 2055 320 2116 Et
341 2055 633 2136 quaritis
691 2075 805 2114 cur
843 2053 1106 2114 Graecus
1157 2053 1347 2112 istum
1380 2048 1754 2110 versiculum
1787 2066 1886 2106 se-

230 2156 442 2215 cundo
473 2173 596 2213 non
653 2152 895 2231 habeat,
957 2151 1347 2233 interpositis
1403 2150 1644 2209 duobus
1689 2148 1884 2206 versi-

233 2252 370 2312 bus.
403 2250 534 2310 Sed
561 2251 881 2310 sciendum
913 2251 1062 2330 quia
1093 2249 1168 2309 de
1216 2246 1558 2325 Hebraico,
1592 2251 1650 2304 et
1692 2244 1886 2305 Theo—

230 2349 516 2410 dotionis
547 2349 821 2408 editione
861 2349 928 2408 in
983 2347 1401 2429 Septuaginta
1446 2342 1886 2424 interpretibus

228 2449 346 2510 sub
403 2450 708 2508 asterisco
767 2449 1058 2508 additum
1118 2447 1225 2507 sit.
1309 2450 1404 2506 Ita
1461 2452 1574 2516 est,
1634 2448 1888 2504 Graecus

229 2554 568 2609 contextus
617 2547 697 2606 ad
747 2565 934 2625 quem
985 2551 1165 2606 vetus
1213 2543 1476 2621 antiqua
1526 2541 1746 2602 Latina
1787 2560 1889 2600 ex-

231 2667 453 2728 pressa
511 2655 627 2714 est,
691 2666 815 2707 non
875 2646 1125 2724 legebat
1177 2645 1242 2705 in
1275 2655 1448 2724 Κοινῇ
1517 2641 1784 2703 Grando
1832 2647 1890 2700 et

228 2746 534 2807 carbones
567 2745 786 2826 ignis;
819 2751 963 2825 post
992 2745 1114 2805 ista
1153 2762 1166 2803 :
1225 2743 1311 2804 Et
1362 2741 1746 2803 Altissimus
1777 2740 1890 2800 de-

231 2844 331 2904 dit
360 2863 568 2902 vocem
598 2863 776 2902 suam
809 2864 830 2919 ;
889 2843 997 2902 sed
1029 2841 1223 2902 semel
1281 2847 1524 2902 tantum
1586 2845 1769 2899 ante:
1803 2837 1890 2897 Et

235 2941 521 3001 intonuit
576 2941 653 3000 de
705 2939 856 3000 ceelo
901 2939 1241 2999 Dominus.
1274 2939 1453 3002 Unde
1484 2937 1662 2997 illum
1694 2936 1885 2996 versi-

235 3038 450 3099 culum
486 3056 630 3098 cum
691 3038 990 3098 asterisco
1049 3037 1328 3116 reposuit
1375 3036 1795 3114 Hieronymus
1822 3033 1886 3093 in

235 3135 410 3195 hunc
445 3134 705 3196 modum
735 3152 749 3193 :

493 3241 730 3296 Grande
752 3245 809 3294 et
838 3240 1120 3294 carbones
1151 3237 1326 3296 inuis.

491 3312 561 3366 Et
591 3311 846 3366 intonuit
883 3312 955 3366 de
985 3311 1128 3367 caalo
1161 3310 1481 3366 Dominus:

490 3384 561 3438 Et
580 3382 922 3439 Altissimus
954 3383 1117 3438 dedit
1145 3397 1344 3438 vocem
1377 3397 1575 3448 suam,

486 3456 560 3526 ζῇ
592 3454 825 3510 Grande
855 3459 913 3509 et
942 3455 1224 3510 carbones
1254 3453 1424 3526 ignis.

310 3557 471 3615 Tres
533 3553 741 3612 ultimi
797 3570 1016 3612 versus
1075 3553 1266 3630 hujus
1342 3549 1684 3622 divisionis,
1752 3549 1890 3608 uni-

240 3672 381 3713 cum
420 3653 820 3713 constituunt
875 3671 1034 3713 vers.
1098 3655 1174 3713 14
1221 3651 1284 3711 in
1341 3651 1615 3729 Vulgata
1642 3648 1888 3710 Latina.

241 3751 422 3814 Unde
483 3750 748 3828 colligas
808 3751 1149 3810 maximum
1201 3749 1533 3809 discrimen
1587 3749 1755 3826 quod
1802 3746 1895 3806 in-

243 3849 496 3908 tercidit
528 3848 695 3908 inter
751 3848 1144 3918 hodiernam,
1207 3853 1269 3908 et
1322 3849 1486 3906 inter
1531 3845 1891 3924 antiquissi-

247 3965 411 4006 mam
473 3946 944 4006 distinctionem
1002 3963 1324 4024 versuum,
1371 3945 1432 4004 in
1470 3943 1674 4004 Libris
1703 3942 1895 4003 sacris

245 4050 620 4123 usurpatam
683 4043 901 4122 primis
955 4043 1100 4103 ﬁdei
1161 4041 1572 4122 temporibus.
1631 4044 1719 4102 De
1776 4059 1893 4100 nu-

245 4160 494 4201 merosa
582 4140 702 4201 hac
761 4159 1056 4201 versuum
1143 4141 1448 4200 divisione
1532 4139 1898 4200 consulatur

241 4239 455 4298 adhuc
489 4238 910 4317 Hieronymus
939 4239 1001 4297 in
1052 4256 1106 4298 c.
1141 4255 1248 4300 xxx
1289 4237 1536 4309 Ezech.,
1569 4237 1632 4296 in
1662 4253 1716 4298 c.
1751 4253 1896 4296 1x111

239 4337 450 4403 Isaia,
513 4347 573 4395 et
634 4336 772 4396 aliis
826 4335 1172 4396 innumeris
1231 4335 1407 4403 locis,
1483 4353 1751 4413 quorum
1809 4352 1898 4393 re-

243 4433 536 4494 citationi
591 4433 922 4511 indulgere
981 4452 1105 4493 non
1156 4435 1361 4512 juvat,
1423 4451 1497 4494 eo
1556 4433 1725 4511 quod
1761 4431 1893 4511 jam

246 4531 443 4591 allata
503 4531 870 4590 testimonia
937 4530 1157 4591 lectori
1225 4530 1506 4591 studioso
1563 4531 1713 4590 satis
1767 4547 1900 4589 esse

247 4628 660 4689 credidimus.

248 4727 520 4804 vestigia
634 4726 956 4787 hodiernae
1070 4726 1488 4787 distinctionis
1605 4745 1895 4786 versuum

248 4825 665 4885 ostendamus
764 4825 1062 4884 exsistere
1165 4825 1334 4904 apud
1421 4824 1896 4903 Hieronymum,

248 4922 422 5002 quod
456 4940 650 5001 supra
692 4941 790 4982 me
849 4923 1161 4982 facturum
1220 4922 1502 5001 promisi.
1564 4922 1898 4983 Sciendum

245 5021 447 5099 igitur
503 5020 696 5080 verba
753 5020 902 5080 Jobi
961 5039 1102 5099 cap.
1161 5036 1308 5092 XLII,
1368 5038 1526 5080 vers.
1580 5021 1642 5091 6,
1675 5020 1902 5097 quibus

247 5119 691 5196 pcenitentiam
764 5136 944 5178 suam
1003 5118 1331 5196 praedicat,
1406 5136 1596 5177 unum
1657 5118 1902 5176 efﬁcere

246 5234 503 5276 versum
555 5217 724 5294 apud
777 5221 841 5277 S.
904 5216 1383 5295 Hieronymum,
1421 5223 1488 5276 ut
1550 5235 1742 5276 unum
1803 5215 1897 5276 di-

247 5315 449 5374 cimus
472 5314 663 5393 juxta
722 5314 1093 5375 hodiernam
1152 5314 1605 5375 versiculorum
1657 5315 1904 5374 divisio-

249 5430 414 5485 nem,
476 5431 516 5471 a
573 5411 976 5473 Massorethis
1047 5417 1423 5472 mutuatam.
1503 5415 1666 5472 Nam
1729 5419 1900 5490 post-

250 5528 436 5586 quam
467 5517 805 5570 monuerat
864 5508 1244 5570 Praefatione
1301 5509 1365 5568 in
1413 5509 1644 5570 librum
1674 5509 1796 5569 Job
1828 5527 1904 5568 ex

254 5609 518 5668 Hebraeo
619 5624 1017 5682 conversum,
1130 5605 1516 5666 hexametris
1623 5606 1904 5666 versibus

259 5705 447 5787 ipsum
525 5707 865 5769 decurrere
947 5704 1116 5786 apud
1203 5704 1523 5779 Hebraeos,
1594 5723 1631 5765 a
1699 5703 1906 5763 verbis

1640 389 2230 453 PROLEGOMENA
2243 434 2257 450 .

1916 526 1972 592 Α
2003 526 2239 588 scilicet
2267 527 2412 605 Joh,
2462 527 2525 587 in
2584 525 2811 605 quibus
2869 525 2982 598 ait,
3045 529 3273 584 Pereat
3314 523 3474 604 dies,
3527 530 3651 586 etc.

3533 391 3652 452 146

2000 621 2196 706 (Cap.
2235 642 2323 698 III,
2361 644 2518 683 vers.
2553 624 2639 701 3),
2675 643 2875 702 usque
2920 624 3000 683 ad
3053 642 3194 683 eum
3246 623 3480 699 locum,
3542 624 3650 685 ubi

2001 727 2149 779 ante
2206 720 2391 780 ﬁnem
2452 720 2790 778 voluminis
2845 720 3148 799 scriptum
3211 726 3346 780 est:
3398 719 3652 781 Idcirco

2003 817 2130 898 ipse
2199 838 2292 876 me
2347 816 2747 898 reprehendo,
2807 821 2866 874 et
2921 837 3045 896 ago
3087 817 3522 898 paenitentiam
3583 820 3650 879 in

1982 914 2228 990 favilla
2258 921 2317 974 et
2345 917 2550 975 cinere
2575 912 2772 996 (Cap.
2824 931 2968 987 XLII,
3021 934 3180 975 vers.
3224 917 3331 994 6):
3365 915 3650 978 subdidit

2003 1015 2344 1074 statimzA
2410 1014 2774 1096 supradicto
2833 1019 3034 1073 autem
3084 1033 3262 1073 versu
3313 1034 3505 1094 usque
3561 1016 3649 1075 ad

1982 1111 2192 1186 ﬁnem
2273 1109 2446 1190 libri,
2491 1119 2761 1192 parvum
2834 1130 3068 1170 comma
3127 1111 3296 1190 quod
3350 1117 3646 1192 remanet,

1985 1215 2185 1288 prosa
2233 1209 2514 1268 oratione
2559 1201 2930 1268 contexitur.
2984 1207 3104 1269 Ubi
3149 1207 3276 1267 duo
3326 1207 3650 1269 observari

2001 1306 2211 1384 velim,
2290 1307 2563 1385 primum
2637 1306 2923 1366 eamdem
3002 1305 3494 1380 distinctionem,
3585 1313 3648 1368 et

2001 1407 2286 1466 eamdem
2367 1407 2552 1466 unius
2611 1424 2825 1466 versus
2879 1405 3328 1466 continentiam
3360 1405 3423 1466 in
3456 1426 3650 1486 supra

2001 1506 2183 1567 dictis
2225 1506 2430 1568 verbis
2487 1507 2630 1578 Job,
2691 1513 3056 1584 usurpatam
3117 1507 3308 1566 fuisse
3365 1507 3444 1567 ab
3504 1509 3646 1568 Hie-

2001 1622 2290 1682 ronymo,
2353 1623 2494 1682 quae
2552 1604 2616 1663 in
2674 1603 2945 1681 Vulgata
2999 1602 3308 1664 hodierna
3350 1621 3647 1664 versuum

2001 1699 2400 1760 distinctione
2456 1718 2573 1759 usu
2632 1706 2884 1778 recepta
2943 1705 3077 1758 est;
3142 1700 3306 1759 unde
3364 1700 3650 1778 sequitur

2002 1797 2308 1857 nonnulla
2366 1797 2689 1857 hodiernae
2746 1795 3165 1857 distinctionis
3221 1797 3485 1876 vestigia
3542 1817 3650 1878 ap-

1919 1896 2220 1974 Bparere
2279 1895 2447 1972 apud
2532 1894 3006 1973 Hieronymum.
3095 1895 3330 1955 Deinde
3409 1915 3644 1954 comma

1995 1992 2074 2052 ab
2107 1992 2324 2052 eodem
2389 1996 2454 2052 S.
2515 1993 2782 2052 Doctore
2838 1998 3130 2052 vocatum
3191 1991 3312 2052 hoc
3341 1992 3478 2054 loco
3509 2011 3638 2054 non

1995 2108 2128 2150 esse
2223 2090 2576 2168 promiscue
2685 2089 3118 2168 accipiendum
3218 2107 3361 2149 cum
3477 2089 3636 2150 colis

1995 2194 2057 2248 et
2115 2185 2521 2246 commatibus
2574 2205 2893 2258 versuum,
2945 2186 3020 2245 de
3078 2205 3346 2264 quorum
3395 2186 3645 2248 divisio-

1996 2286 2180 2346 nibus
2211 2286 2271 2345 in
2299 2287 2421 2344 hoc
2468 2285 2736 2345 articulo
2786 2285 3146 2364 disputatur
3179 2303 3193 2344 :
3230 2286 3380 2363 quia
3407 2306 3641 2345 comma

1996 2384 2164 2464 quod
2206 2389 2480 2444 remanet
2509 2403 2546 2442 a
2604 2383 2966 2462 supradicto
3019 2402 3199 2442 versu
3259 2383 3403 2444 Jobi
3449 2402 3648 2464 usque

1997 2485 2076 2543 ad
2108 2483 2294 2544 finem
2330 2483 2496 2554 libri,
2557 2481 2873 2560 integrum
2930 2487 3030 2542 est
3090 2481 3461 2561 capitulum,
3515 2483 3650 2562 plu-

1997 2581 2174 2641 rimis
2242 2586 2539 2640 constans
2629 2579 2977 2652 sententiis,
3063 2579 3125 2639 id
3197 2586 3293 2640 est
3361 2579 3650 2658 plurimis

1999 2679 2298 2745 versibus,
2360 2684 2420 2738 et
2496 2695 2789 2736 versuum
2868 2676 3308 2737 commatibus.
3386 2677 3648 2737 Comma

1996 2777 2210 2854 itaque
2301 2775 2405 2834 hic
2485 2775 2608 2835 loci
2696 2775 2954 2846 dictum,
3045 2773 3211 2833 idem
3299 2780 3393 2834 est
3476 2775 3649 2852 quod

1997 2881 2270 2954 περικοπή
2329 2873 2498 2950 apud
2554 2873 2884 2950 Origenem
2941 2890 3014 2931 ac
3074 2877 3333 2932 caeteros
3389 2873 3646 2933 Graeciaa

1999 2977 2390 3031 tractatores.
2456 2969 2644 3030 Aliud
2728 2969 3057 3047 vestigium
3143 2968 3465 3029 hodierna
3547 2969 3643 3029 di-

1999 3067 2351 3129 stinctionis
2407 3085 2700 3127 versuum
2741 3135 2748 3142 ,
2787 3066 3090 3145 putabam
3151 3085 3250 3126 me
3334 3067 3646 3128 invenisse

1998 3166 2159 3226 lib.I
2209 3165 2819 3225 Commentariorum
2878 3163 3245 3242 Hieronymi
3300 3165 3363 3223 in
3418 3165 3646 3225 Danie-

1903 3261 1946 3327 C
1985 3263 2106 3322 lem
2143 3281 2196 3323 c.
2232 3280 2302 3324 III
2332 3261 2514 3342 (vers.
2545 3264 2689 3340 87):
2727 3261 2801 3320 de
2833 3261 2956 3320 illis
3004 3260 3169 3321 enim
3230 3261 3457 3334 verbis,
3519 3260 3648 3321 Be-

2003 3361 2271 3420 nedicite
2345 3361 2552 3419 sancti
2622 3365 2680 3418 et
2753 3357 3021 3418 humiles
3097 3359 3281 3418 corde
3346 3357 3646 3433 Domino,

2003 3459 2258 3518 laudate
2314 3464 2372 3517 et
2423 3457 2874 3539 superexaltate
2927 3476 3062 3515 eum
3124 3457 3189 3515 in
3246 3457 3500 3534 saecula,
3564 3457 3653 3518 ita

2003 3557 2247 3618 disserit
2326 3561 2388 3618 S.
2476 3556 2934 3634 Hieronymus:
2994 3553 3444 3614 Humilitatem
3511 3575 3653 3615 cor-

2001 3655 2105 3715 dis
2127 3653 2367 3733 habere,
2433 3660 2490 3713 et
2538 3663 2816 3736 praesens
2871 3653 3219 3713 versiculus
3274 3654 3471 3730 docet,
3531 3660 3649 3714 etc.

2001 3757 2080 3814 At
2154 3753 2453 3832 inSpectis
2508 3753 2840 3830 diligenter
2898 3771 3044 3812 mss.
3105 3751 3425 3812 codicibus
3479 3753 3654 3812 Com-

2005 3851 2456 3912 mentariorum
2489 3851 2552 3911 in
2611 3850 2954 3919 Dianelem,
3016 3849 3205 3909 ﬁdem
3246 3848 3484 3909 nullam
3518 3866 3652 3909 esse

2001 3948 2387 4026 deprehendi
2443 3947 2507 4007 in
2561 3947 2743 4008 editis
2801 3947 3015 4006 libris:
3051 3946 3136 4004 ita
3187 3946 3352 4004 enim
3411 3951 3650 4004 textum

2002 4046 2377 4125 praedictum
2463 4045 2738 4105 Danielis
2795 4043 3180 4114 describunt,
3253 4060 3325 4102 ac
3381 4041 3433 4101 si
3489 4042 3651 4102 inte-

2004 4164 2185 4224 grum
2219 4164 2379 4205 vers.
2413 4148 2515 4215 87,
2549 4163 2603 4202 c.
2639 4161 2732 4215 III,
2765 4142 3079 4213 recitaret,
3138 4147 3201 4200 et
3257 4146 3652 4200 commenta-

2007 4243 2110 4302 riis
2191 4242 2536 4302 illustraret
2584 4241 3020 4319 Hieronymus,
3083 4257 3226 4299 cum
3287 4244 3527 4298 certum
3577 4238 3658 4298 sit

2008 4341 2278 4400 mediam
2325 4346 2569 4399 tantum
2633 4344 2872 4417 partem
2931 4335 3221 4397 versiculi
3279 4335 3478 4396 nostri
3544 4354 3658 4414 po.-

2006 4437 2187 4496 sitam
2223 4436 2300 4496 ab
2331 4456 2405 4497 eo
2437 4435 2626 4496 fuisse
2657 4441 2718 4495 et
2766 4434 3115 4513 expositam
3174 4433 3235 4492 in
3297 4433 3426 4493 suis
3481 4433 3658 4493 Com-

2010 4534 2354 4607 mentariis,
2413 4534 2598 4593 istam
2657 4551 2882 4610 nempe
2935 4549 2947 4589 :
3029 4528 3394 4590 Benedicite
3451 4530 3658 4589 sancti

751 4631 957 4690 Unum
1050 4635 1358 4707 superest,
1433 4635 1502 4688 ut
1596 4627 1900 4687 nonnulla
1933 4629 2070 4694 Det
2126 4631 2394 4692 humiles
2453 4631 2638 4690 corde
2691 4628 2988 4690 Domino.
3050 4630 3128 4688 Et
3183 4628 3302 4687 hoc
3335 4632 3449 4701 est,
3486 4627 3657 4706 quod

2012 4731 2428 4807 Hieronymus
2538 4735 2720 4788 vocat
2798 4729 3166 4808 praesentem
3251 4723 3652 4794 versiculum,

2003 4829 2187 4905 juxta
2220 4827 2568 4905 antiquam,
2630 4833 2691 4886 et
2752 4843 2877 4884 non
2921 4823 3108 4900 juxta
3164 4821 3536 4882 hodiernam
3569 4822 3657 4881 di-

2011 4924 2410 4984 stinctionem
2445 4941 2762 4983 versuum.
2823 4921 2917 4980 Ad
2977 4919 3101 4980 alia
3152 4918 3414 4998 proinde
3439 4937 3653 4978 exem-

2012 5021 2117 5098 pla
2145 5020 2580 5079 divertendum
2635 5017 2817 5078 nobis
2847 5024 2960 5076 est.
3015 5015 3082 5074 In
3115 5015 3285 5075 Psal.
3319 5031 3508 5076 CXVIII
3539 5014 3656 5072 du-

2011 5118 2238 5197 plicem
2273 5117 2736 5177 distinctionem
2789 5131 3084 5173 versuum
3135 5113 3431 5173 usitatam
3470 5111 3657 5170 fuisse

2014 5215 2180 5293 apud
2216 5222 2455 5274 veteres
2512 5213 2808 5273 discimus
2861 5229 2894 5270 e
2949 5211 3386 5270 vetustissimis
3432 5225 3656 5267 monu-

2015 5311 2262 5378 mentis,
2324 5330 2400 5371 ex
2459 5308 2822 5387 Hieronymi
2897 5306 3176 5386 epistolis
3234 5324 3358 5366 non
3416 5302 3652 5382 paucis,

2013 5417 2072 5469 et
2127 5409 2383 5487 egregio
2468 5406 2802 5486 Augustini
2885 5405 3177 5484 Speculo.
3257 5404 3658 5462 Monumenta

2014 5507 2436 5568 vetustissima
2492 5507 2611 5566 ista
2669 5510 2862 5565 sunt:
2940 5501 3315 5564 Psalterium
3374 5504 3438 5560 S.
3497 5503 3655 5560 Ger-

2014 5605 2184 5664 mani
2217 5606 2400 5665 toties
2430 5605 2782 5673 laudatum,
2845 5609 2907 5662 et
2963 5598 3347 5678 exemplaria
3387 5597 3508 5658 tria
3536 5599 3653 5660 Ca-

2013 5702 2198 5765 nonis
2239 5703 2560 5765 Hebraicas
2611 5699 2914 5770 veritatis,
2969 5696 3076 5758 ubi
3121 5696 3292 5759 Psal.
3338 5712 3520 5761 exvlu
3567 5714 3658 5757 se-
