4060 6190
356 403 472 465 147
667 427 673 431 ·
1525 378 1853 444 PATRUM
1897 376 2049 438 BEN

2150 366 2607 432 lICTlNOBUM
3650 353 3766 414 148

353 534 553 611 decim
614 531 808 594 habet
880 545 1096 589 versus
1153 523 1268 585 sub
1347 535 1728 600 unaquaque
1791 504 2364 585 litteraAronymi
2440 504 2502 562 in
2580 499 2794 561 codice
2879 493 3296 558 vetustissimo
3389 487 3767 551 Carnutensi

353 631 682 713 alphabeti
737 625 1050 696 Hebraici,
1111 623 1219 702 qui
1281 619 1367 680 sic
1441 616 1884 679 describuntur
1939 612 2001 671 in
2114 603 2498 682 descriptum
2550 617 2661 678 per
2711 605 2835 658 tres
2899 592 3266 656 columellas
3309 588 3430 649 sibi
3498 587 3765 647 invicem

2321 700 2356 713 ο.
2583 697 2597 713 ι
2693 696 2704 708 ο
2782 693 2866 713 οισι
2934 693 3127 713 .IS,-_._-
3204 685 3647 713 ΠΊ-ι..-..ι,.-.....
3713 690 3765 713 ιιι

354 685 628 809 legata
661 685 1100 802 veteri,qua’m
1133 685 1413 780 continet
1451 715 1824 776 Psalterium
1861 715 2006 772 ante
2115 700 2460 780 oppositas,
2521 697 2602 758 ad
2660 693 3132 756 similitudinem
3204 685 3649 782 Tetraplorum
3710 690 3773 744 et

2120 804 2165 809 --
2347 798 2357 809 -
2624 793 2718 809 Α.
2856 792 2868 804 .
2992 791 3207 809 τμη,
3290 801 3533 809 ,ηημ
3601 782 3768 809 ,ηηλ

359 782 1261 906 ηὲηῖυρθῐυῶἕ.ὲθῐδωθηὶε
2119 798 2550 877 Hexaplorum
2617 792 2926 870 Origenis.
2992 791 3216 866 Itaque
3284 801 3536 863 quoque
3598 782 3773 843 aliud

2432 895 2476 906 μ
2558 893 2594 906 ..
2681 892 2692 904 .
3378 880 3742 906 οηιη-εη,

1096 918 1306 974 ἈΛΕΦ
2117 896 2348 976 triplex
2432 892 2804 954 Psalterium
2891 887 3293 948 bibliothecm
3378 880 3770 951 Sorbonicm,

521 1038 703 1094 nam
744 1036 1130 1082 iamcum-r1
1175 1035 1232 1080 ιι(
1271 1039 1399 1093 VM,
2121 994 2288 1075 quod
2371 994 2648 1053 Graecam
2730 988 2892 1048 LXX
3001 983 3318 1044 seniorum
3409 978 3771 1049 editionem,

523 1092 627 1192 om
675 1134 1095 1180 “(summm
1132 1134 1280 1180 LEGE
1313 1075 1560 1187 manu“;
2119 1091 2359 1153 Latinis
2418 1096 2627 1148 tamen
2693 1085 2991 1163 scriptam
3061 1076 3409 1153 elementis,
3482 1075 3775 1135 curiosis-

528 1234 702 1279 ΒεΑΤι
733 1233 830 1286 om
863 1232 1246 1277 scaUTANTUR
1275 1179 1640 1276 mmo,”
1672 1228 1808 1272 Ejus
2123 1191 2278 1252 sime
2309 1188 2537 1250 retinet
2592 1203 2733 1245 cum
2792 1179 3100 1244 Psalterio
3157 1182 3444 1238 Romano
3485 1180 3545 1233 et
3577 1180 3778 1233 trans-

2124 1288 2358 1349 latione
2438 1281 2806 1361 Hieronymi
2893 1275 3224 1339 Hebraica.
3308 1273 3409 1333 Sic
3505 1270 3780 1348 denique

2125 1383 2431 1456 Vaticani,
2519 1379 2720 1458 Regii,
2801 1373 3168 1444 Golbertini,
3246 1371 3780 1432 San-Germanen-

2129 1502 2247 1555 ses,
2308 1487 2368 1542 et
2425 1479 2532 1541 alii
2588 1474 2904 1538 innumeri
2978 1472 3227 1533 codices
3298 1486 3446 1528 mss.
3506 1465 3782 1526 Psalmo-

2129 1599 2290 1655 rum,
2353 1580 2417 1638 in
2474 1576 2705 1656 quibus
2763 1579 2967 1634 exstat
3024 1568 3214 1631 editio
3271 1583 3435 1626 nova
3482 1564 3783 1641 Hierony-

2132 1679 2242 1752 mi,
2301 1683 2412 1738 aut
2470 1681 2648 1735 vetus
2672 1672 2860 1752 juxta
2915 1665 3332 1747 Septuaginta
3378 1663 3778 1740 interpretes.

2135 1782 2256 1839 Per
2312 1775 2448 1836 cola
2509 1788 2828 1840 versuum,
2891 1768 3020 1828 sive
3078 1783 3190 1844 per
3248 1766 3512 1824 octonos
3565 1775 3785 1818 versus

531 1332 590 1376 1N
625 1329 781 1375 'ro'ro
813 1329 1001 1374 conus
1035 1329 1387 1381 nxoumuur
1418 1328 1566 1382 sum,
1601 1314 1713 1369 etc.
1741 1329 1758 1367 :

373 1432 516 1495 quae
547 1412 769 1474 eodem
828 1410 1016 1472 modo
1075 1410 1370 1488 leguntur
1426 1409 1490 1468 in
1530 1408 1640 1468 illo
1670 1403 2018 1484 exemplari

373 1509 798 1574 vetustissimo
831 1509 1250 1569 Psalmorum.
1295 1511 1366 1568 In
1398 1505 1668 1566 Canonis
1697 1503 2018 1581 exempla-

374 1609 548 1670 ribus
579 1606 744 1668 idem
782 1622 1082 1665 numerus
1129 1622 1446 1678 versuum,
1481 1603 1585 1663 sed
1619 1601 1810 1682 paulo
1841 1600 2023 1660 aliter

379 1705 730 1784 descriptus
761 1718 776 1763 :

1123 1816 1299 1854 ALEPH

453 1889 616 1948 Beati
645 1887 1014 1943 immaculati
1048 1887 1107 1942 in
1141 1887 1256 1957 via,

531 1962 629 2033 qui
664 1959 985 2033 ambulant
1011 1960 1069 2013 in
1103 1958 1224 2028 lege
1255 1958 1506 2033 Domini.

462 2029 621 2090 Beati
654 2031 754 2103 qui
784 2031 1129 2086 custodiunt
1153 2029 1492 2103 testimonia
1538 2029 1703 2100 ejus;

534 2104 594 2159 in
627 2102 748 2158 toto
779 2103 951 2158 corde
993 2102 1310 2172 exquirunt
1338 2117 1494 2156 eum.

460 2180 586 2256 Non
618 2175 776 2256 enim
797 2173 903 2256 .qui
929 2178 1244 2256 operantur
1273 2173 1673 2244 iniquitatem,

533 2246 591 2300 in
618 2245 729 2299 viis
761 2245 888 2313 ejus
919 2244 1388 2300 ambulaverunt.

462 2318 550 2372 Tu
582 2317 872 2388 mandasti
895 2320 1193 2388 princepta
1223 2321 1327 2370 tua

534 2387 816 2442 custodiri
850 2386 1051 2441 nimis.

469 2459 700 2534 Utinam
736 2459 1070 2534 dirigantur
1099 2458 1203 2511 viae
1237 2474 1375 2512 mea:

533 2531 603 2586 ad
636 2530 1023 2585 custodienda
1055 2535 1342 2600 praecepta
1389 2532 1505 2582 tua.

463 2603 631 2658 Tunc
659 2617 774 2656 non
807 2601 1156 2669 confundar,

536 2689 669 2730 cum
705 2689 1012 2744 respexero
1042 2673 1109 2727 ad
1145 2670 1344 2744 omnia
1377 2671 1652 2744 mandata
1680 2674 1801 2724 tua.

465 2741 928 2800 Conﬁtebor'tibi
961 2744 1019 2797 in
1054 2743 1372 2798 directione
1395 2741 1610 2809 cordis,

539 2832 672 2871 cum
697 2814 956 2871 didicero
988 2815 1208 2885 judicia
1232 2815 1481 2885 justitiaa
1509 2817 1644 2868 tuae.

470 2891 768 2960 Praecepta
785 2891 899 2960 tua
928 2887 1276 2960 custodiam,

541 2976 614 3015 ne
645 2956 1021 3030 derelinquas
1054 2974 1148 3014 me
1179 2956 1379 3012 nimis.

1136 3063 1302 3101 BETH.

469 3136 534 3191 In
568 3152 684 3208 quo
718 3136 960 3208 corrigit
988 3135 1275 3205 iuvenior,
1307 3139 1406 3189 etc.

478 3245 622 3302 Haec
671 3248 808 3303 erat
857 3260 1194 3302 numerosa
1248 3260 1544 3302 versuum
1603 3242 1921 3302 distinctio
1977 3241 2040 3301 in
2073 3247 2115 3314 ρ
2155 3260 2284 3301 esse
2355 3236 2796 3318 conscriptum,

395 3340 568 3402 Psal.
603 3357 810 3413 CXVIII,
847 3359 988 3418 quae
1030 3358 1062 3399 e
1117 3339 1386 3418 Vulgata
1443 3339 1705 3419 antiqua
1761 3339 2045 3401 versione

398 3438 627 3500 Latina
655 3438 718 3497 in
768 3456 994 3498 novam
1045 3440 1109 3498 S.
1164 3437 1537 3517 Hieronymi
1568 3437 2040 3498 translationem

395 3535 567 3596 illico
625 3535 908 3596 derivata
963 3539 1079 3607 est,
1145 3535 1233 3595 uti
1266 3552 1362 3595 res
1418 3535 1602 3596 estin
1650 3541 1944 3614 promptu
1970 3553 2043 3595 ex

399 3633 672 3713 Speculo
704 3636 765 3693 S.
826 3632 1184 3711 Augustini,
1245 3633 1355 3712 qui
1411 3633 1600 3712 hujus
1646 3634 1884 3695 Psalmi
1914 3652 2049 3694 ver-

404 3749 510 3792 sus
566 3729 1069 3810 quamplurimos
1125 3731 1361 3804 citavit,
1444 3738 1506 3791 et
1560 3750 1778 3792 eorum
1835 3750 2050 3792 nume-

406 3847 546 3888 rum
606 3828 1001 3904 determinat,
1065 3829 1278 3889 dicens
1326 3829 1486 3890 duos
1529 3850 1659 3889 esse
1707 3851 1921 3891 versus
1968 3830 2048 3890 ab

401 3927 526 3988 illis
582 3926 832 3993 verbis:
891 3930 1206 4008 Praecepta
1267 3933 1373 3986 tua
1441 3948 1563 3988 non
1633 3949 1770 3988 sum
1815 3928 2048 3989 oblitus

405 4025 647 4103 (v.83),
723 4044 921 4103 usque
991 4027 1066 4084 ad
1145 4027 1265 4086 ista
1334 4045 1476 4103 quae
1547 4026 1843 4104 leguntur
1885 4046 2045 4088 vers.

403 4124 521 4182 85:
557 4120 882 4182 Foderunt
936 4121 1097 4182 milii
1153 4122 1404 4203 superbi
1456 4137 1691 4196 foveas,
1749 4143 1881 4204 qua:
1928 4144 2049 4184 non

403 4226 582 4278 erant
628 4219 808 4292 juxta
857 4219 1057 4300 legem
1115 4226 1308 4281 tuam.
1373 4222 1658 4282 Totidem
1733 4223 1922 4282 etiam
1973 4222 2051 4282 ab

403 4315 503 4375 his
532 4334 730 4394 usque
761 4317 841 4376 ad
899 4334 1011 4377 ea:
1074 4317 1281 4377 Paulo
1337 4319 1547 4378 minus
1592 4339 2053 4379 consummave-

404 4419 557 4474 runt
586 4434 678 4473 me
709 4415 775 4473 in
826 4420 1016 4493 terra,
1068 4422 1185 4476 etc.
1221 4419 1406 4495 (vers.
1453 4420 1596 4494 87):
1631 4418 1877 4479 numeri
1906 4436 2052 4496 ergo

404 4531 730 4591 versuum,
779 4530 939 4591 quos
1006 4513 1285 4593 assignat
1346 4517 1753 4594 Augustinus,
1826 4516 2054 4595 sapius

2058 1873 2436 1951 Bdescripti
2516 1877 2662 1929 sunt
2738 1863 3010 1926 universi
3088 1860 3334 1922 codices
3390 1857 3506 1933 illi,
3565 1873 3784 1915 secun-

2137 1973 2285 2033 dum
2375 1969 2740 2030 hodiernam
2825 1978 3119 2023 versuum
3194 1955 3662 2018 distinctionem
3719 1959 3782 2013 et

2139 2066 2672 2132 enumerationem
2750 2063 2813 2122 in
2886 2059 3136 2120 Psalmo
3207 2053 3548 2116 centesimo
3609 2049 3780 2111 deci-

2140 2186 2242 2228 mo
2289 2171 2532 2239 octavo,
2596 2162 2674 2221 de
2721 2178 2847 2238 quo
2895 2157 3335 2234 Hieronymus,
3389 2151 3467 2211 ad
3517 2147 3782 2210 Paulam

2139 2265 2504 2327 Urbicam:
2591 2255 3076 2319 Studiosissime
3141 2247 3548 2334 perquisisti,
3633 2243 3792 2326 quid

2139 2362 2272 2423 sibi
2297 2360 2491 2420 velint
2520 2356 2795 2418 Hebraea
2823 2354 3071 2430 litterae,
3131 2369 3264 2430 quae
3320 2345 3585 2407 Psalmo
3615 2363 3791 2423 quem

2143 2457 2525 2539 legebamus,
2641 2451 3016 2513 videbantur
3092 2449 3358 2508 insertae.
3473 2440 3798 2522 Respondi

2144 2555 2483 2618 secundum
2515 2552 2798 2613 ordinem
2855 2549 3216 2609 litterarum
3272 2563 3408 2603 eum
3470 2559 3601 2600 esse
3627 2558 3798 2599 com-

2136 2654 2437 2736 positum,
2472 2650 2640 2731 quod
2695 2647 2985 2707 videlicet
3029 2665 3102 2704 ex
3141 2642 3352 2725 prima
3395 2639 3634 2712 littera,
3665 2653 3797 2715 qua:

2145 2752 2314 2834 apud
2359 2770 2460 2810 eos
2509 2752 2765 2808 vocatur
2822 2761 3040 2822 ALEPH,
3103 2746 3236 2801 octo
3295 2755 3511 2797 versus
3570 2733 3798 2814 incipe-

2145 2833 2305 2924 rent,
2355 2867 2582 2909 rursus
2611 2866 2683 2904 ex
2729 2841 3011 2923 sequenti
3071 2856 3226 2901 nam
3277 2833 3532 2896 totidem
3581 2848 3795 2890 versus

2147 2947 2472 3007 exordium
2525 2947 2859 3013 sumerent,
2915 2959 2988 2998 ac
3035 2942 3248 3019 postea
3305 2955 3378 2993 ex
3422 2947 3605 2994 GIMEL
3633 2928 3796 2989 idem

2149 3063 2444 3104 numerus
2473 3043 2902 3122 complentur,
2957 3048 3139 3115 atque
3197 3033 3286 3093 ita
3317 3047 3510 3110 usque
3539 3027 3623 3087 ad
3649 3043 3789 3103 TAU,

2149 3162 2281 3224 quae
2313 3141 2481 3222 apud
2539 3159 2640 3198 eos
2697 3142 2966 3195 extrema
3025 3133 3240 3193 littera
3296 3134 3409 3207 est,
3462 3124 3792 3187 Psalmum

2883 3239 3002 3292 etc.
3108 3227 3409 3290 Eamdem
3502 3239 3796 3284 versuum

2153 3336 2622 3400 distinctionem
2681 3335 3030 3412 sequuntur
3085 3326 3360 3388 Hilarius
3418 3327 3479 3383 et
3531 3319 3803 3381 Ambro-

2154 3436 2280 3496 sius
2344 3435 2406 3492 in
2477 3432 2605 3492 suis
2669 3432 2748 3490 ad
2812 3429 2977 3489 Psal.
3047 3442 3231 3488 cxvm
3289 3417 3800 3488 commentariis;

2154 3532 2324 3594 unde
2353 3530 2755 3591 manifestum
2815 3524 2998 3586 nobis
3052 3527 3167 3594 est,
3211 3537 3340 3580 non
3397 3516 3601 3577 solum
3635 3511 3805 3592 apud

2156 3630 2636 3708 Hieronymum,
2699 3624 2808 3685 sed
2866 3621 3036 3701 apud
3105 3619 3262 3679 alios
3289 3615 3477 3676 etiam
3511 3610 3802 3674 Ecclesiae

2156 3728 2446 3788 doctores
2531 3731 2591 3784 et
2671 3718 3142 3798 antiquissimos
3223 3713 3560 3792 scriptores
3642 3725 3803 3767 non-

2158 3825 2335 3885 nulla
2417 3828 2660 3884 exstare
2743 3815 3005 3895 vestigia
3107 3812 3425 3873 hodiernae
3508 3822 3802 3866 versuum

2158 3922 2480 3983 divisionis
2553 3925 2614 3980 et
2685 3913 3195 3978 enumerationis.
3280 3909 3451 3969 Idem
3524 3903 3808 3981 intellige

2161 4022 2238 4081 de
2299 4020 2522 4080 ultima
2586 4016 2860 4077 sectione
2920 4008 3431 4076 Proverbiorum,
3489 4001 3660 4082 quod
3728 4000 3807 4060 de

2159 4118 2324 4180 Psal.
2373 4131 2559 4177 CXVIII
2612 4131 2625 4173 :
2707 4131 2852 4172 nam
2926 4108 3098 4188 apud
3190 4105 3641 4181 Hieronymum
3701 4097 3812 4157 illa

2161 4222 2432 4293 περικοπὴ
2490 4231 2631 4291 qua:
2692 4209 2909 4269 laudes
2980 4204 3260 4266 mulieris
3349 4198 3530 4260 fortis
3604 4212 3815 4274 prose—

2164 4314 2397 4394 quitur,
2434 4309 2656 4389 viginti
2713 4306 2961 4368 duobus
3011 4308 3260 4366 constat
3305 4296 3589 4359 versibus
3628 4293 3816 4371 juxta

2164 4428 2493 4474 numerum
2583 4407 2935 4468 litterarum
3027 4398 3547 4461 Hebraicarum:
3643 4387 3809 4448 Pro-

2165 4507 2372 4569 verbia
2421 4525 2659 4587 quoque
2703 4499 3086 4572 Salomonis,
3141 4494 3346 4572 inquit
3393 4491 3813 4565 Hieronymus

405 4580 733 4671 iterando':
771 4580 1022 4692 Etpost
1049 4580 1208 4672 dubs
1273 4580 1486 4672 versus
1516 4633 1538 4686 ,'
1570 4620 1626 4674 et
1661 4580 1806 4694 post
1833 4580 2055 4695 sebtem
2089 4617 2132 4681 Ι)
2165 4580 2584 4686 epistolajam
2631 4599 2911 4669 laudata,
2971 4599 3308 4654 extremum
3371 4583 3618 4646 claudit
3681 4580 3810 4642 ΑΙο

409 4718 646 4780 versus,
703 4715 849 4780 etc.,
903 4710 1175 4787 perfecte
1222 4711 1538 4788 quadrant
1587 4713 1663 4772 ad
1710 4712 2057 4772 distinctio-

409 4824 552 4865 nem
604 4805 740 4885 jam
800 4805 1058 4880 dictam,
1120 4809 1414 4869 usitatam
1474 4811 1534 4868 in
1597 4810 1910 4870 veteribus
1942 4813 2056 4870 Ec-

409 4903 740 4964 clesiarum
823 4905 1271 4981 monumentis,
1359 4926 1499 4986 qum
1576 4908 1844 4969 sedecim
1925 4927 2058 4967 ver-

408 5019 592 5062 suum
652 5002 989 5064 divisiones
1045 5004 1347 5066 exhibent
1407 5009 1483 5064 ad
1546 5006 1793 5085 singula
1823 5005 2060 5084 Alpha-

404 5099 536 5160 beti
613 5100 903 5161 Hebraici
975 5101 1313 5163 elementa.
1395 5104 1519 5164 Alii
1591 5121 1738 5164 mss.
1813 5103 2061 5163 codices

405 5198 800 5259 Psalmorum
862 5199 1282 5276 antiquissimi
1347 5201 1758 5280 quamplures
1802 5219 1875 5261 ac
1905 5199 2060 5279 opti-

407 5315 524 5357 mae
574 5302 768 5370 notae,
820 5303 964 5357 octo
1018 5303 1263 5357 tantum
1320 5317 1535 5358 versus
1595 5299 1830 5358 habent
1875 5298 2064 5358 ascri-

405 5399 550 5474 ptos
597 5395 713 5456 sub
761 5393 1025 5473 singulis
1091 5395 1316 5455 litteris
1387 5396 1729 5463 Hebraicis.
1803 5403 1929 5456 tam
1999 5396 2060 5455 in

409 5493 606 5554 veteri
659 5493 932 5553 editione
975 5492 1160 5571 juxta
1211 5495 1365 5554 LXX
1424 5494 1820 5571 interpretes,
1872 5511 2060 5572 quam

413 5588 481 5649 in
539 5609 702 5652 nova
760 5590 1254 5668 Hieronymiana
1283 5608 1357 5650 ex
1407 5591 1684 5651 Hebraeis
1741 5591 2068 5652 volumini-

413 5685 532 5749 bus
581 5697 913 5770 prognata.
974 5692 1069 5751 Ita
1119 5687 1491 5750 Psalterium
1541 5690 1768 5771 triplex
1821 5693 1885 5751 S.
1930 5690 2068 5751 Hie-

2163 4683 2518 4778 blzabetum,
2561 4696 2729 4778 quod
2784 4696 3135 4754 tetrametro
3190 4683 3452 4746 iambico
3508 4683 3811 4759 supputa-

2167 4806 2272 4860 tur
2301 4798 2376 4858 ab
2406 4817 2472 4857 eo
2521 4795 2675 4874 loco,
2737 4793 2802 4852 in
2859 4810 2978 4872 quo
3027 4787 3166 4847 ait:
3235 4780 3551 4843 Mulierem
3585 4780 3808 4837 fortem

2167 4897 2308 4976 quis
2336 4895 2612 4956 inveniet
2666 4891 2880 4972 (Prov.
2939 4903 3109 4957 xxxx,
3170 4881 3332 4962 10)?
3391 4881 3461 4976 In
3492 4873 3813 4976 exempla-

2169 4997 2341 5056 ribus
2371 5000 2584 5054 autem
2637 4969 2932 5060 Canonis,
2983 4985 3174 5063 inque
3224 4971 3661 5038 vetustissimis
3706 4969 3816 5030 ali-

2171 5100 2323 5171 quot
2353 5093 2492 5152 aliis
2523 5108 2672 5150 mss.
2732 5083 3080 5154 codicibus,
3142 5079 3558 5138 numerantur
3611 5069 3674 5128 in
3705 5066 3817 5127 illa

2172 5164 2466 5257 sectione,
2502 5206 2624 5247 non
2672 5190 2914 5244 tantum
2964 5183 3043 5240 22
3090 5193 3329 5248 versus,
3379 5170 3487 5232 sed
3535 5169 3636 5241 44,
3670 5164 3820 5245 quia

2174 5307 2284 5368 per
2315 5288 2449 5348 cola
2481 5293 2544 5346 et
2573 5287 2889 5346 commata
2919 5275 3301 5354 descriptum
3354 5269 3442 5330 ibi
3474 5265 3702 5344 legitur
3732 5261 3820 5322 ul-

2175 5387 2399 5446 timum
2428 5381 2842 5462 alphabetum
2879 5423 2893 5436 .

2246 5483 2548 5538 Mulierem
2585 5480 2791 5534 fortem
2827 5474 2965 5546 quis
2996 5468 3302 5546 inveniet?
3354 5537 3389 5546 Δ.
3570 5533 3582 5546 ο

2317 5552 2516 5625 procul
2541 5557 2597 5607 et
2628 5551 2698 5604 de
2732 5542 2960 5625 ultimis
2994 5543 3211 5625 finibus
3244 5542 3496 5611 pretium
3532 5542 3681 5603 ejus.

2247 5615 2500 5682 Co'nlidit
2531 5625 2586 5677 in
2621 5639 2690 5677 ea
2719 5636 2819 5675 cor
2847 5617 2957 5672 viri
2989 5615 3105 5685 sui,

2321 5702 2378 5755 et
2409 5695 2614 5769 spoliis
2645 5709 2761 5751 non
2785 5686 3090 5762 indigebit,
3130 5690 3226 5740 etc.
