  <div class='ocr_page' id='page_1' title='image "/cluster/home/n/w/nwhite01/storage/ocr_20150623/28/hvd.32044052824265/089.png"; bbox 0 0 4060 6190; ppageno 0'>
   <div class='ocr_carea' id='block_1_1' title="bbox 357 365 470 430">
    <p class='ocr_par' dir='ltr' id='par_1_1' title="bbox 357 365 470 430">
     <span class='ocr_line' id='line_1_1' title="bbox 357 365 470 430; baseline 0 -1"><span class='ocrx_word' id='word_1_1' title='bbox 357 365 470 430; x_wconf 76' lang='grc'><strong>151</strong></span> 
     </span>
    </p>
   </div>
   <div class='ocr_carea' id='block_1_2' title="bbox 1529 357 2608 422">
    <p class='ocr_par' dir='ltr' id='par_1_2' title="bbox 1529 357 2608 422">
     <span class='ocr_line' id='line_1_2' title="bbox 1529 357 2608 422; baseline 0.001 -2"><span class='ocrx_word' id='word_1_2' title='bbox 1529 358 1859 422; x_wconf 79' lang='lat' dir='ltr'><strong>PATRUM</strong></span> <span class='ocrx_word' id='word_1_3' title='bbox 1904 357 2608 421; x_wconf 81' lang='lat' dir='ltr'><strong>BENEDICTINORUM</strong></span> 
     </span>
    </p>
   </div>
   <div class='ocr_carea' id='block_1_3' title="bbox 3646 355 3764 416">
    <p class='ocr_par' dir='ltr' id='par_1_3' title="bbox 3646 355 3764 416">
     <span class='ocr_line' id='line_1_3' title="bbox 3646 355 3764 416; baseline 0.017 -2"><span class='ocrx_word' id='word_1_4' title='bbox 3646 355 3764 416; x_wconf 79' lang='grc'><strong>152</strong></span> 
     </span>
    </p>
   </div>
   <div class='ocr_carea' id='block_1_4' title="bbox 437 490 3756 579">
    <p class='ocr_par' dir='ltr' id='par_1_4' title="bbox 437 490 3756 579">
     <span class='ocr_line' id='line_1_4' title="bbox 437 490 3756 579; baseline -0.005 -13"><span class='ocrx_word' id='word_1_5' title='bbox 437 503 626 566; x_wconf 90' lang='lat' dir='ltr'><strong>Liber</strong></span> <span class='ocrx_word' id='word_1_6' title='bbox 675 501 920 577; x_wconf 80' lang='lat' dir='ltr'><strong>Judith,</strong></span> <span class='ocrx_word' id='word_1_7' title='bbox 982 498 1089 579; x_wconf 92' lang='lat' dir='ltr'><strong>qui</strong></span> <span class='ocrx_word' id='word_1_8' title='bbox 1146 515 1275 559; x_wconf 90' lang='lat' dir='ltr'><strong>non</strong></span> <span class='ocrx_word' id='word_1_9' title='bbox 1320 495 1505 557; x_wconf 91' lang='lat' dir='ltr'><strong>estin</strong></span> <span class='ocrx_word' id='word_1_10' title='bbox 1553 496 1806 556; x_wconf 88' lang='lat' dir='ltr'><strong>Canone</strong></span> <span class='ocrx_word' id='word_1_11' title='bbox 1873 495 1996 552; x_wconf 91' lang='lat' dir='ltr'><strong>He-</strong></span> <span class='ocrx_word' id='word_1_12' title='bbox 2028 492 2082 559; x_wconf 80' lang='grc' dir='ltr'><strong>Α</strong></span> <span class='ocrx_word' id='word_1_13' title='bbox 2111 510 2250 553; x_wconf 90' lang='lat' dir='ltr'><strong>rum</strong></span> <span class='ocrx_word' id='word_1_14' title='bbox 2307 498 2520 554; x_wconf 89' lang='lat' dir='ltr'><strong>tamen</strong></span> <span class='ocrx_word' id='word_1_15' title='bbox 2575 491 2678 552; x_wconf 91' lang='lat' dir='ltr'><strong>hic</strong></span> <span class='ocrx_word' id='word_1_16' title='bbox 2730 491 2896 554; x_wconf 82' lang='lat' dir='ltr'><strong>adsit</strong></span> <span class='ocrx_word' id='word_1_17' title='bbox 2925 490 3249 570; x_wconf 85' lang='lat' dir='ltr'><strong>judicium.</strong></span> <span class='ocrx_word' id='word_1_18' title='bbox 3281 492 3511 553; x_wconf 84' lang='lat' dir='ltr'><strong>Versus</strong></span> <span class='ocrx_word' id='word_1_19' title='bbox 3539 490 3756 569; x_wconf 86' lang='lat' dir='ltr'><strong>singu-</strong></span> 
     </span>
    </p>
   </div>
   <div class='ocr_carea' id='block_1_5' title="bbox 359 592 2007 675">
    <p class='ocr_par' dir='ltr' id='par_1_5' title="bbox 359 592 2007 675">
     <span class='ocr_line' id='line_1_5' title="bbox 359 592 2007 675; baseline -0.008 -12"><span class='ocrx_word' id='word_1_20' title='bbox 359 600 1166 675; x_wconf 84' lang='lat' dir='ltr'><strong>breeorum,habetversus</strong></span> <span class='ocrx_word' id='word_1_21' title='bbox 1225 594 1381 656; x_wconf 82' lang='lat'><strong>1300</strong></span> <span class='ocrx_word' id='word_1_22' title='bbox 1435 592 1622 672; x_wconf 81' lang='lat' dir='ltr'><strong>juxta</strong></span> <span class='ocrx_word' id='word_1_23' title='bbox 1679 592 2007 669; x_wconf 90' lang='lat' dir='ltr'><strong>antiquam</strong></span> 
     </span>
    </p>
   </div>
   <div class='ocr_carea' id='block_1_6' title="bbox 359 687 2011 772">
    <p class='ocr_par' dir='ltr' id='par_1_6' title="bbox 359 687 2011 772">
     <span class='ocr_line' id='line_1_6' title="bbox 359 687 2011 772; baseline -0.009 -11"><span class='ocrx_word' id='word_1_24' title='bbox 359 700 833 762; x_wconf 83' lang='lat' dir='ltr'><strong>distinctionem</strong></span> <span class='ocrx_word' id='word_1_25' title='bbox 888 716 903 772; x_wconf 85' lang='lat'><strong>;</strong></span> <span class='ocrx_word' id='word_1_26' title='bbox 967 697 1122 757; x_wconf 83' lang='lat'><strong>1100</strong></span> <span class='ocrx_word' id='word_1_27' title='bbox 1183 693 1246 753; x_wconf 91' lang='lat' dir='ltr'><strong>in</strong></span> <span class='ocrx_word' id='word_1_28' title='bbox 1304 691 1628 753; x_wconf 88' lang='lat' dir='ltr'><strong>codicibus</strong></span> <span class='ocrx_word' id='word_1_29' title='bbox 1709 687 2011 749; x_wconf 89' lang='lat' dir='ltr'><strong>versionis</strong></span> 
     </span>
    </p>
   </div>
   <div class='ocr_carea' id='block_1_7' title="bbox 360 787 2009 876">
    <p class='ocr_par' dir='ltr' id='par_1_7' title="bbox 360 787 2009 876">
     <span class='ocr_line' id='line_1_7' title="bbox 360 787 2009 876; baseline -0.009 -17"><span class='ocrx_word' id='word_1_30' title='bbox 360 797 770 876; x_wconf 84' lang='lat' dir='ltr'><strong>Hieronymi;</strong></span> <span class='ocrx_word' id='word_1_31' title='bbox 830 801 893 855; x_wconf 88' lang='lat' dir='ltr'><strong>et</strong></span> <span class='ocrx_word' id='word_1_32' title='bbox 950 796 1108 855; x_wconf 84' lang='lat'><strong>1700</strong></span> <span class='ocrx_word' id='word_1_33' title='bbox 1166 791 1336 870; x_wconf 89' lang='lat' dir='ltr'><strong>apud</strong></span> <span class='ocrx_word' id='word_1_34' title='bbox 1366 787 1792 867; x_wconf 87' lang='lat' dir='ltr'><strong>Nicephorum</strong></span> <span class='ocrx_word' id='word_1_35' title='bbox 1848 787 2009 846; x_wconf 88' lang='lat' dir='ltr'><strong>Con-</strong></span> 
     </span>
    </p>
   </div>
   <div class='ocr_carea' id='block_1_8' title="bbox 360 886 2010 974">
    <p class='ocr_par' dir='ltr' id='par_1_8' title="bbox 360 886 2010 974">
     <span class='ocr_line' id='line_1_8' title="bbox 360 886 2010 974; baseline -0.008 -19"><span class='ocrx_word' id='word_1_36' title='bbox 360 892 1026 974; x_wconf 83' lang='lat' dir='ltr'><strong>stantinOpolitanum.</strong></span> <span class='ocrx_word' id='word_1_37' title='bbox 1070 890 1302 950; x_wconf 84' lang='lat' dir='ltr'><strong>Tobias</strong></span> <span class='ocrx_word' id='word_1_38' title='bbox 1357 895 1569 949; x_wconf 88' lang='lat' dir='ltr'><strong>autem</strong></span> <span class='ocrx_word' id='word_1_39' title='bbox 1624 886 1818 946; x_wconf 85' lang='lat' dir='ltr'><strong>habet</strong></span> <span class='ocrx_word' id='word_1_40' title='bbox 1870 901 2010 944; x_wconf 89' lang='lat' dir='ltr'><strong>ver-</strong></span> 
     </span>
    </p>
   </div>
   <div class='ocr_carea' id='block_1_9' title="bbox 360 980 2017 1067">
    <p class='ocr_par' dir='ltr' id='par_1_9' title="bbox 360 980 2017 1067">
     <span class='ocr_line' id='line_1_9' title="bbox 360 980 2017 1067; baseline -0.009 -13"><span class='ocrx_word' id='word_1_41' title='bbox 360 1013 466 1054; x_wconf 88' lang='lat' dir='ltr'><strong>sus</strong></span> <span class='ocrx_word' id='word_1_42' title='bbox 496 994 652 1054; x_wconf 93' lang='lat'><strong>1000</strong></span> <span class='ocrx_word' id='word_1_43' title='bbox 679 991 742 1051; x_wconf 91' lang='lat' dir='ltr'><strong>in</strong></span> <span class='ocrx_word' id='word_1_44' title='bbox 778 989 1043 1067; x_wconf 91' lang='lat' dir='ltr'><strong>antiqua</strong></span> <span class='ocrx_word' id='word_1_45' title='bbox 1101 987 1428 1059; x_wconf 88' lang='lat' dir='ltr'><strong>divisione,</strong></span> <span class='ocrx_word' id='word_1_46' title='bbox 1488 991 1551 1045; x_wconf 89' lang='lat' dir='ltr'><strong>et</strong></span> <span class='ocrx_word' id='word_1_47' title='bbox 1609 983 1779 1062; x_wconf 91' lang='lat' dir='ltr'><strong>apud</strong></span> <span class='ocrx_word' id='word_1_48' title='bbox 1838 980 2017 1040; x_wconf 87' lang='lat' dir='ltr'><strong>Nice-</strong></span> 
     </span>
    </p>
   </div>
   <div class='ocr_carea' id='block_1_10' title="bbox 362 1083 2011 1170">
    <p class='ocr_par' dir='ltr' id='par_1_10' title="bbox 362 1083 2011 1170">
     <span class='ocr_line' id='line_1_10' title="bbox 362 1083 2011 1170; baseline -0.01 -18"><span class='ocrx_word' id='word_1_49' title='bbox 362 1090 640 1170; x_wconf 85' lang='lat' dir='ltr'><strong>phorum</strong></span> <span class='ocrx_word' id='word_1_50' title='bbox 669 1091 814 1164; x_wconf 84' lang='lat'><strong>800,</strong></span> <span class='ocrx_word' id='word_1_51' title='bbox 849 1087 1004 1147; x_wconf 87' lang='lat' dir='ltr'><strong>alibi</strong></span> <span class='ocrx_word' id='word_1_52' title='bbox 1033 1086 1439 1146; x_wconf 88' lang='lat' dir='ltr'><strong>omittuntur.</strong></span> <span class='ocrx_word' id='word_1_53' title='bbox 1473 1086 1543 1143; x_wconf 91' lang='lat' dir='ltr'><strong>lu</strong></span> <span class='ocrx_word' id='word_1_54' title='bbox 1574 1100 1741 1142; x_wconf 90' lang='lat' dir='ltr'><strong>novo</strong></span> <span class='ocrx_word' id='word_1_55' title='bbox 1789 1083 2011 1140; x_wconf 92' lang='lat' dir='ltr'><strong>Testa-</strong></span> 
     </span>
    </p>
   </div>
   <div class='ocr_carea' id='block_1_11' title="bbox 364 1182 2018 1261">
    <p class='ocr_par' dir='ltr' id='par_1_11' title="bbox 364 1182 2018 1261">
     <span class='ocr_line' id='line_1_11' title="bbox 364 1182 2018 1261; baseline -0.009 -12"><span class='ocrx_word' id='word_1_56' title='bbox 364 1194 580 1249; x_wconf 88' lang='lat' dir='ltr'><strong>mento</strong></span> <span class='ocrx_word' id='word_1_57' title='bbox 615 1187 878 1246; x_wconf 67' lang='lat' dir='ltr'><strong>diversas</strong></span> <span class='ocrx_word' id='word_1_58' title='bbox 910 1182 1167 1261; x_wconf 88' lang='lat' dir='ltr'><strong>quidem</strong></span> <span class='ocrx_word' id='word_1_59' title='bbox 1225 1190 1370 1241; x_wconf 88' lang='lat' dir='ltr'><strong>sunt</strong></span> <span class='ocrx_word' id='word_1_60' title='bbox 1424 1196 1718 1240; x_wconf 83' lang='lat' dir='ltr'><strong>versuum</strong></span> <span class='ocrx_word' id='word_1_61' title='bbox 1767 1193 2018 1236; x_wconf 88' lang='lat' dir='ltr'><strong>enume-</strong></span> 
     </span>
    </p>
   </div>
   <div class='ocr_carea' id='block_1_12' title="bbox 365 1274 2014 1360">
    <p class='ocr_par' dir='ltr' id='par_1_12' title="bbox 365 1274 2014 1360">
     <span class='ocr_line' id='line_1_12' title="bbox 365 1274 2014 1360; baseline -0.01 -13"><span class='ocrx_word' id='word_1_62' title='bbox 365 1286 666 1360; x_wconf 83' lang='lat' dir='ltr'><strong>rationes,</strong></span> <span class='ocrx_word' id='word_1_63' title='bbox 728 1282 839 1343; x_wconf 89' lang='lat' dir='ltr'><strong>sed</strong></span> <span class='ocrx_word' id='word_1_64' title='bbox 900 1281 1108 1341; x_wconf 90' lang='lat' dir='ltr'><strong>minor</strong></span> <span class='ocrx_word' id='word_1_65' title='bbox 1167 1287 1261 1340; x_wconf 90' lang='lat' dir='ltr'><strong>est</strong></span> <span class='ocrx_word' id='word_1_66' title='bbox 1313 1279 1479 1339; x_wconf 89' lang='lat' dir='ltr'><strong>inter</strong></span> <span class='ocrx_word' id='word_1_67' title='bbox 1505 1277 1745 1337; x_wconf 90' lang='lat' dir='ltr'><strong>indices</strong></span> <span class='ocrx_word' id='word_1_68' title='bbox 1773 1274 2014 1334; x_wconf 89' lang='lat' dir='ltr'><strong>distan-</strong></span> 
     </span>
    </p>
   </div>
   <div class='ocr_carea' id='block_1_13' title="bbox 368 1369 2016 1459">
    <p class='ocr_par' dir='ltr' id='par_1_13' title="bbox 368 1369 2016 1459">
     <span class='ocr_line' id='line_1_13' title="bbox 368 1369 2016 1459; baseline -0.008 -15"><span class='ocrx_word' id='word_1_69' title='bbox 368 1383 480 1455; x_wconf 88' lang='lat' dir='ltr'><strong>tia,</strong></span> <span class='ocrx_word' id='word_1_70' title='bbox 540 1399 733 1459; x_wconf 90' lang='lat' dir='ltr'><strong>quam</strong></span> <span class='ocrx_word' id='word_1_71' title='bbox 793 1379 871 1439; x_wconf 91' lang='lat' dir='ltr'><strong>sit</strong></span> <span class='ocrx_word' id='word_1_72' title='bbox 928 1379 992 1437; x_wconf 93' lang='lat' dir='ltr'><strong>in</strong></span> <span class='ocrx_word' id='word_1_73' title='bbox 1053 1377 1229 1446; x_wconf 89' lang='lat' dir='ltr'><strong>libris</strong></span> <span class='ocrx_word' id='word_1_74' title='bbox 1285 1375 1513 1436; x_wconf 85' lang='lat' dir='ltr'><strong>veteris</strong></span> <span class='ocrx_word' id='word_1_75' title='bbox 1589 1369 2016 1443; x_wconf 86' lang='lat' dir='ltr'><strong>lnstrumenti,</strong></span> 
     </span>
    </p>
   </div>
   <div class='ocr_carea' id='block_1_14' title="bbox 374 1473 1541 1558">
    <p class='ocr_par' dir='ltr' id='par_1_14' title="bbox 374 1473 1541 1558">
     <span class='ocr_line' id='line_1_14' title="bbox 374 1473 1541 1558; baseline -0.007 -18"><span class='ocrx_word' id='word_1_76' title='bbox 374 1480 545 1558; x_wconf 87' lang='lat' dir='ltr'><strong>quod</strong></span> <span class='ocrx_word' id='word_1_77' title='bbox 577 1477 862 1557; x_wconf 89' lang='lat' dir='ltr'><strong>subjecta</strong></span> <span class='ocrx_word' id='word_1_78' title='bbox 893 1474 1170 1554; x_wconf 90' lang='lat' dir='ltr'><strong>tetrapla</strong></span> <span class='ocrx_word' id='word_1_79' title='bbox 1203 1473 1541 1534; x_wconf 90' lang='lat' dir='ltr'><strong>docebunt.</strong></span> 
     </span>
    </p>
   </div>
   <div class='ocr_carea' id='block_1_15' title="bbox 743 1674 1652 1729">
    <p class='ocr_par' dir='ltr' id='par_1_15' title="bbox 743 1674 1652 1729">
     <span class='ocr_line' id='line_1_15' title="bbox 743 1674 1652 1729; baseline -0.007 0"><span class='ocrx_word' id='word_1_80' title='bbox 743 1677 1004 1729; x_wconf 85' lang='lat' dir='ltr'><strong>VERSUS</strong></span> <span class='ocrx_word' id='word_1_81' title='bbox 1034 1676 1196 1728; x_wconf 85' lang='lat' dir='ltr'><strong>NOVI</strong></span> <span class='ocrx_word' id='word_1_82' title='bbox 1228 1674 1652 1726; x_wconf 74' lang='lat' dir='ltr'><strong>TFSTAMENTI</strong></span> 
     </span>
    </p>
   </div>
   <div class='ocr_carea' id='block_1_16' title="bbox 1212 1833 1744 1871">
    <p class='ocr_par' dir='ltr' id='par_1_16' title="bbox 1212 1833 1744 1871">
     <span class='ocr_line' id='line_1_16' title="bbox 1212 1833 1744 1871; baseline -0.006 -1"><span class='ocrx_word' id='word_1_83' title='bbox 1212 1835 1462 1871; x_wconf 52' lang='grc' dir='ltr'><strong>νεικεῖ)οΜ</strong></span> <span class='ocrx_word' id='word_1_84' title='bbox 1495 1833 1744 1870; x_wconf 68' lang='lat' dir='ltr'><strong>NUHBRUS</strong></span> 
     </span>
    </p>
   </div>
   <div class='ocr_carea' id='block_1_17' title="bbox 437 1976 2002 2034">
    <p class='ocr_par' dir='ltr' id='par_1_17' title="bbox 437 1976 2002 2034">
     <span class='ocr_line' id='line_1_17' title="bbox 437 1976 2002 2034; baseline -0.004 0"><span class='ocrx_word' id='word_1_85' title='bbox 437 1983 618 2034; x_wconf 84' lang='lat' dir='ltr'>LIBRI</span> <span class='ocrx_word' id='word_1_86' title='bbox 1035 1981 1076 2030; x_wconf 92' lang='grc' dir='ltr'><strong>Ι.</strong></span> <span class='ocrx_word' id='word_1_87' title='bbox 1331 1980 1396 2028; x_wconf 92' lang='grc' dir='ltr'><strong>ΙΙ.</strong></span> <span class='ocrx_word' id='word_1_88' title='bbox 1617 1978 1706 2027; x_wconf 93' lang='lat' dir='ltr'>III.</span> <span class='ocrx_word' id='word_1_89' title='bbox 1910 1976 2002 2027; x_wconf 80' lang='lat' dir='ltr'><strong>IV.</strong></span> 
     </span>
    </p>
   </div>
   <div class='ocr_carea' id='block_1_18' title="bbox 1101 2107 2030 2167">
    <p class='ocr_par' dir='ltr' id='par_1_18' title="bbox 1101 2107 2030 2167">
     <span class='ocr_line' id='line_1_18' title="bbox 1101 2107 2030 2167; baseline 0 0"><span class='ocrx_word' id='word_1_90' title='bbox 1101 2107 1144 2167; x_wconf 74' lang='lat'><strong>8°</strong></span> <span class='ocrx_word' id='word_1_91' title='bbox 1320 2110 1415 2167; x_wconf 61' lang='lat'><strong>-3”</strong></span> <span class='ocrx_word' id='word_1_92' title='bbox 1601 2108 1742 2167; x_wconf 49' lang='grc' dir='ltr'><strong>ηεξ</strong></span> <span class='ocrx_word' id='word_1_93' title='bbox 1935 2109 2030 2167; x_wconf 59' lang='lat' dir='ltr'><strong>mg”</strong></span> 
     </span>
    </p>
   </div>
   <div class='ocr_carea' id='block_1_19' title="bbox 995 2160 2015 2226">
    <p class='ocr_par' dir='ltr' id='par_1_19' title="bbox 995 2160 2015 2226">
     <span class='ocr_line' id='line_1_19' title="bbox 995 2160 2015 2226; baseline -0.002 -10"><span class='ocrx_word' id='word_1_94' title='bbox 995 2160 1129 2216; x_wconf 54' lang='lat' dir='ltr'><strong>ss?</strong></span> <span class='ocrx_word' id='word_1_95' title='bbox 1306 2160 1402 2216; x_wconf 53' lang='lat' dir='ltr'><strong>ea</strong></span> <span class='ocrx_word' id='word_1_96' title='bbox 1585 2160 1733 2220; x_wconf 60' lang='lat' dir='ltr'><strong>es?</strong></span> <span class='ocrx_word' id='word_1_97' title='bbox 1934 2160 2015 2226; x_wconf 52' lang='grc' dir='ltr'><strong>ξφ</strong></span> 
     </span>
    </p>
   </div>
   <div class='ocr_carea' id='block_1_20' title="bbox 995 2216 1960 2249">
    <p class='ocr_par' dir='ltr' id='par_1_20' title="bbox 995 2216 1960 2249">
     <span class='ocr_line' id='line_1_20' title="bbox 995 2216 1960 2249; baseline 0 0"><span class='ocrx_word' id='word_1_98' title='bbox 995 2218 1129 2249; x_wconf 67' lang='lat'><strong>28..</strong></span> <span class='ocrx_word' id='word_1_99' title='bbox 1321 2217 1347 2249; x_wconf 78' lang='grc' dir='ltr'>Ξ</span> <span class='ocrx_word' id='word_1_100' title='bbox 1597 2216 1679 2249; x_wconf 74' lang='grc' dir='ltr'><strong>ΕΞ</strong></span> <span class='ocrx_word' id='word_1_101' title='bbox 1933 2216 1960 2249; x_wconf 74' lang='grc' dir='ltr'><strong>ὃ</strong></span> 
     </span>
    </p>
   </div>
   <div class='ocr_carea' id='block_1_21' title="bbox 982 2217 2027 2346">
    <p class='ocr_par' dir='ltr' id='par_1_21' title="bbox 982 2217 2027 2346">
     <span class='ocr_line' id='line_1_21' title="bbox 995 2217 1960 2264; baseline -0.005 0"><span class='ocrx_word' id='word_1_102' title='bbox 995 2218 1143 2264; x_wconf 61' lang='lat' dir='ltr'><strong>28a</strong></span> <span class='ocrx_word' id='word_1_103' title='bbox 1321 2217 1347 2256; x_wconf 78' lang='grc' dir='ltr'>ε</span> <span class='ocrx_word' id='word_1_104' title='bbox 1597 2217 1680 2262; x_wconf 70' lang='lat' dir='ltr'><strong>se</strong></span> <span class='ocrx_word' id='word_1_105' title='bbox 1931 2217 1960 2264; x_wconf 63' lang='grc' dir='ltr'><strong><em>β</em></strong></span> 
     </span>
     <span class='ocr_line' id='line_1_22' title="bbox 994 2241 2014 2308; baseline -0.002 -18"><span class='ocrx_word' id='word_1_106' title='bbox 994 2265 1022 2290; x_wconf 88' lang='grc' dir='ltr'><strong>ο</strong></span> <span class='ocrx_word' id='word_1_107' title='bbox 1103 2265 1143 2306; x_wconf 57' lang='grc' dir='ltr'><strong>ἐ’</strong></span> <span class='ocrx_word' id='word_1_108' title='bbox 1597 2265 1746 2308; x_wconf 63' lang='grc' dir='ltr'><strong><em>ιρι-Ζ</em></strong></span> <span class='ocrx_word' id='word_1_109' title='bbox 1986 2241 2014 2287; x_wconf 80' lang='grc'>8</span> 
     </span>
     <span class='ocr_line' id='line_1_23' title="bbox 982 2261 2027 2346; baseline 0 0"><span class='ocrx_word' id='word_1_110' title='bbox 982 2289 1142 2346; x_wconf 59' lang='lat' dir='ltr'><strong>es:</strong></span> <span class='ocrx_word' id='word_1_111' title='bbox 1315 2261 1402 2346; x_wconf 68' lang='grc' dir='ltr'><strong>ἒξ</strong></span> <span class='ocrx_word' id='word_1_112' title='bbox 1651 2293 1746 2346; x_wconf 59' lang='grc' dir='ltr'><strong>ες</strong></span> <span class='ocrx_word' id='word_1_113' title='bbox 1932 2279 2027 2346; x_wconf 64' lang='lat' dir='ltr'><strong>Es</strong></span> 
     </span>
    </p>
   </div>
   <div class='ocr_carea' id='block_1_22' title="bbox 993 2326 2013 2407">
    <p class='ocr_par' dir='ltr' id='par_1_22' title="bbox 993 2326 2013 2407">
     <span class='ocr_line' id='line_1_24' title="bbox 1050 2326 2011 2340; baseline -0.011 2"><span class='ocrx_word' id='word_1_114' title='bbox 1050 2326 1075 2340; x_wconf 65' lang='lat' dir='ltr'><strong>II!</strong></span> <span class='ocrx_word' id='word_1_115' title='bbox 1375 2326 1402 2336; x_wconf 64' lang='grc' dir='ltr'><strong>δ’</strong></span> <span class='ocrx_word' id='word_1_116' title='bbox 1651 2326 1678 2334; x_wconf 72' lang='grc' dir='ltr'><strong>υ-</strong></span> <span class='ocrx_word' id='word_1_117' title='bbox 1986 2326 2011 2331; x_wconf 42' lang='grc' dir='ltr'><strong><em>ν</em></strong></span> 
     </span>
     <span class='ocr_line' id='line_1_25' title="bbox 993 2326 2013 2407; baseline 0.002 -5"><span class='ocrx_word' id='word_1_118' title='bbox 993 2326 1144 2407; x_wconf 53' lang='lat' dir='ltr'><strong>is?</strong></span> <span class='ocrx_word' id='word_1_119' title='bbox 1315 2331 1402 2406; x_wconf 65' lang='grc' dir='ltr'><strong>’ξ</strong></span> <span class='ocrx_word' id='word_1_120' title='bbox 1649 2330 1733 2405; x_wconf 68' lang='lat'><strong>&#39;$</strong></span> <span class='ocrx_word' id='word_1_121' title='bbox 1929 2326 2013 2404; x_wconf 55' lang='grc' dir='ltr'><strong>βξ</strong></span> 
     </span>
    </p>
   </div>
   <div class='ocr_carea' id='block_1_23' title="bbox 391 2457 2024 2501">
    <p class='ocr_par' dir='ltr' id='par_1_23' title="bbox 391 2457 2024 2501">
     <span class='ocr_line' id='line_1_26' title="bbox 391 2457 2024 2501; baseline -0.003 0"><span class='ocrx_word' id='word_1_122' title='bbox 391 2457 514 2501; x_wconf 63' lang='grc' dir='ltr'>κιαι.</span> <span class='ocrx_word' id='word_1_123' title='bbox 1036 2460 1143 2499; x_wconf 76' lang='grc'>2600</span> <span class='ocrx_word' id='word_1_124' title='bbox 1307 2458 1416 2501; x_wconf 71' lang='grc'>2700</span> <span class='ocrx_word' id='word_1_125' title='bbox 1640 2458 1746 2498; x_wconf 77' lang='grc'>2500</span> <span class='ocrx_word' id='word_1_126' title='bbox 1919 2457 2024 2497; x_wconf 78' lang='grc'>2514</span> 
     </span>
    </p>
   </div>
   <div class='ocr_carea' id='block_1_24' title="bbox 396 2510 2024 2557">
    <p class='ocr_par' dir='ltr' id='par_1_24' title="bbox 396 2510 2024 2557">
     <span class='ocr_line' id='line_1_27' title="bbox 396 2510 2024 2557; baseline -0.002 -4"><span class='ocrx_word' id='word_1_127' title='bbox 396 2513 441 2553; x_wconf 80' lang='grc' dir='ltr'><strong>Μ</strong></span> <span class='ocrx_word' id='word_1_128' title='bbox 449 2524 536 2551; x_wconf 77' lang='lat' dir='ltr'><strong>arc.</strong></span> <span class='ocrx_word' id='word_1_129' title='bbox 1037 2513 1144 2557; x_wconf 87' lang='grc'>1600</span> <span class='ocrx_word' id='word_1_130' title='bbox 1314 2513 1416 2553; x_wconf 85' lang='grc'>1700</span> <span class='ocrx_word' id='word_1_131' title='bbox 1639 2510 1746 2552; x_wconf 86' lang='grc'>2000</span> <span class='ocrx_word' id='word_1_132' title='bbox 1919 2510 2024 2553; x_wconf 87' lang='grc'>1590</span> 
     </span>
    </p>
   </div>
   <div class='ocr_carea' id='block_1_25' title="bbox 394 2563 2021 2608">
    <p class='ocr_par' dir='ltr' id='par_1_25' title="bbox 394 2563 2021 2608">
     <span class='ocr_line' id='line_1_28' title="bbox 394 2563 2021 2608; baseline -0.002 -2"><span class='ocrx_word' id='word_1_133' title='bbox 394 2567 501 2608; x_wconf 86' lang='lat' dir='ltr'><strong>Luc.</strong></span> <span class='ocrx_word' id='word_1_134' title='bbox 1035 2567 1143 2606; x_wconf 85' lang='lat'><strong>2900</strong></span> <span class='ocrx_word' id='word_1_135' title='bbox 1309 2563 1416 2607; x_wconf 87' lang='lat'><strong>3800</strong></span> <span class='ocrx_word' id='word_1_136' title='bbox 1640 2565 1746 2605; x_wconf 82' lang='lat'><strong>2600</strong></span> <span class='ocrx_word' id='word_1_137' title='bbox 1917 2563 2021 2606; x_wconf 85' lang='grc'>2677</span> 
     </span>
    </p>
   </div>
   <div class='ocr_carea' id='block_1_26' title="bbox 395 2617 1746 2662">
    <p class='ocr_par' dir='ltr' id='par_1_26' title="bbox 395 2617 1746 2662">
     <span class='ocr_line' id='line_1_29' title="bbox 395 2617 1746 2662; baseline -0.001 -3"><span class='ocrx_word' id='word_1_138' title='bbox 395 2619 420 2659; x_wconf 85' lang='grc'>.1</span> <span class='ocrx_word' id='word_1_139' title='bbox 424 2631 520 2662; x_wconf 83' lang='lat' dir='ltr'><strong>ean.</strong></span> <span class='ocrx_word' id='word_1_140' title='bbox 1036 2619 1144 2659; x_wconf 80' lang='grc'>2000</span> <span class='ocrx_word' id='word_1_141' title='bbox 1313 2618 1416 2659; x_wconf 83' lang='grc'>1706</span> <span class='ocrx_word' id='word_1_142' title='bbox 1639 2617 1746 2659; x_wconf 87' lang='grc'>2800</span> 
     </span>
    </p>
   </div>
   <div class='ocr_carea' id='block_1_27' title="bbox 396 2670 1747 2715">
    <p class='ocr_par' dir='ltr' id='par_1_27' title="bbox 396 2670 1747 2715">
     <span class='ocr_line' id='line_1_30' title="bbox 396 2670 1747 2715; baseline -0.001 -2"><span class='ocrx_word' id='word_1_143' title='bbox 396 2676 497 2714; x_wconf 71' lang='lat' dir='ltr'><strong>Act.</strong></span> <span class='ocrx_word' id='word_1_144' title='bbox 1034 2670 1144 2712; x_wconf 86' lang='lat'><strong>2600</strong></span> <span class='ocrx_word' id='word_1_145' title='bbox 1308 2671 1418 2715; x_wconf 84' lang='lat'><strong>3600</strong></span> <span class='ocrx_word' id='word_1_146' title='bbox 1639 2670 1747 2714; x_wconf 85' lang='lat'><strong>2800</strong></span> 
     </span>
    </p>
   </div>
   <div class='ocr_carea' id='block_1_28' title="bbox 397 2724 2020 2768">
    <p class='ocr_par' dir='ltr' id='par_1_28' title="bbox 397 2724 2020 2768">
     <span class='ocr_line' id='line_1_31' title="bbox 397 2724 2020 2768; baseline -0.003 0"><span class='ocrx_word' id='word_1_147' title='bbox 397 2727 523 2768; x_wconf 82' lang='lat' dir='ltr'><strong>Rom.</strong></span> <span class='ocrx_word' id='word_1_148' title='bbox 1038 2725 1144 2765; x_wconf 72' lang='grc'>1040</span> <span class='ocrx_word' id='word_1_149' title='bbox 1337 2724 1414 2765; x_wconf 84' lang='grc'>911</span> <span class='ocrx_word' id='word_1_150' title='bbox 1437 2726 1458 2768; x_wconf 95' lang='lat'><em>\</em></span> <span class='ocrx_word' id='word_1_151' title='bbox 1876 2724 1898 2768; x_wconf 83' lang='grc' dir='ltr'><em>Ι</em></span> <span class='ocrx_word' id='word_1_152' title='bbox 1938 2724 2020 2764; x_wconf 82' lang='grc'><strong>920</strong></span> 
     </span>
    </p>
   </div>
   <div class='ocr_carea' id='block_1_29' title="bbox 399 2775 2020 2821">
    <p class='ocr_par' dir='ltr' id='par_1_29' title="bbox 399 2775 2020 2821">
     <span class='ocr_line' id='line_1_32' title="bbox 399 2775 2020 2821; baseline -0.003 -1"><span class='ocrx_word' id='word_1_153' title='bbox 399 2779 422 2820; x_wconf 85' lang='grc'><strong>1</strong></span> <span class='ocrx_word' id='word_1_154' title='bbox 452 2779 551 2821; x_wconf 86' lang='lat' dir='ltr'><strong>Cor.</strong></span> <span class='ocrx_word' id='word_1_155' title='bbox 1038 2779 1144 2818; x_wconf 87' lang='lat'><strong>1060</strong></span> <span class='ocrx_word' id='word_1_156' title='bbox 1338 2775 1419 2818; x_wconf 88' lang='lat'><strong>980</strong></span> <span class='ocrx_word' id='word_1_157' title='bbox 1451 2775 1466 2821; x_wconf 89' lang='lat'><strong><em>\</em></strong></span> <span class='ocrx_word' id='word_1_158' title='bbox 1867 2775 1882 2821; x_wconf 88' lang='lat' dir='ltr'><strong><em>I</em></strong></span> <span class='ocrx_word' id='word_1_159' title='bbox 1939 2775 2020 2819; x_wconf 89' lang='grc'><strong>870</strong></span> 
     </span>
    </p>
   </div>
   <div class='ocr_carea' id='block_1_30' title="bbox 401 2830 2020 2874">
    <p class='ocr_par' dir='ltr' id='par_1_30' title="bbox 401 2830 2020 2874">
     <span class='ocr_line' id='line_1_33' title="bbox 401 2830 2020 2874; baseline -0.002 -2"><span class='ocrx_word' id='word_1_160' title='bbox 401 2833 442 2872; x_wconf 88' lang='lat' dir='ltr'><strong>II</strong></span> <span class='ocrx_word' id='word_1_161' title='bbox 473 2832 569 2872; x_wconf 80' lang='lat' dir='ltr'><strong>Cor.</strong></span> <span class='ocrx_word' id='word_1_162' title='bbox 1091 2831 1144 2874; x_wconf 89' lang='lat'><strong>70</strong></span> <span class='ocrx_word' id='word_1_163' title='bbox 1341 2830 1418 2871; x_wconf 81' lang='lat'><strong>292</strong></span> <span class='ocrx_word' id='word_1_164' title='bbox 1458 2830 1469 2874; x_wconf 93' lang='lat' dir='ltr'><strong>I</strong></span> <span class='ocrx_word' id='word_1_165' title='bbox 1863 2830 1874 2874; x_wconf 93' lang='grc' dir='ltr'><strong>Ι</strong></span> <span class='ocrx_word' id='word_1_166' title='bbox 1937 2830 2020 2869; x_wconf 87' lang='grc'>590</span> 
     </span>
    </p>
   </div>
   <div class='ocr_carea' id='block_1_31' title="bbox 400 2883 2018 2936">
    <p class='ocr_par' dir='ltr' id='par_1_31' title="bbox 400 2883 2018 2936">
     <span class='ocr_line' id='line_1_34' title="bbox 400 2883 2018 2936; baseline -0.003 -8"><span class='ocrx_word' id='word_1_167' title='bbox 400 2886 501 2936; x_wconf 71' lang='grc' dir='ltr'><strong>σιν.</strong></span> <span class='ocrx_word' id='word_1_168' title='bbox 1063 2885 1144 2925; x_wconf 77' lang='lat'><strong>350</strong></span> <span class='ocrx_word' id='word_1_169' title='bbox 1340 2884 1420 2924; x_wconf 81' lang='lat'><strong>213</strong></span> <span class='ocrx_word' id='word_1_170' title='bbox 1444 2883 1469 2936; x_wconf 79' lang='grc' dir='ltr'><strong><em>ι</em></strong></span> <span class='ocrx_word' id='word_1_171' title='bbox 1864 2883 1887 2936; x_wconf 77' lang='grc' dir='ltr'>ι</span> <span class='ocrx_word' id='word_1_172' title='bbox 1939 2883 2018 2936; x_wconf 63' lang='lat' dir='ltr'><strong>ges</strong></span> 
     </span>
    </p>
   </div>
   <div class='ocr_carea' id='block_1_32' title="bbox 397 2935 2019 2981">
    <p class='ocr_par' dir='ltr' id='par_1_32' title="bbox 397 2935 2019 2981">
     <span class='ocr_line' id='line_1_35' title="bbox 397 2935 2019 2981; baseline -0.001 -2"><span class='ocrx_word' id='word_1_173' title='bbox 397 2935 556 2981; x_wconf 67' lang='lat' dir='ltr'><strong>Euhoe.</strong></span> <span class='ocrx_word' id='word_1_174' title='bbox 1063 2937 1144 2980; x_wconf 85' lang='grc'><strong>375</strong></span> <span class='ocrx_word' id='word_1_175' title='bbox 1340 2936 1418 2979; x_wconf 86' lang='grc'>317</span> <span class='ocrx_word' id='word_1_176' title='bbox 1437 2935 1465 2981; x_wconf 86' lang='grc' dir='ltr'><strong>Ι</strong></span> <span class='ocrx_word' id='word_1_177' title='bbox 1868 2935 1896 2981; x_wconf 82' lang='lat' dir='ltr'><strong>l</strong></span> <span class='ocrx_word' id='word_1_178' title='bbox 1939 2935 2019 2977; x_wconf 86' lang='lat'><strong>312</strong></span> 
     </span>
    </p>
   </div>
   <div class='ocr_carea' id='block_1_33' title="bbox 400 2952 2018 3044">
    <p class='ocr_par' dir='ltr' id='par_1_33' title="bbox 400 2952 2018 3044">
     <span class='ocr_line' id='line_1_36' title="bbox 400 2952 2018 3044; baseline 0 0"><span class='ocrx_word' id='word_1_179' title='bbox 400 2952 580 3044; x_wconf 62' lang='grc' dir='ltr'><strong>ἴέέῧῗὲὸ.</strong></span> <span class='ocrx_word' id='word_1_180' title='bbox 1736 3043 1739 3044; x_wconf 62' lang='lat'><strong><em>,</em></strong></span> <span class='ocrx_word' id='word_1_181' title='bbox 1871 2952 1900 3044; x_wconf 91' lang='lat'><strong><em>\</em></strong></span> <span class='ocrx_word' id='word_1_182' title='bbox 1939 2952 2018 3044; x_wconf 68' lang='grc' dir='ltr'><strong>ἓόξ</strong></span> 
     </span>
    </p>
   </div>
   <div class='ocr_carea' id='block_1_34' title="bbox 400 3041 2018 3088">
    <p class='ocr_par' dir='ltr' id='par_1_34' title="bbox 400 3041 2018 3088">
     <span class='ocr_line' id='line_1_37' title="bbox 400 3041 2018 3088; baseline -0.002 -2"><span class='ocrx_word' id='word_1_183' title='bbox 400 3041 563 3088; x_wconf 65' lang='grc' dir='ltr'><strong>Οοὶοέί.</strong></span> <span class='ocrx_word' id='word_1_184' title='bbox 1064 3044 1145 3087; x_wconf 80' lang='grc'><strong>250</strong></span> <span class='ocrx_word' id='word_1_185' title='bbox 1341 3043 1421 3084; x_wconf 88' lang='grc'>208</span> <span class='ocrx_word' id='word_1_186' title='bbox 1436 3041 1453 3088; x_wconf 66' lang='grc'><strong>1</strong></span> <span class='ocrx_word' id='word_1_187' title='bbox 1615 3043 1750 3082; x_wconf 74' lang='lat' dir='ltr'><strong>v&#39;ccc&#39;</strong></span> <span class='ocrx_word' id='word_1_188' title='bbox 1886 3041 1900 3088; x_wconf 79' lang='grc'><strong>1</strong></span> <span class='ocrx_word' id='word_1_189' title='bbox 1939 3041 2018 3083; x_wconf 89' lang='grc'><strong>208</strong></span> 
     </span>
    </p>
   </div>
   <div class='ocr_carea' id='block_1_35' title="bbox 401 3096 2018 3142">
    <p class='ocr_par' dir='ltr' id='par_1_35' title="bbox 401 3096 2018 3142">
     <span class='ocr_line' id='line_1_38' title="bbox 401 3096 2018 3142; baseline -0.001 -4"><span class='ocrx_word' id='word_1_190' title='bbox 401 3100 421 3139; x_wconf 86' lang='grc'><strong>1</strong></span> <span class='ocrx_word' id='word_1_191' title='bbox 451 3098 604 3142; x_wconf 82' lang='lat' dir='ltr'><strong>Thess.</strong></span> <span class='ocrx_word' id='word_1_192' title='bbox 1340 3097 1421 3137; x_wconf 84' lang='lat'><strong>213</strong></span> <span class='ocrx_word' id='word_1_193' title='bbox 1443 3096 1470 3142; x_wconf 79' lang='lat'><strong><em>)</em></strong></span> <span class='ocrx_word' id='word_1_194' title='bbox 1618 3096 1746 3140; x_wconf 79' lang='lat' dir='ltr'><strong>Fort.</strong></span> <span class='ocrx_word' id='word_1_195' title='bbox 1865 3096 1892 3142; x_wconf 78' lang='grc'><em>&lt;</em></span> <span class='ocrx_word' id='word_1_196' title='bbox 1943 3096 2018 3136; x_wconf 84' lang='lat'><strong>193</strong></span> 
     </span>
    </p>
   </div>
   <div class='ocr_carea' id='block_1_36' title="bbox 401 3147 2017 3200">
    <p class='ocr_par' dir='ltr' id='par_1_36' title="bbox 401 3147 2017 3200">
     <span class='ocr_line' id='line_1_39' title="bbox 401 3147 2017 3200; baseline -0.001 -10"><span class='ocrx_word' id='word_1_197' title='bbox 401 3152 443 3190; x_wconf 89' lang='grc'><strong>11</strong></span> <span class='ocrx_word' id='word_1_198' title='bbox 473 3151 625 3191; x_wconf 82' lang='lat' dir='ltr'><strong>Thess.</strong></span> <span class='ocrx_word' id='word_1_199' title='bbox 1346 3147 1449 3200; x_wconf 73' lang='grc'>108(</span> <span class='ocrx_word' id='word_1_200' title='bbox 1618 3153 1746 3200; x_wconf 79' lang='lat' dir='ltr'><strong>v,etc.</strong></span> <span class='ocrx_word' id='word_1_201' title='bbox 1882 3147 1902 3200; x_wconf 75' lang='lat'><em>\</em></span> <span class='ocrx_word' id='word_1_202' title='bbox 1941 3149 2017 3189; x_wconf 86' lang='lat'><strong>106</strong></span> 
     </span>
    </p>
   </div>
   <div class='ocr_carea' id='block_1_37' title="bbox 402 3201 2020 3247">
    <p class='ocr_par' dir='ltr' id='par_1_37' title="bbox 402 3201 2020 3247">
     <span class='ocr_line' id='line_1_40' title="bbox 402 3201 2020 3247; baseline 0.001 -3"><span class='ocrx_word' id='word_1_203' title='bbox 402 3205 422 3244; x_wconf 86' lang='lat'><strong>1</strong></span> <span class='ocrx_word' id='word_1_204' title='bbox 452 3205 568 3247; x_wconf 84' lang='lat' dir='ltr'><strong>Tim.</strong></span> <span class='ocrx_word' id='word_1_205' title='bbox 1067 3202 1146 3246; x_wconf 87' lang='grc'>208</span> <span class='ocrx_word' id='word_1_206' title='bbox 1341 3201 1457 3247; x_wconf 70' lang='grc'>2301</span> <span class='ocrx_word' id='word_1_207' title='bbox 1882 3201 1902 3247; x_wconf 84' lang='grc' dir='ltr'><strong>Ι</strong></span> <span class='ocrx_word' id='word_1_208' title='bbox 1940 3201 2020 3244; x_wconf 76' lang='grc'><strong>250</strong></span> 
     </span>
    </p>
   </div>
   <div class='ocr_carea' id='block_1_38' title="bbox 404 3255 2020 3299">
    <p class='ocr_par' dir='ltr' id='par_1_38' title="bbox 404 3255 2020 3299">
     <span class='ocr_line' id='line_1_41' title="bbox 404 3255 2020 3299; baseline -0.002 -2"><span class='ocrx_word' id='word_1_209' title='bbox 404 3257 447 3297; x_wconf 91' lang='grc'><strong>11</strong></span> <span class='ocrx_word' id='word_1_210' title='bbox 477 3257 589 3298; x_wconf 87' lang='lat' dir='ltr'><strong>Tim.</strong></span> <span class='ocrx_word' id='word_1_211' title='bbox 1067 3256 1146 3297; x_wconf 89' lang='lat'><strong>289</strong></span> <span class='ocrx_word' id='word_1_212' title='bbox 1343 3255 1466 3299; x_wconf 84' lang='grc'>1721</span> <span class='ocrx_word' id='word_1_213' title='bbox 1872 3255 1900 3299; x_wconf 85' lang='grc' dir='ltr'><strong>Ι</strong></span> <span class='ocrx_word' id='word_1_214' title='bbox 1943 3255 2020 3294; x_wconf 86' lang='grc'><strong>102</strong></span> 
     </span>
    </p>
   </div>
   <div class='ocr_carea' id='block_1_39' title="bbox 404 3309 2024 3354">
    <p class='ocr_par' dir='ltr' id='par_1_39' title="bbox 404 3309 2024 3354">
     <span class='ocr_line' id='line_1_42' title="bbox 404 3309 2024 3354; baseline -0.002 -3"><span class='ocrx_word' id='word_1_215' title='bbox 404 3311 497 3354; x_wconf 81' lang='lat' dir='ltr'><strong>Tit.</strong></span> <span class='ocrx_word' id='word_1_216' title='bbox 1071 3311 1147 3350; x_wconf 78' lang='grc'>140</span> <span class='ocrx_word' id='word_1_217' title='bbox 1369 3309 1420 3348; x_wconf 88' lang='lat'><strong>67</strong></span> <span class='ocrx_word' id='word_1_218' title='bbox 1449 3309 1469 3354; x_wconf 84' lang='grc'><strong>1</strong></span> <span class='ocrx_word' id='word_1_219' title='bbox 1868 3309 1890 3354; x_wconf 83' lang='grc'><strong>1</strong></span> <span class='ocrx_word' id='word_1_220' title='bbox 1971 3309 2024 3347; x_wconf 86' lang='grc'>97</span> 
     </span>
    </p>
   </div>
   <div class='ocr_carea' id='block_1_40' title="bbox 404 3361 2027 3406">
    <p class='ocr_par' dir='ltr' id='par_1_40' title="bbox 404 3361 2027 3406">
     <span class='ocr_line' id='line_1_43' title="bbox 404 3361 2027 3406; baseline -0.002 -2"><span class='ocrx_word' id='word_1_221' title='bbox 404 3363 586 3406; x_wconf 77' lang='lat' dir='ltr'><strong>Philem.</strong></span> <span class='ocrx_word' id='word_1_222' title='bbox 1095 3364 1148 3404; x_wconf 85' lang='grc'><strong>50</strong></span> <span class='ocrx_word' id='word_1_223' title='bbox 1369 3362 1422 3402; x_wconf 79' lang='grc'><strong>34</strong></span> <span class='ocrx_word' id='word_1_224' title='bbox 1459 3361 1469 3406; x_wconf 91' lang='grc' dir='ltr'><strong>Ι</strong></span> <span class='ocrx_word' id='word_1_225' title='bbox 1868 3361 1879 3406; x_wconf 93' lang='grc' dir='ltr'><strong>Ι</strong></span> <span class='ocrx_word' id='word_1_226' title='bbox 1974 3361 2027 3400; x_wconf 89' lang='lat'><strong>37</strong></span> 
     </span>
    </p>
   </div>
   <div class='ocr_carea' id='block_1_41' title="bbox 402 3416 2027 3522">
    <p class='ocr_par' dir='ltr' id='par_1_41' title="bbox 402 3416 2027 3522">
     <span class='ocr_line' id='line_1_44' title="bbox 402 3416 2027 3522; baseline -0.003 -38"><span class='ocrx_word' id='word_1_227' title='bbox 402 3444 540 3486; x_wconf 79' lang='lat' dir='ltr'><strong>Hebr.</strong></span> <span class='ocrx_word' id='word_1_228' title='bbox 923 3424 938 3522; x_wconf 54' lang='grc' dir='ltr'>ξ</span> <span class='ocrx_word' id='word_1_229' title='bbox 967 3416 1148 3511; x_wconf 63' lang='grc' dir='ltr'><strong>Βδηξξό</strong></span> <span class='ocrx_word' id='word_1_230' title='bbox 1168 3417 1186 3522; x_wconf 57' lang='grc' dir='ltr'>ξ</span> <span class='ocrx_word' id='word_1_231' title='bbox 1343 3441 1422 3481; x_wconf 83' lang='lat'><strong>700</strong></span> <span class='ocrx_word' id='word_1_232' title='bbox 1441 3416 1464 3502; x_wconf 88' lang='lat'><strong><em>/</em></strong></span> <span class='ocrx_word' id='word_1_233' title='bbox 1648 3520 1688 3522; x_wconf 23' lang='lat' dir='ltr'>ﬂ</span> <span class='ocrx_word' id='word_1_234' title='bbox 1708 3521 1713 3522; x_wconf 11' lang='grc' dir='ltr'><em>γ</em></span> <span class='ocrx_word' id='word_1_235' title='bbox 1871 3416 1900 3518; x_wconf 80' lang='lat'><strong><em>\</em></strong></span> <span class='ocrx_word' id='word_1_236' title='bbox 1948 3439 2027 3480; x_wconf 87' lang='lat'><strong>703</strong></span> 
     </span>
    </p>
   </div>
   <div class='ocr_carea' id='block_1_42' title="bbox 403 3520 1750 3578">
    <p class='ocr_par' dir='ltr' id='par_1_42' title="bbox 403 3520 1750 3578">
     <span class='ocr_line' id='line_1_45' title="bbox 403 3520 1750 3578; baseline 0.012 -15"><span class='ocrx_word' id='word_1_237' title='bbox 403 3523 486 3564; x_wconf 84' lang='lat' dir='ltr'><strong>vn</strong></span> <span class='ocrx_word' id='word_1_238' title='bbox 517 3523 654 3578; x_wconf 82' lang='lat' dir='ltr'><strong>Epist.</strong></span> <span class='ocrx_word' id='word_1_239' title='bbox 686 3523 790 3566; x_wconf 76' lang='lat' dir='ltr'><strong>Can.</strong></span> <span class='ocrx_word' id='word_1_240' title='bbox 931 3520 938 3522; x_wconf 79' lang='grc'><strong><em>“</em></strong></span> <span class='ocrx_word' id='word_1_241' title='bbox 1172 3520 1177 3522; x_wconf 61' lang='grc'>⁷</span> <span class='ocrx_word' id='word_1_242' title='bbox 1321 3572 1416 3578; x_wconf 53' lang='grc' dir='ltr'><strong>,ω</strong></span> <span class='ocrx_word' id='word_1_243' title='bbox 1646 3520 1750 3578; x_wconf 55' lang='lat'><strong>11399</strong></span> 
     </span>
    </p>
   </div>
   <div class='ocr_carea' id='block_1_43' title="bbox 399 3572 1750 3631">
    <p class='ocr_par' dir='ltr' id='par_1_43' title="bbox 399 3572 1750 3631">
     <span class='ocr_line' id='line_1_46' title="bbox 399 3572 1750 3631; baseline -0.003 -13"><span class='ocrx_word' id='word_1_244' title='bbox 399 3580 530 3631; x_wconf 74' lang='lat' dir='ltr'><strong>Apoc.</strong></span> <span class='ocrx_word' id='word_1_245' title='bbox 556 3572 570 3578; x_wconf 82' lang='grc'><em>’</em></span> <span class='ocrx_word' id='word_1_246' title='bbox 1045 3575 1148 3616; x_wconf 85' lang='grc'>1200</span> <span class='ocrx_word' id='word_1_247' title='bbox 1318 3572 1421 3617; x_wconf 89' lang='grc'>1800</span> <span class='ocrx_word' id='word_1_248' title='bbox 1650 3575 1750 3615; x_wconf 88' lang='grc'>1500</span> 
     </span>
    </p>
   </div>
   <div class='ocr_carea' id='block_1_44' title="bbox 466 3722 2027 3800">
    <p class='ocr_par' dir='ltr' id='par_1_44' title="bbox 466 3722 2027 3800">
     <span class='ocr_line' id='line_1_47' title="bbox 466 3722 2027 3800; baseline -0.004 -12"><span class='ocrx_word' id='word_1_249' title='bbox 466 3725 742 3788; x_wconf 89' lang='lat' dir='ltr'><strong>Primam</strong></span> <span class='ocrx_word' id='word_1_250' title='bbox 829 3743 1120 3787; x_wconf 85' lang='lat' dir='ltr'><strong>versuum</strong></span> <span class='ocrx_word' id='word_1_251' title='bbox 1207 3722 1776 3797; x_wconf 85' lang='lat' dir='ltr'><strong>enumerationem,</strong></span> <span class='ocrx_word' id='word_1_252' title='bbox 1835 3741 2027 3800; x_wconf 90' lang='lat' dir='ltr'><strong>quam</strong></span> 
     </span>
    </p>
   </div>
   <div class='ocr_carea' id='block_1_45' title="bbox 387 3822 2027 3904">
    <p class='ocr_par' dir='ltr' id='par_1_45' title="bbox 387 3822 2027 3904">
     <span class='ocr_line' id='line_1_48' title="bbox 387 3822 2027 3904; baseline -0.002 -20"><span class='ocrx_word' id='word_1_253' title='bbox 387 3843 688 3886; x_wconf 88' lang='lat' dir='ltr'><strong>vocamus</strong></span> <span class='ocrx_word' id='word_1_254' title='bbox 744 3825 1070 3904; x_wconf 87' lang='lat' dir='ltr'><strong>antiquam</strong></span> <span class='ocrx_word' id='word_1_255' title='bbox 1130 3829 1276 3883; x_wconf 90' lang='lat' dir='ltr'><strong>ante</strong></span> <span class='ocrx_word' id='word_1_256' title='bbox 1351 3822 1828 3900; x_wconf 85' lang='lat' dir='ltr'><strong>Hieronymum,</strong></span> <span class='ocrx_word' id='word_1_257' title='bbox 1889 3839 2027 3881; x_wconf 91' lang='lat' dir='ltr'><strong>mu-</strong></span> 
     </span>
    </p>
   </div>
   <div class='ocr_carea' id='block_1_46' title="bbox 385 3918 2030 3997">
    <p class='ocr_par' dir='ltr' id='par_1_46' title="bbox 385 3918 2030 3997">
     <span class='ocr_line' id='line_1_49' title="bbox 385 3918 2030 3997; baseline -0.003 -13"><span class='ocrx_word' id='word_1_258' title='bbox 385 3922 797 3984; x_wconf 88' lang='lat' dir='ltr'><strong>tuatisumus</strong></span> <span class='ocrx_word' id='word_1_259' title='bbox 828 3940 903 3984; x_wconf 87' lang='lat' dir='ltr'><strong>ex</strong></span> <span class='ocrx_word' id='word_1_260' title='bbox 957 3920 1383 3982; x_wconf 89' lang='lat' dir='ltr'><strong>vetustissimo</strong></span> <span class='ocrx_word' id='word_1_261' title='bbox 1436 3919 1740 3997; x_wconf 86' lang='lat' dir='ltr'><strong>Catalogo</strong></span> <span class='ocrx_word' id='word_1_262' title='bbox 1799 3918 2030 3980; x_wconf 90' lang='lat' dir='ltr'><strong>codicis</strong></span> 
     </span>
    </p>
   </div>
   <div class='ocr_carea' id='block_1_47' title="bbox 385 4017 2031 4096">
    <p class='ocr_par' dir='ltr' id='par_1_47' title="bbox 385 4017 2031 4096">
     <span class='ocr_line' id='line_1_50' title="bbox 385 4017 2031 4096; baseline -0.004 -14"><span class='ocrx_word' id='word_1_263' title='bbox 385 4040 504 4082; x_wconf 89' lang='lat' dir='ltr'><strong>ms.</strong></span> <span class='ocrx_word' id='word_1_264' title='bbox 629 4019 1254 4090; x_wconf 83' lang='lat' dir='ltr'><strong>San-Germanensis,</strong></span> <span class='ocrx_word' id='word_1_265' title='bbox 1375 4017 1486 4095; x_wconf 90' lang='lat' dir='ltr'><strong>qui</strong></span> <span class='ocrx_word' id='word_1_266' title='bbox 1588 4017 2031 4096; x_wconf 81' lang='lat' dir='ltr'><strong>complectitur</strong></span> 
     </span>
    </p>
   </div>
   <div class='ocr_carea' id='block_1_48' title="bbox 385 4115 2029 4200">
    <p class='ocr_par' dir='ltr' id='par_1_48' title="bbox 385 4115 2029 4200">
     <span class='ocr_line' id='line_1_51' title="bbox 385 4115 2029 4200; baseline -0.004 -19"><span class='ocrx_word' id='word_1_267' title='bbox 385 4119 702 4200; x_wconf 80' lang='lat' dir='ltr'><strong>Epistolas</strong></span> <span class='ocrx_word' id='word_1_268' title='bbox 755 4118 940 4179; x_wconf 86' lang='lat' dir='ltr'><strong>Pauli</strong></span> <span class='ocrx_word' id='word_1_269' title='bbox 997 4119 1208 4178; x_wconf 78' lang='lat' dir='ltr'><strong>Greece</strong></span> <span class='ocrx_word' id='word_1_270' title='bbox 1240 4135 1311 4176; x_wconf 92' lang='lat' dir='ltr'><strong>ac</strong></span> <span class='ocrx_word' id='word_1_271' title='bbox 1369 4117 1615 4187; x_wconf 88' lang='lat' dir='ltr'><strong>Latine,</strong></span> <span class='ocrx_word' id='word_1_272' title='bbox 1678 4115 2029 4193; x_wconf 84' lang='lat' dir='ltr'><strong>litterisque</strong></span> 
     </span>
    </p>
   </div>
   <div class='ocr_carea' id='block_1_49' title="bbox 387 4211 2032 4294">
    <p class='ocr_par' dir='ltr' id='par_1_49' title="bbox 387 4211 2032 4294">
     <span class='ocr_line' id='line_1_52' title="bbox 387 4211 2032 4294; baseline -0.003 -18"><span class='ocrx_word' id='word_1_273' title='bbox 387 4215 740 4277; x_wconf 87' lang='lat' dir='ltr'><strong>uncialibus</strong></span> <span class='ocrx_word' id='word_1_274' title='bbox 772 4221 1084 4294; x_wconf 87' lang='lat' dir='ltr'><strong>exaratas.</strong></span> <span class='ocrx_word' id='word_1_275' title='bbox 1147 4213 1431 4292; x_wconf 89' lang='lat' dir='ltr'><strong>Scriptor</strong></span> <span class='ocrx_word' id='word_1_276' title='bbox 1487 4212 1677 4291; x_wconf 84' lang='lat' dir='ltr'><strong>hujus</strong></span> <span class='ocrx_word' id='word_1_277' title='bbox 1725 4212 1868 4272; x_wconf 92' lang='lat' dir='ltr'><strong>libri</strong></span> <span class='ocrx_word' id='word_1_278' title='bbox 1926 4211 2032 4272; x_wconf 92' lang='lat' dir='ltr'><strong>ad-</strong></span> 
     </span>
    </p>
   </div>
   <div class='ocr_carea' id='block_1_50' title="bbox 387 4310 2032 4390">
    <p class='ocr_par' dir='ltr' id='par_1_50' title="bbox 387 4310 2032 4390">
     <span class='ocr_line' id='line_1_53' title="bbox 387 4310 2032 4390; baseline -0.002 -18"><span class='ocrx_word' id='word_1_279' title='bbox 387 4313 590 4373; x_wconf 89' lang='lat' dir='ltr'><strong>texuit</strong></span> <span class='ocrx_word' id='word_1_280' title='bbox 660 4313 725 4372; x_wconf 90' lang='lat' dir='ltr'><strong>in</strong></span> <span class='ocrx_word' id='word_1_281' title='bbox 784 4312 909 4371; x_wconf 85' lang='lat' dir='ltr'><strong>ﬁne</strong></span> <span class='ocrx_word' id='word_1_282' title='bbox 966 4318 1113 4372; x_wconf 90' lang='lat' dir='ltr'><strong>ante</strong></span> <span class='ocrx_word' id='word_1_283' title='bbox 1166 4311 1509 4390; x_wconf 88' lang='lat' dir='ltr'><strong>Epistolam</strong></span> <span class='ocrx_word' id='word_1_284' title='bbox 1587 4311 1664 4370; x_wconf 90' lang='lat' dir='ltr'><strong>ad</strong></span> <span class='ocrx_word' id='word_1_285' title='bbox 1734 4310 2032 4370; x_wconf 60' lang='lat' dir='ltr'><strong>Hebraeos</strong></span> 
     </span>
    </p>
   </div>
   <div class='ocr_carea' id='block_1_51' title="bbox 388 4407 2030 4488">
    <p class='ocr_par' dir='ltr' id='par_1_51' title="bbox 388 4407 2030 4488">
     <span class='ocr_line' id='line_1_54' title="bbox 388 4407 2030 4488; baseline -0.002 -17"><span class='ocrx_word' id='word_1_286' title='bbox 388 4409 760 4488; x_wconf 87' lang='lat' dir='ltr'><strong>Gatalogum</strong></span> <span class='ocrx_word' id='word_1_287' title='bbox 861 4408 1144 4469; x_wconf 90' lang='lat' dir='ltr'><strong>omnium</strong></span> <span class='ocrx_word' id='word_1_288' title='bbox 1261 4407 1616 4468; x_wconf 88' lang='lat' dir='ltr'><strong>divinorum</strong></span> <span class='ocrx_word' id='word_1_289' title='bbox 1701 4408 2030 4468; x_wconf 87' lang='lat' dir='ltr'><strong>Librorum</strong></span> 
     </span>
    </p>
   </div>
   <div class='ocr_carea' id='block_1_52' title="bbox 389 4505 2029 4582">
    <p class='ocr_par' dir='ltr' id='par_1_52' title="bbox 389 4505 2029 4582">
     <span class='ocr_line' id='line_1_55' title="bbox 389 4505 2029 4582; baseline -0.002 -12"><span class='ocrx_word' id='word_1_290' title='bbox 389 4507 617 4570; x_wconf 83' lang='lat' dir='ltr'><strong>veteris</strong></span> <span class='ocrx_word' id='word_1_291' title='bbox 669 4524 742 4567; x_wconf 94' lang='lat' dir='ltr'><strong>ac</strong></span> <span class='ocrx_word' id='word_1_292' title='bbox 798 4505 946 4566; x_wconf 90' lang='lat' dir='ltr'><strong>novi</strong></span> <span class='ocrx_word' id='word_1_293' title='bbox 1001 4505 1410 4582; x_wconf 88' lang='lat' dir='ltr'><strong>Testamenti;</strong></span> <span class='ocrx_word' id='word_1_294' title='bbox 1474 4505 1788 4566; x_wconf 90' lang='lat' dir='ltr'><strong>adnotans</strong></span> <span class='ocrx_word' id='word_1_295' title='bbox 1843 4523 1876 4564; x_wconf 89' lang='lat' dir='ltr'><strong>e</strong></span> <span class='ocrx_word' id='word_1_296' title='bbox 1936 4524 2029 4566; x_wconf 85' lang='lat' dir='ltr'><strong>re-</strong></span> 
     </span>
    </p>
   </div>
   <div class='ocr_carea' id='block_1_53' title="bbox 390 4585 2109 4687">
    <p class='ocr_par' dir='ltr' id='par_1_53' title="bbox 390 4585 2109 4687">
     <span class='ocr_line' id='line_1_56' title="bbox 390 4585 2109 4687; baseline -0.003 -20"><span class='ocrx_word' id='word_1_297' title='bbox 390 4607 576 4687; x_wconf 90' lang='lat' dir='ltr'><strong>gione</strong></span> <span class='ocrx_word' id='word_1_298' title='bbox 627 4621 962 4665; x_wconf 88' lang='lat' dir='ltr'><strong>numerum</strong></span> <span class='ocrx_word' id='word_1_299' title='bbox 1021 4620 1314 4663; x_wconf 90' lang='lat' dir='ltr'><strong>versuum</strong></span> <span class='ocrx_word' id='word_1_300' title='bbox 1377 4603 1873 4681; x_wconf 86' lang='lat' dir='ltr'><strong>uniuscujusque</strong></span> <span class='ocrx_word' id='word_1_301' title='bbox 1931 4585 2109 4662; x_wconf 88' lang='lat' dir='ltr'><strong>vo-D</strong></span> 
     </span>
    </p>
   </div>
   <div class='ocr_carea' id='block_1_54' title="bbox 393 4700 2030 4766">
    <p class='ocr_par' dir='ltr' id='par_1_54' title="bbox 393 4700 2030 4766">
     <span class='ocr_line' id='line_1_57' title="bbox 393 4700 2030 4766; baseline -0.003 -1"><span class='ocrx_word' id='word_1_302' title='bbox 393 4703 671 4766; x_wconf 88' lang='lat' dir='ltr'><strong>luminis.</strong></span> <span class='ocrx_word' id='word_1_303' title='bbox 708 4700 1116 4763; x_wconf 76' lang='lat' dir='ltr'><strong>Prastermisit</strong></span> <span class='ocrx_word' id='word_1_304' title='bbox 1147 4700 1558 4761; x_wconf 89' lang='lat' dir='ltr'><strong>nihilominus</strong></span> <span class='ocrx_word' id='word_1_305' title='bbox 1613 4703 1684 4761; x_wconf 88' lang='lat' dir='ltr'><strong>V.</strong></span> <span class='ocrx_word' id='word_1_306' title='bbox 1743 4705 1814 4762; x_wconf 88' lang='lat' dir='ltr'><strong>T.</strong></span> <span class='ocrx_word' id='word_1_307' title='bbox 1866 4719 2030 4761; x_wconf 90' lang='lat' dir='ltr'><strong>non-</strong></span> 
     </span>
    </p>
   </div>
   <div class='ocr_carea' id='block_1_55' title="bbox 391 4798 2033 4879">
    <p class='ocr_par' dir='ltr' id='par_1_55' title="bbox 391 4798 2033 4879">
     <span class='ocr_line' id='line_1_58' title="bbox 391 4798 2033 4879; baseline -0.004 -15"><span class='ocrx_word' id='word_1_308' title='bbox 391 4802 598 4864; x_wconf 86' lang='lat' dir='ltr'><strong>nullos</strong></span> <span class='ocrx_word' id='word_1_309' title='bbox 675 4800 891 4873; x_wconf 92' lang='lat' dir='ltr'><strong>libros,</strong></span> <span class='ocrx_word' id='word_1_310' title='bbox 986 4804 1048 4859; x_wconf 91' lang='lat' dir='ltr'><strong>et</strong></span> <span class='ocrx_word' id='word_1_311' title='bbox 1129 4799 1443 4878; x_wconf 87' lang='lat' dir='ltr'><strong>Epistolas</strong></span> <span class='ocrx_word' id='word_1_312' title='bbox 1529 4799 1771 4879; x_wconf 88' lang='lat' dir='ltr'><strong>aliquot</strong></span> <span class='ocrx_word' id='word_1_313' title='bbox 1850 4798 2033 4860; x_wconf 88' lang='lat' dir='ltr'><strong>Pauli</strong></span> 
     </span>
    </p>
   </div>
   <div class='ocr_carea' id='block_1_56' title="bbox 389 4896 2034 4980">
    <p class='ocr_par' dir='ltr' id='par_1_56' title="bbox 389 4896 2034 4980">
     <span class='ocr_line' id='line_1_59' title="bbox 389 4896 2034 4980; baseline -0.005 -17"><span class='ocrx_word' id='word_1_314' title='bbox 389 4898 681 4980; x_wconf 87' lang='lat' dir='ltr'><strong>apostoli.</strong></span> <span class='ocrx_word' id='word_1_315' title='bbox 743 4901 924 4959; x_wconf 86' lang='lat' dir='ltr'><strong>Hunc</strong></span> <span class='ocrx_word' id='word_1_316' title='bbox 981 4914 1097 4957; x_wconf 89' lang='lat' dir='ltr'><strong>nos</strong></span> <span class='ocrx_word' id='word_1_317' title='bbox 1153 4896 1465 4957; x_wconf 87' lang='lat' dir='ltr'><strong>defectum</strong></span> <span class='ocrx_word' id='word_1_318' title='bbox 1524 4897 1651 4957; x_wconf 83' lang='lat' dir='ltr'><strong>suis</strong></span> <span class='ocrx_word' id='word_1_319' title='bbox 1706 4897 1858 4957; x_wconf 91' lang='lat' dir='ltr'><strong>locis</strong></span> <span class='ocrx_word' id='word_1_320' title='bbox 1925 4915 2034 4956; x_wconf 89' lang='lat' dir='ltr'><strong>no-</strong></span> 
     </span>
    </p>
   </div>
   <div class='ocr_carea' id='block_1_57' title="bbox 386 4992 2034 5072">
    <p class='ocr_par' dir='ltr' id='par_1_57' title="bbox 386 4992 2034 5072">
     <span class='ocr_line' id='line_1_60' title="bbox 386 4992 2034 5072; baseline -0.004 -12"><span class='ocrx_word' id='word_1_321' title='bbox 386 4997 660 5060; x_wconf 89' lang='lat' dir='ltr'><strong>tavimus</strong></span> <span class='ocrx_word' id='word_1_322' title='bbox 720 4995 844 5056; x_wconf 92' lang='lat' dir='ltr'><strong>hoc</strong></span> <span class='ocrx_word' id='word_1_323' title='bbox 898 4993 1109 5066; x_wconf 89' lang='lat' dir='ltr'><strong>modo,</strong></span> <span class='ocrx_word' id='word_1_324' title='bbox 1170 4994 1549 5054; x_wconf 78' lang='lat' dir='ltr'><strong>omittuntur</strong></span> <span class='ocrx_word' id='word_1_325' title='bbox 1605 4992 1728 5067; x_wconf 83' lang='lat' dir='ltr'><strong>hic,</strong></span> <span class='ocrx_word' id='word_1_326' title='bbox 1809 4993 2034 5072; x_wconf 88' lang='lat' dir='ltr'><strong>supple</strong></span> 
     </span>
    </p>
   </div>
   <div class='ocr_carea' id='block_1_58' title="bbox 386 5092 2032 5171">
    <p class='ocr_par' dir='ltr' id='par_1_58' title="bbox 386 5092 2032 5171">
     <span class='ocr_line' id='line_1_61' title="bbox 386 5092 2032 5171; baseline -0.005 -13"><span class='ocrx_word' id='word_1_327' title='bbox 386 5114 603 5159; x_wconf 89' lang='lat' dir='ltr'><strong>versus</strong></span> <span class='ocrx_word' id='word_1_328' title='bbox 658 5093 824 5166; x_wconf 88' lang='lat' dir='ltr'><strong>libri,</strong></span> <span class='ocrx_word' id='word_1_329' title='bbox 886 5092 996 5171; x_wconf 92' lang='lat' dir='ltr'><strong>qui</strong></span> <span class='ocrx_word' id='word_1_330' title='bbox 1084 5111 1207 5153; x_wconf 90' lang='lat' dir='ltr'><strong>non</strong></span> <span class='ocrx_word' id='word_1_331' title='bbox 1298 5099 1705 5153; x_wconf 83' lang='lat' dir='ltr'><strong>recensentur</strong></span> <span class='ocrx_word' id='word_1_332' title='bbox 1762 5092 1825 5152; x_wconf 91' lang='lat' dir='ltr'><strong>in</strong></span> <span class='ocrx_word' id='word_1_333' title='bbox 1884 5110 2032 5170; x_wconf 92' lang='lat' dir='ltr'><strong>per-</strong></span> 
     </span>
    </p>
   </div>
   <div class='ocr_carea' id='block_1_59' title="bbox 388 5189 2032 5258">
    <p class='ocr_par' dir='ltr' id='par_1_59' title="bbox 388 5189 2032 5258">
     <span class='ocr_line' id='line_1_62' title="bbox 388 5189 2032 5258; baseline -0.005 -2"><span class='ocrx_word' id='word_1_334' title='bbox 388 5200 634 5258; x_wconf 90' lang='lat' dir='ltr'><strong>vetusto</strong></span> <span class='ocrx_word' id='word_1_335' title='bbox 663 5191 775 5252; x_wconf 92' lang='lat' dir='ltr'><strong>illo</strong></span> <span class='ocrx_word' id='word_1_336' title='bbox 814 5189 1021 5250; x_wconf 88' lang='lat' dir='ltr'><strong>indice</strong></span> <span class='ocrx_word' id='word_1_337' title='bbox 1083 5207 1406 5250; x_wconf 89' lang='lat' dir='ltr'><strong>sacrorum</strong></span> <span class='ocrx_word' id='word_1_338' title='bbox 1468 5191 1842 5250; x_wconf 87' lang='lat' dir='ltr'><strong>Bibliorum.</strong></span> <span class='ocrx_word' id='word_1_339' title='bbox 1903 5189 2032 5250; x_wconf 88' lang='lat' dir='ltr'><strong>Sub</strong></span> 
     </span>
    </p>
   </div>
   <div class='ocr_carea' id='block_1_60' title="bbox 387 5287 2034 5366">
    <p class='ocr_par' dir='ltr' id='par_1_60' title="bbox 387 5287 2034 5366">
     <span class='ocr_line' id='line_1_63' title="bbox 387 5287 2034 5366; baseline -0.006 -11"><span class='ocrx_word' id='word_1_340' title='bbox 387 5292 644 5354; x_wconf 89' lang='lat' dir='ltr'><strong>nomine</strong></span> <span class='ocrx_word' id='word_1_341' title='bbox 725 5287 1058 5363; x_wconf 60' lang='lat' dir='ltr'><strong>Barnabas,</strong></span> <span class='ocrx_word' id='word_1_342' title='bbox 1133 5306 1352 5348; x_wconf 89' lang='lat' dir='ltr'><strong>versus</strong></span> <span class='ocrx_word' id='word_1_343' title='bbox 1406 5289 1701 5366; x_wconf 78' lang='lat' dir='ltr'><strong>Epistolas</strong></span> <span class='ocrx_word' id='word_1_344' title='bbox 1759 5287 1838 5348; x_wconf 90' lang='lat' dir='ltr'><strong>ad</strong></span> <span class='ocrx_word' id='word_1_345' title='bbox 1908 5289 2034 5347; x_wconf 90' lang='lat' dir='ltr'><strong>He-</strong></span> 
     </span>
    </p>
   </div>
   <div class='ocr_carea' id='block_1_61' title="bbox 389 5387 2036 5463">
    <p class='ocr_par' dir='ltr' id='par_1_61' title="bbox 389 5387 2036 5463">
     <span class='ocr_line' id='line_1_64' title="bbox 389 5387 2036 5463; baseline -0.005 -10"><span class='ocrx_word' id='word_1_346' title='bbox 389 5393 594 5452; x_wconf 57' lang='lat' dir='ltr'><strong>braeos</strong></span> <span class='ocrx_word' id='word_1_347' title='bbox 622 5387 876 5449; x_wconf 89' lang='lat' dir='ltr'><strong>videtur</strong></span> <span class='ocrx_word' id='word_1_348' title='bbox 907 5402 1348 5446; x_wconf 86' lang='lat' dir='ltr'><strong>enumerasse:</strong></span> <span class='ocrx_word' id='word_1_349' title='bbox 1385 5403 1588 5463; x_wconf 89' lang='lat' dir='ltr'><strong>neque</strong></span> <span class='ocrx_word' id='word_1_350' title='bbox 1621 5403 1767 5446; x_wconf 89' lang='lat' dir='ltr'><strong>vero</strong></span> <span class='ocrx_word' id='word_1_351' title='bbox 1826 5390 2036 5444; x_wconf 90' lang='lat' dir='ltr'><strong>mente</strong></span> 
     </span>
    </p>
   </div>
   <div class='ocr_carea' id='block_1_62' title="bbox 396 5482 2034 5564">
    <p class='ocr_par' dir='ltr' id='par_1_62' title="bbox 396 5482 2034 5564">
     <span class='ocr_line' id='line_1_65' title="bbox 396 5482 2034 5564; baseline -0.005 -15"><span class='ocrx_word' id='word_1_352' title='bbox 396 5490 554 5549; x_wconf 90' lang='lat' dir='ltr'><strong>adeo</strong></span> <span class='ocrx_word' id='word_1_353' title='bbox 583 5503 782 5564; x_wconf 89' lang='lat' dir='ltr'><strong>vagus</strong></span> <span class='ocrx_word' id='word_1_354' title='bbox 812 5482 1166 5544; x_wconf 88' lang='lat' dir='ltr'><strong>credendus</strong></span> <span class='ocrx_word' id='word_1_355' title='bbox 1198 5488 1314 5552; x_wconf 87' lang='lat' dir='ltr'><strong>est,</strong></span> <span class='ocrx_word' id='word_1_356' title='bbox 1362 5489 1432 5542; x_wconf 91' lang='lat' dir='ltr'><strong>ut</strong></span> <span class='ocrx_word' id='word_1_357' title='bbox 1462 5482 1811 5561; x_wconf 84' lang='lat' dir='ltr'><strong>Epistolam</strong></span> <span class='ocrx_word' id='word_1_358' title='bbox 1843 5499 2034 5559; x_wconf 91' lang='lat' dir='ltr'><strong>quam</strong></span> 
     </span>
    </p>
   </div>
   <div class='ocr_carea' id='block_1_63' title="bbox 399 5578 2038 5656">
    <p class='ocr_par' dir='ltr' id='par_1_63' title="bbox 399 5578 2038 5656">
     <span class='ocr_line' id='line_1_66' title="bbox 399 5578 2038 5656; baseline -0.005 -11"><span class='ocrx_word' id='word_1_359' title='bbox 399 5586 479 5646; x_wconf 88' lang='lat' dir='ltr'><strong>ob</strong></span> <span class='ocrx_word' id='word_1_360' title='bbox 509 5583 725 5644; x_wconf 90' lang='lat' dir='ltr'><strong>oculos</strong></span> <span class='ocrx_word' id='word_1_361' title='bbox 756 5581 1054 5649; x_wconf 89' lang='lat' dir='ltr'><strong>habebat,</strong></span> <span class='ocrx_word' id='word_1_362' title='bbox 1088 5579 1236 5638; x_wconf 92' lang='lat' dir='ltr'><strong>dum</strong></span> <span class='ocrx_word' id='word_1_363' title='bbox 1297 5579 1664 5656; x_wconf 89' lang='lat' dir='ltr'><strong>Catalogum</strong></span> <span class='ocrx_word' id='word_1_364' title='bbox 1725 5578 2038 5638; x_wconf 88' lang='lat' dir='ltr'><strong>describe-</strong></span> 
     </span>
    </p>
   </div>
   <div class='ocr_carea' id='block_1_64' title="bbox 396 5677 2035 5755">
    <p class='ocr_par' dir='ltr' id='par_1_64' title="bbox 396 5677 2035 5755">
     <span class='ocr_line' id='line_1_67' title="bbox 396 5677 2035 5755; baseline -0.004 -11"><span class='ocrx_word' id='word_1_365' title='bbox 396 5687 515 5754; x_wconf 87' lang='lat' dir='ltr'><strong>ret,</strong></span> <span class='ocrx_word' id='word_1_366' title='bbox 544 5678 856 5740; x_wconf 85' lang='lat' dir='ltr'><strong>incuriose</strong></span> <span class='ocrx_word' id='word_1_367' title='bbox 911 5677 1168 5738; x_wconf 91' lang='lat' dir='ltr'><strong>omnino</strong></span> <span class='ocrx_word' id='word_1_368' title='bbox 1229 5677 1755 5755; x_wconf 61' lang='lat' dir='ltr'><strong>praetermitteret.</strong></span> <span class='ocrx_word' id='word_1_369' title='bbox 1803 5677 2035 5737; x_wconf 92' lang='lat' dir='ltr'><strong>Docto-</strong></span> 
     </span>
    </p>
   </div>
   <div class='ocr_carea' id='block_1_65' title="bbox 2119 587 3761 668">
    <p class='ocr_par' dir='ltr' id='par_1_65' title="bbox 2119 587 3761 668">
     <span class='ocr_line' id='line_1_68' title="bbox 2119 587 3761 668; baseline -0.002 -18"><span class='ocrx_word' id='word_1_370' title='bbox 2119 591 2322 651; x_wconf 84' lang='lat' dir='ltr'><strong>lorum</strong></span> <span class='ocrx_word' id='word_1_371' title='bbox 2382 591 2686 652; x_wconf 89' lang='lat' dir='ltr'><strong>librorum</strong></span> <span class='ocrx_word' id='word_1_372' title='bbox 2740 596 3052 659; x_wconf 86' lang='lat' dir='ltr'><strong>numerat,</strong></span> <span class='ocrx_word' id='word_1_373' title='bbox 3113 594 3304 668; x_wconf 90' lang='lat' dir='ltr'><strong>prout</strong></span> <span class='ocrx_word' id='word_1_374' title='bbox 3357 587 3761 648; x_wconf 90' lang='lat' dir='ltr'><strong>invenieban-</strong></span> 
     </span>
    </p>
   </div>
   <div class='ocr_carea' id='block_1_66' title="bbox 2118 687 3760 766">
    <p class='ocr_par' dir='ltr' id='par_1_66' title="bbox 2118 687 3760 766">
     <span class='ocr_line' id='line_1_69' title="bbox 2118 687 3760 766; baseline -0.001 -18"><span class='ocrx_word' id='word_1_375' title='bbox 2118 694 2222 748; x_wconf 91' lang='lat' dir='ltr'><strong>tur</strong></span> <span class='ocrx_word' id='word_1_376' title='bbox 2255 688 2536 749; x_wconf 91' lang='lat' dir='ltr'><strong>distincti</strong></span> <span class='ocrx_word' id='word_1_377' title='bbox 2586 689 2649 748; x_wconf 94' lang='lat' dir='ltr'><strong>in</strong></span> <span class='ocrx_word' id='word_1_378' title='bbox 2709 688 2972 766; x_wconf 90' lang='lat' dir='ltr'><strong>antiqua</strong></span> <span class='ocrx_word' id='word_1_379' title='bbox 3023 687 3308 747; x_wconf 89' lang='lat' dir='ltr'><strong>versione</strong></span> <span class='ocrx_word' id='word_1_380' title='bbox 3361 687 3587 746; x_wconf 91' lang='lat' dir='ltr'><strong>Latina</strong></span> <span class='ocrx_word' id='word_1_381' title='bbox 3645 705 3760 746; x_wconf 89' lang='lat' dir='ltr'><strong>usu</strong></span> 
     </span>
    </p>
   </div>
   <div class='ocr_carea' id='block_1_67' title="bbox 2119 783 3763 865">
    <p class='ocr_par' dir='ltr' id='par_1_67' title="bbox 2119 783 3763 865">
     <span class='ocr_line' id='line_1_70' title="bbox 2119 783 3763 865; baseline 0 -21"><span class='ocrx_word' id='word_1_382' title='bbox 2119 794 2373 864; x_wconf 86' lang='lat' dir='ltr'><strong>recepta</strong></span> <span class='ocrx_word' id='word_1_383' title='bbox 2429 791 2575 846; x_wconf 91' lang='lat' dir='ltr'><strong>ante</strong></span> <span class='ocrx_word' id='word_1_384' title='bbox 2642 785 3122 865; x_wconf 86' lang='lat' dir='ltr'><strong>Hieronymum.</strong></span> <span class='ocrx_word' id='word_1_385' title='bbox 3199 783 3375 852; x_wconf 87' lang='lat' dir='ltr'><strong>Quod</strong></span> <span class='ocrx_word' id='word_1_386' title='bbox 3434 783 3763 844; x_wconf 86' lang='lat' dir='ltr'><strong>manifeste</strong></span> 
     </span>
    </p>
   </div>
   <div class='ocr_carea' id='block_1_68' title="bbox 2120 882 3763 963">
    <p class='ocr_par' dir='ltr' id='par_1_68' title="bbox 2120 882 3763 963">
     <span class='ocr_line' id='line_1_71' title="bbox 2120 882 3763 963; baseline -0.001 -21"><span class='ocrx_word' id='word_1_387' title='bbox 2120 883 2376 962; x_wconf 92' lang='lat' dir='ltr'><strong>probari</strong></span> <span class='ocrx_word' id='word_1_388' title='bbox 2411 890 2614 963; x_wconf 87' lang='lat' dir='ltr'><strong>potest</strong></span> <span class='ocrx_word' id='word_1_389' title='bbox 2645 902 2719 944; x_wconf 86' lang='lat' dir='ltr'><strong>ex</strong></span> <span class='ocrx_word' id='word_1_390' title='bbox 2763 884 2948 944; x_wconf 91' lang='lat' dir='ltr'><strong>unico</strong></span> <span class='ocrx_word' id='word_1_391' title='bbox 3007 883 3168 943; x_wconf 88' lang='lat' dir='ltr'><strong>libro</strong></span> <span class='ocrx_word' id='word_1_392' title='bbox 3221 882 3365 954; x_wconf 90' lang='lat' dir='ltr'><strong>Job,</strong></span> <span class='ocrx_word' id='word_1_393' title='bbox 3429 901 3614 960; x_wconf 90' lang='lat' dir='ltr'><strong>quem</strong></span> <span class='ocrx_word' id='word_1_394' title='bbox 3675 882 3763 940; x_wconf 88' lang='lat' dir='ltr'><strong>di-</strong></span> 
     </span>
    </p>
   </div>
   <div class='ocr_carea' id='block_1_69' title="bbox 2121 979 3766 1042">
    <p class='ocr_par' dir='ltr' id='par_1_69' title="bbox 2121 979 3766 1042">
     <span class='ocr_line' id='line_1_72' title="bbox 2121 979 3766 1042; baseline -0.001 0"><span class='ocrx_word' id='word_1_395' title='bbox 2121 981 2206 1042; x_wconf 90' lang='lat' dir='ltr'><strong>cit</strong></span> <span class='ocrx_word' id='word_1_396' title='bbox 2286 982 2608 1041; x_wconf 89' lang='lat' dir='ltr'><strong>continere</strong></span> <span class='ocrx_word' id='word_1_397' title='bbox 2688 999 2903 1041; x_wconf 89' lang='lat' dir='ltr'><strong>versus</strong></span> <span class='ocrx_word' id='word_1_398' title='bbox 2985 981 3154 1040; x_wconf 91' lang='lat' dir='ltr'><strong>mille</strong></span> <span class='ocrx_word' id='word_1_399' title='bbox 3217 986 3566 1041; x_wconf 84' lang='lat' dir='ltr'><strong>sexcentos.</strong></span> <span class='ocrx_word' id='word_1_400' title='bbox 3645 979 3766 1042; x_wconf 89' lang='lat' dir='ltr'><strong>Ubi</strong></span> 
     </span>
    </p>
   </div>
   <div class='ocr_carea' id='block_1_70' title="bbox 2124 1078 3768 1157">
    <p class='ocr_par' dir='ltr' id='par_1_70' title="bbox 2124 1078 3768 1157">
     <span class='ocr_line' id='line_1_73' title="bbox 2124 1078 3768 1157; baseline -0.002 -18"><span class='ocrx_word' id='word_1_401' title='bbox 2124 1080 2416 1140; x_wconf 90' lang='lat' dir='ltr'><strong>advertas</strong></span> <span class='ocrx_word' id='word_1_402' title='bbox 2473 1079 2660 1139; x_wconf 91' lang='lat' dir='ltr'><strong>velim</strong></span> <span class='ocrx_word' id='word_1_403' title='bbox 2722 1078 2844 1138; x_wconf 88' lang='lat' dir='ltr'><strong>Job</strong></span> <span class='ocrx_word' id='word_1_404' title='bbox 2891 1083 3230 1157; x_wconf 86' lang='lat' dir='ltr'><strong>antequam</strong></span> <span class='ocrx_word' id='word_1_405' title='bbox 3291 1079 3460 1156; x_wconf 91' lang='lat' dir='ltr'><strong>apud</strong></span> <span class='ocrx_word' id='word_1_406' title='bbox 3520 1079 3768 1139; x_wconf 64' lang='lat' dir='ltr'><strong>Grecos</strong></span> 
     </span>
    </p>
   </div>
   <div class='ocr_carea' id='block_1_71' title="bbox 2124 1175 3766 1254">
    <p class='ocr_par' dir='ltr' id='par_1_71' title="bbox 2124 1175 3766 1254">
     <span class='ocr_line' id='line_1_74' title="bbox 2124 1175 3766 1254; baseline -0.001 -16"><span class='ocrx_word' id='word_1_407' title='bbox 2124 1195 2267 1238; x_wconf 89' lang='lat' dir='ltr'><strong>cum</strong></span> <span class='ocrx_word' id='word_1_408' title='bbox 2327 1178 2639 1238; x_wconf 90' lang='lat' dir='ltr'><strong>asteriscis</strong></span> <span class='ocrx_word' id='word_1_409' title='bbox 2696 1176 3131 1238; x_wconf 90' lang='lat' dir='ltr'><strong>restitueretur</strong></span> <span class='ocrx_word' id='word_1_410' title='bbox 3186 1177 3267 1237; x_wconf 89' lang='lat' dir='ltr'><strong>ab</strong></span> <span class='ocrx_word' id='word_1_411' title='bbox 3323 1176 3613 1254; x_wconf 82' lang='lat' dir='ltr'><strong>Origene,</strong></span> <span class='ocrx_word' id='word_1_412' title='bbox 3662 1175 3766 1236; x_wconf 86' lang='lat' dir='ltr'><strong>ha-</strong></span> 
     </span>
    </p>
   </div>
   <div class='ocr_carea' id='block_1_72' title="bbox 2128 1270 3771 1345">
    <p class='ocr_par' dir='ltr' id='par_1_72' title="bbox 2128 1270 3771 1345">
     <span class='ocr_line' id='line_1_75' title="bbox 2128 1270 3771 1345; baseline -0.001 -12"><span class='ocrx_word' id='word_1_413' title='bbox 2128 1274 2335 1333; x_wconf 92' lang='lat' dir='ltr'><strong>buisse</strong></span> <span class='ocrx_word' id='word_1_414' title='bbox 2412 1292 2621 1333; x_wconf 86' lang='lat' dir='ltr'><strong>versus</strong></span> <span class='ocrx_word' id='word_1_415' title='bbox 2703 1273 2828 1335; x_wconf 90' lang='lat' dir='ltr'><strong>sive</strong></span> <span class='ocrx_word' id='word_1_416' title='bbox 2885 1270 3109 1345; x_wconf 82' lang='grc' dir='ltr'><strong>στίχους</strong></span> <span class='ocrx_word' id='word_1_417' title='bbox 3178 1275 3354 1334; x_wconf 90' lang='grc'>1600.</span> <span class='ocrx_word' id='word_1_418' title='bbox 3418 1272 3771 1334; x_wconf 88' lang='lat' dir='ltr'><strong>Restitutus</strong></span> 
     </span>
    </p>
   </div>
   <div class='ocr_carea' id='block_1_73' title="bbox 2125 1369 3769 1442">
    <p class='ocr_par' dir='ltr' id='par_1_73' title="bbox 2125 1369 3769 1442">
     <span class='ocr_line' id='line_1_76' title="bbox 2125 1369 3769 1442; baseline -0.001 -12"><span class='ocrx_word' id='word_1_419' title='bbox 2125 1388 2276 1430; x_wconf 90' lang='lat' dir='ltr'><strong>vero</strong></span> <span class='ocrx_word' id='word_1_420' title='bbox 2312 1369 2587 1430; x_wconf 87' lang='lat' dir='ltr'><strong>habebat</strong></span> <span class='ocrx_word' id='word_1_421' title='bbox 2636 1387 2852 1430; x_wconf 90' lang='lat' dir='ltr'><strong>versus</strong></span> <span class='ocrx_word' id='word_1_422' title='bbox 2906 1371 3085 1442; x_wconf 75' lang='lat'><strong>2200,</strong></span> <span class='ocrx_word' id='word_1_423' title='bbox 3147 1370 3209 1430; x_wconf 94' lang='lat' dir='ltr'><strong>id</strong></span> <span class='ocrx_word' id='word_1_424' title='bbox 3266 1376 3379 1442; x_wconf 90' lang='lat' dir='ltr'><strong>est,</strong></span> <span class='ocrx_word' id='word_1_425' title='bbox 3441 1376 3769 1429; x_wconf 87' lang='lat' dir='ltr'><strong>sexcentos</strong></span> 
     </span>
    </p>
   </div>
   <div class='ocr_carea' id='block_1_74' title="bbox 2128 1466 3770 1547">
    <p class='ocr_par' dir='ltr' id='par_1_74' title="bbox 2128 1466 3770 1547">
     <span class='ocr_line' id='line_1_77' title="bbox 2128 1466 3770 1547; baseline -0.002 -20"><span class='ocrx_word' id='word_1_426' title='bbox 2128 1486 2322 1547; x_wconf 88' lang='lat' dir='ltr'><strong>supra</strong></span> <span class='ocrx_word' id='word_1_427' title='bbox 2350 1486 2682 1528; x_wconf 74' lang='lat' dir='ltr'><strong>numepum</strong></span> <span class='ocrx_word' id='word_1_428' title='bbox 2728 1467 3211 1547; x_wconf 65' lang='lat' dir='ltr'><strong>prsecedcntem.</strong></span> <span class='ocrx_word' id='word_1_429' title='bbox 3270 1467 3538 1529; x_wconf 87' lang='lat' dir='ltr'><strong>Consule</strong></span> <span class='ocrx_word' id='word_1_430' title='bbox 3602 1466 3770 1526; x_wconf 80' lang='lat' dir='ltr'><strong>testi-</strong></span> 
     </span>
    </p>
   </div>
   <div class='ocr_carea' id='block_1_75' title="bbox 2132 1565 3770 1647">
    <p class='ocr_par' dir='ltr' id='par_1_75' title="bbox 2132 1565 3770 1647">
     <span class='ocr_line' id='line_1_78' title="bbox 2132 1565 3770 1647; baseline -0.001 -21"><span class='ocrx_word' id='word_1_431' title='bbox 2132 1566 2348 1626; x_wconf 90' lang='lat' dir='ltr'><strong>monia</strong></span> <span class='ocrx_word' id='word_1_432' title='bbox 2403 1572 2684 1626; x_wconf 90' lang='lat' dir='ltr'><strong>veterum</strong></span> <span class='ocrx_word' id='word_1_433' title='bbox 2742 1565 3131 1644; x_wconf 90' lang='lat' dir='ltr'><strong>Scriptorum</strong></span> <span class='ocrx_word' id='word_1_434' title='bbox 3192 1566 3398 1647; x_wconf 88' lang='lat' dir='ltr'><strong>posita</strong></span> <span class='ocrx_word' id='word_1_435' title='bbox 3451 1567 3515 1626; x_wconf 90' lang='lat' dir='ltr'><strong>in</strong></span> <span class='ocrx_word' id='word_1_436' title='bbox 3566 1565 3770 1625; x_wconf 83' lang='lat' dir='ltr'><strong>fronte</strong></span> 
     </span>
    </p>
   </div>
   <div class='ocr_carea' id='block_1_76' title="bbox 2133 1661 3774 1741">
    <p class='ocr_par' dir='ltr' id='par_1_76' title="bbox 2133 1661 3774 1741">
     <span class='ocr_line' id='line_1_79' title="bbox 2133 1661 3774 1741; baseline -0.001 -19"><span class='ocrx_word' id='word_1_437' title='bbox 2133 1661 2414 1741; x_wconf 87' lang='lat' dir='ltr'><strong>ejusdem</strong></span> <span class='ocrx_word' id='word_1_438' title='bbox 2447 1663 2590 1723; x_wconf 91' lang='lat' dir='ltr'><strong>libri</strong></span> <span class='ocrx_word' id='word_1_439' title='bbox 2640 1663 2784 1738; x_wconf 89' lang='lat' dir='ltr'><strong>Job,</strong></span> <span class='ocrx_word' id='word_1_440' title='bbox 2847 1682 2885 1723; x_wconf 94' lang='lat' dir='ltr'><strong>a</strong></span> <span class='ocrx_word' id='word_1_441' title='bbox 2923 1664 3104 1724; x_wconf 90' lang='lat' dir='ltr'><strong>nobis</strong></span> <span class='ocrx_word' id='word_1_442' title='bbox 3160 1664 3332 1735; x_wconf 92' lang='lat' dir='ltr'><strong>editi,</strong></span> <span class='ocrx_word' id='word_1_443' title='bbox 3391 1681 3534 1724; x_wconf 91' lang='lat' dir='ltr'><strong>cum</strong></span> <span class='ocrx_word' id='word_1_444' title='bbox 3607 1667 3774 1722; x_wconf 87' lang='lat' dir='ltr'><strong>aste-</strong></span> 
     </span>
    </p>
   </div>
   <div class='ocr_carea' id='block_1_77' title="bbox 2135 1758 3776 1840">
    <p class='ocr_par' dir='ltr' id='par_1_77' title="bbox 2135 1758 3776 1840">
     <span class='ocr_line' id='line_1_80' title="bbox 2135 1758 3776 1840; baseline 0 -21"><span class='ocrx_word' id='word_1_445' title='bbox 2135 1761 2312 1820; x_wconf 89' lang='lat' dir='ltr'><strong>riscis</strong></span> <span class='ocrx_word' id='word_1_446' title='bbox 2337 1766 2400 1821; x_wconf 91' lang='lat' dir='ltr'><strong>et</strong></span> <span class='ocrx_word' id='word_1_447' title='bbox 2429 1759 2648 1834; x_wconf 86' lang='lat' dir='ltr'><strong>obelis,</strong></span> <span class='ocrx_word' id='word_1_448' title='bbox 2681 1777 2723 1820; x_wconf 85' lang='lat'><strong>11</strong></span> <span class='ocrx_word' id='word_1_449' title='bbox 2779 1768 2956 1840; x_wconf 90' lang='lat' dir='ltr'><strong>parte</strong></span> <span class='ocrx_word' id='word_1_450' title='bbox 3014 1760 3204 1840; x_wconf 89' lang='lat' dir='ltr'><strong>hujus</strong></span> <span class='ocrx_word' id='word_1_451' title='bbox 3257 1762 3485 1822; x_wconf 60' lang='lat' dir='ltr'><strong>divina:</strong></span> <span class='ocrx_word' id='word_1_452' title='bbox 3536 1758 3776 1821; x_wconf 89' lang='lat' dir='ltr'><strong>Biblio-</strong></span> 
     </span>
    </p>
   </div>
   <div class='ocr_carea' id='block_1_78' title="bbox 2056 1858 3776 1926">
    <p class='ocr_par' dir='ltr' id='par_1_78' title="bbox 2056 1858 3776 1926">
     <span class='ocr_line' id='line_1_81' title="bbox 2056 1858 3776 1926; baseline -0.002 -8"><span class='ocrx_word' id='word_1_453' title='bbox 2056 1858 2358 1926; x_wconf 84' lang='lat' dir='ltr'><strong>Bthecee.</strong></span> <span class='ocrx_word' id='word_1_454' title='bbox 2439 1859 2791 1920; x_wconf 91' lang='lat' dir='ltr'><strong>Secundam</strong></span> <span class='ocrx_word' id='word_1_455' title='bbox 2867 1878 3155 1920; x_wconf 89' lang='lat' dir='ltr'><strong>versuum</strong></span> <span class='ocrx_word' id='word_1_456' title='bbox 3233 1859 3776 1921; x_wconf 89' lang='lat' dir='ltr'><strong>enumerationem</strong></span> 
     </span>
    </p>
   </div>
   <div class='ocr_carea' id='block_1_79' title="bbox 2139 1955 3782 2017">
    <p class='ocr_par' dir='ltr' id='par_1_79' title="bbox 2139 1955 3782 2017">
     <span class='ocr_line' id='line_1_82' title="bbox 2139 1955 3782 2017; baseline -0.001 -1"><span class='ocrx_word' id='word_1_457' title='bbox 2139 1955 2494 2016; x_wconf 90' lang='lat' dir='ltr'><strong>invenimus</strong></span> <span class='ocrx_word' id='word_1_458' title='bbox 2548 1957 2611 2016; x_wconf 91' lang='lat' dir='ltr'><strong>in</strong></span> <span class='ocrx_word' id='word_1_459' title='bbox 2687 1975 2834 2016; x_wconf 89' lang='lat' dir='ltr'><strong>mss.</strong></span> <span class='ocrx_word' id='word_1_460' title='bbox 2896 1956 3215 2017; x_wconf 91' lang='lat' dir='ltr'><strong>codicibus</strong></span> <span class='ocrx_word' id='word_1_461' title='bbox 3267 1956 3572 2017; x_wconf 89' lang='lat' dir='ltr'><strong>versionis</strong></span> <span class='ocrx_word' id='word_1_462' title='bbox 3645 1955 3782 2015; x_wconf 87' lang='lat' dir='ltr'><strong>Hie-</strong></span> 
     </span>
    </p>
   </div>
   <div class='ocr_carea' id='block_1_80' title="bbox 2140 2055 3771 2134">
    <p class='ocr_par' dir='ltr' id='par_1_80' title="bbox 2140 2055 3771 2134">
     <span class='ocr_line' id='line_1_83' title="bbox 2140 2055 3771 2134; baseline 0.001 -21"><span class='ocrx_word' id='word_1_463' title='bbox 2140 2055 2554 2134; x_wconf 70' lang='lat' dir='ltr'><strong>ronymianaa,</strong></span> <span class='ocrx_word' id='word_1_464' title='bbox 2580 2073 2854 2134; x_wconf 89' lang='lat' dir='ltr'><strong>eumque</strong></span> <span class='ocrx_word' id='word_1_465' title='bbox 2909 2073 3239 2116; x_wconf 88' lang='lat' dir='ltr'><strong>numerum</strong></span> <span class='ocrx_word' id='word_1_466' title='bbox 3298 2055 3399 2116; x_wconf 91' lang='lat' dir='ltr'><strong>hic</strong></span> <span class='ocrx_word' id='word_1_467' title='bbox 3454 2056 3517 2114; x_wconf 89' lang='lat' dir='ltr'><strong>in</strong></span> <span class='ocrx_word' id='word_1_468' title='bbox 3578 2060 3771 2115; x_wconf 90' lang='lat' dir='ltr'><strong>tetra-</strong></span> 
     </span>
    </p>
   </div>
   <div class='ocr_carea' id='block_1_81' title="bbox 2137 2152 3778 2232">
    <p class='ocr_par' dir='ltr' id='par_1_81' title="bbox 2137 2152 3778 2232">
     <span class='ocr_line' id='line_1_84' title="bbox 2137 2152 3778 2232; baseline -0.001 -19"><span class='ocrx_word' id='word_1_469' title='bbox 2137 2153 2260 2232; x_wconf 92' lang='lat' dir='ltr'><strong>plis</strong></span> <span class='ocrx_word' id='word_1_470' title='bbox 2289 2152 2518 2212; x_wconf 89' lang='lat' dir='ltr'><strong>nostris</strong></span> <span class='ocrx_word' id='word_1_471' title='bbox 2566 2153 3012 2231; x_wconf 89' lang='lat' dir='ltr'><strong>proposuimus</strong></span> <span class='ocrx_word' id='word_1_472' title='bbox 3065 2153 3224 2214; x_wconf 89' lang='lat' dir='ltr'><strong>sicut</strong></span> <span class='ocrx_word' id='word_1_473' title='bbox 3277 2159 3482 2214; x_wconf 87' lang='lat' dir='ltr'><strong>exstat</strong></span> <span class='ocrx_word' id='word_1_474' title='bbox 3533 2153 3597 2213; x_wconf 91' lang='lat' dir='ltr'><strong>in</strong></span> <span class='ocrx_word' id='word_1_475' title='bbox 3652 2152 3778 2212; x_wconf 89' lang='lat' dir='ltr'><strong>illis</strong></span> 
     </span>
    </p>
   </div>
   <div class='ocr_carea' id='block_1_82' title="bbox 2136 2250 3777 2330">
    <p class='ocr_par' dir='ltr' id='par_1_82' title="bbox 2136 2250 3777 2330">
     <span class='ocr_line' id='line_1_85' title="bbox 2136 2250 3777 2330; baseline -0.001 -19"><span class='ocrx_word' id='word_1_476' title='bbox 2136 2250 2604 2329; x_wconf 84' lang='lat' dir='ltr'><strong>exemplaribus</strong></span> <span class='ocrx_word' id='word_1_477' title='bbox 2684 2251 3143 2311; x_wconf 90' lang='lat' dir='ltr'><strong>vetustissimis.</strong></span> <span class='ocrx_word' id='word_1_478' title='bbox 3227 2255 3485 2312; x_wconf 88' lang='lat' dir='ltr'><strong>Errores</strong></span> <span class='ocrx_word' id='word_1_479' title='bbox 3583 2251 3777 2330; x_wconf 77' lang='lat' dir='ltr'><strong>igitur</strong></span> 
     </span>
    </p>
   </div>
   <div class='ocr_carea' id='block_1_83' title="bbox 2135 2348 3777 2429">
    <p class='ocr_par' dir='ltr' id='par_1_83' title="bbox 2135 2348 3777 2429">
     <span class='ocr_line' id='line_1_86' title="bbox 2135 2348 3777 2429; baseline 0.001 -21"><span class='ocrx_word' id='word_1_480' title='bbox 2135 2348 2500 2427; x_wconf 90' lang='lat' dir='ltr'><strong>hujusmodi</strong></span> <span class='ocrx_word' id='word_1_481' title='bbox 2531 2367 2964 2418; x_wconf 89' lang='lat' dir='ltr'><strong>numerorum,</strong></span> <span class='ocrx_word' id='word_1_482' title='bbox 3024 2354 3338 2428; x_wconf 89' lang='lat' dir='ltr'><strong>quotquot</strong></span> <span class='ocrx_word' id='word_1_483' title='bbox 3385 2355 3550 2422; x_wconf 90' lang='lat' dir='ltr'><strong>sunt,</strong></span> <span class='ocrx_word' id='word_1_484' title='bbox 3587 2367 3777 2429; x_wconf 89' lang='lat' dir='ltr'><strong>penes</strong></span> 
     </span>
    </p>
   </div>
   <div class='ocr_carea' id='block_1_84' title="bbox 2131 2446 3776 2527">
    <p class='ocr_par' dir='ltr' id='par_1_84' title="bbox 2131 2446 3776 2527">
     <span class='ocr_line' id='line_1_87' title="bbox 2131 2446 3776 2527; baseline 0 -19"><span class='ocrx_word' id='word_1_485' title='bbox 2131 2447 2428 2525; x_wconf 88' lang='lat' dir='ltr'><strong>antiquos</strong></span> <span class='ocrx_word' id='word_1_486' title='bbox 2458 2451 2642 2506; x_wconf 89' lang='lat' dir='ltr'><strong>erunt</strong></span> <span class='ocrx_word' id='word_1_487' title='bbox 2699 2446 3014 2520; x_wconf 88' lang='lat' dir='ltr'><strong>librarios,</strong></span> <span class='ocrx_word' id='word_1_488' title='bbox 3071 2453 3133 2507; x_wconf 91' lang='lat' dir='ltr'><strong>et</strong></span> <span class='ocrx_word' id='word_1_489' title='bbox 3186 2448 3602 2527; x_wconf 90' lang='lat' dir='ltr'><strong>exscriptores</strong></span> <span class='ocrx_word' id='word_1_490' title='bbox 3651 2449 3776 2508; x_wconf 88' lang='lat' dir='ltr'><strong>im-</strong></span> 
     </span>
    </p>
   </div>
   <div class='ocr_carea' id='block_1_85' title="bbox 2129 2544 3771 2624">
    <p class='ocr_par' dir='ltr' id='par_1_85' title="bbox 2129 2544 3771 2624">
     <span class='ocr_line' id='line_1_88' title="bbox 2129 2544 3771 2624; baseline 0 -19"><span class='ocrx_word' id='word_1_491' title='bbox 2129 2545 2389 2624; x_wconf 90' lang='lat' dir='ltr'><strong>peritos.</strong></span> <span class='ocrx_word' id='word_1_492' title='bbox 2462 2548 2660 2604; x_wconf 90' lang='lat' dir='ltr'><strong>Porro</strong></span> <span class='ocrx_word' id='word_1_493' title='bbox 2717 2544 2970 2605; x_wconf 91' lang='lat' dir='ltr'><strong>tertium</strong></span> <span class='ocrx_word' id='word_1_494' title='bbox 3048 2545 3362 2606; x_wconf 86' lang='lat' dir='ltr'><strong>Canenem</strong></span> <span class='ocrx_word' id='word_1_495' title='bbox 3442 2546 3771 2607; x_wconf 90' lang='lat' dir='ltr'><strong>Librorum</strong></span> 
     </span>
    </p>
   </div>
   <div class='ocr_carea' id='block_1_86' title="bbox 2129 2645 3776 2723">
    <p class='ocr_par' dir='ltr' id='par_1_86' title="bbox 2129 2645 3776 2723">
     <span class='ocr_line' id='line_1_89' title="bbox 2129 2645 3776 2723; baseline 0.001 -19"><span class='ocrx_word' id='word_1_496' title='bbox 2129 2662 2448 2704; x_wconf 90' lang='lat' dir='ltr'><strong>sacrorum</strong></span> <span class='ocrx_word' id='word_1_497' title='bbox 2535 2662 2678 2704; x_wconf 91' lang='lat' dir='ltr'><strong>cum</strong></span> <span class='ocrx_word' id='word_1_498' title='bbox 2777 2661 3041 2704; x_wconf 90' lang='lat' dir='ltr'><strong>numero</strong></span> <span class='ocrx_word' id='word_1_499' title='bbox 3126 2663 3418 2705; x_wconf 90' lang='lat' dir='ltr'><strong>versuum</strong></span> <span class='ocrx_word' id='word_1_500' title='bbox 3512 2645 3776 2723; x_wconf 90' lang='lat' dir='ltr'><strong>singulis</strong></span> 
     </span>
    </p>
   </div>
   <div class='ocr_carea' id='block_1_87' title="bbox 2129 2741 3772 2822">
    <p class='ocr_par' dir='ltr' id='par_1_87' title="bbox 2129 2741 3772 2822">
     <span class='ocr_line' id='line_1_90' title="bbox 2129 2741 3772 2822; baseline 0.001 -21"><span class='ocrx_word' id='word_1_501' title='bbox 2129 2741 2306 2802; x_wconf 90' lang='lat' dir='ltr'><strong>libris</strong></span> <span class='ocrx_word' id='word_1_502' title='bbox 2362 2741 2689 2814; x_wconf 90' lang='lat' dir='ltr'><strong>adnotato,</strong></span> <span class='ocrx_word' id='word_1_503' title='bbox 2752 2741 3091 2820; x_wconf 90' lang='lat' dir='ltr'><strong>Nicephori</strong></span> <span class='ocrx_word' id='word_1_504' title='bbox 3147 2743 3525 2822; x_wconf 83' lang='lat' dir='ltr'><strong>patriarchae</strong></span> <span class='ocrx_word' id='word_1_505' title='bbox 3608 2746 3772 2804; x_wconf 90' lang='lat' dir='ltr'><strong>Con-</strong></span> 
     </span>
    </p>
   </div>
   <div class='ocr_carea' id='block_1_88' title="bbox 2128 2839 3775 2919">
    <p class='ocr_par' dir='ltr' id='par_1_88' title="bbox 2128 2839 3775 2919">
     <span class='ocr_line' id='line_1_91' title="bbox 2128 2839 3775 2919; baseline 0.001 -20"><span class='ocrx_word' id='word_1_506' title='bbox 2128 2839 2671 2919; x_wconf 82' lang='lat' dir='ltr'><strong>stantinOpolitani</strong></span> <span class='ocrx_word' id='word_1_507' title='bbox 2759 2859 2891 2900; x_wconf 89' lang='lat' dir='ltr'><strong>esse</strong></span> <span class='ocrx_word' id='word_1_508' title='bbox 2947 2840 3240 2901; x_wconf 86' lang='lat' dir='ltr'><strong>diximus.</strong></span> <span class='ocrx_word' id='word_1_509' title='bbox 3318 2843 3498 2902; x_wconf 91' lang='lat' dir='ltr'><strong>Hunc</strong></span> <span class='ocrx_word' id='word_1_510' title='bbox 3581 2842 3775 2902; x_wconf 91' lang='lat' dir='ltr'><strong>edidit</strong></span> 
     </span>
    </p>
   </div>
   <div class='ocr_carea' id='block_1_89' title="bbox 2127 2937 3773 3019">
    <p class='ocr_par' dir='ltr' id='par_1_89' title="bbox 2127 2937 3773 3019">
     <span class='ocr_line' id='line_1_92' title="bbox 2127 2937 3773 3019; baseline 0.001 -21"><span class='ocrx_word' id='word_1_511' title='bbox 2127 2937 2306 2998; x_wconf 89' lang='lat' dir='ltr'><strong>nobis</strong></span> <span class='ocrx_word' id='word_1_512' title='bbox 2363 2937 2826 2998; x_wconf 84' lang='lat' dir='ltr'><strong>eruditissimus</strong></span> <span class='ocrx_word' id='word_1_513' title='bbox 2871 2941 2943 2999; x_wconf 94' lang='lat' dir='ltr'><strong>P.</strong></span> <span class='ocrx_word' id='word_1_514' title='bbox 3004 2937 3282 2999; x_wconf 67' lang='lat' dir='ltr'><strong>Pithaeus</strong></span> <span class='ocrx_word' id='word_1_515' title='bbox 3333 2939 3397 2998; x_wconf 91' lang='lat' dir='ltr'><strong>in</strong></span> <span class='ocrx_word' id='word_1_516' title='bbox 3469 2939 3773 3019; x_wconf 88' lang='lat' dir='ltr'><strong>opusculo</strong></span> 
     </span>
    </p>
   </div>
   <div class='ocr_carea' id='block_1_90' title="bbox 2129 3034 3772 3116">
    <p class='ocr_par' dir='ltr' id='par_1_90' title="bbox 2129 3034 3772 3116">
     <span class='ocr_line' id='line_1_93' title="bbox 2129 3034 3772 3116; baseline 0.003 -24"><span class='ocrx_word' id='word_1_517' title='bbox 2129 3034 2208 3094; x_wconf 91' lang='lat' dir='ltr'><strong>de</strong></span> <span class='ocrx_word' id='word_1_518' title='bbox 2237 3035 2481 3095; x_wconf 88' lang='lat' dir='ltr'><strong>Latinis</strong></span> <span class='ocrx_word' id='word_1_519' title='bbox 2539 3037 2650 3095; x_wconf 90' lang='lat' dir='ltr'><strong>SS.</strong></span> <span class='ocrx_word' id='word_1_520' title='bbox 2710 3035 3057 3096; x_wconf 91' lang='lat' dir='ltr'><strong>Bibliorum</strong></span> <span class='ocrx_word' id='word_1_521' title='bbox 3117 3035 3593 3115; x_wconf 89' lang='lat' dir='ltr'><strong>interpretibus,</strong></span> <span class='ocrx_word' id='word_1_522' title='bbox 3646 3055 3772 3116; x_wconf 92' lang='lat' dir='ltr'><strong>quo</strong></span> 
     </span>
    </p>
   </div>
   <div class='ocr_carea' id='block_1_91' title="bbox 2129 3131 3777 3213">
    <p class='ocr_par' dir='ltr' id='par_1_91' title="bbox 2129 3131 3777 3213">
     <span class='ocr_line' id='line_1_94' title="bbox 2129 3131 3777 3213; baseline 0.001 -21"><span class='ocrx_word' id='word_1_523' title='bbox 2129 3131 2418 3192; x_wconf 90' lang='lat' dir='ltr'><strong>curiosus</strong></span> <span class='ocrx_word' id='word_1_524' title='bbox 2475 3132 2673 3193; x_wconf 91' lang='lat' dir='ltr'><strong>lector</strong></span> <span class='ocrx_word' id='word_1_525' title='bbox 2727 3151 2792 3192; x_wconf 91' lang='lat' dir='ltr'><strong>se</strong></span> <span class='ocrx_word' id='word_1_526' title='bbox 2847 3134 3178 3194; x_wconf 89' lang='lat' dir='ltr'><strong>amandari</strong></span> <span class='ocrx_word' id='word_1_527' title='bbox 3230 3135 3528 3213; x_wconf 88' lang='lat' dir='ltr'><strong>patietur.</strong></span> <span class='ocrx_word' id='word_1_528' title='bbox 3613 3135 3777 3194; x_wconf 90' lang='lat' dir='ltr'><strong>ludi-</strong></span> 
     </span>
    </p>
   </div>
   <div class='ocr_carea' id='block_1_92' title="bbox 2051 3221 3776 3308">
    <p class='ocr_par' dir='ltr' id='par_1_92' title="bbox 2051 3221 3776 3308">
     <span class='ocr_line' id='line_1_95' title="bbox 2051 3221 3776 3308; baseline 0.004 -22"><span class='ocrx_word' id='word_1_529' title='bbox 2051 3221 2093 3286; x_wconf 90' lang='lat' dir='ltr'>C</span> <span class='ocrx_word' id='word_1_530' title='bbox 2136 3248 2270 3290; x_wconf 90' lang='lat' dir='ltr'><strong>cem</strong></span> <span class='ocrx_word' id='word_1_531' title='bbox 2305 3229 2576 3308; x_wconf 90' lang='lat' dir='ltr'><strong>denique</strong></span> <span class='ocrx_word' id='word_1_532' title='bbox 2608 3229 2918 3290; x_wconf 80' lang='lat' dir='ltr'><strong>columnae</strong></span> <span class='ocrx_word' id='word_1_533' title='bbox 2949 3238 3191 3308; x_wconf 64' lang='lat' dir='ltr'><strong>quartae</strong></span> <span class='ocrx_word' id='word_1_534' title='bbox 3219 3250 3252 3292; x_wconf 89' lang='lat' dir='ltr'><strong>e</strong></span> <span class='ocrx_word' id='word_1_535' title='bbox 3283 3234 3513 3294; x_wconf 72' lang='lat' dir='ltr'><strong>Graecis</strong></span> <span class='ocrx_word' id='word_1_536' title='bbox 3562 3251 3776 3294; x_wconf 89' lang='lat' dir='ltr'><strong>exem-</strong></span> 
     </span>
    </p>
   </div>
   <div class='ocr_carea' id='block_1_93' title="bbox 2135 3326 3777 3406">
    <p class='ocr_par' dir='ltr' id='par_1_93' title="bbox 2135 3326 3777 3406">
     <span class='ocr_line' id='line_1_96' title="bbox 2135 3326 3777 3406; baseline 0.005 -21"><span class='ocrx_word' id='word_1_537' title='bbox 2135 3326 2423 3406; x_wconf 91' lang='lat' dir='ltr'><strong>plaribus</strong></span> <span class='ocrx_word' id='word_1_538' title='bbox 2452 3327 2842 3406; x_wconf 91' lang='lat' dir='ltr'><strong>deprompsit</strong></span> <span class='ocrx_word' id='word_1_539' title='bbox 2899 3334 3046 3388; x_wconf 90' lang='lat' dir='ltr'><strong>ante</strong></span> <span class='ocrx_word' id='word_1_540' title='bbox 3096 3347 3209 3389; x_wconf 91' lang='lat' dir='ltr'><strong>nos</strong></span> <span class='ocrx_word' id='word_1_541' title='bbox 3264 3330 3579 3391; x_wconf 90' lang='lat' dir='ltr'><strong>Robertus</strong></span> <span class='ocrx_word' id='word_1_542' title='bbox 3637 3334 3777 3394; x_wconf 89' lang='lat' dir='ltr'><strong>Ste-</strong></span> 
     </span>
    </p>
   </div>
   <div class='ocr_carea' id='block_1_94' title="bbox 2138 3423 3776 3503">
    <p class='ocr_par' dir='ltr' id='par_1_94' title="bbox 2138 3423 3776 3503">
     <span class='ocr_line' id='line_1_97' title="bbox 2138 3423 3776 3503; baseline 0.004 -20"><span class='ocrx_word' id='word_1_543' title='bbox 2138 3423 2407 3503; x_wconf 91' lang='lat' dir='ltr'><strong>phanus,</strong></span> <span class='ocrx_word' id='word_1_544' title='bbox 2441 3424 2504 3484; x_wconf 92' lang='lat' dir='ltr'><strong>in</strong></span> <span class='ocrx_word' id='word_1_545' title='bbox 2537 3443 2663 3503; x_wconf 89' lang='lat' dir='ltr'><strong>quo</strong></span> <span class='ocrx_word' id='word_1_546' title='bbox 2686 3425 2737 3484; x_wconf 90' lang='lat' dir='ltr'><strong>si</strong></span> <span class='ocrx_word' id='word_1_547' title='bbox 2767 3424 2919 3503; x_wconf 92' lang='lat' dir='ltr'><strong>quid</strong></span> <span class='ocrx_word' id='word_1_548' title='bbox 2977 3425 3373 3487; x_wconf 83' lang='lat' dir='ltr'><strong>difﬁcultatis</strong></span> <span class='ocrx_word' id='word_1_549' title='bbox 3430 3431 3776 3502; x_wconf 88' lang='lat' dir='ltr'><strong>emerserit,</strong></span> 
     </span>
    </p>
   </div>
   <div class='ocr_carea' id='block_1_95' title="bbox 2137 3522 3784 3589">
    <p class='ocr_par' dir='ltr' id='par_1_95' title="bbox 2137 3522 3784 3589">
     <span class='ocr_line' id='line_1_98' title="bbox 2137 3522 3784 3589; baseline 0.004 -6"><span class='ocrx_word' id='word_1_550' title='bbox 2137 3540 2460 3584; x_wconf 86' lang='lat' dir='ltr'><strong>recurrere</strong></span> <span class='ocrx_word' id='word_1_551' title='bbox 2517 3522 2708 3583; x_wconf 91' lang='lat' dir='ltr'><strong>debes</strong></span> <span class='ocrx_word' id='word_1_552' title='bbox 2759 3523 2839 3583; x_wconf 92' lang='lat' dir='ltr'><strong>ad</strong></span> <span class='ocrx_word' id='word_1_553' title='bbox 2899 3523 3237 3585; x_wconf 89' lang='lat' dir='ltr'><strong>editionem</strong></span> <span class='ocrx_word' id='word_1_554' title='bbox 3293 3525 3574 3588; x_wconf 53' lang='lat' dir='ltr'><strong>Graecam</strong></span> <span class='ocrx_word' id='word_1_555' title='bbox 3632 3527 3784 3589; x_wconf 91' lang='lat' dir='ltr'><strong>novi</strong></span> 
     </span>
    </p>
   </div>
   <div class='ocr_carea' id='block_1_96' title="bbox 2136 3620 3774 3703">
    <p class='ocr_par' dir='ltr' id='par_1_96' title="bbox 2136 3620 3774 3703">
     <span class='ocr_line' id='line_1_99' title="bbox 2136 3620 3774 3703; baseline 0.004 -23"><span class='ocrx_word' id='word_1_556' title='bbox 2136 3620 2542 3692; x_wconf 88' lang='lat' dir='ltr'><strong>Testamenti,</strong></span> <span class='ocrx_word' id='word_1_557' title='bbox 2606 3620 3089 3700; x_wconf 86' lang='lat' dir='ltr'><strong>elegantissimis</strong></span> <span class='ocrx_word' id='word_1_558' title='bbox 3174 3623 3342 3703; x_wconf 87' lang='lat' dir='ltr'><strong>typis</strong></span> <span class='ocrx_word' id='word_1_559' title='bbox 3401 3625 3479 3686; x_wconf 90' lang='lat' dir='ltr'><strong>ab</strong></span> <span class='ocrx_word' id='word_1_560' title='bbox 3555 3627 3774 3687; x_wconf 91' lang='lat' dir='ltr'><strong>eodem</strong></span> 
     </span>
    </p>
   </div>
   <div class='ocr_carea' id='block_1_97' title="bbox 2137 3717 2868 3797">
    <p class='ocr_par' dir='ltr' id='par_1_97' title="bbox 2137 3717 2868 3797">
     <span class='ocr_line' id='line_1_100' title="bbox 2137 3717 2868 3797; baseline 0 -19"><span class='ocrx_word' id='word_1_561' title='bbox 2137 3718 2441 3797; x_wconf 89' lang='lat' dir='ltr'><strong>scriptore</strong></span> <span class='ocrx_word' id='word_1_562' title='bbox 2473 3717 2868 3779; x_wconf 88' lang='lat' dir='ltr'><strong>adornatam.</strong></span> 
     </span>
    </p>
   </div>
   <div class='ocr_carea' id='block_1_98' title="bbox 2216 3817 3780 3904">
    <p class='ocr_par' dir='ltr' id='par_1_98' title="bbox 2216 3817 3780 3904">
     <span class='ocr_line' id='line_1_101' title="bbox 2216 3817 3780 3904; baseline 0.004 -25"><span class='ocrx_word' id='word_1_563' title='bbox 2216 3817 2518 3897; x_wconf 84' lang='lat' dir='ltr'><strong>Injuriam</strong></span> <span class='ocrx_word' id='word_1_564' title='bbox 2604 3818 2934 3878; x_wconf 90' lang='lat' dir='ltr'><strong>nobiscum</strong></span> <span class='ocrx_word' id='word_1_565' title='bbox 3020 3821 3422 3900; x_wconf 88' lang='lat' dir='ltr'><strong>expostulare</strong></span> <span class='ocrx_word' id='word_1_566' title='bbox 3522 3831 3780 3904; x_wconf 91' lang='lat' dir='ltr'><strong>possent</strong></span> 
     </span>
    </p>
   </div>
   <div class='ocr_carea' id='block_1_99' title="bbox 2137 3915 3781 3988">
    <p class='ocr_par' dir='ltr' id='par_1_99' title="bbox 2137 3915 3781 3988">
     <span class='ocr_line' id='line_1_102' title="bbox 2137 3915 3781 3988; baseline 0.006 -14"><span class='ocrx_word' id='word_1_567' title='bbox 2137 3915 2400 3976; x_wconf 90' lang='lat' dir='ltr'><strong>studiosi</strong></span> <span class='ocrx_word' id='word_1_568' title='bbox 2430 3917 2714 3988; x_wconf 89' lang='lat' dir='ltr'><strong>lectores,</strong></span> <span class='ocrx_word' id='word_1_569' title='bbox 2747 3915 2799 3975; x_wconf 91' lang='lat' dir='ltr'><strong>si</strong></span> <span class='ocrx_word' id='word_1_570' title='bbox 2861 3915 3320 3980; x_wconf 89' lang='lat' dir='ltr'><strong>dissimularem</strong></span> <span class='ocrx_word' id='word_1_571' title='bbox 3378 3921 3625 3984; x_wconf 90' lang='lat' dir='ltr'><strong>silentio</strong></span> <span class='ocrx_word' id='word_1_572' title='bbox 3684 3941 3781 3983; x_wconf 86' lang='lat' dir='ltr'><strong>er-</strong></span> 
     </span>
    </p>
   </div>
   <div class='ocr_carea' id='block_1_100' title="bbox 2139 4012 3781 4100">
    <p class='ocr_par' dir='ltr' id='par_1_100' title="bbox 2139 4012 3781 4100">
     <span class='ocr_line' id='line_1_103' title="bbox 2139 4012 3781 4100; baseline 0.005 -27"><span class='ocrx_word' id='word_1_573' title='bbox 2139 4031 2308 4074; x_wconf 83' lang='lat' dir='ltr'><strong>rores</strong></span> <span class='ocrx_word' id='word_1_574' title='bbox 2340 4013 2563 4092; x_wconf 86' lang='lat' dir='ltr'><strong>nuperi</strong></span> <span class='ocrx_word' id='word_1_575' title='bbox 2611 4012 2810 4072; x_wconf 91' lang='lat' dir='ltr'><strong>critici</strong></span> <span class='ocrx_word' id='word_1_576' title='bbox 2865 4014 3208 4093; x_wconf 88' lang='lat' dir='ltr'><strong>scriptoris,</strong></span> <span class='ocrx_word' id='word_1_577' title='bbox 3269 4019 3379 4097; x_wconf 91' lang='lat' dir='ltr'><strong>qui</strong></span> <span class='ocrx_word' id='word_1_578' title='bbox 3435 4039 3550 4100; x_wconf 88' lang='lat' dir='ltr'><strong>pro</strong></span> <span class='ocrx_word' id='word_1_579' title='bbox 3607 4039 3781 4082; x_wconf 87' lang='lat' dir='ltr'><strong>more</strong></span> 
     </span>
    </p>
   </div>
   <div class='ocr_carea' id='block_1_101' title="bbox 2140 4109 3780 4188">
    <p class='ocr_par' dir='ltr' id='par_1_101' title="bbox 2140 4109 3780 4188">
     <span class='ocr_line' id='line_1_104' title="bbox 2140 4109 3780 4188; baseline 0.007 -18"><span class='ocrx_word' id='word_1_580' title='bbox 2140 4111 2267 4170; x_wconf 88' lang='lat' dir='ltr'><strong>suis</strong></span> <span class='ocrx_word' id='word_1_581' title='bbox 2323 4109 2658 4188; x_wconf 90' lang='lat' dir='ltr'><strong>indulgens</strong></span> <span class='ocrx_word' id='word_1_582' title='bbox 2717 4109 3092 4187; x_wconf 75' lang='lat' dir='ltr'><strong>coniecturis</strong></span> <span class='ocrx_word' id='word_1_583' title='bbox 3152 4115 3350 4176; x_wconf 89' lang='lat' dir='ltr'><strong>multa</strong></span> <span class='ocrx_word' id='word_1_584' title='bbox 3408 4119 3629 4180; x_wconf 91' lang='lat' dir='ltr'><strong>statuit</strong></span> <span class='ocrx_word' id='word_1_585' title='bbox 3703 4120 3780 4180; x_wconf 90' lang='lat' dir='ltr'><strong>de</strong></span> 
     </span>
    </p>
   </div>
   <div class='ocr_carea' id='block_1_102' title="bbox 2140 4208 3780 4278">
    <p class='ocr_par' dir='ltr' id='par_1_102' title="bbox 2140 4208 3780 4278">
     <span class='ocr_line' id='line_1_105' title="bbox 2140 4208 3780 4278; baseline 0.006 -10"><span class='ocrx_word' id='word_1_586' title='bbox 2140 4226 2432 4268; x_wconf 89' lang='lat' dir='ltr'><strong>versuum</strong></span> <span class='ocrx_word' id='word_1_587' title='bbox 2492 4208 2872 4269; x_wconf 90' lang='lat' dir='ltr'><strong>Biblicorum</strong></span> <span class='ocrx_word' id='word_1_588' title='bbox 2941 4210 3450 4275; x_wconf 88' lang='lat' dir='ltr'><strong>distinctionibus</strong></span> <span class='ocrx_word' id='word_1_589' title='bbox 3531 4235 3604 4277; x_wconf 92' lang='lat' dir='ltr'><strong>ac</strong></span> <span class='ocrx_word' id='word_1_590' title='bbox 3661 4237 3780 4278; x_wconf 89' lang='lat' dir='ltr'><strong>nu-</strong></span> 
     </span>
    </p>
   </div>
   <div class='ocr_carea' id='block_1_103' title="bbox 2143 4307 3780 4395">
    <p class='ocr_par' dir='ltr' id='par_1_103' title="bbox 2143 4307 3780 4395">
     <span class='ocr_line' id='line_1_106' title="bbox 2143 4307 3780 4395; baseline 0.005 -27"><span class='ocrx_word' id='word_1_591' title='bbox 2143 4326 2339 4379; x_wconf 88' lang='lat' dir='ltr'><strong>mero,</strong></span> <span class='ocrx_word' id='word_1_592' title='bbox 2400 4307 2463 4366; x_wconf 93' lang='lat' dir='ltr'><strong>in</strong></span> <span class='ocrx_word' id='word_1_593' title='bbox 2523 4307 2752 4383; x_wconf 90' lang='lat' dir='ltr'><strong>quibus</strong></span> <span class='ocrx_word' id='word_1_594' title='bbox 2808 4309 2984 4369; x_wconf 90' lang='lat' dir='ltr'><strong>nulla</strong></span> <span class='ocrx_word' id='word_1_595' title='bbox 3039 4317 3132 4370; x_wconf 90' lang='lat' dir='ltr'><strong>est</strong></span> <span class='ocrx_word' id='word_1_596' title='bbox 3198 4313 3469 4375; x_wconf 89' lang='lat' dir='ltr'><strong>veritas:</strong></span> <span class='ocrx_word' id='word_1_597' title='bbox 3503 4316 3780 4395; x_wconf 87' lang='lat' dir='ltr'><strong>dumque</strong></span> 
     </span>
    </p>
   </div>
   <div class='ocr_carea' id='block_1_104' title="bbox 2141 4405 3779 4485">
    <p class='ocr_par' dir='ltr' id='par_1_104' title="bbox 2141 4405 3779 4485">
     <span class='ocr_line' id='line_1_107' title="bbox 2141 4405 3779 4485; baseline 0.005 -19"><span class='ocrx_word' id='word_1_598' title='bbox 2141 4406 2348 4466; x_wconf 91' lang='lat' dir='ltr'><strong>aliena</strong></span> <span class='ocrx_word' id='word_1_599' title='bbox 2378 4405 2608 4484; x_wconf 59' lang='lat' dir='ltr'><strong>saepius</strong></span> <span class='ocrx_word' id='word_1_600' title='bbox 2655 4405 2875 4466; x_wconf 88' lang='lat' dir='ltr'><strong>nititur</strong></span> <span class='ocrx_word' id='word_1_601' title='bbox 2929 4409 3265 4470; x_wconf 89' lang='lat' dir='ltr'><strong>emendare</strong></span> <span class='ocrx_word' id='word_1_602' title='bbox 3323 4413 3493 4485; x_wconf 86' lang='lat' dir='ltr'><strong>vitia,</strong></span> <span class='ocrx_word' id='word_1_603' title='bbox 3569 4422 3779 4476; x_wconf 89' lang='lat' dir='ltr'><strong>osten-</strong></span> 
     </span>
    </p>
   </div>
   <div class='ocr_carea' id='block_1_105' title="bbox 2143 4503 3782 4572">
    <p class='ocr_par' dir='ltr' id='par_1_105' title="bbox 2143 4503 3782 4572">
     <span class='ocr_line' id='line_1_108' title="bbox 2143 4503 3782 4572; baseline 0.006 -9"><span class='ocrx_word' id='word_1_604' title='bbox 2143 4504 2235 4563; x_wconf 89' lang='lat' dir='ltr'><strong>dit</strong></span> <span class='ocrx_word' id='word_1_605' title='bbox 2290 4522 2423 4562; x_wconf 87' lang='lat' dir='ltr'><strong>sua.</strong></span> <span class='ocrx_word' id='word_1_606' title='bbox 2477 4503 2729 4563; x_wconf 89' lang='lat' dir='ltr'><strong>Putavit</strong></span> <span class='ocrx_word' id='word_1_607' title='bbox 2786 4504 2881 4562; x_wconf 91' lang='lat' dir='ltr'><strong>vir</strong></span> <span class='ocrx_word' id='word_1_608' title='bbox 2930 4504 3143 4564; x_wconf 58' lang='lat' dir='ltr'><strong>multa;</strong></span> <span class='ocrx_word' id='word_1_609' title='bbox 3202 4506 3490 4569; x_wconf 86' lang='lat' dir='ltr'><strong>lectionis</strong></span> <span class='ocrx_word' id='word_1_610' title='bbox 3540 4519 3782 4572; x_wconf 87' lang='lat' dir='ltr'><strong>veteres</strong></span> 
     </span>
    </p>
   </div>
   <div class='ocr_carea' id='block_1_106' title="bbox 2140 4603 3783 4688">
    <p class='ocr_par' dir='ltr' id='par_1_106' title="bbox 2140 4603 3783 4688">
     <span class='ocr_line' id='line_1_109' title="bbox 2140 4603 3783 4688; baseline 0.005 -25"><span class='ocrx_word' id='word_1_611' title='bbox 2140 4604 2474 4682; x_wconf 88' lang='lat' dir='ltr'><strong>scriptores</strong></span> <span class='ocrx_word' id='word_1_612' title='bbox 2530 4621 2744 4660; x_wconf 74' lang='lat' dir='ltr'><strong>versus</strong></span> <span class='ocrx_word' id='word_1_613' title='bbox 2800 4603 3154 4680; x_wconf 87' lang='lat' dir='ltr'><strong>appellasse</strong></span> <span class='ocrx_word' id='word_1_614' title='bbox 3224 4624 3635 4688; x_wconf 88' lang='lat' dir='ltr'><strong>quascunque</strong></span> <span class='ocrx_word' id='word_1_615' title='bbox 3695 4613 3783 4672; x_wconf 92' lang='lat' dir='ltr'><strong>di-</strong></span> 
     </span>
    </p>
   </div>
   <div class='ocr_carea' id='block_1_107' title="bbox 2141 4700 3782 4785">
    <p class='ocr_par' dir='ltr' id='par_1_107' title="bbox 2141 4700 3782 4785">
     <span class='ocr_line' id='line_1_110' title="bbox 2141 4700 3782 4785; baseline 0.006 -25"><span class='ocrx_word' id='word_1_616' title='bbox 2141 4702 2503 4762; x_wconf 90' lang='lat' dir='ltr'><strong>stinctiones</strong></span> <span class='ocrx_word' id='word_1_617' title='bbox 2535 4706 2865 4760; x_wconf 88' lang='lat' dir='ltr'><strong>contextus</strong></span> <span class='ocrx_word' id='word_1_618' title='bbox 2897 4700 3226 4778; x_wconf 89' lang='lat' dir='ltr'><strong>librorum,</strong></span> <span class='ocrx_word' id='word_1_619' title='bbox 3261 4725 3419 4785; x_wconf 89' lang='lat' dir='ltr'><strong>quas</strong></span> <span class='ocrx_word' id='word_1_620' title='bbox 3465 4727 3577 4770; x_wconf 90' lang='lat' dir='ltr'><strong>nos</strong></span> <span class='ocrx_word' id='word_1_621' title='bbox 3639 4712 3782 4773; x_wconf 85' lang='lat' dir='ltr'><strong>Gal-</strong></span> 
     </span>
    </p>
   </div>
   <div class='ocr_carea' id='block_1_108' title="bbox 2140 4799 3779 4880">
    <p class='ocr_par' dir='ltr' id='par_1_108' title="bbox 2140 4799 3779 4880">
     <span class='ocr_line' id='line_1_111' title="bbox 2140 4799 3779 4880; baseline 0.005 -21"><span class='ocrx_word' id='word_1_622' title='bbox 2140 4799 2261 4859; x_wconf 91' lang='lat' dir='ltr'><strong>lico</strong></span> <span class='ocrx_word' id='word_1_623' title='bbox 2310 4816 2598 4858; x_wconf 89' lang='lat' dir='ltr'><strong>sermone</strong></span> <span class='ocrx_word' id='word_1_624' title='bbox 2656 4817 2954 4859; x_wconf 89' lang='lat' dir='ltr'><strong>vocamus</strong></span> <span class='ocrx_word' id='word_1_625' title='bbox 3010 4800 3264 4880; x_wconf 76' lang='lat' dir='ltr'><strong>lignes;</strong></span> <span class='ocrx_word' id='word_1_626' title='bbox 3323 4807 3523 4866; x_wconf 75' lang='lat' dir='ltr'><strong>Graeci</strong></span> <span class='ocrx_word' id='word_1_627' title='bbox 3570 4816 3779 4868; x_wconf 88' lang='lat' dir='ltr'><strong>autem</strong></span> 
     </span>
    </p>
   </div>
   <div class='ocr_carea' id='block_1_109' title="bbox 2143 4891 3784 4969">
    <p class='ocr_par' dir='ltr' id='par_1_109' title="bbox 2143 4891 3784 4969">
     <span class='ocr_line' id='line_1_112' title="bbox 2143 4891 3784 4969; baseline 0.007 -17"><span class='ocrx_word' id='word_1_628' title='bbox 2143 4891 2390 4969; x_wconf 77' lang='grc' dir='ltr'><strong>στίχους.</strong></span> <span class='ocrx_word' id='word_1_629' title='bbox 2438 4895 2666 4956; x_wconf 87' lang='lat' dir='ltr'><strong>Lineas</strong></span> <span class='ocrx_word' id='word_1_630' title='bbox 2722 4913 2870 4956; x_wconf 88' lang='lat' dir='ltr'><strong>vero</strong></span> <span class='ocrx_word' id='word_1_631' title='bbox 2928 4899 3382 4962; x_wconf 88' lang='lat' dir='ltr'><strong>vocabulorum</strong></span> <span class='ocrx_word' id='word_1_632' title='bbox 3439 4911 3610 4966; x_wconf 91' lang='lat' dir='ltr'><strong>certo</strong></span> <span class='ocrx_word' id='word_1_633' title='bbox 3668 4925 3784 4964; x_wconf 79' lang='lat' dir='ltr'><strong>nu-</strong></span> 
     </span>
    </p>
   </div>
   <div class='ocr_carea' id='block_1_110' title="bbox 2145 4992 3780 5073">
    <p class='ocr_par' dir='ltr' id='par_1_110' title="bbox 2145 4992 3780 5073">
     <span class='ocr_line' id='line_1_113' title="bbox 2145 4992 3780 5073; baseline 0.007 -22"><span class='ocrx_word' id='word_1_634' title='bbox 2145 5012 2308 5052; x_wconf 77' lang='lat' dir='ltr'><strong>mero</strong></span> <span class='ocrx_word' id='word_1_635' title='bbox 2369 4992 2557 5052; x_wconf 83' lang='lat' dir='ltr'><strong>fuisse</strong></span> <span class='ocrx_word' id='word_1_636' title='bbox 2597 4993 3034 5073; x_wconf 72' lang='lat' dir='ltr'><strong>praeﬁnitas;</strong></span> <span class='ocrx_word' id='word_1_637' title='bbox 3087 4995 3177 5057; x_wconf 86' lang='lat' dir='ltr'><strong>ita</strong></span> <span class='ocrx_word' id='word_1_638' title='bbox 3232 5005 3299 5059; x_wconf 87' lang='lat' dir='ltr'><strong>ut</strong></span> <span class='ocrx_word' id='word_1_639' title='bbox 3357 5018 3433 5060; x_wconf 88' lang='lat' dir='ltr'><strong>ex</strong></span> <span class='ocrx_word' id='word_1_640' title='bbox 3519 5020 3780 5063; x_wconf 85' lang='lat' dir='ltr'><strong>numero</strong></span> 
     </span>
    </p>
   </div>
   <div class='ocr_carea' id='block_1_111' title="bbox 2145 5090 3785 5169">
    <p class='ocr_par' dir='ltr' id='par_1_111' title="bbox 2145 5090 3785 5169">
     <span class='ocr_line' id='line_1_114' title="bbox 2145 5090 3785 5169; baseline 0.006 -21"><span class='ocrx_word' id='word_1_641' title='bbox 2145 5109 2435 5152; x_wconf 90' lang='lat' dir='ltr'><strong>versuum</strong></span> <span class='ocrx_word' id='word_1_642' title='bbox 2498 5090 2560 5150; x_wconf 93' lang='lat' dir='ltr'><strong>in</strong></span> <span class='ocrx_word' id='word_1_643' title='bbox 2612 5090 2734 5150; x_wconf 85' lang='lat' dir='ltr'><strong>ﬁne</strong></span> <span class='ocrx_word' id='word_1_644' title='bbox 2812 5090 3109 5152; x_wconf 90' lang='lat' dir='ltr'><strong>librorum</strong></span> <span class='ocrx_word' id='word_1_645' title='bbox 3197 5096 3528 5169; x_wconf 90' lang='lat' dir='ltr'><strong>adnotato,</strong></span> <span class='ocrx_word' id='word_1_646' title='bbox 3603 5098 3785 5159; x_wconf 87' lang='lat' dir='ltr'><strong>facile</strong></span> 
     </span>
    </p>
   </div>
   <div class='ocr_carea' id='block_1_112' title="bbox 2145 5188 3790 5274">
    <p class='ocr_par' dir='ltr' id='par_1_112' title="bbox 2145 5188 3790 5274">
     <span class='ocr_line' id='line_1_115' title="bbox 2145 5188 3790 5274; baseline 0.005 -27"><span class='ocrx_word' id='word_1_647' title='bbox 2145 5189 2410 5248; x_wconf 88' lang='lat' dir='ltr'><strong>sciretur</strong></span> <span class='ocrx_word' id='word_1_648' title='bbox 2476 5193 2625 5267; x_wconf 83' lang='lat' dir='ltr'><strong>quot</strong></span> <span class='ocrx_word' id='word_1_649' title='bbox 2697 5192 2901 5246; x_wconf 75' lang='lat' dir='ltr'><strong>essent</strong></span> <span class='ocrx_word' id='word_1_650' title='bbox 2981 5188 3290 5252; x_wconf 75' lang='lat' dir='ltr'><strong>dictiones</strong></span> <span class='ocrx_word' id='word_1_651' title='bbox 3373 5195 3434 5255; x_wconf 94' lang='lat' dir='ltr'><strong>in</strong></span> <span class='ocrx_word' id='word_1_652' title='bbox 3526 5195 3790 5274; x_wconf 85' lang='lat' dir='ltr'><strong>singulis</strong></span> 
     </span>
    </p>
   </div>
   <div class='ocr_carea' id='block_1_113' title="bbox 2147 5285 3784 5371">
    <p class='ocr_par' dir='ltr' id='par_1_113' title="bbox 2147 5285 3784 5371">
     <span class='ocr_line' id='line_1_116' title="bbox 2147 5285 3784 5371; baseline 0.007 -27"><span class='ocrx_word' id='word_1_653' title='bbox 2147 5285 2342 5346; x_wconf 88' lang='lat' dir='ltr'><strong>libris.</strong></span> <span class='ocrx_word' id='word_1_654' title='bbox 2404 5285 2685 5364; x_wconf 88' lang='lat' dir='ltr'><strong>Denique</strong></span> <span class='ocrx_word' id='word_1_655' title='bbox 2739 5285 3161 5362; x_wconf 84' lang='lat' dir='ltr'><strong>Augustinum</strong></span> <span class='ocrx_word' id='word_1_656' title='bbox 3237 5292 3596 5371; x_wconf 86' lang='lat' dir='ltr'><strong>frequenter</strong></span> <span class='ocrx_word' id='word_1_657' title='bbox 3653 5312 3784 5354; x_wconf 90' lang='lat' dir='ltr'><strong>me-</strong></span> 
     </span>
    </p>
   </div>
   <div class='ocr_carea' id='block_1_114' title="bbox 2150 5381 3789 5462">
    <p class='ocr_par' dir='ltr' id='par_1_114' title="bbox 2150 5381 3789 5462">
     <span class='ocr_line' id='line_1_117' title="bbox 2150 5381 3789 5462; baseline 0.006 -20"><span class='ocrx_word' id='word_1_658' title='bbox 2150 5382 2401 5442; x_wconf 90' lang='lat' dir='ltr'><strong>minisse</strong></span> <span class='ocrx_word' id='word_1_659' title='bbox 2457 5381 2520 5440; x_wconf 93' lang='lat' dir='ltr'><strong>in</strong></span> <span class='ocrx_word' id='word_1_660' title='bbox 2581 5381 2850 5458; x_wconf 88' lang='lat' dir='ltr'><strong>Speculo</strong></span> <span class='ocrx_word' id='word_1_661' title='bbox 2908 5381 3274 5461; x_wconf 90' lang='lat' dir='ltr'><strong>hujusmodi</strong></span> <span class='ocrx_word' id='word_1_662' title='bbox 3357 5410 3671 5462; x_wconf 77' lang='lat' dir='ltr'><strong>versuum,</strong></span> <span class='ocrx_word' id='word_1_663' title='bbox 3723 5397 3789 5452; x_wconf 91' lang='lat' dir='ltr'><strong>et</strong></span> 
     </span>
    </p>
   </div>
   <div class='ocr_carea' id='block_1_115' title="bbox 2147 5479 3786 5568">
    <p class='ocr_par' dir='ltr' id='par_1_115' title="bbox 2147 5479 3786 5568">
     <span class='ocr_line' id='line_1_118' title="bbox 2147 5479 3786 5568; baseline 0.005 -26"><span class='ocrx_word' id='word_1_664' title='bbox 2147 5501 2223 5542; x_wconf 87' lang='lat' dir='ltr'><strong>ex</strong></span> <span class='ocrx_word' id='word_1_665' title='bbox 2285 5479 2602 5540; x_wconf 88' lang='lat' dir='ltr'><strong>nonnullis</strong></span> <span class='ocrx_word' id='word_1_666' title='bbox 2678 5479 2757 5539; x_wconf 90' lang='lat' dir='ltr'><strong>ab</strong></span> <span class='ocrx_word' id='word_1_667' title='bbox 2815 5496 2887 5540; x_wconf 89' lang='lat' dir='ltr'><strong>eo</strong></span> <span class='ocrx_word' id='word_1_668' title='bbox 2972 5483 3248 5546; x_wconf 91' lang='lat' dir='ltr'><strong>recitatis</strong></span> <span class='ocrx_word' id='word_1_669' title='bbox 3330 5489 3544 5568; x_wconf 89' lang='lat' dir='ltr'><strong>colligi</strong></span> <span class='ocrx_word' id='word_1_670' title='bbox 3601 5507 3786 5568; x_wconf 88' lang='lat' dir='ltr'><strong>posse</strong></span> 
     </span>
    </p>
   </div>
   <div class='ocr_carea' id='block_1_116' title="bbox 2149 5585 3788 5656">
    <p class='ocr_par' dir='ltr' id='par_1_116' title="bbox 2149 5585 3788 5656">
     <span class='ocr_line' id='line_1_119' title="bbox 2149 5585 3788 5656; baseline 0.005 -19"><span class='ocrx_word' id='word_1_671' title='bbox 2149 5597 2637 5656; x_wconf 70' lang='lat' dir='ltr'><strong>unumquemque</strong></span> <span class='ocrx_word' id='word_1_672' title='bbox 2696 5597 2936 5638; x_wconf 80' lang='lat' dir='ltr'><strong>versum</strong></span> <span class='ocrx_word' id='word_1_673' title='bbox 3012 5601 3119 5640; x_wconf 80' lang='lat' dir='ltr'><strong>sex</strong></span> <span class='ocrx_word' id='word_1_674' title='bbox 3192 5588 3430 5645; x_wconf 77' lang='lat' dir='ltr'><strong>tantum</strong></span> <span class='ocrx_word' id='word_1_675' title='bbox 3489 5585 3788 5647; x_wconf 75' lang='lat' dir='ltr'><strong>habuisse</strong></span> 
     </span>
    </p>
   </div>
   <div class='ocr_carea' id='block_1_117' title="bbox 2147 5674 3783 5763">
    <p class='ocr_par' dir='ltr' id='par_1_117' title="bbox 2147 5674 3783 5763">
     <span class='ocr_line' id='line_1_120' title="bbox 2147 5674 3783 5763; baseline 0.005 -28"><span class='ocrx_word' id='word_1_676' title='bbox 2147 5674 2477 5735; x_wconf 76' lang='lat' dir='ltr'><strong>dictiones.</strong></span> <span class='ocrx_word' id='word_1_677' title='bbox 2510 5676 2604 5735; x_wconf 89' lang='lat' dir='ltr'><strong>lta</strong></span> <span class='ocrx_word' id='word_1_678' title='bbox 2632 5675 2847 5736; x_wconf 87' lang='lat' dir='ltr'><strong>docuit</strong></span> <span class='ocrx_word' id='word_1_679' title='bbox 2875 5677 3128 5738; x_wconf 87' lang='lat' dir='ltr'><strong>criticus</strong></span> <span class='ocrx_word' id='word_1_680' title='bbox 3155 5687 3397 5758; x_wconf 87' lang='lat' dir='ltr'><strong>auctor,</strong></span> <span class='ocrx_word' id='word_1_681' title='bbox 3431 5684 3541 5763; x_wconf 90' lang='lat' dir='ltr'><strong>qui</strong></span> <span class='ocrx_word' id='word_1_682' title='bbox 3569 5701 3783 5746; x_wconf 88' lang='lat' dir='ltr'><strong>secum</strong></span> 
     </span>
    </p>
   </div>
  </div>
