4060 6190
291 381 417 444 153

1704 383 2314 446 PROLEGOMENA.

3597 379 3713 442 154

295 521 585 577 exortam
671 515 1022 576 divinarum
1110 517 1577 595 Scripturarum
1663 517 1950 597 peritiam
1983 522 2319 586 Anumero
2378 539 2664 579 versuum
2710 517 3058 580 innotuisse
3141 515 3482 578 lectoribus
3564 521 3716 595 quot

298 613 471 692 apud
502 613 848 674 catholicos
878 614 994 674 sibi
1025 615 1401 692 gratulatur,
1447 634 1520 676 ac
1577 635 1785 676 secum
1846 617 1954 676 ali-

299 712 556 790 quando
615 730 872 789 prorsus
937 712 1458 790 exstinguendam
1547 715 1949 793 pertimescit.

297 809 420 869 Sed
468 809 814 868 vanitatem
875 809 1062 886 hujus
1119 810 1434 888 opinionis
1499 814 1831 872 ostendere
1887 813 1949 871 in

298 911 601 985 promptu
660 906 843 966 nobis
901 913 993 966 est
1049 925 1124 967 ex
1185 927 1308 968 uno
1363 908 1526 968 Ruth
1609 910 1946 980 volumine,

299 1003 474 1081 quod
526 1022 758 1082 magna
815 1005 1176 1064 curiositate
1232 1012 1438 1067 totum
1498 1008 1828 1085 perlegens
1887 1009 1950 1066 in

297 1100 592 1180 plurimis
621 1120 766 1161 mss.
809 1103 1153 1174 codicibus,
1215 1106 1539 1165 numeravi
1599 1106 1818 1181 lineas,
1890 1112 1953 1164 et

295 1199 580 1276 singulas
635 1199 960 1269 dictiones,
1018 1207 1085 1260 ut
1133 1201 1444 1279 judicium
1504 1202 1799 1264 haberem
1871 1204 1948 1264 de

294 1294 475 1354 falsis
529 1295 1073 1357 observationibus
1142 1299 1256 1357 viri
1339 1300 1706 1378 supradicti.
1791 1302 1947 1360 Eam

294 1410 447 1451 vero
475 1411 608 1452 rem
664 1395 1038 1472 expendere,
1099 1403 1160 1457 et
1216 1397 1523 1457 dictiones
1578 1415 1948 1457 enumerare

293 1489 468 1549 volui
498 1490 561 1549 in
594 1491 754 1551 libro
788 1494 976 1565 Ruth,
1013 1495 1182 1574 quod
1211 1495 1344 1573 ipse
1376 1495 1684 1556 brevitate
1714 1514 1828 1555 sua
1868 1496 1949 1554 sit

291 1588 837 1648 accommodatior
890 1596 1103 1652 nostro
1160 1592 1449 1666 consilio,
1528 1592 1947 1671 eumdcmque

291 1684 534 1746 habeat
561 1707 896 1748 numerum
955 1709 1244 1750 versuum
1297 1691 1360 1750 in
1419 1692 1738 1752 codicibus
1798 1711 1944 1751 mss.

292 1783 734 1844 vetustissimis
765 1786 1138 1847 adnotatum
1173 1790 1252 1848 ad
1287 1788 1496 1849 ﬁnem.
1533 1789 1721 1849 Liber
1781 1789 1947 1849 Ruth

2061 623 2264 675 essent
2319 617 2625 677 dictiones
2685 617 2750 676 in
2808 615 3094 696 singulis
3150 614 3362 674 libris.
3425 614 3714 691 Quinque

2062 715 2502 794 antiquissima
2534 721 2942 776 monumenta
3002 735 3039 774 a
3095 714 3276 773 nobis
3331 715 3544 790 citata,
3599 730 3712 772 nec

2063 831 2244 890 pares
2302 814 2537 874 habent
2599 814 2814 881 lineas,
2851 831 2964 872 nec
2996 811 3305 890 aqualem
3361 810 3710 870 dictionum

2062 929 2396 971 numerum
2457 912 2521 970 in
2551 911 2750 980 lineis,
2787 927 2900 969 nec
2930 909 3175 968 similen
3233 908 3297 967 in
3355 913 3490 967 toto
3547 907 3708 967 libro

2060 1007 2368 1068 linearum
2394 1027 2725 1069 numerum
2762 1025 2775 1066 :
2813 1007 2926 1068 etsi
2958 1024 3072 1084 pro
3101 1006 3262 1065 libro
3293 1004 3466 1066 Ruth
3489 1022 3708 1082 aqua-

2061 1105 2135 1165 lis
2165 1105 2227 1165 in
2260 1107 2350 1166 eis
2380 1108 2722 1167 adnotatas
2747 1106 2826 1165 sit
2856 1123 3144 1164 versuum
3167 1122 3461 1162 numerus
3490 1102 3553 1160 in
3584 1102 3710 1163 ﬁne

2059 1203 2339 1281 ejusdem
2377 1204 2736 1276 voluminis,
2768 1221 2995 1281 nempe
3019 1219 3234 1261 versus
3257 1201 3396 1260 250.
3421 1200 3709 1260 Proferat

2058 1300 2121 1359 in
2153 1301 2429 1361 medium
2463 1303 2713 1362 criticus
2743 1306 2974 1372 noster,
3029 1299 3080 1358 si
3137 1305 3347 1358 tamen
3406 1295 3702 1374 potuerit,

2057 1401 2547 1462 vetustissimum
2634 1399 2894 1480 aliquod
2979 1397 3305 1476 exemplar
3334 1395 3703 1467 Bibliorum,

2055 1499 2120 1558 in
2177 1517 2302 1576 quo
2359 1499 2621 1577 aqualis
2652 1498 2732 1558 sit
2759 1514 3064 1557 numerus
3117 1511 3410 1554 versuum
3445 1493 3708 1552 adnota-

2059 1603 2158 1656 tus
2211 1597 2276 1655 in
2333 1597 2481 1668 fine,
2518 1615 2660 1656 cum
2693 1613 2955 1654 numero
2987 1593 3322 1661 linearum,
3371 1588 3600 1668 quibus
3627 1587 3704 1647 il-

2057 1692 2164 1753 lud
2221 1694 2543 1773 exemplar
2595 1693 2978 1772 descriptum
3037 1697 3152 1751 est.
3211 1686 3514 1749 Ostendat
3588 1685 3704 1745 ite-

2059 1810 2195 1852 rum
2228 1792 2508 1870 singulas
2555 1792 2752 1851 lineas
2808 1792 2869 1851 in
2908 1789 3016 1849 ille
3064 1784 3412 1864 exemplari
3471 1782 3706 1843 habere

293 1881 356 1940 in
389 1900 511 1942 ms.
550 1883 744 1961 Regio
772 1885 1119 1946 Bibliorum
1153 1905 1474 1947 sacrorum
1526 1887 1740 1947 codice
1769 1907 1944 1947 num.
1981 1894 2025 1958 B
2057 1908 2163 1949 sex
2221 1897 2466 1951 tantum
2527 1890 2852 1960 dictiones,
2915 1894 2978 1948 et
3033 1905 3109 1947 ex
3194 1904 3268 1945 eo
3355 1881 3700 1942 dictionum

292 1980 479 2051 3563,
543 1980 892 2060 descriptus
947 1983 1008 2042 in
1069 1983 1314 2044 duabus
1367 1985 1678 2045 columnis
1739 1986 1942 2045 minu-

289 2076 455 2138 tiore
515 2096 706 2138 manu
764 2080 892 2139 sive
947 2089 1289 2154 caractere,
1322 2082 1514 2143 habet
1569 2082 1766 2143 lineas
1797 2084 1942 2154 .335;

287 2174 562 2252 singula
621 2176 933 2238 columna
989 2180 1495 2257 complectuntur
1549 2180 1748 2240 lineas
1818 2185 1940 2253 42;

286 2269 478 2332 linea
534 2292 684 2334 vero
741 2281 866 2335 tres
933 2277 1251 2338 interdum
1311 2278 1548 2340 habent
1616 2279 1942 2351 dictiones,

287 2370 618 2431 nonnulla
704 2379 978 2451 quatuor
1059 2375 1336 2454 integras
1416 2395 1556 2437 cum
1617 2377 1946 2438 dimidiata

285 2467 592 2541 dictione,
681 2471 1026 2549 aliquando
1112 2475 1413 2552 quinque,
1501 2475 1597 2534 vel
1655 2494 1785 2548 sex,
1846 2475 1942 2536 vel

282 2574 556 2645 septem.
622 2568 1020 2630 Colbertinus
1081 2589 1194 2631 ms.
1281 2591 1457 2632 num.
1521 2576 1632 2634 157
1710 2574 1939 2635 librum

282 2666 465 2727 Ruth
546 2667 863 2746 integrum
921 2671 1220 2731 describit
1276 2673 1393 2731 216
1450 2672 1654 2733 lineis.
1688 2675 1754 2734 In
1814 2675 1942 2734 col-

281 2763 522 2824 lnmnis
598 2765 734 2845 ejus
817 2767 996 2828 linea
1079 2771 1157 2829 43
1239 2778 1674 2831 numerantur.
1734 2773 1938 2833 Linea

280 2864 318 2921 5
379 2861 621 2922 habent
677 2864 1002 2939 dictiones,
1063 2872 1173 2926 aut
1227 2871 1284 2939 6,
1347 2874 1458 2928 aut
1510 2872 1568 2941 '7,
1631 2887 1770 2929 cum
1822 2870 1938 2930 ali-

283 2965 443 3036 quot
497 2959 779 3038 syllabis,
840 2962 939 3022 vel
993 2964 1181 3023 etiam
1241 2966 1299 3023 8.
1377 2965 1552 3026 Alter
1633 2966 1937 3026 Colberti-

281 3073 402 3114 nus
434 3075 611 3116 num.
645 3061 724 3118 74
752 3065 954 3119 totum
1009 3061 1240 3121 librum
1299 3063 1467 3122 Ruth
1525 3063 1790 3124 absolvit
1820 3065 1938 3124 363

284 3150 491 3212 lineis.
582 3155 904 3216 Columna
990 3157 1227 3219 habent
1282 3161 1360 3219 3O
1417 3160 1615 3221 lineas

2057 2007 2318 2048 numero
2397 1987 2490 2048 ita
2569 1985 3062 2064 circumscripto,
3148 1980 3359 2043 statim
3445 1977 3704 2056 agnosci

2057 2094 2211 2164 quot
2266 2087 2392 2148 sint
2447 2087 2751 2148 dictiones
2805 2087 2868 2145 in
2924 2083 3035 2144 tali
3096 2082 3194 2142 vel
3225 2081 3338 2141 tali
3394 2080 3576 2140 libro.
3636 2078 3703 2140 Si

2057 2183 2176 2244 hoc
2234 2184 2464 2258 fecerit,
2538 2185 2657 2244 erit
2705 2181 2884 2243 nobis
2972 2196 3236 2257 magnus
3312 2177 3558 2256 Apollo,
3643 2181 3708 2236 et

2054 2301 2172 2359 ego
2229 2281 2586 2343 criticorum
2619 2281 2945 2341 abortivus
2974 2279 3290 2357 proferam
3322 2275 3387 2335 in
3421 2273 3696 2334 medium

2053 2385 2350 2440 sexcenta
2380 2379 2725 2452 volumina,
2777 2396 2918 2456 qua
2976 2376 3167 2436 ﬁdem
3199 2373 3539 2433 excludant
3563 2388 3705 2431 eru-

2053 2476 2166 2536 diti
2195 2477 2386 2555 hujus
2415 2478 2553 2538 viri.

2133 2576 2232 2635 ιν.
2264 2576 2332 2635 In
2366 2575 2486 2636 hoc
2533 2574 2828 2654 prasenti
2885 2571 3152 2633 articulo
3208 2569 3482 2629 breviter
3536 2585 3704 2647 qua-

2050 2671 2246 2732 rimus
2301 2692 2379 2733 an
2412 2674 2536 2733 sint
2568 2680 2768 2733 metra
2819 2672 2880 2732 in
2933 2667 3275 2748 Scripturis
3349 2668 3561 2740 sacris,
3623 2685 3698 2728 ac

2048 2771 2366 2850 pracipue
2446 2771 2510 2830 in
2565 2770 2832 2832 Psalmis
2893 2767 3140 2828 Davidis
3193 2765 3699 2826 ?Famosissima

2049 2870 2300 2950 quidem
2361 2871 2647 2949 quastio,
2707 2869 2817 2929 sed
2872 2866 3042 2946 apud
3103 2883 3208 2925 eos
3239 2863 3551 2923 duntaxat
3585 2863 3696 2941 qui

2049 2968 2235 3027 rudes
2292 2974 2440 3028 sunt
2492 2969 2555 3027 in
2613 2967 2827 3045 lingua
2885 2971 3125 3033 sancta,
3194 2978 3307 3021 nec
3378 2960 3694 3020 solvenda

2047 3065 2194 3125 huic
2247 3065 2604 3126 difficultati
2632 3085 2710 3126 ex
2766 3083 2830 3124 se
2862 3080 3044 3142 pares
3071 3060 3502 3121 inveniuntur.
3534 3059 3692 3118 Nam

1678 3179 1692 3234 ;
1754 3163 1935 3222 linea
2044 3162 2210 3225 inter
2263 3165 2575 3226 doctiores
2630 3171 2692 3224 et
2748 3162 3123 3223 exercitatos
3176 3158 3240 3217 in
3271 3156 3472 3219 Libris
3503 3155 3697 3216 sacris

282 3250 612 3312 continent
641 3271 809 3314 nunc
865 3255 1020 3315 duas
1051 3256 1356 3317 dictiones
1386 3264 1496 3318 aut
1545 3265 1669 3320 tres
1709 3277 1723 3332 ;
1785 3259 1936 3319 alibi
1969 3260 2010 3327 C
2050 3259 2221 3321 haud
2303 3262 2646 3340 ambigitur
2701 3261 3025 3320 metricam
3083 3274 3216 3316 esse
3263 3255 3326 3313 in
3416 3252 3689 3314 Canticis

282 3353 410 3407 tres
442 3366 590 3408 cum
621 3350 904 3426 dimidia,
938 3372 1104 3414 nunc
1157 3361 1430 3432 quatuor
1480 3356 1576 3416 vel
1633 3357 1934 3435 quinque.

281 3446 495 3506 Codex
527 3449 873 3511 Bibliorum
903 3454 1496 3514 San-Germanensis
1552 3461 1697 3515 ante
1740 3457 1940 3516 octin-

283 3551 508 3623 gentos
566 3565 766 3607 annos
817 3548 882 3608 in
929 3550 1312 3611 membranis
1370 3558 1686 3625 exaratus,
1765 3561 1941 3613 nota-

286 3648 515 3721 tusque
600 3664 774 3705 num.
836 3648 894 3718 3,
956 3645 1152 3708 lineas
1209 3649 1404 3709 habet
1453 3649 1516 3710 in
1576 3656 1707 3711 toto
1763 3651 1938 3713 Ruth

287 3740 611 3802 volumine
670 3748 914 3803 tantum
976 3747 1092 3806 243
1153 3767 1169 3821 ;
1250 3748 1561 3808 columna
1616 3750 1939 3810 continent

286 3840 360 3899 55
415 3839 671 3912 lineas;
729 3842 911 3902 linea
961 3849 1021 3916 4,
1072 3847 1140 3918 5,
1198 3845 1258 3915 6,
1319 3849 1377 3923 7,
1416 3847 1934 3920 vel8dictiones,

285 3937 570 4014 integras
655 3939 1021 4018 aliquando,
1108 3960 1562 4022 nonnunquam
1649 3945 1711 4004 in
1814 3945 1938 4004 ﬁne

287 4041 488 4093 sectas
547 4041 610 4093 et
666 4036 1087 4114 imperfectas.
1149 4039 1256 4099 His
1310 4041 1751 4119 adjungendus
1833 4042 1934 4102 Bi-

287 4129 488 4190 blicus
520 4132 722 4192 codex
753 4135 1145 4196 Corbeiensis
1193 4136 1478 4215 ejusdem
1542 4140 1744 4199 atatis
1793 4159 1934 4200 cum

284 4233 619 4310 superiori,
680 4233 741 4292 in
785 4254 909 4314 quo
968 4237 1142 4297 Ruth
1200 4237 1392 4298 habet
1448 4239 1643 4299 lineas
1692 4243 1830 4300 218.
1866 4242 1934 4300 In

284 4331 597 4391 columnis
647 4332 910 4410 singulis
966 4334 1149 4395 linea
1202 4343 1347 4397 sunt
1381 4339 1479 4415 45,
1530 4345 1592 4398 et
1645 4339 1708 4398 in
1755 4339 1937 4399 lineis

281 4428 612 4498 dictiones,
675 4435 734 4499 4,
792 4434 853 4503 5,
904 4433 964 4503 6,
1025 4436 1084 4503 ‘7,
1144 4434 1241 4492 vel
1299 4437 1356 4507 8,
1421 4441 1489 4495 ut
1534 4435 1830 4513 leguntur
1870 4436 1935 4496 in

281 4526 786 4603 pracedentibus
845 4548 988 4588 mss.
1049 4531 1388 4591 codicibus.
1451 4535 1635 4592 Nunc
1695 4534 1741 4592 si
1806 4553 1938 4594 me-

2046 3360 2393 3420 Bibliorum
2477 3359 3022 3438 compositionem.
3084 3355 3151 3416 ld
3207 3351 3394 3415 Philo
3448 3351 3696 3412 Judae-

2047 3476 2185 3518 rum
2246 3458 2714 3526 disertissimus,
2803 3462 2865 3516 et
2945 3449 3446 3532 sapientissimus
3527 3451 3710 3508 Jose-‘

2049 3554 2213 3633 phus
2269 3574 2558 3634 expresse
2617 3555 2989 3614 docuerunt.
3057 3555 3130 3610 Et
3187 3553 3329 3627 post
3389 3563 3696 3605 vernacu-

2048 3651 2142 3711 los
2201 3652 2340 3712 illos
2397 3652 2762 3713 Judaorum
2818 3649 3154 3728 scriptores
3212 3645 3378 3704 idem
3439 3658 3697 3721 quoque

2048 3753 2326 3812 attestati
2357 3759 2502 3812 sunt
2529 3752 2849 3830 Origenes,
2910 3746 3236 3816 Eusebius,
3300 3742 3694 3815 Ambrosius,

2046 3855 2109 3910 et
2160 3851 2576 3930 Hieronymus
2635 3867 2779 3909 cum
2837 3844 3184 3907 innumeris
3267 3841 3405 3902 aliis
3485 3856 3700 3899 recen-

2047 3948 2223 4008 tioris
2280 3949 2396 4009 avi
2447 3947 2812 4009 auctoribus
2882 3940 3340 4015 ecclesiasticis,
3428 3953 3698 4013 cumque

2046 4047 2469 4107 eruditissimo
2583 4045 2920 4106 scholiaste
3016 4039 3289 4101 Canonis
3371 4034 3695 4096 Hebraica

2047 4145 2348 4216 veritatis,
2437 4145 2548 4222 qui
2621 4143 2852 4202 diserte
2934 4138 3221 4199 eamdem
3314 4131 3695 4194 sententiam

2046 4248 2258 4302 tuetur
2321 4241 2382 4301 in
2425 4241 2553 4301 suis
2615 4236 3074 4310 Quastionibus
3120 4231 3444 4294 Hebraicis
3499 4229 3579 4289 ad
3637 4247 3694 4288 c.

2046 4341 2122 4410 23
2179 4339 2319 4397 libri
2377 4337 2739 4416 posterioris
2796 4332 3150 4396 Samuelis:
3204 4333 3354 4389 Hac
3383 4332 3532 4387 sunt
3561 4345 3694 4384 ver-

2046 4435 2120 4495 ba
2151 4434 2368 4494 David
2397 4433 2737 4494 novissima
2759 4432 2865 4511 (II
2887 4430 3041 4511 Reg.
3079 4445 3252 4500 XXIII,
3289 4425 3376 4505 i):
3412 4421 3699 4483 Novissi-

2045 4552 2143 4591 ma
2204 4537 2372 4609 sunt,
2408 4531 2612 4609 inquit
2639 4530 3030 4604 scholiastes,
3093 4524 3243 4605 quia
3265 4525 3411 4603 post
3441 4516 3696 4578 Psalte-

285 4623 656 4682 minerimus
687 4623 914 4683 librum
978 4627 1144 4685 Ruth
1201 4629 1369 4705 apud
1429 4630 1727 4707 antiquos
1782 4631 1930 4690 scri-
1963 4629 2206 4696 Drium
2261 4635 2318 4687 et
2373 4634 2587 4688 caetera
2645 4633 2862 4703 metra,
2924 4624 3037 4684 hoc
3094 4617 3514 4701 composuisse
3567 4635 3694 4675 me-

279 4725 495 4797 ptores
555 4721 1007 4783 ecclesiasticos
1065 4723 1361 4785 habuisse
1421 4732 1664 4786 tantum
1724 4746 1936 4788 versus

275 4817 422 4888 250,
462 4825 592 4878 tam
652 4818 715 4879 in
771 4823 1032 4899 antiqua
1081 4823 1386 4884 divisione
1436 4833 1581 4885 ante
1627 4827 1936 4905 Hierony-

277 4936 482 4987 mum,
543 4936 734 4996 quam
780 4919 843 4977 in
900 4920 1220 4981 codicibus
1248 4924 1758 5002 Hieronymiana
1805 4944 1937 4986 ver-

269 5017 495 5090 sionis,
537 5017 678 5094 quis
734 5019 1177 5096 aquanimiter
1232 5023 1389 5083 feret
1447 5029 1542 5084 tot
1599 5031 1934 5104 tantosque

266 5133 527 5176 errores
612 5135 866 5195 nupera
923 5118 1155 5180 critica
1212 5122 1438 5181 veteris
1521 5125 1928 5195 Testamenti,

265 5233 417 5293 qua
478 5213 693 5274 multis
748 5215 1041 5276 studiosis
1099 5218 1462 5281 hominibus
1516 5222 1775 5300 impune
1833 5225 1929 5282 fu-

264 5331 417 5372 cum
447 5312 599 5372 facit
627 5312 690 5372 in
722 5314 906 5373 rebus
936 5334 1103 5375 nunc
1135 5317 1405 5391 levioris,
1470 5339 1635 5381 nunc
1691 5321 1930 5398 gravis-

261 5410 415 5470 simi
447 5409 810 5470 momenti?
841 5410 1088 5471 Falsum
1149 5420 1243 5475 est
1297 5421 1538 5477 veteres
1579 5418 1932 5496 appellasse

263 5527 491 5567 uersus
583 5524 992 5586 quascunque
1075 5509 1277 5570 lineas
1335 5515 1731 5593 scriptura;
1821 5516 1931 5575 fal-

261 5624 412 5664 sum
469 5622 728 5683 quoque
783 5603 925 5663 illas
980 5604 1179 5666 lineas
1236 5616 1522 5671 constare
1578 5631 1684 5669 sex
1711 5611 1930 5671 dictio-

264 5701 487 5778 nibus,
580 5701 985 5763 falsissimum
1089 5707 1358 5788 denique
1442 5727 1513 5769 ex
1629 5709 1927 5769 adnotata

2047 4732 2213 4786 trum
2270 4727 2532 4804 dicitur,
2595 4726 2659 4784 in
2716 4745 2837 4804 quo
2867 4724 2960 4782 ait
2993 4743 3009 4781 :
3043 4719 3234 4780 Dixit
3261 4714 3480 4777 David
3491 4712 3696 4790 ﬁlius

2043 4826 2202 4887 Isai.
2241 4826 2433 4886 Dixit
2461 4826 2577 4901 vir,
2613 4825 2718 4884 cui
2745 4823 3085 4884 constituta
3105 4824 3198 4878 est
3217 4815 3390 4876 scala
3427 4812 3695 4874 Christo

2043 4923 2171 4983 Dei
2221 4923 2410 4991 jacob
2453 4923 2680 5003 (Ibid.)
2738 4924 2874 4982 Non
2925 4920 3126 4980 solum
3182 4921 3381 4976 metra
3412 4909 3698 4989 agnoscit

2043 5021 2103 5080 in
2137 5023 2438 5082 Psalterio
2497 5020 2770 5092 Davidis,
2804 5025 2865 5080 et
2895 5019 2956 5078 in
3015 5014 3260 5076 cateris
3303 5011 3438 5090 ejus
3485 5005 3692 5068 Canti-

2043 5119 2161 5192 cis,
2248 5120 2357 5179 sed
2443 5119 2764 5178 metricam
2853 5117 3112 5194 insuper
3169 5105 3692 5188 compositionem

2043 5223 2105 5276 et
2154 5217 2488 5276 melodiam
2551 5215 2912 5275 Davidicam
2973 5213 3268 5273 observat
3349 5205 3410 5308 in
3470 5217 3694 5308 supra-

2042 5315 2224 5375 dictis
2278 5314 2482 5376 verbis
2540 5314 2905 5392 Scriptura,
2965 5331 3002 5371 a
3051 5327 3229 5368 versu
3289 5301 3492 5383 primo
3529 5301 3698 5374 capi-

2042 5417 2119 5476 tis
2148 5433 2300 5478 xxm
2327 5415 2436 5475 lib.
2472 5417 2523 5474 Il
2560 5419 2804 5491 Regum
2838 5411 2919 5472 ad
2977 5416 3263 5471 octavum
3324 5415 3522 5476 usque
3552 5413 3689 5455 ver-

2039 5533 2200 5574 sum.
2286 5514 2434 5584 Qua
2521 5512 2572 5571 si
2656 5512 2796 5590 quis
2876 5507 3182 5570 curiosius
3260 5499 3692 5579 perscrutatus

2039 5613 2244 5684 fuerit,
2286 5612 2464 5671 facile
2495 5608 2774 5669 discedet
2804 5626 2840 5666 a
2897 5602 3206 5665 sententia
3264 5591 3686 5675 quorumdam

2037 5711 2499 5772 neotericorum
2565 5704 3057 5768 existimantium
3115 5703 3316 5758 metra
3372 5711 3498 5754 non
3555 5707 3690 5752 esse
