4060 6190
321 346 441 411 £55

1482 331 1819 396 PATRUM
1863 331 2567 396 BENEDIGTINORUM

3610 337 3731 399 156

311 483 381 546 in
410 479 618 546 Libris
643 476 861 551 sacris,
920 473 1070 555 quia
1097 471 1255 534 illud
1285 469 1491 533 edocti
1545 474 1693 531 sunt
1721 469 1833 532 abs
1861 487 1969 531 no-
1997 470 2051 539 A
2079 457 2463 532 tetrametris
2519 466 2617 530 vel
2670 466 3075 539 hexametris,
3131 468 3197 531 id
3255 476 3370 545 est,
3456 477 3731 552 quatuor

315 582 408 643 vis
465 576 905 660 prudentibus,
966 588 1237 652 quorum
1298 569 1559 630 nomina
1613 574 1814 642 taceo,
1887 585 1965 628 ne

313 694 697 760 quamquam
779 670 1008 733 laedere
1088 668 1324 729 videar.
1405 665 1545 727 Fuit
1626 664 1960 744 siquidem,

314 777 522 856 inquit
605 790 731 833 non
815 786 1026 840 nemo,
1112 764 1463 828 communis
1560 763 1964 843 antiquorum

313 873 530 954 opinio
585 869 795 950 plures
850 866 1191 945 Scripturaa
1250 869 1461 944 partes
1520 863 1795 924 maxime
1844 877 1966 939 que

312 967 725 1045 Psalterium,
759 971 823 1026 et
850 963 1065 1026 omnia
1101 963 1298 1024 ferme
1334 960 1629 1035 Cantica,
1680 963 1964 1026 versibus

313 1074 627 1132 constare.
677 1061 900 1125 Verum
931 1080 1068 1121 cum
1101 1058 1249 1120 huic
1303 1059 1586 1141 opinioni
1640 1062 1965 1141 refragen-

311 1174 420 1231 tur
480 1163 778 1228 nonnulli
807 1161 1200 1234 recentiores,
1261 1160 1373 1241 qui
1416 1159 1711 1222 Psalmos
1766 1161 1966 1223 Davi—

312 1268 491 1329 dicos
546 1261 849 1324 carminis
906 1258 1201 1320 vocabulo
1260 1258 1646 1339 insigniunt,
1709 1259 1798 1319 ita
1872 1281 1968 1322 ex-

312 1362 545 1433 plicari
614 1364 909 1442 possunt,
984 1362 1054 1418 ut
1136 1377 1347 1417 eorum
1428 1356 1764 1417 dictionem
1842 1378 1964 1419 non

314 1467 442 1522 tam
496 1459 765 1520 vinctam
782 1454 1077 1538 pedibus,
1136 1474 1320 1536 quam
1368 1454 1699 1535 grandem,
1747 1454 1969 1537 pathe-

312 1559 499 1619 ticam
530 1562 714 1637 atque
742 1554 828 1614 ad
855 1558 1105 1613 cantum
1136 1552 1661 1612 accommodatam
1713 1573 1844 1613 esse
1870 1554 1967 1613 si-

305 1655 638 1738 gniﬁcent.
674 1651 1012 1714 Falluntur
1067 1650 1176 1729 qui
1222 1650 1313 1710 ita
1370 1650 1778 1729 scripserunt,
1841 1670 1965 1712 non

312 1758 579 1836 possunt
620 1749 922 1830 explicari
978 1748 1099 1809 hoc
1167 1748 1355 1809 modo
1411 1747 1748 1828 scriptores
1804 1753 1970 1810 vete~

2072 570 2171 631 vel
2203 588 2311 630 sex
2341 568 2648 648 partibus,
2682 587 2839 647 quas
2869 569 3168 629 terminos
3199 577 3405 632 vocat.
3449 575 3533 633 At
3590 572 3730 635 haec

2074 666 2301 727 videsis
2341 666 2509 745 apud
2568 668 2879 727 Joannem
2928 668 3321 729 Buxtorﬁum
3381 668 3604 743 filium,
3663 670 3731 731 in

2075 764 2375 826 Mantissa
2430 763 2675 842 aliquot
2730 762 3245 826 dissertationum
3303 766 3385 827 ad
3414 766 3604 829 ﬁnem
3649 767 3727 828 li-

2073 862 2173 924 bri
2209 861 2429 941 Coqri.

2151 961 2224 1021 V.
2287 958 2536 1020 Nullam
2594 959 2763 1038 apud
2825 960 3104 1022 eruditos
3149 961 3563 1040 quaestionem
3596 979 3732 1023 esse

2074 1057 2224 1130 dixi,
2260 1076 2339 1117 an
2371 1056 2497 1116 sint
2552 1057 2875 1118 nonnullae
2936 1063 3146 1136 partes
3198 1060 3264 1119 in
3322 1078 3504 1121 sacra
3556 1059 3727 1121 Scri-

2072 1160 2284 1235 ptura,
2348 1172 2489 1231 quas
2547 1159 2831 1214 constent
2885 1155 3101 1235 aliqua
3149 1156 3405 1218 metrica
3467 1175 3730 1237 compo-

2072 1255 2319 1315 sitione.
2381 1252 2449 1312 Id
2505 1251 2670 1313 enim
2740 1271 2972 1331 negare
3054 1260 3277 1316 contra
3362 1255 3728 1316 unanimem

2073 1369 2445 1412 consensum
2505 1349 3141 1412 celebratissimorum
3224 1352 3511 1414 omnium
3563 1358 3730 1413 vete-

2075 1468 2213 1511 rum
2248 1447 2647 1527 scriptorum,
2710 1466 2838 1508 non
2897 1467 3117 1529 sapere
3174 1456 3358 1525 esset,
3419 1456 3488 1512 ut
3546 1468 3733 1530 opor-

2075 1552 2187 1626 tet,
2220 1546 2327 1607 sed
2386 1545 2581 1624 gratis
2626 1545 2918 1624 ineptire.
2976 1546 3284 1608 Constans
3340 1547 3537 1627 igitur
3588 1566 3729 1609 sen-

2075 1644 2272 1706 tentia
2329 1651 2424 1705 est
2479 1645 2754 1711 virorum
2815 1644 3171 1717 doctorum,
3208 1645 3534 1707 metricam
3595 1662 3735 1706 esse

2073 1742 2139 1804 in
2187 1742 2429 1821 aliquot
2470 1740 2676 1802 Libris
2705 1740 2900 1802 sacris
2955 1747 3154 1803 artem
3211 1749 3276 1805 et
3331 1743 3736 1822 compositio-

314 1835 437 1929 res,
470 1851 579 1930 qui
607 1848 895 1911 Psalmos
924 1846 1256 1907 Davidicos
1312 1846 1610 1908 carminis
1657 1846 1967 1908 vocabulo
1999 1835 2242 1904 Bnem.
2305 1842 2428 1903 Sed
2481 1841 2663 1901 valde
2719 1841 2983 1903 celebris
3038 1842 3174 1903 haec
3230 1849 3322 1903 est
3382 1842 3651 1921 quaestio
3708 1862 3735 1905 .°

313 1948 686 2028 insigniunt.
724 1945 851 2006 Nisi
890 1945 1047 2004 forte
1105 1942 1336 2005 dixeris
1393 1943 1563 2023 apud
1618 1944 1966 2024 Josepbum

311 2047 425 2109 lib.
495 2063 540 2107 ιι
597 2044 858 2122 Antiqq.
919 2042 1125 2121 capite
1210 2041 1451 2114 ultimo,
1497 2040 1549 2095 ἓν
1583 2038 1861 2114 ἑξαμέτρῳ
1879 2039 1968 2095 τό.

311 2162 425 2217 ντῳ
454 2140 792 2217 συνσίθησιν,
880 2138 1230 2199 hexametro
1314 2159 1494 2200 versu
1597 2141 1963 2217 composuit.

314 2239 483 2302 idem
516 2257 651 2299 esse
705 2236 878 2317 quod
935 2254 1222 2297 sermone
1270 2237 1511 2316 grandi
1560 2242 1621 2297 et
1651 2235 1969 2319 pathetica

316 2335 592 2399 dictione
649 2334 866 2395 laudes
926 2334 1033 2394 Dei
1097 2334 1341 2394 cecinit.
1399 2335 1588 2413 Apud
1638 2335 1967 2396 Philonem

323 2433 633 2506 similiter;
694 2438 757 2493 et
804 2431 991 2511 Apud
1047 2431 1499 2510 Hieronymum
1557 2451 1773 2494 versus
1848 2438 1969 2493 tre-

324 2537 541 2610 metro,
599 2535 659 2590 et
730 2534 1086 2590 tetrametro
1135 2528 1396 2590 iambico
1453 2537 1815 2592 constantes
1871 2550 1971 2591 ex-

262 2616 271 2627 ‘
323 2629 727 2712 plicabuntur
783 2646 896 2707 per
947 2626 1256 2708 grandem
1312 2632 1371 2687 et
1412 2626 1792 2709 patheticam
1876 2628 1971 2689 di-

321 2728 611 2804 ctionem,
673 2725 726 2786 si
780 2726 936 2785 ﬁdes
988 2724 1303 2787 habeatur
1360 2744 1552 2805 supra
1608 2725 1972 2787 memoratis

329 2823 899 2888 observationibus.
960 2825 1095 2885 Non
1161 2822 1250 2884 sic
1330 2823 1674 2885 illudamus
1738 2824 1975 2904 simpli-

322 2923 499 2985 citati
550 2923 880 2992 lectorum,
959 2941 1038 2983 ne
1084 2921 1149 2982 in
1204 2938 1313 2985 eos
1389 2922 1622 2983 chartis
1703 2922 1975 2983 illudant

323 3021 665 3099 scriptores
720 3018 928 3098 periti.
991 3020 1153 3080 Vera
1209 3024 1304 3080 est
1355 3037 1506 3098 ergo
1565 3018 1968 3098 antiquorum

323 3117 537 3197 opinio
569 3116 647 3176 de
678 3116 892 3178 metris
936 3134 1010 3177 ac
1039 3116 1423 3177 carminibus
1477 3117 1968 3196 Scripturarum,

2088 1941 2390 2020 Quaenam
2447 1939 2669 2000 veteris
2699 1939 2964 2001 Poeseos
2992 1960 3184 2002 sacrae
3215 1941 3368 2002 olim
3378 1943 3597 2018 fuerit
3623 1961 3733 2001 ra-

2080 2040 2168 2102 tio
2216 2039 2244 2099 ξ
2273 2038 2490 2100 Tantis
2519 2056 2792 2117 namque
2823 2039 3300 2102 difﬁcultatibus
3329 2039 3554 2113 obsita,
3607 2046 3728 2115 est,

2081 2144 2150 2199 ut
2204 2137 2303 2198 vix
2360 2135 2512 2198 certi
2568 2135 2808 2216 aliquid
2863 2136 2940 2198 de
2997 2155 3072 2198 ea
3120 2138 3318 2217 possit
3348 2136 3591 2200 haberi.
3626 2138 3728 2216 Et,

2080 2236 2132 2296 si
2191 2234 2599 2315 quamplures
2654 2232 2969 2295 studiosos
3061 2235 3419 2308 audiamus,
3482 2239 3733 2296 tantum

2081 2335 2279 2407 abest,
2370 2338 2440 2394 ut
2522 2323 2663 2411 quae
2723 2330 3043 2413 Iosephus,
3105 2332 3323 2406 Philo,
3392 2331 3732 2393 Eusebius.

2081 2429 2534 2508 Hieronymus,
2581 2427 3021 2510 Theodoretus,
3076 2440 3133 2491 et
3160 2430 3455 2492 Isidorus
3485 2431 3563 2491 de
3592 2448 3730 2491 car-

2084 2530 2355 2592 minibus
2421 2528 2769 2590 Bibliorum
2853 2530 3261 2609 scripserunt,
3320 2547 3453 2591 rem
3512 2527 3735 2590 obscu—

2082 2647 2216 2690 ram
2273 2626 2681 2688 illustriorem
2768 2626 3180 2697 reddiderint.
3241 2632 3305 2689 et
3388 2626 3735 2688 lectoribus

2080 2725 2519 2800 satisfecerint,
2581 2724 2734 2804 quin
2791 2725 3000 2804 potius
3046 2725 3323 2787 incertos
3387 2723 3591 2804 magis
3673 2728 3740 2785 et

2080 2823 2415 2903 perplexas
2472 2821 2717 2883 animos
2774 2840 2991 2883 eorum
3051 2822 3443 2885 reddiderint
3515 2838 3529 2881 :
3588 2821 3741 2900 quia

2079 2922 2165 2994 id,
2228 2920 2396 3000 quod
2456 2918 2548 2979 illi
2606 2918 3025 3004 tradiderunt,
3078 2919 3369 2999 nuspiam
3427 2918 3733 2994 invenire,

2082 3023 2446 3099 potuerunt.
2483 3016 2664 3079 Unde
2717 3016 2815 3077 vel
2876 3017 3059 3079 aliter
3112 3017 3306 3078 verba
3351 3034 3570 3078 eorum
3603 3034 3738 3078 esse

2080 3113 2492 3192 intelligenda
2548 3113 2769 3174 volunt
2817 3118 2879 3175 et
2934 3114 3335 3194 exponenda,
3386 3113 3485 3175 vel
3529 3113 3740 3175 fumos

329 3232 599 3296 quorum
647 3215 867 3292 utique
906 3215 1067 3276 ratio
1123 3214 1473 3275 carminum
1532 3234 1660 3277 non
1716 3215 1796 3277 ab
1854 3216 1970 3277 ali-
2004 3190 2046 3257 α
2084 3211 2424 3275 lectoribus
2509 3210 2883 3284 vendidisse,
2945 3217 3007 3272 et
3063 3210 3250 3272 nimis
3303 3210 3604 3272 audacter
3659 3209 3740 3271 de

324 3330 452 3392 quo
507 3310 844 3383 nesciente,
904 3311 1010 3372 sed
1070 3310 1151 3371 ab
1206 3311 1616 3372 Hebraeorum
1674 3313 1975 3374 eruditis-

322 3409 497 3470 simis
552 3408 853 3469 discenda
925 3413 1040 3483 est,
1128 3414 1191 3469 et
1268 3409 1486 3470 sedulo
1569 3410 1971 3489 inquirenda.

325 3510 563 3569 Doceat
593 3511 652 3567 te
686 3508 757 3567 Β.
789 3506 1045 3567 Asarias
1101 3506 1245 3567 libri
1303 3505 1490 3567 Meor
1544 3508 1753 3569 anaim
1811 3527 1975 3569 nun-

327 3603 544 3683 cupati
589 3608 769 3683 parte
825 3606 884 3675 3,
946 3622 1087 3683 cap.
1147 3605 1227 3664 60
1286 3621 1300 3665 :
1368 3603 1520 3665 Sine
1574 3604 1764 3666 dubio
1847 3625 1979 3666 esse

328 3721 652 3765 mensuras
705 3707 765 3762 et
810 3701 1244 3784 proportiones
1299 3708 1500 3763 certas
1565 3701 1975 3765 Canticorum

326 3819 673 3877 sacrorum,
705 3800 817 3861 sed
846 3799 998 3861 illas
1054 3819 1177 3859 non
1206 3800 1544 3861 consistere
1600 3801 1667 3861 in
1725 3821 1978 3862 numero

328 3898 669 3960 motionum
750 3898 842 3979 (id
900 3903 992 3958 est
1076 3896 1487 3979 syllabarum)
1562 3898 1658 3960 vel
1742 3899 1978 3981 pedum

314 4000 746 4079 perfectorem,
823 4001 935 4055 aut
1013 3994 1531 4077 imper/actorum,
1577 4001 1771 4076 Juxta
1838 4000 1979 4066 for-

330 4115 493 4156 mam
522 4094 871 4155 carminum
926 4092 1396 4174 hodiernorum,
1456 4094 1569 4156 sed
1611 4095 1677 4156 in
1724 4115 1978 4156 numero

331 4212 539 4253 rerum
596 4198 658 4252 et
715 4191 976 4254 illarum
1025 4191 1331 4273 partium,
1380 4190 1649 4266 subiecti
1711 4191 1975 4267 scilicet,

2084 3310 2272 3372 rebus
2306 3327 2428 3369 non
2458 3307 2609 3369 satis
2665 3308 2938 3387 cognitis
2992 3313 3186 3388 atque
3234 3308 3578 3389 perspectis
3630 3325 3740 3369 eos

2088 3408 2546 3490 pronuntiasse.
2609 3406 2991 3486 Hujusmodi
3049 3406 3588 3487 expostulationes
3654 3406 3739 3469 ab

2085 3509 2471 3587 Hieronymo
2556 3524 2849 3568 amovere
2934 3507 3350 3577 decrevimus,
3462 3523 3737 3585 eumque

2087 3625 2213 3667 non
2244 3606 2561 3666 tumorum
2620 3604 3033 3678 venditorem,
3093 3604 3202 3665 sed
3258 3602 3738 3683 Scripturarum

2087 3709 2440 3772 divinarum
2523 3708 3057 3770 consultissimum
3140 3709 3552 3788 interpretem
3633 3725 3737 3769 os-

2086 3808 2341 3869 tendere
2370 3807 2949 3879 conabimur.'Qua:
2982 3825 3082 3869 res
3140 3824 3438 3887 prospere
3493 3812 3565 3867 ut
3620 3823 3738 3867 no-

2085 3907 2184 3968 bis
2229 3906 2500 3978 eveniat,
2547 3906 2689 3967 loca
2744 3906 2918 3985 prius
2973 3904 3390 3986 proponenda
3444 3910 3614 3977 sunt,
3672 3903 3739 3965 in

2088 4004 2318 4084 quibus
2364 4003 2573 4064 fumos
2629 4003 2983 4065 vendidisse
3044 4003 3524 4083 Hieronymum,
3582 4019 3736 4062 con-

2087 4102 2373 4182 queritur
2449 4100 2809 4162 Buxtorﬁus
2865 4101 3121 4163 nomine
3176 4101 3448 4162 aliorum
3506 4098 3743 4160 studio.

2087 4218 2325 4262 sorum.
2358 4200 2735 4261 Prmfatione
2764 4199 2959 4279 igitur
2986 4199 3052 4260 in
3110 4200 3424 4263 Chronica
3480 4196 3742 4262 Eusebii

323 4289 682 4370 ρνοτᾱίεαίὶ,
740 4295 800 4350 et
854 4309 991 4369 ejus
1047 4290 1218 4370 quod
1271 4289 1390 4350 illa
1422 4290 1589 4351 inter
1638 4310 1704 4350 δε
1730 4290 1982 4373 copulat
2089 4298 2485 4361 Caesariensis
2555 4298 2633 4359 de
2713 4298 3254 4379 interpretationis
3365 4297 3744 4361 difﬁcultate

332 4387 401 4448 in
458 4406 826 4468 unaquaque
880 4387 1186 4448 sententia
1244 4392 1303 4447 et
1346 4387 1793 4463 enuntiatione,
1851 4389 1981 4450 sive
2088 4395 2397 4456 disserens
2453 4395 2893 4475 Hieronymus,
2928 4395 3066 4456 haec
3105 4395 3184 4456 de
3211 4397 3429 4459 metris
3455 4394 3745 4475 Scriptu-

329 4485 398 4546 in
455 4505 819 4567 unoquoque
874 4505 1077 4546 versu.
1138 4484 1248 4546 Sic
1301 4490 1395 4545 est
1447 4506 1663 4547 versus
1735 4486 1980 4548 duabus
2014 4564 2050 4572 _
2090 4511 2303 4554 rarum
2336 4492 2540 4554 obiter
2567 4494 2896 4555 observat:
2929 4491 3218 4571 Denique
3235 4490 3395 4572 quid
3419 4490 3746 4554 Psalterio

329 4584 643 4645 mensuris
671 4604 780 4644 seu
803 4583 1267 4666 propositionis
1307 4583 1606 4666 partibus
1661 4591 1976 4665 constans,
2013 4564 2059 4630 Ῑ)
2088 4588 2583 4669 canorius,quod
2612 4589 2680 4649 in
2709 4608 2935 4650 morem
2967 4588 3175 4649 nostri
3201 4585 3424 4648 Flacci
3441 4594 3500 4648 et
3525 4587 3749 4652 (ἓνωεί

329 4680 558 4763 quibus
612 4682 673 4742 si
725 4683 1036 4743 secundus
1108 4682 1382 4755 accedat,
1449 4684 1639 4759 ﬁunt
1711 4689 1980 4764 quatuor
2088 4687 2369 4748 Pindari
2397 4707 2563 4747 nunc
2593 4686 2794 4748 iambo
2823 4686 3048 4765 currit,
3083 4706 3248 4747 nunc
3289 4684 3557 4748 Alcaico
3598 4696 3750 4770 per-

330 4780 567 4862 (partes
620 4782 748 4842 sive
803 4781 1162 4861 mensuras.)
1212 4780 1412 4842 Alius
1441 4781 1555 4862 qui
1599 4787 1843 4842 constat
1908 4802 1981 4843 ex
2089 4791 2293 4863 sonat,
2352 4805 2518 4845 nunc
2566 4783 2875 4867 Sapphico
2933 4789 3145 4864 tumet,
3199 4803 3367 4844 nunc
3438 4785 3749 4868 semipede

330 4877 536 4939 tribus
566 4879 900 4959 mensuris,
932 4877 1160 4960 quibus
1206 4879 1268 4939 si
1318 4878 1481 4939 alter
1533 4879 1784 4939 accedat
1839 4900 1980 4939 ver-
2091 4883 2454 4963 ingreditur
2487 4882 2515 4942 ἰ
2551 4882 2733 4961 Quid
2759 4882 3242 4944 Deuteronomii
3270 4887 3329 4941 et
3354 4881 3542 4945 Isaiae
3588 4904 3746 4945 can-

329 4997 463 5050 sus,
498 4977 673 5050 fiunt
714 4997 822 5037 sex
875 4997 1175 5038 mensurae
1232 4997 1338 5037 seu
1378 4983 1619 5059 partes.
1696 4979 1983 5057 Exempli
2090 4981 2212 5041 tice
2229 4979 2621 5063 pulchrius?
2654 4981 2823 5046 Quid
2848 4980 3186 5042 Salomone
3210 4980 3534 5061 gravius?
3561 4981 3751 5061 Quid

330 5076 557 5155 gratia,
590 5082 658 5135 in
695 5074 965 5137 Cantica
1004 5075 1210 5138 Mosis
1241 5074 1444 5136 Exod.
1478 5093 1579 5150 xv,
1640 5077 1678 5136 6
1709 5097 1726 5136 :
1811 5094 1980 5171 Ἵππων
2075 5079 2425 5161 perfectius
2459 5077 2486 5138 ἰ
2505 5077 2630 5147 job
2662 5078 2689 5137 ἰ
2737 5077 2895 5156 Qun
2952 5077 3161 5138 omnia
3215 5076 3628 5141 Hexametris
3684 5088 3748 5143 et

331 5191 464 5243 mm
493 5172 876 5253 (jeminecba
907 5174 1179 5254 Adonai)
1207 5179 1301 5234 est
1330 5192 1493 5233 unus
1530 5194 1766 5242 versus.
1823 5175 1981 5235 duo-
2090 5177 2515 5237 Pentametris
2566 5175 2867 5254 versibus,
2928 5181 2998 5236 ut
3049 5174 3354 5258 Iosephus
3408 5183 3468 5238 et
3501 5177 3745 5261 Orige-

334 5271 449 5333 bus
469 5276 763 5333 constans
813 5271 1139 5331 terminis:
1175 5291 1293 5341 ηπ
1330 5289 1497 5341 mm
1541 5273 1786 5351 (nedari
1829 5273 1984 5333 bak-
2093 5295 2199 5335 nes
2229 5274 2536 5348 scribunt,
2566 5275 2735 5357 apud
2753 5295 2902 5336 suos
2944 5274 3282 5356 composita
3339 5275 3684 5338 decurrunt
3716 5278 3750 5339 1’

337 5371 576 5451 koahh)
625 5375 719 5430 est
771 5368 830 5430 ei
884 5369 1124 5430 similis
1177 5375 1235 5428 et
1262 5368 1599 5449 cohaerens,
1633 5370 1745 5451 qui
1764 5370 1987 5449 juncti
2093 5371 2250 5434 Hac
2278 5392 2417 5433 cum
2481 5372 2699 5434 Graece
2755 5373 3052 5454 legimus,
3088 5372 3273 5433 aliud
3317 5374 3620 5454 quiddam
3649 5396 3749 5438 so-

332 5469 580 5535 faciunt
661 5473 953 5549 quatuor,
1038 5467 1102 5528 id
1157 5474 1272 5545 est,
1334 5475 1789 5542 tetrametrum,
1860 5476 1980 5530 etc.
2094 5474 2301 5545 nant;
2357 5489 2495 5531 cum
2555 5469 2792 5549 Latine,
2837 5469 3098 5552 penitus
3155 5488 3277 5528 non
3308 5467 3562 5531 harent.
3592 5475 3745 5535 Non

331 5564 469 5626 Alia
535 5566 829 5648 exempla
912 5585 989 5628 ex
1047 5565 1317 5627 Canticis
1401 5565 1593 5626 sacris
1686 5568 1987 5646 proponit
2091 5566 2370 5629 insolens
2454 5573 2547 5627 est
2628 5568 3013 5647 Hieronymo
3106 5565 3397 5644 vulgares
3462 5568 3738 5649 primum

328 5663 609 5739 Asarias,
662 5664 894 5745 quibus
950 5663 1180 5746 probat
1231 5662 1344 5725 illa
1398 5662 1649 5727 cantica
1694 5670 1985 5728 constare
2092 5664 2424 5747 opiniones
2452 5665 2654 5746 sequi,
2714 5669 2777 5728 et
2829 5669 3051 5747 postea
3103 5661 3183 5725 ab
3240 5662 3368 5727 illis
3421 5663 3746 5730 discedere
