4060 6190
260 362 378 425 15⁵1

1666 361 2281 429 PROLEGOMENA.

3551 361 3674 427 158

261 510 408 555 cum
442 494 785 576 unicuique
840 494 930 557 rei
974 494 1257 559 debitum
1318 499 1566 575 tempus
1594 495 1918 576 impertire
1944 503 2000 570 Α
2027 500 2087 555 et
2112 495 2404 556 secundo.
2467 493 2812 556 Proverbia
2863 513 3104 576 quoque
3161 495 3524 558 Salomonis
3563 517 3675 558 ex-

257 590 462 670 licuit,
534 594 611 653 de
702 593 824 655 hac
909 593 1334 656 inconstantia
1403 592 1701 655 lectorem
1788 595 1921 673 ipse

260 707 447 749 suum
478 691 884 770 praemonuit,
944 691 1092 752 dum
1153 709 1382 752 nomen
1441 711 1610 787 Πρω
1658 691 1921 774 Daphea

258 785 483 867 (Num.
509 806 732 869 xxxm,
798 790 902 870 12)
956 785 1497 869 interpretaretur
1535 790 1718 869 epist.
1781 794 1918 865 127,

262 887 589 947 mansione
613 888 653 948 9
680 905 694 948 :
728 886 874 948 Hoc
902 907 1142 966 nomen,
1176 887 1402 966 inquit,
1432 888 1601 969 apud
1620 887 1920 949 Hebraos

259 994 478 1065 χροῦμα
536 986 608 1046 id
663 992 779 1063 est,
824 986 1115 1068 pulsatio
1168 986 1432 1058 dicitur,
1470 986 1668 1065 juxta
1752 987 1922 1067 quod

258 1098 314 1142 et
363 1082 689 1145 Dominus
744 1086 879 1146 ait:
940 1086 1195 1147 Pulsate
1250 1093 1313 1147 et
1369 1086 1688 1165 aperietur
1742 1086 1921 1148 vobis

258 1180 439 1261 (Luc,
469 1201 558 1262 x1,
589 1184 674 1261 9).
706 1183 786 1244 In
840 1183 1007 1245 libro
1053 1190 1256 1245 autem
1314 1182 1777 1245 Hebraicorum
1806 1205 1918 1244 no-

259 1281 529 1360 minum,
562 1280 1004 1360 ahdasionem,
1065 1282 1587 1363 retentionemque
1633 1288 1920 1343 transtu-

257 1376 478 1456 limus,
510 1378 679 1459 quod
731 1379 1018 1439 lectorem
1066 1379 1321 1440 turbare
1374 1399 1497 1439 non
1554 1378 1752 1456 debet,
1812 1400 1921 1440 nec

248 1480 430 1555 putet
457 1496 572 1537 nos
600 1476 1002 1537 dissonantia
1056 1477 1347 1538 scribere.
1380 1476 1484 1538 Ibi
1519 1478 1707 1550 enim,
1723 1477 1918 1558 juxta

2030 599 2290 654 tremum
2319 592 2565 653 claudit
2617 592 3033 675 alphabetum,
3092 594 3261 675 quod
3314 599 3671 657 tetrametro

2031 690 2293 751 iambico
2347 695 2744 772 supputatur,
2797 690 2875 751 ab
2929 711 2996 752 eo
3043 690 3200 771 loco,
3260 692 3327 751 in
3373 711 3494 773 quo
3523 694 3668 753 ait:

2030 788 2362 850 Mulierem
2417 789 2646 849 fortem
2702 788 2843 867 quis
2897 789 3173 851 inveniet
3226 789 3442 869 (Prov.
3496 807 3672 864 xxxx,

2030 887 2179 969 10)?
2209 890 2415 967 Opera
2466 886 2822 948 Salomonis
2878 892 2941 948 et
2994 888 3319 949 Canticum
3376 888 3671 950 Deutero-

2031 985 2248 1061 nomii,
2308 1004 2451 1064 qua
2508 984 2888 1046 hexametris
2942 990 3005 1046 et
3059 986 3467 1065 pentametris
3504 987 3672 1066 apud

2028 1103 2172 1145 suos
2230 1084 2581 1164 composita
2636 1085 2967 1145 decurrere
3029 1084 3244 1146 docuit
3297 1085 3675 1147 Praefatione

2026 1182 2089 1242 in
2120 1182 2432 1244 Chronica
2483 1182 2758 1256 Eusebii,
2816 1181 2919 1243 hic
2948 1182 3027 1243 ad
3076 1181 3339 1243 Paulam
3372 1182 3671 1256 scribens,

2026 1281 2252 1342 asserit
2307 1288 2669 1343 tetrametro
2741 1281 3013 1344 iambico
3068 1280 3288 1342 eadem
3370 1281 3676 1358 opuscula

2025 1385 2335 1441 constare.
2387 1380 2607 1441 Melius
2650 1380 2768 1440 sibi
2824 1384 3072 1440 constat
3098 1378 3160 1438 in
3197 1377 3477 1439 versibus
3505 1376 3671 1451 Jobi,

2025 1476 2116 1537 ait
2144 1477 2308 1538 enim
2365 1477 2746 1539 Prafatione
2801 1476 2866 1537 in
2923 1477 3213 1538 eumdem
3272 1475 3553 1538 librum:
3605 1476 3667 1537 A

258 1573 372 1635 hoc
400 1576 576 1657 quod
606 1576 799 1658 vulgo
830 1576 1113 1651 habetur,
1173 1578 1513 1652 edidimus,
1556 1578 1619 1638 si
1646 1578 1917 1639 medium
2012 1574 2336 1657 principio
2404 1575 2613 1655 itaque
2684 1574 3024 1636 voluminis
3107 1594 3300 1656 usque
3354 1574 3441 1635 ad
3495 1572 3676 1634 verba

257 1671 512 1732 verbum
597 1673 918 1735 scribatur
988 1684 1106 1758 per
1187 1693 1342 1736 BBTH
1428 1675 1753 1735 litteram:
1816 1675 1922 1736 hic

261 1776 462 1830 autem
496 1771 566 1831 in
619 1771 939 1834 Hebraico
995 1772 1307 1842 volumine
1359 1774 1662 1856 scriptum
1718 1773 1921 1856 reperi

2023 1672 2160 1753 Iob,
2191 1674 2361 1756 apud
2414 1672 2715 1735 Hebraos
2761 1681 2955 1755 prosa
3008 1673 3212 1734 oratio
3258 1677 3372 1734 est.
3403 1671 3610 1733 Porro
3639 1692 3676 1735 α

2027 1769 2224 1833 verbis
2286 1770 2419 1846 Iob,
2479 1771 2546 1832 in
2618 1770 2846 1852 quibus
2901 1771 2995 1832 ait
3041 1792 3059 1832 :
3120 1772 3345 1833 Pereat
3394 1770 3549 1842 dies,
3609 1769 3675 1831 in

250 1876 365 1949 per
426 1886 571 1942 Pun,
629 1869 800 1950 quod
852 1870 1215 1931 elementum
1268 1871 1480 1952 magis
1498 1871 1919 1953 pulsationem
1951 1873 1998 1937 B
2029 1888 2158 1947 qua
2186 1876 2371 1931 natus
2399 1888 2561 1941 sum,
2592 1875 2706 1931 etc.
2756 1868 2917 1949 (Job.
2951 1886 3042 1949 ιιι,
3081 1870 3169 1949 3),
3204 1889 3398 1949 usque
3424 1869 3511 1929 ad
3537 1888 3675 1929 eum

260 1987 444 2047 quam
496 1967 823 2047 glutinum
879 1974 1135 2031 sonat...
1210 1969 1591 2029 Prudentem
1672 1970 1917 2030 studio-

264 2083 526 2144 sumque
603 2065 891 2125 lectorem
974 2072 1268 2147 rogatum
1354 2065 1559 2140 velim,
1616 2072 1685 2128 ut
1759 2068 1922 2127 sciat

262 2182 352 2220 me
408 2168 646 2223 vertere
699 2164 953 2224 nomina
1000 2170 1190 2236 juxta
1244 2163 1628 2225 Hebraicam
1687 2165 1919 2225 verita-

259 2267 397 2323 tem.
431 2263 752 2345 Alioquin
787 2265 855 2325 in
919 2263 1168 2327 Gracis
1206 2271 1267 2325 et
1292 2265 1542 2326 Latinis
1571 2265 1914 2344 codicibus,

257 2365 480 2424 brater
519 2368 755 2443 pauca,
814 2363 1027 2423 omnia
1082 2369 1376 2445 corrupta
1436 2363 1801 2445 reperimus,
1859 2370 1918 2423 et

258 2458 457 2518 miror
507 2460 813 2540 quosdam
870 2461 1157 2521 eruditos
1212 2467 1271 2521 et
1322 2461 1776 2522 ecclesiasticos
1820 2462 1916 2522 vi-

258 2577 364 2618 ros
418 2578 490 2617 ea
548 2558 823 2619 voluisse
879 2563 1246 2639 transferre,
1303 2580 1439 2642 qua
1496 2561 1562 2621 in
1598 2560 1915 2622 Hebraico

261 2675 389 2715 non
447 2655 781 2736 habentur,
844 2665 963 2719 etc.
1025 2660 1212 2720 Istius
1264 2660 1714 2721 admonitionis
1770 2678 1917 2722 mox

256 2754 581 2816 recordari
617 2756 937 2834 oportebit
966 2774 979 2829 ;
1014 2756 1165 2835 quia
1192 2758 1506 2819 canticum
1538 2761 1918 2820 Deuterono-

260 2852 369 2913 mii
458 2853 624 2933 (cap.
716 2871 913 2933 xxxn,
1000 2875 1161 2916 vers.
1250 2856 1435 2936 1-43),
1512 2857 1685 2935 quod
1737 2858 1914 2919 Jose-

258 2948 460 3027 phum
492 2956 557 3010 et
585 2950 918 3029 Origenem
970 2969 1163 3031 supra
1207 2959 1459 3014 secutus
1506 2972 1686 3015 versu
1719 2954 1913 3016 hexa-

265 3052 472 3108 metro
503 3048 927 3127 compositum
975 3048 1198 3121 voluit,
1248 3049 1522 3112 iambico
1553 3058 1916 3114 tetrametro

263 3149 558 3205 constare
640 3145 1012 3207 testiﬁcatur
1084 3146 1269 3225 epist.
1330 3151 1469 3221 155.
1515 3150 1593 3210 ad
1650 3150 1915 3212 Paulam

2028 1966 2255 2041 locum,
2289 1966 2397 2028 ubi
2424 1972 2567 2028 ante
2608 1967 2801 2039 ﬁnem
2859 1967 3197 2029 voluminis
3226 1967 3528 2049 scriptum
3558 1971 3673 2029 est.

2028 2066 2274 2128 Idcirco
2328 2066 2462 2145 ipse
2521 2084 2620 2126 me
2676 2066 3097 2145 reprehendo,
3154 2070 3268 2127 etc.
3330 2063 3489 2145 (Iob.
3522 2081 3675 2139 xw,

2026 2165 2115 2243 6),
2177 2162 2519 2225 hexametri
2601 2183 2816 2224 versus
2898 2168 3066 2238 sunt,
3127 2161 3400 2238 dactylo,
3479 2169 3673 2243 spon-

2025 2263 2275 2343 daoque
2330 2268 2672 2342 currentes,
2728 2267 2788 2321 et
2826 2267 3088 2345 propter
3114 2261 3355 2342 lingua
3409 2259 3669 2340 idioma,

2024 2359 2237 2421 crebro
2295 2361 2690 2442 recipiendos
2744 2366 2804 2420 et
2853 2360 3017 2421 alios
3030 2360 3250 2442 pedes,
3283 2378 3405 2420 non
3434 2379 3669 2420 earum-

2024 2459 2161 2519 dem
2217 2458 2628 2538 syllabarum,
2711 2458 2823 2519 sed
2874 2458 3225 2519 earumdem
3305 2463 3667 2539 temporum.

2024 2556 2350 2618 Interdum
2381 2577 2620 2638 quoque
2647 2556 2934 2628 rythmus
2966 2557 3095 2638 ipse
3135 2556 3347 2618 dulcis
3375 2561 3435 2615 et
3462 2555 3672 2616 tinnu-

2026 2654 2129 2716 lus
2157 2658 2363 2722 fertur
2418 2656 2696 2715 numeris
2752 2655 2892 2735 lege
2946 2654 3131 2716 metri
3183 2654 3454 2716 solutis:
3503 2652 3673 2735 quod

2026 2752 2273 2813 metrici
2340 2753 2551 2833 magis
2606 2772 2790 2832 quam
2844 2751 3110 2835 simplex
3161 2750 3378 2830 lector,
3433 2749 3673 2810 intelli—

2022 2856 2262 2931 gunt...
2303 2849 2496 2929 Quod
2547 2850 2609 2911 si
2634 2850 2740 2912 cui
2794 2850 3044 2912 videtur
3094 2847 3510 2927 incredulum,
3544 2867 3672 2907 me-

2026 2954 2125 3009 tra
2184 2947 2426 3010 scilicet
2478 2967 2609 3008 esse
2663 2948 2831 3030 apud
2884 2946 3206 3026 Hebraos,
3260 2951 3319 3006 et
3348 2945 3414 3006 in
3442 2964 3672 3005 morem

2025 3045 2265 3123 Flacci,
2304 3045 2634 3127 Gracique
2686 3046 2989 3126 Pindari,
3045 3044 3252 3107 Alcai
3305 3049 3364 3104 et
3396 3041 3666 3125 Sappho,

2026 3144 2123 3206 vel
2175 3144 2585 3224 Psalterium,
2662 3144 2759 3206 vel
2826 3144 3319 3206 Lamentationes
3373 3140 3671 3219 Ieremia,

257 3241 584 3316 Urbicam,
639 3242 703 3303 in
761 3262 889 3323 qua
941 3244 1025 3304 de
1071 3243 1339 3306 Psalmis
1393 3253 1456 3307 et
1512 3248 1754 3309 caeteris
1792 3267 1917 3310 me-
1947 3246 1993 3309 C
2030 3242 2127 3302 vel
2153 3242 2362 3303 omnia
2398 3245 2610 3319 ferme
2661 3242 3134 3324 Scripturarum
3198 3239 3470 3301 Cantica
3507 3258 3676 3299 com-

256 3339 432 3402 tricis
517 3341 1084 3421 compositionibus
1167 3349 1266 3404 sat
1374 3343 1625 3406 abunde
1708 3346 1920 3426 dispu-

252 3437 467 3498 tavit:
533 3441 630 3497 Ac
673 3439 1049 3520 priusquam
1106 3440 1185 3499 de
1238 3441 1527 3521 singulis
1582 3443 1914 3524 disseram,

256 3535 371 3608 ait,
432 3534 602 3594 scire
672 3535 854 3596 debes
910 3542 1181 3617 quatuor
1236 3538 1527 3600 Psalmos
1578 3541 1916 3602 secundum

258 3632 548 3693 ordinem
607 3631 1019 3695 Hebraorum
1105 3635 1374 3717 incipere
1454 3637 1914 3719 elementorum,

254 3730 660 3790 centesimum
717 3730 1022 3792 decimum
1079 3737 1139 3791 et
1201 3733 1601 3795 centesimum
1660 3736 1920 3796 undeci-

258 3846 444 3900 mum,
478 3833 544 3887 et
565 3826 736 3887 hunc
761 3828 839 3888 de
867 3849 987 3909 quo
1045 3849 1210 3890 nunc
1237 3830 1598 3903 scribimus,
1631 3838 1690 3892 et
1717 3839 1919 3893 cente-

253 3924 485 3985 simum
545 3925 1107 4006 quadragesimum
1163 3933 1479 4008 quartum.
1554 3928 1775 3990 Verum
1807 3933 1920 3991 de-

255 4019 352 4081 bes
379 4024 551 4083 scire
582 4024 651 4082 in
674 4022 1002 4104 prioribus
1031 4024 1339 4105 Psalmis,
1372 4026 1659 4107 singulis
1681 4028 1918 4089 litteris

251 4120 554 4200 singulos
634 4121 999 4201 versiculos,
1085 4124 1197 4203 qui
1282 4124 1568 4185 trimetro
1652 4125 1918 4187 iambico

251 4223 565 4296 constant,
627 4238 759 4277 esse
813 4218 1120 4281 subnexos
1164 4242 1177 4281 :
1240 4221 1574 4297 inferiores
1631 4243 1771 4283 vero
1828 4229 1913 4283 te-

247 4321 551 4375 trametro
608 4315 875 4377 iambico
929 4324 1232 4393 constare,
1294 4319 1491 4379 sicuti
1518 4325 1578 4380 et
1604 4320 1917 4382 Deutero-

245 4412 443 4472 nomii
509 4410 850 4474 Canticum
906 4414 1209 4496 scriptum
1256 4420 1369 4475 est.
1431 4415 1509 4476 In
1570 4422 1775 4477 centes
1793 4417 1916 4477 imo

245 4509 488 4570 decimo
517 4515 731 4570 octavo
759 4510 1042 4591 Psalmo,
1093 4512 1394 4593 singulas
1423 4512 1673 4574 litteras
1703 4515 1918 4576 octoni

2010 3339 2349 3422 prehendi,
2392 3340 2559 3421 legat
2616 3339 2973 3420 Philonem,
3019 3338 3372 3422 Iosephum,
3438 3336 3679 3417 Orige-

2026 3458 2183 3510 nem,
2226 3437 2677 3499 Casariensem
2735 3437 3099 3515 Eusebium,
3158 3442 3218 3498 et
3263 3456 3475 3498 eorum
3506 3435 3678 3496 testi-

2028 3536 2233 3597 monio
2290 3556 2385 3596 me
2440 3557 2648 3597 verum
2704 3537 2910 3597 dicere
2976 3534 3417 3617 comprobabit.
3492 3533 3677 3595 Psal-

2030 3634 2449 3714 mograpbum
2506 3653 2759 3715 quoque
2815 3635 3114 3697 Davidem
3166 3640 3449 3695 nostrum
3482 3650 3677 3693 amu-

2028 3734 2159 3796 lum
2243 3735 2464 3815 objicit
2543 3736 2777 3799 Graecis
2857 3736 3223 3815 Latinisque
3308 3734 3533 3814 poetis,
3608 3732 3676 3792 in

2030 3834 2297 3913 epistola
2376 3835 2454 3896 ad
2520 3834 2850 3896 Paulinum
2932 3834 3168 3913 scripta
3248 3832 3325 3893 de
3381 3831 3674 3892 omnibus

2028 3932 2258 3995 divina
2288 3933 2575 3995 Historiae
2631 3933 2851 4004 libris;
2910 3931 3131 3993 David
3184 3929 3542 3991 Simonides
3572 3948 3675 3988 no-

2024 4036 2174 4110 ster,
2242 4031 2468 4111 inquit,
2543 4031 2896 4100 Pindarus,
2956 4036 3016 4089 et
3068 4029 3346 4107 Alcaus,
3403 4025 3674 4087 Flaccus

2024 4150 2284 4210 quoque,
2365 4129 2658 4193 Catullus
2733 4134 2915 4209 atque
2984 4128 3277 4198 Serenus,
3348 4123 3672 4186 Christum

2024 4224 2164 4301 lyra
2212 4232 2530 4307 personat,
2590 4232 2649 4286 et
2701 4225 2767 4286 in
2821 4223 3207 4286 decachordo
3243 4222 3564 4297 Psalterio
3595 4221 3672 4283 ab

2025 4322 2252 4390 inferis
2337 4324 2566 4384 excitat
2650 4328 3103 4405 resurgentem.
3196 4321 3376 4394 Quod
3471 4340 3671 4400 genus

2023 4421 2321 4481 carminis
2376 4422 2554 4501 lyrici
2609 4422 2929 4501 conceptis
2984 4420 3189 4482 verbis
3245 4420 3469 4481 iterum
3504 4437 3667 4498 prae-

2024 4519 2194 4581 dicat
2249 4518 2357 4580 lib.
2416 4537 2475 4581 1x
2536 4519 3151 4582 Commentariorum
3225 4518 3287 4578 in
3346 4535 3489 4597 cap.
3544 4535 3669 4580 xxx

248 4627 468 4668 versus
498 4614 874 4688 sequuntur.
935 4609 1014 4670 In
1072 4612 1405 4672 centesimo
1437 4612 1918 4692 quadragesimo
1950 4615 1995 4679 D
2026 4616 2372 4678 Ezechielis
2430 4617 2756 4697 propheta
2794 4638 2805 4677 :
2864 4616 2991 4677 Sed
3022 4617 3088 4676 in
3140 4614 3424 4676 Psalmis
3433 4614 3671 4692 facilis

244 4712 474 4785 quarto
505 4706 797 4786 singulis
853 4707 1091 4769 litteris
1144 4710 1399 4790 singuli
1454 4730 1669 4772 versus
1716 4711 1907 4792 depu-

242 4811 491 4867 tantur.
528 4808 700 4868 Sunt
752 4807 865 4887 qui
918 4813 979 4868 et
1031 4808 1197 4870 alios
1257 4809 1372 4871 hoc
1426 4810 1649 4871 ordine
1682 4816 1912 4892 putant

242 4904 552 4987 incipere,
606 4904 721 4964 sed
756 4904 943 4983 falsa
999 4927 1207 4967 eorum
1263 4908 1475 4989 opinio
1530 4914 1643 4968 est.
1694 4906 1910 4968 Habes

236 5008 294 5062 et
354 5003 429 5063 in
494 5001 1075 5065 Lamentationibus
1147 5004 1427 5073 Ieremia
1485 5012 1754 5087 quatuor
1807 5006 1909 5067 al-

222 5104 537 5185 phabeta,
565 5123 600 5163 e
651 5104 881 5185 quibus
936 5106 1063 5168 duo
1115 5108 1324 5189 prima
1375 5109 1561 5189 quasi
1597 5108 1906 5190 Sapphico

236 5208 437 5263 metro
470 5201 716 5283 scripta
771 5209 963 5279 sunt;
1020 5203 1171 5284 quia
1227 5209 1353 5264 tres
1409 5205 1752 5266 versiculos
1796 5206 1908 5286 qui

233 5300 362 5361 sibi
389 5299 669 5360 connexi
693 5306 865 5373 sunt,
925 5306 985 5360 et
1011 5300 1089 5362 ab
1120 5322 1243 5362 una
1290 5308 1530 5363 tantum
1557 5302 1773 5363 littera
1805 5303 1903 5363 in-

234 5399 517 5481 cipiunt,
572 5394 846 5459 Heroici
898 5418 1131 5460 comma
1187 5399 1529 5464 concludit.
1629 5400 1904 5462 Tertium

241 5516 380 5557 vero
442 5492 845 5577 alphabetum
903 5497 1188 5558 trimetro
1243 5499 1544 5580 scriptum
1602 5504 1714 5571 est,
1772 5504 1831 5558 et
1867 5520 1904 5559 a

240 5594 450 5655 ternis
483 5592 746 5670 litteris,
803 5594 919 5655 sed
967 5595 1198 5655 eisdem
1256 5597 1422 5656 terni
1477 5616 1692 5657 versus
1741 5597 1906 5657 inci-

232 5692 455 5774 piunt.
497 5688 819 5771 Quartum
871 5691 1264 5775 alphabetum
1320 5693 1533 5757 simile
1583 5700 1679 5757 est
1695 5696 1904 5777 primo

2020 4716 2341 4796 responsio
2395 4721 2508 4792 est,
2595 4735 2843 4776 carmen
2924 4734 3053 4775 esse
3138 4712 3432 4785 lyricum,
3485 4718 3544 4771 et
3600 4713 3666 4773 in

2020 4811 2390 4892 hujusmodi
2442 4822 2618 4895 opere
2677 4834 2799 4873 non
2867 4812 3067 4894 quari
3121 4810 3406 4871 ordinem
3463 4809 3668 4871 histo-

2018 4911 2151 4990 ria,
2184 4912 2296 4971 sed
2337 4914 2647 4982 factorum
2703 4912 2984 4973 carmina
3019 4910 3447 4990 singulorum.
3499 4912 3667 4970 Prae-

2017 5010 2254 5071 fatione
2336 5012 2591 5072 demum
2676 5012 2741 5072 in
2810 5010 3151 5072 Jeremiam
3235 5008 3667 5088 quadruplicis

2018 5108 2364 5186 alphabeti,
2422 5115 2486 5170 et
2544 5128 2852 5170 mensura
2913 5109 3095 5169 metri
3151 5108 3534 5168 mentionem
3577 5105 3666 5165 fe-

2016 5206 2102 5266 cit
2156 5206 2253 5266 his
2308 5206 2560 5267 verbis:
2634 5206 2814 5268 Unde
2870 5206 2935 5267 in
2989 5205 3154 5274 Iuda
3211 5209 3474 5282 tantum,
3507 5205 3567 5260 et
3595 5201 3663 5261 in

2015 5302 2353 5383 Benjamin
2402 5303 2819 5387 prophetavit,
2875 5309 2933 5363 et
2979 5303 3259 5364 civitatis
3287 5320 3415 5362 sua
3439 5299 3661 5359 ruinas

2014 5401 2421 5483 quadruplici
2512 5402 2775 5485 planxit
2880 5401 3225 5485 alphabeto,
3324 5397 3492 5479 quod
3547 5415 3660 5457 nos

2015 5519 2316 5561 mensura
2346 5501 2531 5561 metri
2581 5501 2981 5582 versibusque
3033 5497 3453 5560 reddidimus.
3512 5496 3661 5556 Haec

2012 5604 2164 5658 sunt
2214 5597 2357 5660 loca
2411 5599 2780 5679 celebriora,
2840 5607 2910 5660 ut
2968 5609 3146 5677 puto,
3205 5596 3269 5655 in
3328 5593 3558 5673 quibus
3596 5600 3661 5655 et

2012 5713 2219 5773 suam,
2273 5701 2338 5759 et
2417 5716 2871 5778 praecessorum
2954 5711 3211 5757 suorum
3295 5692 3661 5774 opinionem
