4060 6190
335 381 453 442 159

1501 371 1830 436 PATRUM
1870 367 2574 456 BENEDIGTINORUM

3625 361 3744 425 160

327 515 495 576 circa
550 521 753 575 metra
821 528 1144 572 sacrorum
1213 509 1560 570 Bibliorum
1633 504 1977 567 declaravit
2005 505 2058 571 Α
2088 500 2234 562 Jobi
2264 519 2478 560 versus
2508 518 2644 580 cap.
2679 515 2749 560 ιιι
2805 497 2927 558 hoc
2980 497 3167 559 modo
3197 495 3510 577 incipiunt
3540 495 3607 557 in
3635 515 3743 557 ve-

330 614 774 692 Hieronymus.
827 611 976 681 Quae
1021 608 1070 667 si
1118 607 1339 668 eodem
1395 607 1617 686 spiritu
1667 622 1794 683 quo
1841 602 1986 662 scri-

333 717 443 790 pta
500 715 668 780 sunt,
717 725 754 766 a
811 705 990 765 nobis
1038 705 1357 783 explicata
1425 704 1696 782 proponi
1748 700 1985 780 potuis-

335 819 495 879 sent,
568 803 954 865 validissime
1037 800 1336 880 iniuriam
1422 803 1738 861 fumorum
1811 797 1984 876 prius

333 905 676 982 impactam
769 901 1107 961 defendere
1212 901 1292 961 ab
1381 900 1768 977 Hieronymo
1858 914 1982 955 non

331 1002 759 1080 deSperarem.
834 1000 957 1061 Sed
1027 1016 1270 1070 vereor,
1345 1016 1423 1058 ne
1494 997 1582 1058 rei
1613 995 1984 1056 difficultate

330 1105 689 1178 superatus,
750 1103 890 1177 post
966 1097 1330 1176 Hieronymi
1395 1100 1750 1173 susceptam
1798 1110 1985 1169 expo-

333 1196 621 1257 sitionem
653 1195 928 1256 clamare
978 1213 1120 1254 cum
1153 1211 1225 1254 eo
1277 1192 1658 1271 compellar:
1693 1189 1980 1269 Ignosce,

333 1293 548 1366 lector,
609 1291 1019 1370 difficultati,
1072 1297 1130 1350 et
1185 1291 1423 1350 veniam
1480 1287 1684 1348 tribue
1720 1286 1988 1368 pauperi

334 1384 798 1470 intelligentiae.
851 1390 978 1450 Per
1003 1393 1332 1465 fenestras
1379 1387 1541 1447 enim
1591 1385 1902 1466 obliquas,
1929 1389 1988 1442 et

335 1490 403 1549 in
435 1490 682 1550 modum
733 1487 886 1548 retis
914 1491 1157 1566 factas,
1207 1493 1264 1545 et
1318 1506 1450 1566 quas
1497 1493 1732 1565 semper
1759 1481 1986 1543 clausa

324 1591 493 1661 sunt,
577 1584 828 1646 oculum
915 1582 1416 1652 intromittimus,
1495 1582 1668 1640 varia
1756 1595 1988 1656 genera

330 1684 680 1742 carminum
712 1682 775 1741 in
845 1681 1021 1740 libris
1091 1680 1286 1740 sacris
1355 1677 1572 1739 rimari
1643 1680 1980 1736 tentantes.

329 1782 550 1859 Operae
601 1785 813 1840 tamen
862 1779 1133 1858 pretium
1182 1778 1260 1836 sit
1310 1776 1409 1836 vel
1457 1775 1614 1835 illud
1658 1773 1875 1834 conari
1903 1772 1981 1832 ad

329 1876 791 1939 absolutionem
890 1877 1488 1954 Prolegomenorum
1589 1874 2053 1942 nostrorum,B

331 1995 473 2055 quas
520 1995 647 2036 non
706 1976 831 2036 alio
881 1974 1142 2036 consilio
1200 1973 1509 2033 adornata
1555 1976 1724 2042 sunt,
1782 1985 1973 2046 quam

325 2073 390 2134 in
473 2073 960 2134 elucidationem
1051 2077 1112 2130 et
1200 2070 1625 2130 defensionem
1717 2065 1977 2126 maximi

330 2170 801 2249 Scripturarum
849 2167 1232 2247 interpretis.
1291 2165 1445 2244 Ejus
1491 2165 1683 2242 igitur
1729 2169 1978 2222 senten—

331 2268 484 2328 tiam
534 2269 614 2328 de
665 2269 878 2328 metris
925 2273 986 2326 et
1035 2266 1319 2327 versibus
1377 2263 1731 2324 divinorum
1784 2260 1975 2322 Volu-

334 2365 573 2425 minum
629 2371 696 2425 ut
747 2365 1146 2425 manifestam
1195 2363 1522 2435 faciamus,
1577 2360 1657 2420 ad
1703 2364 1830 2418 tres
1867 2362 1976 2417 aut

330 2466 605 2540 quatuor
669 2460 1016 2522 carminum
1067 2460 1306 2539 species
1367 2457 1720 2519 revocanda
1769 2454 1979 2514 viden-

329 2565 434 2620 tur
464 2560 726 2620 recitata
755 2559 1043 2638 superius
1084 2557 1466 2619 testimonia.
1502 2559 1666 2616 Nam
1698 2554 1973 2633 primum

331 2657 396 2719 in
467 2656 629 2718 libro
715 2657 836 2718 Job
926 2675 1142 2717 versus
1231 2655 1654 2724 hexametros,
1723 2649 1975 2729 dactylo

336 2755 766 2835 spondaeoque
795 2760 1119 2815 currentes
1189 2753 1474 2832 agnoscit
1547 2756 1802 2813 sanctus
1862 2749 1979 2808 Do-

333 2857 490 2914 ctor.
542 2856 612 2913 In
661 2852 929 2913 Psalmis
978 2858 1186 2912 autem
1252 2851 1537 2910 trimetra
1584 2855 1646 2909 et
1691 2854 1979 2907 tetrame-

333 2957 436 3011 tra
501 2950 798 3023 iambica,
870 2957 939 3010 ut
1008 2951 1071 3009 in
1143 2949 1399 3010 Cantico
1487 2943 1974 3015 Deuteronomii,

335 3048 508 3126 quod
579 3054 941 3108 tetrametro
1009 3046 1282 3107 iambico
1353 3053 1641 3106 constare
1712 3059 1984 3122 pronun-

332 3144 471 3216 tiat,
531 3146 819 3223 quamvis
872 3144 1028 3205 alias
1073 3145 1441 3204 hexametro
1493 3161 1675 3203 versu
1722 3140 1981 3201 dixisset

2099 599 2335 658 teribus
2367 598 2646 657 Hebraeis
2677 595 3144 675 exemplaribus
3170 613 3183 654 :

2099 705 2242 756 :12:
2273 705 2392 754 mn
2424 706 2552 755 me
2593 678 2796 754 τιθήνη

2095 767 2274 848 Sinam
2305 768 2451 843 κήκ
2484 768 2821 844 inv-nubs:

3215 701 3279 752 πη
3309 676 3446 753 ’τἠπκ
3481 700 3574 751 ων
3605 701 3750 752 um

3157 790 3388 867 1min!
3421 791 3586 867 sum.
3609 790 3749 840 cum

3002 887 3015 926 :
3050 854 3202 932 mni
3234 854 3356 934 135v
3385 854 3677 935 vain-tam

2094 974 2244 1039 Quae
2276 970 2467 1030 verba
2496 970 2584 1029 ita
2615 969 2738 1048 legi
2784 974 3050 1047 possunt
3089 969 3276 1045 juxta
3321 987 3560 1028 morem
3593 968 3751 1028 anti-

2095 1085 2366 1146 quorum
2399 1066 2839 1140 Hebraeorum,
2871 1072 2931 1126 et
2980 1073 3264 1145 tempore
3292 1065 3494 1126 sancti
3524 1066 3747 1126 Hiero-

2096 1167 2270 1244 nymi
2297 1171 2663 1245 receptum:

2096 1263 2255 1320 Iobed
2285 1265 2391 1318 iam
2426 1263 2655 1318 havaled
2685 1263 2746 1317 bo
2962 1263 3179 1317 valalea
3205 1278 3366 1317 amar
3393 1261 3541 1316 hora
3563 1262 3748 1333 gaber.

2172 1337 2337 1390 Aiom
2357 1334 2470 1388 ahu
2528 1333 2640 1388 iehi
2663 1334 2861 1389 hosach
2935 1335 2992 1388 at
3021 1333 3252 1390 iadrasu
3282 1334 3418 1389 Eloa
3438 1336 3748 1388 mimmaal.

2166 1407 2258 1461 vat
2295 1405 2547 1476 thaphaa
2579 1406 2705 1460 alav
2735 1422 2898 1460 nara.

2098 1505 2314 1566 Latine
2377 1511 2587 1565 autem
2661 1505 2908 1564 reddita
2985 1509 3133 1564 sunt
3203 1503 3323 1564 hoc
3393 1503 3614 1564 ordine
3685 1505 3749 1565 in

2101 1602 2580 1682 Exemplaribus
2609 1602 2880 1662 Canonis
2923 1601 3242 1662 Hebraicee
3270 1600 3551 1662 veritatis
3581 1598 3746 1681 (Iob.

2097 1717 2187 1770 ιιι,
2216 1702 2273 1769 3,
2308 1701 2368 1776 4)
2397 1717 2410 1757 ;

2171 1797 2370 1852 Pereat
2400 1797 2542 1861 dies,
2576 1795 2634 1849 in
2669 1811 2785 1866 qua
2814 1799 2991 1851 natus
3022 1811 3176 1860 sum,

2225 1872 2282 1922 et
2303 1884 2416 1922 nox
2445 1868 2503 1922 in
2535 1885 2649 1937 qua
2681 1867 2903 1923 dictum
2936 1872 3060 1923 est:
3087 1871 3409 1938 conceptus
3429 1870 3520 1922 est
3539 1866 3740 1922 homo.

2225 1941 2362 1995 Dies
2392 1938 2489 1993 ille
2513 1943 2773 1994 vertatur
2800 1940 2860 1994 in
2889 1939 3184 2008 tenebras,

2228 2027 2344 2065 non
2379 2009 2641 2082 requirat
2668 2026 2802 2064 eum
2840 2015 2988 2065 Deus
3018 2011 3289 2082 desuper,

2225 2087 2283 2136 et
2313 2098 2430 2136 non
2464 2080 2720 2137 illustret
2751 2082 2988 2137 lumine.

2166 2174 2310 2231 Non
2371 2170 2614 2230 mireris
2686 2171 2855 2249 quod
2931 2171 2996 2230 in
3053 2170 3238 2231 tertia
3310 2187 3462 2230 voce
3513 2168 3739 2246 prioris

2084 2287 2302 2330 versus
2350 2268 2672 2346 pulverem
2735 2267 3024 2341 havaled,
3076 2286 3188 2347 pro
3239 2267 3508 2328 Hebraao
3557 2257 3736 2343 151a;

2086 2365 2249 2426 hanc
2295 2367 2484 2437 enim,
2539 2371 2696 2425 teste
2749 2365 3154 2444 Hieronymo,
3220 2364 3736 2425 consuetudinem

2085 2463 2406 2524 habebant
2463 2469 2703 2523 veteres
2773 2463 3041 2534 Hebraei,
3117 2471 3184 2524 ut
3247 2461 3426 2544 aleph
3459 2463 3740 2540 legerent

2083 2578 2197 2639 per
2266 2559 2378 2619 he:
2453 2565 2516 2620 et
2584 2558 2659 2618 he
2728 2579 2841 2639 per
2911 2559 3117 2641 aleplz.
3198 2560 3372 2623 Unde
3416 2560 3550 2639 ipse
3579 2558 3740 2618 libro

2086 2658 2513 2730 Quaestionum
2569 2658 3020 2719 Hebraicarum
3079 2659 3143 2718 in
3211 2658 3496 2719 Genesim
3543 2674 3557 2716 :
3610 2655 3741 2716 Nec

2087 2755 2469 2834 mirandum,
2521 2775 2713 2835 quare
2756 2775 2893 2815 cum
2938 2756 3107 2837 apud
3161 2754 3417 2816 Graecos
3464 2760 3523 2813 et
3558 2773 3671 2814 nos
3699 2773 3739 2814 Α

2089 2853 2304 2914 littera
2363 2853 2652 2912 videatur
2706 2853 2929 2913 addita
3002 2854 3093 2933 (in
3151 2853 3406 2914 nomine
3475 2852 3734 2922 Abram,

2097 2950 2259 3012 Gen.
2307 2969 2451 3024 xvn,
2521 2954 2580 3017 3.
2655 2951 2718 3031 5)
2787 2971 2900 3011 nos
2971 2969 3050 3011 as
3093 2950 3369 3011 litteram
3412 2949 3738 3010 Hebraam

2091 3049 2376 3108 additam
2434 3048 2822 3108 dixerimus:
2875 3049 3111 3109 idioma
3165 3049 3328 3108 enim
3385 3047 3624 3128 linguae
3653 3046 3741 3107 il-

2093 3145 2223 3206 lius
2266 3150 2358 3204 est
2416 3153 2532 3226 per
2572 3163 2653 3206 HE
2714 3145 2964 3226 quidem
3035 3145 3326 3223 scribere,
3373 3145 3485 3204 sed
3545 3153 3661 3227 per
3701 3162 3742 3206 Δ

336 3243 780 3322 compositum.
852 3242 1366 3304 Lamentationes
1453 3240 1724 3319 denique
1799 3235 1979 3315 ψωδὶ
2009 3233 2052 3300 C
2091 3244 2336 3324 legere:
2387 3243 2553 3303 sicut
2600 3243 2951 3303 econtrario
2999 3262 3038 3304 Α
3088 3243 3366 3303 litteram
3425 3262 3583 3320 sape
3624 3251 3744 3323 per

338 3360 522 3402 versu
609 3342 931 3422 Sapphico
1031 3342 1251 3402 asserit
1347 3341 1633 3420 scriptas,
1706 3347 1981 3419 propter

338 3455 590 3498 comma
638 3437 896 3512 heroici,
949 3439 1118 3518 quod
1169 3444 1296 3498 tres
1324 3438 1663 3499 versiculos
1693 3437 1810 3498 sibi
1841 3455 1983 3498 con-

336 3552 533 3596 nexos
590 3536 930 3597 concludit.
1007 3536 1314 3614 Quodque
1378 3537 1467 3596 ait
1523 3536 1599 3595 de
1659 3539 1983 3596 Lamenta-

339 3632 616 3694 tionibus
684 3634 872 3714 quasi
938 3634 1256 3713 Sapphico
1336 3652 1517 3694 versu
1589 3633 1978 3712 conscriptis,

338 3730 503 3792 idem
596 3731 1077 3810 intelligendum
1148 3738 1211 3791 et
1280 3731 1357 3792 de
1435 3731 1573 3790 aliis
1632 3732 1981 3791 carminum

341 3829 690 3909 speciebus.
743 3832 966 3908 Neque
1028 3847 1174 3889 vero
1224 3829 1581 3889 Grrecorum
1631 3847 1706 3888 ac
1737 3828 1987 3889 Latino-

341 3945 482 3987 rum
514 3926 896 3987 hexametris
942 3932 1004 3987 et
1051 3927 1458 4006 pentametris
1513 3927 1700 4005 pedes
1728 3927 1985 3986 omnino

341 4024 578 4086 similes
646 4031 971 4105 pateretur
1056 4024 1294 4084 idioma
1383 4025 1780 4096 Hebraicum,
1861 4043 1988 4102 quo

344 4121 512 4181 Libri
560 4123 723 4182 sacri
771 4122 1008 4183 conditi
1055 4128 1202 4183 sunt
1257 4121 1336 4182 ab
1385 4120 1838 4200 hagiographis
1885 4139 1992 4182 au-

345 4219 646 4279 ctoribus.
720 4223 924 4288 Quare
1011 4238 1152 4280 cum
1241 4219 1421 4279 audis
1507 4217 1858 4279 hexametra
1930 4224 1992 4278 et

333 4320 746 4397 pentametra,
832 4317 1303 4377 similitudinem
1375 4317 1715 4395 quamdam
1792 4316 1994 4377 heroi'

347 4430 564 4474 corum
628 4431 920 4473 versuum
988 4414 1340 4492 intelligere
1401 4413 1610 4486 debes,
1670 4420 1732 4474 et
1787 4414 1873 4474 sic
1928 4415 1993 4474 in

349 4511 591 4573 caeteris
649 4518 990 4572 metrorum
1050 4511 1407 4590 generibus,
1467 4510 1730 4572 iambico
1787 4519 1848 4573 et
1905 4511 1996 4572 al-

2089 3359 2170 3402 us
2203 3341 2649 3423 pronuntiant.
2704 3341 3071 3403 Notandum
3132 3342 3319 3402 etiam
3381 3359 3479 3401 me
3519 3340 3745 3401 Hiero-

2091 3439 2265 3518 nymi
2321 3439 2700 3500 auctoritate
2757 3439 3014 3500 ductum
3092 3439 3316 3517 legisse
3370 3436 3575 3519 gabor
3629 3456 3743 3517 pro

2093 3537 2396 3597 hodierno
2425 3556 2645 3616 gaver,
2677 3543 2734 3597 et
2785 3535 3043 3596 Hosaclz
3089 3555 3205 3615 pro
3235 3535 3555 3596 choscech.
3586 3538 3744 3596 Nam

2092 3635 2360 3714 epistola
2391 3635 2470 3694 ad
2518 3634 2860 3712 Evagrium
2910 3636 2986 3694 de
3033 3633 3542 3695 Melchisedecho
3589 3633 3744 3694 scri-

2093 3733 2268 3803 bens,
2329 3733 2661 3793 Hebrmum
2722 3724 2852 3800 olm
2905 3731 3133 3808 Salim,
3193 3732 3294 3792 vel
3340 3730 3742 3792 Salemindi-

2093 3829 2503 3891 scriminatim
2558 3830 2682 3908 legi
2739 3829 2923 3890 docet
2974 3828 3170 3908 (Gen.
3234 3847 3354 3902 xw,
3419 3830 3554 3910 18);
3597 3828 3742 3889 Non

2094 3931 2308 3998 refert,
2380 3926 2605 4005 inquit,
2681 3931 2891 3986 utrum
2964 3928 3197 3999 Salem,
3272 3948 3353 3986 an
3397 3928 3591 3989 Salim
3636 3947 3740 3986 no-

2096 4025 2388 4101 minetur,
2483 4043 2621 4083 cum
2691 4023 3010 4084 vocalibus
3097 4025 3164 4084 in
3236 4025 3438 4085 medio
3508 4023 3744 4085 litteris

2086 4131 2352 4204 perraro
2419 4126 2677 4181 utantur
2744 4120 3004 4183 Hebraei
3097 4128 3156 4182 et
3227 4131 3353 4204 pro
3432 4123 3746 4183 voluntate

2099 4219 2420 4296 lectorum,
2492 4225 2674 4299 atque
2759 4220 3014 4279 veritate
3102 4220 3455 4301 regionum,
3537 4220 3746 4280 eadem

2100 4317 2281 4378 verba
2337 4317 2609 4377 diversis
2664 4317 2839 4378 sonis
2895 4324 3078 4398 atque
3133 4317 3488 4378 accentibus
3528 4320 3745 4400 profe-

2101 4421 2348 4476 rantur.
2414 4415 2709 4476 Litteram
2747 4462 2761 4488 ,
2795 4436 2834 4486 Π
2881 4415 3046 4493 hct/1,
3121 4417 3263 4493 lego
3331 4417 3520 4476 etiam
3567 4434 3679 4495 per
3708 4414 3746 4474 lz

2105 4513 2542 4591 majusculam,
2604 4515 2683 4574 ad
2741 4513 3208 4574 distinctionem
3264 4513 3585 4590 simplicis,
3627 4512 3744 4574 he:

349 4609 542 4684 caico,
603 4609 831 4688 quibus
887 4628 1135 4671 currere
1194 4628 1267 4669 ac
1349 4627 1685 4687 personare
1762 4607 2270 4690 Psalte-unod
2340 4611 2738 4671 observatum
2829 4628 3081 4689 quoque
3170 4609 3439 4687 legimus
3507 4609 3570 4668 in
3643 4629 3752 4690 ap-

349 4706 508 4768 rium
566 4707 796 4768 dicitur
849 4707 1017 4786 apud
1075 4708 1549 4785 Hieronymum.
1629 4707 1793 4784 Ergo
1847 4709 1987 4768 Car-

349 4803 521 4865 mina
568 4804 822 4866 lieroica
869 4805 1147 4883 elegiaca
1196 4813 1256 4864 et
1303 4803 1501 4882 lyrica
1547 4804 1609 4862 in
1651 4805 1990 4884 Scripturis

348 4902 562 4975 sacris,
617 4921 740 4962 non
791 4902 1009 4963 eadem
1062 4908 1210 4963 sunt
1256 4920 1398 4962 cum
1443 4901 1670 4961 ercis
1719 4908 1828 4962 aut
1875 4905 1991 4963 La-

347 4999 494 5060 tinis
554 5000 790 5072 metris,
853 5001 964 5061 sed
1020 5001 1272 5060 illorum
1333 5005 1675 5060 metrorum
1733 4999 1984 5061 instar:

347 5115 508 5177 quas
560 5104 773 5157 tamen
829 5098 1136 5176 imagines
1201 5115 1496 5156 versuum
1567 5116 1641 5157 ac
1702 5097 1991 5159 similitu-

347 5196 525 5258 dines
572 5214 764 5275 supra
809 5215 1026 5255 omnes
1083 5195 1451 5255 Pindaricos
1507 5194 1694 5274 longe
1746 5197 1986 5270 modos,

348 5295 691 5367 Flaccicos,
742 5292 1118 5353 Horatianos
1165 5297 1226 5352 et
1278 5291 1642 5351 Homericos
1693 5301 1993 5370 praestare

350 5393 561 5452 nullus
617 5391 881 5451 dubitet.
937 5390 1060 5451 Sed
1121 5387 1298 5449 novis
1361 5388 1549 5448 modo
1607 5391 1995 5468 experimen-

350 5488 427 5548 tis
475 5489 866 5568 propositum
917 5493 1199 5548 nostrum
1259 5503 1702 5562 exsequamur,
1755 5505 1792 5545 a
1831 5486 1992 5547 libro

349 5585 471 5646 Job
499 5585 749 5646 initium
807 5591 1125 5646 sumentes
1177 5581 1607 5643 similitudinis
1653 5582 1825 5643 illius
1871 5602 1995 5646 me-

350 5682 547 5757 tricae,
582 5702 771 5763 quam
802 5684 866 5744 in
923 5683 1126 5747 Libris
1170 5680 1365 5745 sacris
1419 5687 1667 5743 exstare
1696 5680 1991 5746 diximus.

2097 4709 2433 4787 pendicula
2568 4709 2836 4768 Canonis
2982 4706 3302 4768 Hebraicm
3443 4706 3746 4778 veritatis,

2097 4825 2287 4884 quam
2329 4805 2574 4866 consuli
2642 4806 2827 4865 velim
2899 4824 3040 4866 cum
3113 4803 3368 4865 scholiis
3434 4805 3514 4866 ad
3558 4806 3748 4867 ﬁnem

2099 4903 2234 4982 ejus
2277 4903 2603 4981 appositis.
2678 4904 2768 4964 Ex
2837 4902 3163 4982 praemissa
3231 4902 3319 4962 sic
3363 4903 3625 4982 antiqua
3667 4903 3753 4964 le-

2101 5001 2306 5061 ctione
2365 5000 2810 5061 Hebraicorum
2871 5000 3230 5072 verborum,
3293 4999 3460 5062 haud
3513 5001 3751 5080 impos-

2100 5097 2279 5157 sibile
2351 5098 2468 5158 erit
2545 5098 2908 5178 Hieronymi
2981 5115 3234 5158 causam
3296 5098 3579 5158 obtinere
3633 5099 3754 5159 ad-

2101 5214 2318 5256 versus
2345 5195 2595 5274 iniquos
2650 5195 3160 5274 reprehensores,
3211 5196 3318 5273 qui
3356 5196 3419 5256 in
3452 5195 3753 5257 condem-

2103 5294 2421 5354 nationem
2516 5299 2745 5354 vocant
2831 5292 3140 5372 quidquid
3224 5311 3263 5353 a
3332 5294 3531 5354 saliva
3602 5313 3755 5372 pro-

2105 5390 2242 5468 pria
2311 5389 2582 5451 viderint
2651 5391 3030 5469 discrepare.
3105 5391 3334 5451 Versus
3388 5390 3581 5469 igitur
3609 5391 3756 5454 libri

2103 5489 2225 5548 Job
2282 5487 2624 5566 aliqualem
2675 5488 2946 5567 speciem
3003 5488 3355 5548 hexametri
3408 5489 3756 5567 prmferunt

2103 5586 2166 5646 in
2239 5586 2620 5646 dictionibus
2709 5586 2938 5664 quibus
3030 5591 3319 5647 constant
3383 5602 3398 5644 :
3474 5604 3619 5647 nam
3686 5587 3751 5648 in

2105 5683 2299 5766 priori
2368 5701 2572 5761 versu,
2665 5683 2840 5746 verbi
2923 5683 3147 5765 gratia,
3239 5681 3477 5764 dactyli
3558 5683 3754 5764 pedes
