  <div class='ocr_page' id='page_1' title='image "/cluster/home/n/w/nwhite01/storage/ocr_20150623/28/hvd.32044052824265/094.png"; bbox 0 0 4060 6190; ppageno 0'>
   <div class='ocr_carea' id='block_1_1' title="bbox 299 321 416 380">
    <p class='ocr_par' dir='ltr' id='par_1_1' title="bbox 299 321 416 380">
     <span class='ocr_line' id='line_1_1' title="bbox 299 321 416 380; baseline -0.017 0"><span class='ocrx_word' id='word_1_1' title='bbox 299 321 416 380; x_wconf 70' lang='grc'>161</span> 
     </span>
    </p>
   </div>
   <div class='ocr_carea' id='block_1_2' title="bbox 1711 294 2323 363">
    <p class='ocr_par' dir='ltr' id='par_1_2' title="bbox 1711 294 2323 363">
     <span class='ocr_line' id='line_1_2' title="bbox 1711 294 2323 363; baseline -0.011 0"><span class='ocrx_word' id='word_1_2' title='bbox 1711 294 2323 363; x_wconf 80' lang='lat' dir='ltr'>PROLEGOMENA.</span> 
     </span>
    </p>
   </div>
   <div class='ocr_carea' id='block_1_3' title="bbox 3607 293 3726 353">
    <p class='ocr_par' dir='ltr' id='par_1_3' title="bbox 3607 293 3726 353">
     <span class='ocr_line' id='line_1_3' title="bbox 3607 293 3726 353; baseline -0.008 0"><span class='ocrx_word' id='word_1_3' title='bbox 3607 293 3726 353; x_wconf 75' lang='grc'><strong>162</strong></span> 
     </span>
    </p>
   </div>
   <div class='ocr_carea' id='block_1_4' title="bbox 295 427 3725 534">
    <p class='ocr_par' dir='ltr' id='par_1_4' title="bbox 295 427 3725 534">
     <span class='ocr_line' id='line_1_4' title="bbox 295 427 3725 534; baseline -0.008 -19"><span class='ocrx_word' id='word_1_4' title='bbox 295 450 716 534; x_wconf 87' lang='lat' dir='ltr'>spondaique</span> <span class='ocrx_word' id='word_1_5' title='bbox 769 449 1132 518; x_wconf 89' lang='lat' dir='ltr'>decurrunt,</span> <span class='ocrx_word' id='word_1_6' title='bbox 1187 462 1304 505; x_wconf 91' lang='lat' dir='ltr'>nec</span> <span class='ocrx_word' id='word_1_7' title='bbox 1351 437 1624 502; x_wconf 82' lang='lat' dir='ltr'>absurde</span> <span class='ocrx_word' id='word_1_8' title='bbox 1679 429 2303 499; x_wconf 74' lang='lat' dir='ltr'>institui-ADeinde</span> <span class='ocrx_word' id='word_1_9' title='bbox 2350 429 2619 491; x_wconf 83' lang='lat' dir='ltr'>similem</span> <span class='ocrx_word' id='word_1_10' title='bbox 2679 429 2918 491; x_wconf 81' lang='lat' dir='ltr'>habent</span> <span class='ocrx_word' id='word_1_11' title='bbox 2974 447 3193 491; x_wconf 92' lang='lat' dir='ltr'>versus</span> <span class='ocrx_word' id='word_1_12' title='bbox 3252 428 3315 490; x_wconf 88' lang='lat' dir='ltr'>in</span> <span class='ocrx_word' id='word_1_13' title='bbox 3375 427 3498 488; x_wconf 83' lang='lat' dir='ltr'>ﬁne</span> <span class='ocrx_word' id='word_1_14' title='bbox 3557 427 3725 488; x_wconf 90' lang='lat' dir='ltr'>desi-</span> 
     </span>
    </p>
   </div>
   <div class='ocr_carea' id='block_1_5' title="bbox 300 531 1966 627">
    <p class='ocr_par' dir='ltr' id='par_1_5' title="bbox 300 531 1966 627">
     <span class='ocr_line' id='line_1_5' title="bbox 300 531 1966 627; baseline -0.013 -16"><span class='ocrx_word' id='word_1_15' title='bbox 300 531 410 612; x_wconf 79' lang='lat' dir='ltr'>tur</span> <span class='ocrx_word' id='word_1_16' title='bbox 468 547 767 627; x_wconf 86' lang='lat' dir='ltr'>aliqualis</span> <span class='ocrx_word' id='word_1_17' title='bbox 821 544 1216 623; x_wconf 81' lang='lat' dir='ltr'>comparatio</span> <span class='ocrx_word' id='word_1_18' title='bbox 1274 541 1441 600; x_wconf 87' lang='lat' dir='ltr'>inter</span> <span class='ocrx_word' id='word_1_19' title='bbox 1500 553 1746 597; x_wconf 89' lang='lat' dir='ltr'>versum</span> <span class='ocrx_word' id='word_1_20' title='bbox 1835 531 1966 610; x_wconf 92' lang='lat' dir='ltr'>pri-</span> 
     </span>
    </p>
   </div>
   <div class='ocr_carea' id='block_1_6' title="bbox 311 630 1967 721">
    <p class='ocr_par' dir='ltr' id='par_1_6' title="bbox 311 630 1967 721">
     <span class='ocr_line' id='line_1_6' title="bbox 311 630 1967 721; baseline -0.013 -12"><span class='ocrx_word' id='word_1_21' title='bbox 311 665 484 709; x_wconf 92' lang='lat' dir='ltr'>mum</span> <span class='ocrx_word' id='word_1_22' title='bbox 513 645 814 707; x_wconf 69' lang='lat' dir='ltr'>jEneidos</span> <span class='ocrx_word' id='word_1_23' title='bbox 863 641 1002 721; x_wconf 79' lang='lat' dir='ltr'>(lib.</span> <span class='ocrx_word' id='word_1_24' title='bbox 1036 642 1082 720; x_wconf 87' lang='lat'>1)</span> <span class='ocrx_word' id='word_1_25' title='bbox 1142 647 1206 700; x_wconf 87' lang='lat' dir='ltr'>et</span> <span class='ocrx_word' id='word_1_26' title='bbox 1259 637 1451 698; x_wconf 90' lang='lat' dir='ltr'>istum</span> <span class='ocrx_word' id='word_1_27' title='bbox 1485 633 1633 695; x_wconf 89' lang='lat' dir='ltr'>Jobi</span> <span class='ocrx_word' id='word_1_28' title='bbox 1689 630 1967 691; x_wconf 89' lang='lat' dir='ltr'>versicu—</span> 
     </span>
    </p>
   </div>
   <div class='ocr_carea' id='block_1_7' title="bbox 310 743 850 807">
    <p class='ocr_par' dir='ltr' id='par_1_7' title="bbox 310 743 850 807">
     <span class='ocr_line' id='line_1_7' title="bbox 310 743 850 807; baseline -0.013 0"><span class='ocrx_word' id='word_1_29' title='bbox 310 748 447 807; x_wconf 90' lang='lat' dir='ltr'>lum</span> <span class='ocrx_word' id='word_1_30' title='bbox 481 743 850 805; x_wconf 89' lang='lat' dir='ltr'>Hebraum.</span> 
     </span>
    </p>
   </div>
   <div class='ocr_carea' id='block_1_8' title="bbox 310 826 1789 910">
    <p class='ocr_par' dir='ltr' id='par_1_8' title="bbox 310 826 1789 910">
     <span class='ocr_line' id='line_1_8' title="bbox 310 826 1789 910; baseline -0.014 -11"><span class='ocrx_word' id='word_1_31' title='bbox 310 842 603 910; x_wconf 82' lang='lat' dir='ltr'>Iobedjom</span> <span class='ocrx_word' id='word_1_32' title='bbox 628 837 860 893; x_wconf 82' lang='lat' dir='ltr'>havaled</span> <span class='ocrx_word' id='word_1_33' title='bbox 892 836 953 894; x_wconf 79' lang='lat' dir='ltr'>bo</span> <span class='ocrx_word' id='word_1_34' title='bbox 989 834 1231 890; x_wconf 80' lang='lat' dir='ltr'>ivalaela</span> <span class='ocrx_word' id='word_1_35' title='bbox 1262 847 1424 887; x_wconf 89' lang='lat' dir='ltr'>amar</span> <span class='ocrx_word' id='word_1_36' title='bbox 1453 829 1589 885; x_wconf 80' lang='lat' dir='ltr'>hora</span> <span class='ocrx_word' id='word_1_37' title='bbox 1617 826 1789 896; x_wconf 85' lang='lat' dir='ltr'>gaber</span> 
     </span>
    </p>
   </div>
   <div class='ocr_carea' id='block_1_9' title="bbox 322 910 1904 998">
    <p class='ocr_par' dir='ltr' id='par_1_9' title="bbox 322 910 1904 998">
     <span class='ocr_line' id='line_1_9' title="bbox 322 910 1904 998; baseline -0.014 -11"><span class='ocrx_word' id='word_1_38' title='bbox 322 938 508 987; x_wconf 80' lang='lat' dir='ltr'>Arma</span> <span class='ocrx_word' id='word_1_39' title='bbox 536 930 849 998; x_wconf 86' lang='lat' dir='ltr'>virumque</span> <span class='ocrx_word' id='word_1_40' title='bbox 878 941 1024 981; x_wconf 89' lang='lat' dir='ltr'>cano</span> <span class='ocrx_word' id='word_1_41' title='bbox 1053 924 1235 994; x_wconf 82' lang='lat' dir='ltr'>Troja</span> <span class='ocrx_word' id='word_1_42' title='bbox 1268 922 1367 993; x_wconf 89' lang='lat' dir='ltr'>qui</span> <span class='ocrx_word' id='word_1_43' title='bbox 1401 920 1627 991; x_wconf 88' lang='lat' dir='ltr'>primus</span> <span class='ocrx_word' id='word_1_44' title='bbox 1658 915 1751 970; x_wconf 91' lang='lat' dir='ltr'>ab.</span> <span class='ocrx_word' id='word_1_45' title='bbox 1786 910 1904 968; x_wconf 91' lang='lat' dir='ltr'>oris</span> 
     </span>
    </p>
   </div>
   <div class='ocr_carea' id='block_1_10' title="bbox 376 1017 1948 1100">
    <p class='ocr_par' dir='ltr' id='par_1_10' title="bbox 376 1017 1948 1100">
     <span class='ocr_line' id='line_1_10' title="bbox 376 1017 1948 1100; baseline -0.014 -3"><span class='ocrx_word' id='word_1_46' title='bbox 376 1039 445 1096; x_wconf 89' lang='lat' dir='ltr'>In</span> <span class='ocrx_word' id='word_1_47' title='bbox 502 1035 771 1096; x_wconf 85' lang='lat' dir='ltr'>Hebrao</span> <span class='ocrx_word' id='word_1_48' title='bbox 828 1050 1010 1092; x_wconf 89' lang='lat' dir='ltr'>versu</span> <span class='ocrx_word' id='word_1_49' title='bbox 1073 1027 1218 1090; x_wconf 87' lang='lat' dir='ltr'>Jobi</span> <span class='ocrx_word' id='word_1_50' title='bbox 1277 1031 1374 1088; x_wconf 88' lang='lat' dir='ltr'>tot</span> <span class='ocrx_word' id='word_1_51' title='bbox 1449 1032 1597 1084; x_wconf 88' lang='lat' dir='ltr'>sunt</span> <span class='ocrx_word' id='word_1_52' title='bbox 1670 1017 1948 1100; x_wconf 86' lang='lat' dir='ltr'>syllaba</span> 
     </span>
    </p>
   </div>
   <div class='ocr_carea' id='block_1_11' title="bbox 300 1121 1947 1216">
    <p class='ocr_par' dir='ltr' id='par_1_11' title="bbox 300 1121 1947 1216">
     <span class='ocr_line' id='line_1_11' title="bbox 300 1121 1947 1216; baseline -0.014 -19"><span class='ocrx_word' id='word_1_53' title='bbox 300 1142 460 1216; x_wconf 90' lang='lat' dir='ltr'>quot</span> <span class='ocrx_word' id='word_1_54' title='bbox 488 1139 636 1194; x_wconf 89' lang='lat' dir='ltr'>sunt</span> <span class='ocrx_word' id='word_1_55' title='bbox 690 1132 756 1191; x_wconf 91' lang='lat' dir='ltr'>in</span> <span class='ocrx_word' id='word_1_56' title='bbox 811 1148 995 1190; x_wconf 89' lang='lat' dir='ltr'>versu</span> <span class='ocrx_word' id='word_1_57' title='bbox 1051 1126 1277 1188; x_wconf 90' lang='lat' dir='ltr'>Latino</span> <span class='ocrx_word' id='word_1_58' title='bbox 1334 1121 1656 1184; x_wconf 80' lang='lat' dir='ltr'>Maronis:</span> <span class='ocrx_word' id='word_1_59' title='bbox 1714 1133 1947 1178; x_wconf 86' lang='lat' dir='ltr'>casum</span> 
     </span>
    </p>
   </div>
   <div class='ocr_carea' id='block_1_12' title="bbox 297 1213 1949 1311">
    <p class='ocr_par' dir='ltr' id='par_1_12' title="bbox 297 1213 1949 1311">
     <span class='ocr_line' id='line_1_12' title="bbox 297 1213 1949 1311; baseline -0.014 -16"><span class='ocrx_word' id='word_1_60' title='bbox 297 1234 454 1295; x_wconf 90' lang='lat' dir='ltr'>item</span> <span class='ocrx_word' id='word_1_61' title='bbox 488 1230 763 1311; x_wconf 82' lang='lat' dir='ltr'>perfecte</span> <span class='ocrx_word' id='word_1_62' title='bbox 795 1227 1086 1288; x_wconf 83' lang='lat' dir='ltr'>convenit</span> <span class='ocrx_word' id='word_1_63' title='bbox 1133 1224 1299 1283; x_wconf 89' lang='lat' dir='ltr'>inter</span> <span class='ocrx_word' id='word_1_64' title='bbox 1354 1227 1718 1297; x_wconf 90' lang='lat' dir='ltr'>utrumque,</span> <span class='ocrx_word' id='word_1_65' title='bbox 1779 1221 1842 1275; x_wconf 91' lang='lat' dir='ltr'>et</span> <span class='ocrx_word' id='word_1_66' title='bbox 1897 1213 1949 1272; x_wconf 90' lang='lat' dir='ltr'>si</span> 
     </span>
    </p>
   </div>
   <div class='ocr_carea' id='block_1_13' title="bbox 298 1313 1949 1407">
    <p class='ocr_par' dir='ltr' id='par_1_13' title="bbox 298 1313 1949 1407">
     <span class='ocr_line' id='line_1_13' title="bbox 298 1313 1949 1407; baseline -0.013 -15"><span class='ocrx_word' id='word_1_67' title='bbox 298 1329 542 1407; x_wconf 87' lang='lat' dir='ltr'>dactyli</span> <span class='ocrx_word' id='word_1_68' title='bbox 589 1345 714 1388; x_wconf 92' lang='lat' dir='ltr'>non</span> <span class='ocrx_word' id='word_1_69' title='bbox 774 1329 1148 1394; x_wconf 89' lang='lat' dir='ltr'>consonant,</span> <span class='ocrx_word' id='word_1_70' title='bbox 1197 1338 1312 1380; x_wconf 90' lang='lat' dir='ltr'>nec</span> <span class='ocrx_word' id='word_1_71' title='bbox 1369 1320 1432 1380; x_wconf 92' lang='lat' dir='ltr'>in</span> <span class='ocrx_word' id='word_1_72' title='bbox 1492 1315 1753 1396; x_wconf 85' lang='lat' dir='ltr'>syllabis</span> <span class='ocrx_word' id='word_1_73' title='bbox 1810 1313 1949 1372; x_wconf 88' lang='lat' dir='ltr'>bre-</span> 
     </span>
    </p>
   </div>
   <div class='ocr_carea' id='block_1_14' title="bbox 303 1413 1946 1500">
    <p class='ocr_par' dir='ltr' id='par_1_14' title="bbox 303 1413 1946 1500">
     <span class='ocr_line' id='line_1_14' title="bbox 303 1413 1946 1500; baseline -0.012 -11"><span class='ocrx_word' id='word_1_74' title='bbox 303 1430 513 1500; x_wconf 85' lang='lat' dir='ltr'>vibus,</span> <span class='ocrx_word' id='word_1_75' title='bbox 548 1443 664 1486; x_wconf 91' lang='lat' dir='ltr'>nec</span> <span class='ocrx_word' id='word_1_76' title='bbox 707 1425 772 1484; x_wconf 91' lang='lat' dir='ltr'>in</span> <span class='ocrx_word' id='word_1_77' title='bbox 831 1439 1096 1482; x_wconf 90' lang='lat' dir='ltr'>numero</span> <span class='ocrx_word' id='word_1_78' title='bbox 1154 1419 1413 1497; x_wconf 88' lang='lat' dir='ltr'>pedum,</span> <span class='ocrx_word' id='word_1_79' title='bbox 1473 1413 1797 1475; x_wconf 87' lang='lat' dir='ltr'>nonnulla</span> <span class='ocrx_word' id='word_1_80' title='bbox 1850 1417 1946 1470; x_wconf 89' lang='lat' dir='ltr'>ta-</span> 
     </span>
    </p>
   </div>
   <div class='ocr_carea' id='block_1_15' title="bbox 301 1509 1943 1590">
    <p class='ocr_par' dir='ltr' id='par_1_15' title="bbox 301 1509 1943 1590">
     <span class='ocr_line' id='line_1_15' title="bbox 301 1509 1943 1590; baseline -0.012 -3"><span class='ocrx_word' id='word_1_81' title='bbox 301 1545 448 1587; x_wconf 88' lang='lat' dir='ltr'>men</span> <span class='ocrx_word' id='word_1_82' title='bbox 505 1528 652 1584; x_wconf 89' lang='lat' dir='ltr'>sunt</span> <span class='ocrx_word' id='word_1_83' title='bbox 706 1539 892 1582; x_wconf 84' lang='lat' dir='ltr'>voces</span> <span class='ocrx_word' id='word_1_84' title='bbox 947 1522 1307 1580; x_wconf 86' lang='lat' dir='ltr'>constantes</span> <span class='ocrx_word' id='word_1_85' title='bbox 1390 1515 1593 1575; x_wconf 90' lang='lat' dir='ltr'>tribus</span> <span class='ocrx_word' id='word_1_86' title='bbox 1660 1509 1943 1590; x_wconf 87' lang='lat' dir='ltr'>syllabis,</span> 
     </span>
    </p>
   </div>
   <div class='ocr_carea' id='block_1_16' title="bbox 301 1614 1950 1702">
    <p class='ocr_par' dir='ltr' id='par_1_16' title="bbox 301 1614 1950 1702">
     <span class='ocr_line' id='line_1_16' title="bbox 301 1614 1950 1702; baseline -0.011 -18"><span class='ocrx_word' id='word_1_87' title='bbox 301 1642 448 1702; x_wconf 86' lang='lat' dir='ltr'>qua</span> <span class='ocrx_word' id='word_1_88' title='bbox 503 1621 706 1681; x_wconf 81' lang='lat' dir='ltr'>vicem</span> <span class='ocrx_word' id='word_1_89' title='bbox 765 1617 1064 1698; x_wconf 90' lang='lat' dir='ltr'>supplent</span> <span class='ocrx_word' id='word_1_90' title='bbox 1119 1614 1518 1694; x_wconf 87' lang='lat' dir='ltr'>dactylorum</span> <span class='ocrx_word' id='word_1_91' title='bbox 1583 1615 1950 1691; x_wconf 87' lang='lat' dir='ltr'>Gracorum</span> 
     </span>
    </p>
   </div>
   <div class='ocr_carea' id='block_1_17' title="bbox 300 1705 1950 1783">
    <p class='ocr_par' dir='ltr' id='par_1_17' title="bbox 300 1705 1950 1783">
     <span class='ocr_line' id='line_1_17' title="bbox 300 1705 1950 1783; baseline -0.012 0"><span class='ocrx_word' id='word_1_92' title='bbox 300 1727 361 1783; x_wconf 89' lang='lat' dir='ltr'>et</span> <span class='ocrx_word' id='word_1_93' title='bbox 409 1719 808 1781; x_wconf 89' lang='lat' dir='ltr'>Latinorum.</span> <span class='ocrx_word' id='word_1_94' title='bbox 870 1719 1182 1776; x_wconf 89' lang='lat' dir='ltr'>Praterea</span> <span class='ocrx_word' id='word_1_95' title='bbox 1241 1729 1458 1772; x_wconf 91' lang='lat' dir='ltr'>versus</span> <span class='ocrx_word' id='word_1_96' title='bbox 1515 1709 1816 1770; x_wconf 84' lang='lat' dir='ltr'>Hebraus</span> <span class='ocrx_word' id='word_1_97' title='bbox 1867 1705 1950 1764; x_wconf 89' lang='lat' dir='ltr'>si-</span> 
     </span>
    </p>
   </div>
   <div class='ocr_carea' id='block_1_18' title="bbox 2077 525 3721 606">
    <p class='ocr_par' dir='ltr' id='par_1_18' title="bbox 2077 525 3721 606">
     <span class='ocr_line' id='line_1_18' title="bbox 2077 525 3721 606; baseline 0 -18"><span class='ocrx_word' id='word_1_98' title='bbox 2077 529 2385 602; x_wconf 89' lang='lat' dir='ltr'>nentiam,</span> <span class='ocrx_word' id='word_1_99' title='bbox 2439 547 2628 606; x_wconf 91' lang='lat' dir='ltr'>quam</span> <span class='ocrx_word' id='word_1_100' title='bbox 2694 547 2811 590; x_wconf 91' lang='lat' dir='ltr'>nos</span> <span class='ocrx_word' id='word_1_101' title='bbox 2867 527 3103 588; x_wconf 89' lang='lat' dir='ltr'>Gallice</span> <span class='ocrx_word' id='word_1_102' title='bbox 3153 527 3424 588; x_wconf 89' lang='lat' dir='ltr'>dicimus</span> <span class='ocrx_word' id='word_1_103' title='bbox 3484 525 3644 586; x_wconf 86' lang='lat' dir='ltr'>rime</span> <span class='ocrx_word' id='word_1_104' title='bbox 3705 543 3721 588; x_wconf 86' lang='lat'><strong>:</strong></span> 
     </span>
    </p>
   </div>
   <div class='ocr_carea' id='block_1_19' title="bbox 2078 625 3729 706">
    <p class='ocr_par' dir='ltr' id='par_1_19' title="bbox 2078 625 3729 706">
     <span class='ocr_line' id='line_1_19' title="bbox 2078 625 3729 706; baseline -0.003 -20"><span class='ocrx_word' id='word_1_105' title='bbox 2078 627 2318 706; x_wconf 89' lang='lat' dir='ltr'>priores</span> <span class='ocrx_word' id='word_1_106' title='bbox 2405 627 2570 686; x_wconf 92' lang='lat' dir='ltr'>enim</span> <span class='ocrx_word' id='word_1_107' title='bbox 2658 627 2784 686; x_wconf 90' lang='lat' dir='ltr'>duo</span> <span class='ocrx_word' id='word_1_108' title='bbox 2869 625 3188 697; x_wconf 89' lang='lat' dir='ltr'>desinunt,</span> <span class='ocrx_word' id='word_1_109' title='bbox 3251 625 3604 696; x_wconf 81' lang='lat' dir='ltr'>ianem,</span> <span class='ocrx_word' id='word_1_110' title='bbox 3666 629 3729 682; x_wconf 93' lang='lat' dir='ltr'>et</span> 
     </span>
    </p>
   </div>
   <div class='ocr_carea' id='block_1_20' title="bbox 2078 722 3731 802">
    <p class='ocr_par' dir='ltr' id='par_1_20' title="bbox 2078 722 3731 802">
     <span class='ocr_line' id='line_1_20' title="bbox 2078 722 3731 802; baseline -0.001 -20"><span class='ocrx_word' id='word_1_111' title='bbox 2078 724 2252 802; x_wconf 88' lang='lat' dir='ltr'>prior</span> <span class='ocrx_word' id='word_1_112' title='bbox 2309 741 2448 782; x_wconf 90' lang='lat' dir='ltr'>cum</span> <span class='ocrx_word' id='word_1_113' title='bbox 2510 723 2694 783; x_wconf 91' lang='lat' dir='ltr'>tertio</span> <span class='ocrx_word' id='word_1_114' title='bbox 2753 723 2817 782; x_wconf 91' lang='lat' dir='ltr'>in</span> <span class='ocrx_word' id='word_1_115' title='bbox 2874 723 3158 782; x_wconf 87' lang='lat' dir='ltr'>vocalem</span> <span class='ocrx_word' id='word_1_116' title='bbox 3217 742 3276 799; x_wconf 88' lang='lat' dir='ltr'>a,</span> <span class='ocrx_word' id='word_1_117' title='bbox 3337 742 3434 781; x_wconf 88' lang='lat' dir='ltr'>am</span> <span class='ocrx_word' id='word_1_118' title='bbox 3492 722 3731 782; x_wconf 90' lang='lat' dir='ltr'>scilicet</span> 
     </span>
    </p>
   </div>
   <div class='ocr_carea' id='block_1_21' title="bbox 2081 819 3727 899">
    <p class='ocr_par' dir='ltr' id='par_1_21' title="bbox 2081 819 3727 899">
     <span class='ocr_line' id='line_1_21' title="bbox 2081 819 3727 899; baseline -0.001 -18"><span class='ocrx_word' id='word_1_119' title='bbox 2081 827 2144 881; x_wconf 87' lang='lat' dir='ltr'>et</span> <span class='ocrx_word' id='word_1_120' title='bbox 2172 840 2325 880; x_wconf 86' lang='lat' dir='ltr'>mas.</span> <span class='ocrx_word' id='word_1_121' title='bbox 2377 819 2658 880; x_wconf 87' lang='lat' dir='ltr'>Tandem</span> <span class='ocrx_word' id='word_1_122' title='bbox 2717 820 2768 879; x_wconf 93' lang='lat' dir='ltr'>si</span> <span class='ocrx_word' id='word_1_123' title='bbox 2827 839 3118 880; x_wconf 87' lang='lat' dir='ltr'>versuum</span> <span class='ocrx_word' id='word_1_124' title='bbox 3181 820 3441 899; x_wconf 91' lang='lat' dir='ltr'>syllaba</span> <span class='ocrx_word' id='word_1_125' title='bbox 3503 838 3727 880; x_wconf 88' lang='lat' dir='ltr'>nume-</span> 
     </span>
    </p>
   </div>
   <div class='ocr_carea' id='block_1_22' title="bbox 2081 917 3726 998">
    <p class='ocr_par' dir='ltr' id='par_1_22' title="bbox 2081 917 3726 998">
     <span class='ocr_line' id='line_1_22' title="bbox 2081 917 3726 998; baseline -0.001 -20"><span class='ocrx_word' id='word_1_126' title='bbox 2081 926 2320 987; x_wconf 89' lang='lat' dir='ltr'>rentur,</span> <span class='ocrx_word' id='word_1_127' title='bbox 2355 920 2665 998; x_wconf 90' lang='lat' dir='ltr'>aqualem</span> <span class='ocrx_word' id='word_1_128' title='bbox 2724 918 2786 977; x_wconf 91' lang='lat' dir='ltr'>in</span> <span class='ocrx_word' id='word_1_129' title='bbox 2845 918 2934 978; x_wconf 93' lang='lat' dir='ltr'>eis</span> <span class='ocrx_word' id='word_1_130' title='bbox 2981 935 3309 978; x_wconf 87' lang='lat' dir='ltr'>numerum</span> <span class='ocrx_word' id='word_1_131' title='bbox 3371 917 3726 996; x_wconf 59' lang='lat' dir='ltr'>deprehen.</span> 
     </span>
    </p>
   </div>
   <div class='ocr_carea' id='block_1_23' title="bbox 2083 1014 3730 1094">
    <p class='ocr_par' dir='ltr' id='par_1_23' title="bbox 2083 1014 3730 1094">
     <span class='ocr_line' id='line_1_23' title="bbox 2083 1014 3730 1094; baseline -0.001 -17"><span class='ocrx_word' id='word_1_132' title='bbox 2083 1018 2213 1077; x_wconf 90' lang='lat' dir='ltr'>des.</span> <span class='ocrx_word' id='word_1_133' title='bbox 2247 1016 2425 1077; x_wconf 91' lang='lat' dir='ltr'>Unde</span> <span class='ocrx_word' id='word_1_134' title='bbox 2457 1023 2857 1094; x_wconf 84' lang='lat' dir='ltr'>perspectum</span> <span class='ocrx_word' id='word_1_135' title='bbox 2908 1021 3100 1093; x_wconf 90' lang='lat' dir='ltr'>atque</span> <span class='ocrx_word' id='word_1_136' title='bbox 3158 1015 3554 1094; x_wconf 88' lang='lat' dir='ltr'>exploratum</span> <span class='ocrx_word' id='word_1_137' title='bbox 3619 1014 3730 1075; x_wconf 88' lang='lat' dir='ltr'>ha-</span> 
     </span>
    </p>
   </div>
   <div class='ocr_carea' id='block_1_24' title="bbox 2085 1112 3729 1192">
    <p class='ocr_par' dir='ltr' id='par_1_24' title="bbox 2085 1112 3729 1192">
     <span class='ocr_line' id='line_1_24' title="bbox 2085 1112 3729 1192; baseline -0.001 -18"><span class='ocrx_word' id='word_1_138' title='bbox 2085 1114 2330 1186; x_wconf 90' lang='lat' dir='ltr'>bemus,</span> <span class='ocrx_word' id='word_1_139' title='bbox 2391 1113 2547 1174; x_wconf 88' lang='lat' dir='ltr'>nihil</span> <span class='ocrx_word' id='word_1_140' title='bbox 2604 1120 2841 1173; x_wconf 90' lang='lat' dir='ltr'>temere</span> <span class='ocrx_word' id='word_1_141' title='bbox 2924 1112 3004 1172; x_wconf 89' lang='lat' dir='ltr'>ab</span> <span class='ocrx_word' id='word_1_142' title='bbox 3092 1113 3472 1192; x_wconf 87' lang='lat' dir='ltr'>Hieronymo</span> <span class='ocrx_word' id='word_1_143' title='bbox 3539 1113 3729 1173; x_wconf 88' lang='lat' dir='ltr'>fuisse</span> 
     </span>
    </p>
   </div>
   <div class='ocr_carea' id='block_1_25' title="bbox 2049 1208 3714 1289">
    <p class='ocr_par' dir='ltr' id='par_1_25' title="bbox 2049 1208 3714 1289">
     <span class='ocr_line' id='line_1_25' title="bbox 2049 1208 3714 1289; baseline -0.003 -17"><span class='ocrx_word' id='word_1_144' title='bbox 2049 1213 2242 1289; x_wconf 91' lang='lat' dir='ltr'>script</span> <span class='ocrx_word' id='word_1_145' title='bbox 2275 1231 2404 1284; x_wconf 93' lang='lat' dir='ltr'>um,</span> <span class='ocrx_word' id='word_1_146' title='bbox 2465 1231 2606 1272; x_wconf 91' lang='lat' dir='ltr'>cum</span> <span class='ocrx_word' id='word_1_147' title='bbox 2661 1211 2942 1271; x_wconf 86' lang='lat' dir='ltr'>diceret:</span> <span class='ocrx_word' id='word_1_148' title='bbox 2995 1208 3212 1269; x_wconf 82' lang='lat' dir='ltr'>Habes</span> <span class='ocrx_word' id='word_1_149' title='bbox 3267 1209 3420 1268; x_wconf 85' lang='lat' dir='ltr'>etin</span> <span class='ocrx_word' id='word_1_150' title='bbox 3450 1208 3714 1269; x_wconf 80' lang='lat' dir='ltr'>Lamen-</span> 
     </span>
    </p>
   </div>
   <div class='ocr_carea' id='block_1_26' title="bbox 2059 1305 3724 1388">
    <p class='ocr_par' dir='ltr' id='par_1_26' title="bbox 2059 1305 3724 1388">
     <span class='ocr_line' id='line_1_26' title="bbox 2059 1305 3724 1388; baseline -0.001 -20"><span class='ocrx_word' id='word_1_151' title='bbox 2059 1309 2424 1387; x_wconf 57' lang='lat' dir='ltr'>tationibus</span> <span class='ocrx_word' id='word_1_152' title='bbox 2470 1308 2767 1376; x_wconf 66' lang='lat' dir='ltr'>Ieremia</span> <span class='ocrx_word' id='word_1_153' title='bbox 2829 1313 3100 1387; x_wconf 80' lang='lat' dir='ltr'>quatuor</span> <span class='ocrx_word' id='word_1_154' title='bbox 3128 1305 3478 1388; x_wconf 74' lang='lat' dir='ltr'>alphabeta,</span> <span class='ocrx_word' id='word_1_155' title='bbox 3506 1327 3537 1365; x_wconf 94' lang='lat' dir='ltr'>e</span> <span class='ocrx_word' id='word_1_156' title='bbox 3578 1307 3724 1386; x_wconf 79' lang='lat' dir='ltr'>qui-</span> 
     </span>
    </p>
   </div>
   <div class='ocr_carea' id='block_1_27' title="bbox 2067 1403 3729 1488">
    <p class='ocr_par' dir='ltr' id='par_1_27' title="bbox 2067 1403 3729 1488">
     <span class='ocr_line' id='line_1_27' title="bbox 2067 1403 3729 1488; baseline -0.002 -24"><span class='ocrx_word' id='word_1_157' title='bbox 2067 1407 2198 1466; x_wconf 68' lang='lat' dir='ltr'>éus</span> <span class='ocrx_word' id='word_1_158' title='bbox 2253 1408 2378 1466; x_wconf 86' lang='lat' dir='ltr'>duo</span> <span class='ocrx_word' id='word_1_159' title='bbox 2399 1407 2611 1488; x_wconf 71' lang='lat' dir='ltr'>prima</span> <span class='ocrx_word' id='word_1_160' title='bbox 2640 1406 2826 1485; x_wconf 81' lang='lat' dir='ltr'>quasi</span> <span class='ocrx_word' id='word_1_161' title='bbox 2877 1403 3187 1486; x_wconf 68' lang='lat' dir='ltr'>Sapphico</span> <span class='ocrx_word' id='word_1_162' title='bbox 3247 1408 3438 1463; x_wconf 77' lang='lat' dir='ltr'>metro</span> <span class='ocrx_word' id='word_1_163' title='bbox 3493 1404 3729 1484; x_wconf 74' lang='lat' dir='ltr'>scripta</span> 
     </span>
    </p>
   </div>
   <div class='ocr_carea' id='block_1_28' title="bbox 2052 1501 3730 1585">
    <p class='ocr_par' dir='ltr' id='par_1_28' title="bbox 2052 1501 3730 1585">
     <span class='ocr_line' id='line_1_28' title="bbox 2052 1501 3730 1585; baseline -0.002 -22"><span class='ocrx_word' id='word_1_164' title='bbox 2052 1510 2260 1577; x_wconf 83' lang='lat' dir='ltr'>sunt;</span> <span class='ocrx_word' id='word_1_165' title='bbox 2323 1504 2474 1585; x_wconf 78' lang='lat' dir='ltr'>quia</span> <span class='ocrx_word' id='word_1_166' title='bbox 2531 1510 2656 1562; x_wconf 78' lang='lat' dir='ltr'>tres</span> <span class='ocrx_word' id='word_1_167' title='bbox 2712 1503 3077 1580; x_wconf 73' lang='lat' dir='ltr'>versiculos,</span> <span class='ocrx_word' id='word_1_168' title='bbox 3112 1502 3224 1582; x_wconf 78' lang='lat' dir='ltr'>qui</span> <span class='ocrx_word' id='word_1_169' title='bbox 3275 1501 3404 1562; x_wconf 80' lang='lat' dir='ltr'>sibi</span> <span class='ocrx_word' id='word_1_170' title='bbox 3458 1502 3730 1562; x_wconf 81' lang='lat' dir='ltr'>connexi</span> 
     </span>
    </p>
   </div>
   <div class='ocr_carea' id='block_1_29' title="bbox 2053 1598 3720 1681">
    <p class='ocr_par' dir='ltr' id='par_1_29' title="bbox 2053 1598 3720 1681">
     <span class='ocr_line' id='line_1_29' title="bbox 2053 1598 3720 1681; baseline -0.002 -20"><span class='ocrx_word' id='word_1_171' title='bbox 2053 1622 2171 1662; x_wconf 85' lang='lat' dir='ltr'>sun</span> <span class='ocrx_word' id='word_1_172' title='bbox 2191 1607 2237 1674; x_wconf 77' lang='grc' dir='ltr'>ί,</span> <span class='ocrx_word' id='word_1_173' title='bbox 2273 1607 2330 1660; x_wconf 79' lang='lat' dir='ltr'>et</span> <span class='ocrx_word' id='word_1_174' title='bbox 2359 1600 2435 1661; x_wconf 80' lang='lat' dir='ltr'>ab</span> <span class='ocrx_word' id='word_1_175' title='bbox 2467 1621 2590 1660; x_wconf 84' lang='lat' dir='ltr'>una</span> <span class='ocrx_word' id='word_1_176' title='bbox 2621 1606 2861 1660; x_wconf 78' lang='lat' dir='ltr'>tantum</span> <span class='ocrx_word' id='word_1_177' title='bbox 2911 1599 3126 1660; x_wconf 80' lang='lat' dir='ltr'>littera</span> <span class='ocrx_word' id='word_1_178' title='bbox 3188 1599 3523 1681; x_wconf 71' lang='lat' dir='ltr'>incipiunt,</span> <span class='ocrx_word' id='word_1_179' title='bbox 3584 1598 3720 1659; x_wconf 86' lang='lat' dir='ltr'>He-</span> 
     </span>
    </p>
   </div>
   <div class='ocr_carea' id='block_1_30' title="bbox 2054 1698 2864 1760">
    <p class='ocr_par' dir='ltr' id='par_1_30' title="bbox 2054 1698 2864 1760">
     <span class='ocr_line' id='line_1_30' title="bbox 2054 1698 2864 1760; baseline -0.001 -1"><span class='ocrx_word' id='word_1_180' title='bbox 2054 1721 2090 1760; x_wconf 87' lang='lat' dir='ltr'>r</span> <span class='ocrx_word' id='word_1_181' title='bbox 2107 1699 2234 1760; x_wconf 88' lang='lat' dir='ltr'>oici</span> <span class='ocrx_word' id='word_1_182' title='bbox 2261 1720 2498 1759; x_wconf 86' lang='lat' dir='ltr'>comma</span> <span class='ocrx_word' id='word_1_183' title='bbox 2519 1698 2864 1758; x_wconf 73' lang='lat' dir='ltr'>concludit.</span> 
     </span>
    </p>
   </div>
   <div class='ocr_carea' id='block_1_31' title="bbox 315 1795 3728 1886">
    <p class='ocr_par' dir='ltr' id='par_1_31' title="bbox 315 1795 3728 1886">
     <span class='ocr_line' id='line_1_31' title="bbox 315 1795 3728 1886; baseline -0.007 -7"><span class='ocrx_word' id='word_1_184' title='bbox 315 1819 532 1879; x_wconf 92' lang='lat' dir='ltr'>milem</span> <span class='ocrx_word' id='word_1_185' title='bbox 565 1816 758 1878; x_wconf 87' lang='lat' dir='ltr'>habet</span> <span class='ocrx_word' id='word_1_186' title='bbox 803 1831 1052 1886; x_wconf 89' lang='lat' dir='ltr'>sonum,</span> <span class='ocrx_word' id='word_1_187' title='bbox 1113 1812 1242 1872; x_wconf 89' lang='lat' dir='ltr'>sive</span> <span class='ocrx_word' id='word_1_188' title='bbox 1295 1807 1634 1878; x_wconf 69' lang='lat' dir='ltr'>rythmum,</span> <span class='ocrx_word' id='word_1_189' title='bbox 1696 1811 1764 1864; x_wconf 88' lang='lat' dir='ltr'>ut</span> <span class='ocrx_word' id='word_1_190' title='bbox 1820 1801 1962 1863; x_wconf 91' lang='lat' dir='ltr'>Gal-</span> <span class='ocrx_word' id='word_1_191' title='bbox 1993 1813 2039 1878; x_wconf 82' lang='grc' dir='ltr'><strong>Β</strong></span> <span class='ocrx_word' id='word_1_192' title='bbox 2153 1801 2237 1858; x_wconf 92' lang='lat' dir='ltr'>De</span> <span class='ocrx_word' id='word_1_193' title='bbox 2267 1798 2513 1857; x_wconf 85' lang='lat' dir='ltr'>cantico</span> <span class='ocrx_word' id='word_1_194' title='bbox 2547 1795 3016 1857; x_wconf 88' lang='lat' dir='ltr'>Deuteronomii</span> <span class='ocrx_word' id='word_1_195' title='bbox 3045 1795 3203 1876; x_wconf 76' lang='lat' dir='ltr'>(cap.</span> <span class='ocrx_word' id='word_1_196' title='bbox 3238 1813 3433 1869; x_wconf 84' lang='lat' dir='ltr'>xxxu,</span> <span class='ocrx_word' id='word_1_197' title='bbox 3468 1815 3626 1856; x_wconf 87' lang='lat' dir='ltr'>vers.</span> <span class='ocrx_word' id='word_1_198' title='bbox 3663 1798 3728 1856; x_wconf 88' lang='grc'>1-</span> 
     </span>
    </p>
   </div>
   <div class='ocr_carea' id='block_1_32' title="bbox 315 1904 1966 1988">
    <p class='ocr_par' dir='ltr' id='par_1_32' title="bbox 315 1904 1966 1988">
     <span class='ocr_line' id='line_1_32' title="bbox 315 1904 1966 1988; baseline -0.011 -12"><span class='ocrx_word' id='word_1_199' title='bbox 315 1917 436 1977; x_wconf 90' lang='lat' dir='ltr'>lice</span> <span class='ocrx_word' id='word_1_200' title='bbox 493 1915 738 1988; x_wconf 91' lang='lat' dir='ltr'>dicunt,</span> <span class='ocrx_word' id='word_1_201' title='bbox 769 1913 833 1972; x_wconf 92' lang='lat' dir='ltr'>in</span> <span class='ocrx_word' id='word_1_202' title='bbox 865 1911 988 1971; x_wconf 86' lang='lat' dir='ltr'>ﬁne</span> <span class='ocrx_word' id='word_1_203' title='bbox 1020 1913 1405 1971; x_wconf 89' lang='lat' dir='ltr'>commatum</span> <span class='ocrx_word' id='word_1_204' title='bbox 1440 1923 1454 1964; x_wconf 92' lang='lat'>:</span> <span class='ocrx_word' id='word_1_205' title='bbox 1511 1904 1660 1984; x_wconf 83' lang='lat' dir='ltr'>quia</span> <span class='ocrx_word' id='word_1_206' title='bbox 1717 1907 1966 1962; x_wconf 90' lang='lat' dir='ltr'>utrum-</span> 
     </span>
    </p>
   </div>
   <div class='ocr_carea' id='block_1_33' title="bbox 312 1999 1967 2094">
    <p class='ocr_par' dir='ltr' id='par_1_33' title="bbox 312 1999 1967 2094">
     <span class='ocr_line' id='line_1_33' title="bbox 312 1999 1967 2094; baseline -0.011 -19"><span class='ocrx_word' id='word_1_207' title='bbox 312 2032 438 2094; x_wconf 89' lang='lat' dir='ltr'>que</span> <span class='ocrx_word' id='word_1_208' title='bbox 467 2031 722 2074; x_wconf 92' lang='lat' dir='ltr'>comma</span> <span class='ocrx_word' id='word_1_209' title='bbox 779 2009 1158 2070; x_wconf 87' lang='lat' dir='ltr'>terminatur</span> <span class='ocrx_word' id='word_1_210' title='bbox 1213 2007 1276 2066; x_wconf 91' lang='lat' dir='ltr'>in</span> <span class='ocrx_word' id='word_1_211' title='bbox 1307 2025 1364 2083; x_wconf 91' lang='lat' dir='ltr'>o,</span> <span class='ocrx_word' id='word_1_212' title='bbox 1399 2002 1494 2080; x_wconf 80' lang='lat' dir='ltr'>bo,</span> <span class='ocrx_word' id='word_1_213' title='bbox 1530 2008 1592 2062; x_wconf 93' lang='lat' dir='ltr'>et</span> <span class='ocrx_word' id='word_1_214' title='bbox 1637 1999 1768 2060; x_wconf 84' lang='lat' dir='ltr'>bar.</span> <span class='ocrx_word' id='word_1_215' title='bbox 1831 2000 1967 2058; x_wconf 92' lang='lat' dir='ltr'>Hoc</span> 
     </span>
    </p>
   </div>
   <div class='ocr_carea' id='block_1_34' title="bbox 307 2098 1969 2178">
    <p class='ocr_par' dir='ltr' id='par_1_34' title="bbox 307 2098 1969 2178">
     <span class='ocr_line' id='line_1_34' title="bbox 307 2098 1969 2178; baseline -0.013 -4"><span class='ocrx_word' id='word_1_216' title='bbox 307 2113 503 2174; x_wconf 86' lang='lat' dir='ltr'>decus</span> <span class='ocrx_word' id='word_1_217' title='bbox 534 2111 822 2172; x_wconf 87' lang='lat' dir='ltr'>obtinent</span> <span class='ocrx_word' id='word_1_218' title='bbox 875 2107 1147 2167; x_wconf 82' lang='lat' dir='ltr'>Hebraa</span> <span class='ocrx_word' id='word_1_219' title='bbox 1203 2102 1486 2164; x_wconf 88' lang='lat' dir='ltr'>carmina</span> <span class='ocrx_word' id='word_1_220' title='bbox 1546 2115 1740 2178; x_wconf 85' lang='lat' dir='ltr'>supra</span> <span class='ocrx_word' id='word_1_221' title='bbox 1799 2098 1969 2156; x_wconf 79' lang='lat' dir='ltr'>Gra-</span> 
     </span>
    </p>
   </div>
   <div class='ocr_carea' id='block_1_35' title="bbox 313 2200 1965 2270">
    <p class='ocr_par' dir='ltr' id='par_1_35' title="bbox 313 2200 1965 2270">
     <span class='ocr_line' id='line_1_35' title="bbox 313 2200 1965 2270; baseline -0.012 0"><span class='ocrx_word' id='word_1_222' title='bbox 313 2227 538 2270; x_wconf 91' lang='lat' dir='ltr'>corum</span> <span class='ocrx_word' id='word_1_223' title='bbox 601 2206 700 2268; x_wconf 92' lang='lat' dir='ltr'>vel</span> <span class='ocrx_word' id='word_1_224' title='bbox 757 2204 1122 2265; x_wconf 85' lang='lat' dir='ltr'>Latinorum</span> <span class='ocrx_word' id='word_1_225' title='bbox 1183 2206 1406 2260; x_wconf 78' lang='lat' dir='ltr'>metra;</span> <span class='ocrx_word' id='word_1_226' title='bbox 1465 2200 1662 2258; x_wconf 89' lang='lat' dir='ltr'>Porro</span> <span class='ocrx_word' id='word_1_227' title='bbox 1721 2213 1796 2254; x_wconf 86' lang='lat' dir='ltr'>ex</span> <span class='ocrx_word' id='word_1_228' title='bbox 1855 2211 1965 2252; x_wconf 92' lang='lat' dir='ltr'>ea-</span> 
     </span>
    </p>
   </div>
   <div class='ocr_carea' id='block_1_36' title="bbox 320 2295 1962 2368">
    <p class='ocr_par' dir='ltr' id='par_1_36' title="bbox 320 2295 1962 2368">
     <span class='ocr_line' id='line_1_36' title="bbox 320 2295 1962 2368; baseline -0.012 0"><span class='ocrx_word' id='word_1_229' title='bbox 320 2308 465 2368; x_wconf 88' lang='lat' dir='ltr'>dem</span> <span class='ocrx_word' id='word_1_230' title='bbox 553 2302 894 2366; x_wconf 87' lang='lat' dir='ltr'>concordia</span> <span class='ocrx_word' id='word_1_231' title='bbox 973 2317 1266 2360; x_wconf 89' lang='lat' dir='ltr'>versuum</span> <span class='ocrx_word' id='word_1_232' title='bbox 1355 2295 1765 2356; x_wconf 87' lang='lat' dir='ltr'>Hebraorum</span> <span class='ocrx_word' id='word_1_233' title='bbox 1823 2308 1962 2350; x_wconf 85' lang='lat' dir='ltr'>cum</span> 
     </span>
    </p>
   </div>
   <div class='ocr_carea' id='block_1_37' title="bbox 315 2389 1965 2476">
    <p class='ocr_par' dir='ltr' id='par_1_37' title="bbox 315 2389 1965 2476">
     <span class='ocr_line' id='line_1_37' title="bbox 315 2389 1965 2476; baseline -0.012 -10"><span class='ocrx_word' id='word_1_234' title='bbox 315 2403 559 2466; x_wconf 87' lang='lat' dir='ltr'>Latinis</span> <span class='ocrx_word' id='word_1_235' title='bbox 615 2398 1021 2467; x_wconf 86' lang='lat' dir='ltr'>hexametris,</span> <span class='ocrx_word' id='word_1_236' title='bbox 1084 2415 1225 2476; x_wconf 90' lang='lat' dir='ltr'>qua</span> <span class='ocrx_word' id='word_1_237' title='bbox 1281 2392 1590 2456; x_wconf 82' lang='lat' dir='ltr'>sexcentis</span> <span class='ocrx_word' id='word_1_238' title='bbox 1648 2389 1802 2450; x_wconf 90' lang='lat' dir='ltr'>locis</span> <span class='ocrx_word' id='word_1_239' title='bbox 1857 2407 1965 2448; x_wconf 91' lang='lat' dir='ltr'>oc-</span> 
     </span>
    </p>
   </div>
   <div class='ocr_carea' id='block_1_38' title="bbox 317 2487 1968 2569">
    <p class='ocr_par' dir='ltr' id='par_1_38' title="bbox 317 2487 1968 2569">
     <span class='ocr_line' id='line_1_38' title="bbox 317 2487 1968 2569; baseline -0.011 -7"><span class='ocrx_word' id='word_1_240' title='bbox 317 2501 516 2562; x_wconf 89' lang='lat' dir='ltr'>currit</span> <span class='ocrx_word' id='word_1_241' title='bbox 562 2499 629 2559; x_wconf 91' lang='lat' dir='ltr'>in</span> <span class='ocrx_word' id='word_1_242' title='bbox 697 2503 832 2558; x_wconf 90' lang='lat' dir='ltr'>toto</span> <span class='ocrx_word' id='word_1_243' title='bbox 885 2494 1028 2557; x_wconf 88' lang='lat' dir='ltr'>Jobi</span> <span class='ocrx_word' id='word_1_244' title='bbox 1084 2492 1407 2554; x_wconf 90' lang='lat' dir='ltr'>volumine</span> <span class='ocrx_word' id='word_1_245' title='bbox 1465 2489 1652 2569; x_wconf 90' lang='lat' dir='ltr'>plane</span> <span class='ocrx_word' id='word_1_246' title='bbox 1709 2487 1968 2547; x_wconf 88' lang='lat' dir='ltr'>demon-</span> 
     </span>
    </p>
   </div>
   <div class='ocr_carea' id='block_1_39' title="bbox 311 2584 1963 2674">
    <p class='ocr_par' dir='ltr' id='par_1_39' title="bbox 311 2584 1963 2674">
     <span class='ocr_line' id='line_1_39' title="bbox 311 2584 1963 2674; baseline -0.01 -14"><span class='ocrx_word' id='word_1_247' title='bbox 311 2606 550 2660; x_wconf 87' lang='lat' dir='ltr'>stratur</span> <span class='ocrx_word' id='word_1_248' title='bbox 606 2597 1066 2674; x_wconf 89' lang='lat' dir='ltr'>Hieronymum</span> <span class='ocrx_word' id='word_1_249' title='bbox 1126 2592 1363 2670; x_wconf 88' lang='lat' dir='ltr'>absque</span> <span class='ocrx_word' id='word_1_250' title='bbox 1423 2585 1795 2649; x_wconf 90' lang='lat' dir='ltr'>temeritatis</span> <span class='ocrx_word' id='word_1_251' title='bbox 1866 2584 1963 2643; x_wconf 87' lang='lat' dir='ltr'>vel</span> 
     </span>
    </p>
   </div>
   <div class='ocr_carea' id='block_1_40' title="bbox 265 2683 1969 2771">
    <p class='ocr_par' dir='ltr' id='par_1_40' title="bbox 265 2683 1969 2771">
     <span class='ocr_line' id='line_1_40' title="bbox 265 2683 1969 2771; baseline -0.012 -12"><span class='ocrx_word' id='word_1_252' title='bbox 265 2725 268 2727; x_wconf 53' lang='grc' dir='ltr'>λ</span> <span class='ocrx_word' id='word_1_253' title='bbox 313 2696 581 2758; x_wconf 88' lang='lat' dir='ltr'>inscitia</span> <span class='ocrx_word' id='word_1_254' title='bbox 615 2702 768 2756; x_wconf 89' lang='lat' dir='ltr'>nota</span> <span class='ocrx_word' id='word_1_255' title='bbox 798 2691 1238 2771; x_wconf 87' lang='lat' dir='ltr'>pronuntiasse</span> <span class='ocrx_word' id='word_1_256' title='bbox 1283 2688 1359 2749; x_wconf 92' lang='lat' dir='ltr'>de</span> <span class='ocrx_word' id='word_1_257' title='bbox 1390 2683 1774 2747; x_wconf 84' lang='lat' dir='ltr'>hexametris</span> <span class='ocrx_word' id='word_1_258' title='bbox 1829 2700 1969 2741; x_wconf 89' lang='lat' dir='ltr'>ver-</span> 
     </span>
    </p>
   </div>
   <div class='ocr_carea' id='block_1_41' title="bbox 315 2778 1968 2871">
    <p class='ocr_par' dir='ltr' id='par_1_41' title="bbox 315 2778 1968 2871">
     <span class='ocr_line' id='line_1_41' title="bbox 315 2778 1968 2871; baseline -0.011 -15"><span class='ocrx_word' id='word_1_259' title='bbox 315 2796 492 2856; x_wconf 89' lang='lat' dir='ltr'>sibus</span> <span class='ocrx_word' id='word_1_260' title='bbox 547 2792 830 2871; x_wconf 85' lang='lat' dir='ltr'>ejusdem</span> <span class='ocrx_word' id='word_1_261' title='bbox 887 2789 1053 2861; x_wconf 90' lang='lat' dir='ltr'>libri,</span> <span class='ocrx_word' id='word_1_262' title='bbox 1115 2805 1230 2847; x_wconf 94' lang='lat' dir='ltr'>nec</span> <span class='ocrx_word' id='word_1_263' title='bbox 1286 2785 1498 2864; x_wconf 90' lang='lat' dir='ltr'>inepte</span> <span class='ocrx_word' id='word_1_264' title='bbox 1554 2781 1828 2861; x_wconf 83' lang='lat' dir='ltr'>speciem</span> <span class='ocrx_word' id='word_1_265' title='bbox 1903 2778 1968 2838; x_wconf 90' lang='lat' dir='ltr'>iu</span> 
     </span>
    </p>
   </div>
   <div class='ocr_carea' id='block_1_42' title="bbox 319 2878 1971 2968">
    <p class='ocr_par' dir='ltr' id='par_1_42' title="bbox 319 2878 1971 2968">
     <span class='ocr_line' id='line_1_42' title="bbox 319 2878 1971 2968; baseline -0.012 -14"><span class='ocrx_word' id='word_1_266' title='bbox 319 2909 396 2954; x_wconf 86' lang='lat' dir='ltr'>eo</span> <span class='ocrx_word' id='word_1_267' title='bbox 453 2911 527 2952; x_wconf 92' lang='lat' dir='ltr'>ac</span> <span class='ocrx_word' id='word_1_268' title='bbox 585 2891 928 2968; x_wconf 87' lang='lat' dir='ltr'>imaginem</span> <span class='ocrx_word' id='word_1_269' title='bbox 1013 2884 1249 2963; x_wconf 86' lang='lat' dir='ltr'>dactyli</span> <span class='ocrx_word' id='word_1_270' title='bbox 1331 2888 1394 2943; x_wconf 93' lang='lat' dir='ltr'>et</span> <span class='ocrx_word' id='word_1_271' title='bbox 1476 2878 1758 2960; x_wconf 89' lang='lat' dir='ltr'>spondai</span> <span class='ocrx_word' id='word_1_272' title='bbox 1832 2895 1971 2956; x_wconf 86' lang='lat' dir='ltr'>per-</span> 
     </span>
    </p>
   </div>
   <div class='ocr_carea' id='block_1_43' title="bbox 317 2973 1967 3070">
    <p class='ocr_par' dir='ltr' id='par_1_43' title="bbox 317 2973 1967 3070">
     <span class='ocr_line' id='line_1_43' title="bbox 317 2973 1967 3070; baseline -0.012 -19"><span class='ocrx_word' id='word_1_273' title='bbox 317 2989 621 3070; x_wconf 83' lang='lat' dir='ltr'>spexisse.</span> <span class='ocrx_word' id='word_1_274' title='bbox 684 2989 818 3047; x_wconf 88' lang='lat' dir='ltr'>Nec</span> <span class='ocrx_word' id='word_1_275' title='bbox 872 2989 1048 3044; x_wconf 89' lang='lat' dir='ltr'>vetat</span> <span class='ocrx_word' id='word_1_276' title='bbox 1104 2981 1272 3060; x_wconf 89' lang='lat' dir='ltr'>quod</span> <span class='ocrx_word' id='word_1_277' title='bbox 1331 2979 1521 3039; x_wconf 88' lang='lat' dir='ltr'>talem</span> <span class='ocrx_word' id='word_1_278' title='bbox 1590 2973 1967 3036; x_wconf 88' lang='lat' dir='ltr'>convenien-</span> 
     </span>
    </p>
   </div>
   <div class='ocr_carea' id='block_1_44' title="bbox 319 3071 1972 3162">
    <p class='ocr_par' dir='ltr' id='par_1_44' title="bbox 319 3071 1972 3162">
     <span class='ocr_line' id='line_1_44' title="bbox 319 3071 1972 3162; baseline -0.011 -13"><span class='ocrx_word' id='word_1_279' title='bbox 319 3090 479 3150; x_wconf 87' lang='lat' dir='ltr'>tiam</span> <span class='ocrx_word' id='word_1_280' title='bbox 513 3085 715 3147; x_wconf 89' lang='lat' dir='ltr'>multa</span> <span class='ocrx_word' id='word_1_281' title='bbox 769 3084 1001 3162; x_wconf 87' lang='lat' dir='ltr'>sapius</span> <span class='ocrx_word' id='word_1_282' title='bbox 1054 3078 1407 3159; x_wconf 89' lang='lat' dir='ltr'>impediant</span> <span class='ocrx_word' id='word_1_283' title='bbox 1457 3095 1470 3136; x_wconf 93' lang='lat'>:</span> <span class='ocrx_word' id='word_1_284' title='bbox 1527 3075 1676 3153; x_wconf 89' lang='lat' dir='ltr'>quia</span> <span class='ocrx_word' id='word_1_285' title='bbox 1732 3078 1794 3133; x_wconf 91' lang='lat' dir='ltr'>et</span> <span class='ocrx_word' id='word_1_286' title='bbox 1850 3071 1972 3131; x_wconf 93' lang='lat' dir='ltr'>hoc</span> 
     </span>
    </p>
   </div>
   <div class='ocr_carea' id='block_1_45' title="bbox 321 3171 2048 3268">
    <p class='ocr_par' dir='ltr' id='par_1_45' title="bbox 321 3171 2048 3268">
     <span class='ocr_line' id='line_1_45' title="bbox 321 3171 2048 3268; baseline -0.012 -19"><span class='ocrx_word' id='word_1_287' title='bbox 321 3189 536 3268; x_wconf 89' lang='lat' dir='ltr'>ipsum</span> <span class='ocrx_word' id='word_1_288' title='bbox 570 3182 967 3266; x_wconf 89' lang='lat' dir='ltr'>pramonuit,</span> <span class='ocrx_word' id='word_1_289' title='bbox 1004 3180 1239 3257; x_wconf 89' lang='lat' dir='ltr'>dicens,</span> <span class='ocrx_word' id='word_1_290' title='bbox 1274 3177 1504 3237; x_wconf 90' lang='lat' dir='ltr'>librum</span> <span class='ocrx_word' id='word_1_291' title='bbox 1553 3173 1695 3234; x_wconf 93' lang='lat' dir='ltr'>Jobi</span> <span class='ocrx_word' id='word_1_292' title='bbox 1751 3171 1971 3232; x_wconf 89' lang='lat' dir='ltr'>crebro</span> <span class='ocrx_word' id='word_1_293' title='bbox 2005 3189 2048 3257; x_wconf 72' lang='grc' dir='ltr'><strong>ρ</strong></span> 
     </span>
    </p>
   </div>
   <div class='ocr_carea' id='block_1_46' title="bbox 321 3270 1973 3365">
    <p class='ocr_par' dir='ltr' id='par_1_46' title="bbox 321 3270 1973 3365">
     <span class='ocr_line' id='line_1_46' title="bbox 321 3270 1973 3365; baseline -0.012 -18"><span class='ocrx_word' id='word_1_294' title='bbox 321 3285 610 3365; x_wconf 82' lang='lat' dir='ltr'>recipere</span> <span class='ocrx_word' id='word_1_295' title='bbox 643 3282 798 3343; x_wconf 83' lang='lat' dir='ltr'>alios</span> <span class='ocrx_word' id='word_1_296' title='bbox 829 3280 1019 3360; x_wconf 90' lang='lat' dir='ltr'>pedes</span> <span class='ocrx_word' id='word_1_297' title='bbox 1050 3284 1112 3338; x_wconf 91' lang='lat' dir='ltr'>et</span> <span class='ocrx_word' id='word_1_298' title='bbox 1143 3276 1364 3336; x_wconf 89' lang='lat' dir='ltr'>modos</span> <span class='ocrx_word' id='word_1_299' title='bbox 1421 3278 1681 3353; x_wconf 89' lang='lat' dir='ltr'>propter</span> <span class='ocrx_word' id='word_1_300' title='bbox 1738 3270 1973 3347; x_wconf 83' lang='lat' dir='ltr'>lingua</span> 
     </span>
    </p>
   </div>
   <div class='ocr_carea' id='block_1_47' title="bbox 323 3373 1976 3462">
    <p class='ocr_par' dir='ltr' id='par_1_47' title="bbox 323 3373 1976 3462">
     <span class='ocr_line' id='line_1_47' title="bbox 323 3373 1976 3462; baseline -0.011 -18"><span class='ocrx_word' id='word_1_301' title='bbox 323 3384 529 3462; x_wconf 85' lang='lat' dir='ltr'>ipsius</span> <span class='ocrx_word' id='word_1_302' title='bbox 585 3381 845 3442; x_wconf 90' lang='lat' dir='ltr'>idioma.</span> <span class='ocrx_word' id='word_1_303' title='bbox 905 3379 1052 3437; x_wconf 87' lang='lat' dir='ltr'>Hac</span> <span class='ocrx_word' id='word_1_304' title='bbox 1110 3374 1340 3453; x_wconf 90' lang='lat' dir='ltr'>raptim</span> <span class='ocrx_word' id='word_1_305' title='bbox 1399 3378 1461 3433; x_wconf 88' lang='lat' dir='ltr'>et</span> <span class='ocrx_word' id='word_1_306' title='bbox 1516 3389 1631 3449; x_wconf 90' lang='lat' dir='ltr'>pro</span> <span class='ocrx_word' id='word_1_307' title='bbox 1690 3373 1976 3446; x_wconf 88' lang='lat' dir='ltr'>tempore</span> 
     </span>
    </p>
   </div>
   <div class='ocr_carea' id='block_1_48' title="bbox 323 3465 1976 3544">
    <p class='ocr_par' dir='ltr' id='par_1_48' title="bbox 323 3465 1976 3544">
     <span class='ocr_line' id='line_1_48' title="bbox 323 3465 1976 3544; baseline -0.012 -1"><span class='ocrx_word' id='word_1_308' title='bbox 323 3483 411 3544; x_wconf 88' lang='lat' dir='ltr'>de</span> <span class='ocrx_word' id='word_1_309' title='bbox 488 3477 871 3541; x_wconf 80' lang='lat' dir='ltr'>hexametris</span> <span class='ocrx_word' id='word_1_310' title='bbox 938 3475 1060 3537; x_wconf 83' lang='lat' dir='ltr'>Job</span> <span class='ocrx_word' id='word_1_311' title='bbox 1136 3473 1365 3533; x_wconf 86' lang='lat' dir='ltr'>dixisse</span> <span class='ocrx_word' id='word_1_312' title='bbox 1424 3467 1694 3530; x_wconf 83' lang='lat' dir='ltr'>sufﬁciat</span> <span class='ocrx_word' id='word_1_313' title='bbox 1749 3465 1812 3525; x_wconf 92' lang='lat' dir='ltr'>in</span> <span class='ocrx_word' id='word_1_314' title='bbox 1867 3465 1976 3524; x_wconf 89' lang='lat' dir='ltr'>de-</span> 
     </span>
    </p>
   </div>
   <div class='ocr_carea' id='block_1_49' title="bbox 323 3561 1977 3645">
    <p class='ocr_par' dir='ltr' id='par_1_49' title="bbox 323 3561 1977 3645">
     <span class='ocr_line' id='line_1_49' title="bbox 323 3561 1977 3645; baseline -0.011 -6"><span class='ocrx_word' id='word_1_315' title='bbox 323 3579 679 3641; x_wconf 84' lang='lat' dir='ltr'>fensionem</span> <span class='ocrx_word' id='word_1_316' title='bbox 764 3578 829 3636; x_wconf 93' lang='lat' dir='ltr'>S.</span> <span class='ocrx_word' id='word_1_317' title='bbox 892 3570 1206 3632; x_wconf 91' lang='lat' dir='ltr'>Doctoris.</span> <span class='ocrx_word' id='word_1_318' title='bbox 1269 3571 1456 3629; x_wconf 92' lang='lat' dir='ltr'>Nunc</span> <span class='ocrx_word' id='word_1_319' title='bbox 1510 3583 1715 3645; x_wconf 90' lang='lat' dir='ltr'>pauca</span> <span class='ocrx_word' id='word_1_320' title='bbox 1771 3569 1832 3623; x_wconf 88' lang='lat' dir='ltr'>et</span> <span class='ocrx_word' id='word_1_321' title='bbox 1899 3561 1977 3622; x_wconf 90' lang='lat' dir='ltr'>de</span> 
     </span>
    </p>
   </div>
   <div class='ocr_carea' id='block_1_50' title="bbox 321 3663 1981 3753">
    <p class='ocr_par' dir='ltr' id='par_1_50' title="bbox 321 3663 1981 3753">
     <span class='ocr_line' id='line_1_50' title="bbox 321 3663 1981 3753; baseline -0.011 -16"><span class='ocrx_word' id='word_1_322' title='bbox 321 3695 515 3737; x_wconf 82' lang='lat' dir='ltr'>versu</span> <span class='ocrx_word' id='word_1_323' title='bbox 543 3672 866 3753; x_wconf 90' lang='lat' dir='ltr'>Sapphico</span> <span class='ocrx_word' id='word_1_324' title='bbox 899 3668 1320 3750; x_wconf 86' lang='lat' dir='ltr'>perstringere</span> <span class='ocrx_word' id='word_1_325' title='bbox 1351 3665 1540 3725; x_wconf 88' lang='lat' dir='ltr'>liceat</span> <span class='ocrx_word' id='word_1_326' title='bbox 1596 3663 1660 3722; x_wconf 90' lang='lat' dir='ltr'>in</span> <span class='ocrx_word' id='word_1_327' title='bbox 1722 3664 1981 3721; x_wconf 86' lang='lat' dir='ltr'>Lamen-</span> 
     </span>
    </p>
   </div>
   <div class='ocr_carea' id='block_1_51' title="bbox 325 3760 1979 3838">
    <p class='ocr_par' dir='ltr' id='par_1_51' title="bbox 325 3760 1979 3838">
     <span class='ocr_line' id='line_1_51' title="bbox 325 3760 1979 3838; baseline -0.013 -1"><span class='ocrx_word' id='word_1_328' title='bbox 325 3774 679 3838; x_wconf 87' lang='lat' dir='ltr'>tationibus</span> <span class='ocrx_word' id='word_1_329' title='bbox 750 3769 1064 3832; x_wconf 87' lang='lat' dir='ltr'>Jeremia.</span> <span class='ocrx_word' id='word_1_330' title='bbox 1147 3766 1328 3826; x_wconf 91' lang='lat' dir='ltr'>Prior</span> <span class='ocrx_word' id='word_1_331' title='bbox 1431 3760 1979 3822; x_wconf 88' lang='lat' dir='ltr'>Lamentationum</span> 
     </span>
    </p>
   </div>
   <div class='ocr_carea' id='block_1_52' title="bbox 324 3859 1980 3936">
    <p class='ocr_par' dir='ltr' id='par_1_52' title="bbox 324 3859 1980 3936">
     <span class='ocr_line' id='line_1_52' title="bbox 324 3859 1980 3936; baseline -0.012 -1"><span class='ocrx_word' id='word_1_332' title='bbox 324 3871 625 3936; x_wconf 71' lang='lat' dir='ltr'>Ieremia</span> <span class='ocrx_word' id='word_1_333' title='bbox 707 3867 865 3929; x_wconf 92' lang='lat' dir='ltr'>illud</span> <span class='ocrx_word' id='word_1_334' title='bbox 923 3866 1116 3926; x_wconf 88' lang='lat' dir='ltr'>habet</span> <span class='ocrx_word' id='word_1_335' title='bbox 1169 3861 1498 3923; x_wconf 84' lang='lat' dir='ltr'>exordium</span> <span class='ocrx_word' id='word_1_336' title='bbox 1550 3859 1615 3918; x_wconf 93' lang='lat' dir='ltr'>in</span> <span class='ocrx_word' id='word_1_337' title='bbox 1682 3861 1980 3918; x_wconf 84' lang='lat' dir='ltr'>contextu</span> 
     </span>
    </p>
   </div>
   <div class='ocr_carea' id='block_1_53' title="bbox 328 3969 688 4033">
    <p class='ocr_par' dir='ltr' id='par_1_53' title="bbox 328 3969 688 4033">
     <span class='ocr_line' id='line_1_53' title="bbox 328 3969 688 4033; baseline -0.014 0"><span class='ocrx_word' id='word_1_338' title='bbox 328 3969 646 4033; x_wconf 85' lang='lat' dir='ltr'>Hebraico</span> <span class='ocrx_word' id='word_1_339' title='bbox 666 3991 688 4027; x_wconf 79' lang='lat'>.-</span> 
     </span>
    </p>
   </div>
   <div class='ocr_carea' id='block_1_54' title="bbox 691 4064 1656 4128">
    <p class='ocr_par' dir='ltr' id='par_1_54' title="bbox 691 4064 1656 4128">
     <span class='ocr_line' id='line_1_54' title="bbox 691 4064 1656 4128; baseline -0.012 -4"><span class='ocrx_word' id='word_1_340' title='bbox 691 4076 777 4128; x_wconf 58' lang='grc' dir='ltr'>ΒΥ</span> <span class='ocrx_word' id='word_1_341' title='bbox 814 4073 956 4124; x_wconf 68' lang='grc' dir='ltr'>ἽῙῚΞἾ</span> <span class='ocrx_word' id='word_1_342' title='bbox 993 4070 1131 4124; x_wconf 60' lang='grc' dir='ltr'>ἼἽἸΠ</span> <span class='ocrx_word' id='word_1_343' title='bbox 1173 4067 1274 4119; x_wconf 71' lang='grc' dir='ltr'>ἾἾέ</span> <span class='ocrx_word' id='word_1_344' title='bbox 1313 4065 1472 4116; x_wconf 48' lang='lat' dir='ltr'>HTE”</span> <span class='ocrx_word' id='word_1_345' title='bbox 1513 4064 1656 4113; x_wconf 66' lang='grc' dir='ltr'>ΠΞἽΝ</span> 
     </span>
    </p>
   </div>
   <div class='ocr_carea' id='block_1_55' title="bbox 768 4130 1585 4212">
    <p class='ocr_par' dir='ltr' id='par_1_55' title="bbox 768 4130 1585 4212">
     <span class='ocr_line' id='line_1_55' title="bbox 768 4130 1585 4212; baseline -0.012 0"><span class='ocrx_word' id='word_1_346' title='bbox 768 4161 934 4212; x_wconf 64' lang='lat' dir='ltr'>una:</span> <span class='ocrx_word' id='word_1_347' title='bbox 972 4161 1113 4210; x_wconf 48' lang='lat' dir='ltr'>arm</span> <span class='ocrx_word' id='word_1_348' title='bbox 1153 4130 1393 4208; x_wconf 53' lang='grc' dir='ltr'>πιτύινα)</span> <span class='ocrx_word' id='word_1_349' title='bbox 1432 4153 1585 4204; x_wconf 67' lang='grc' dir='ltr'>ττι-νη</span> 
     </span>
    </p>
   </div>
   <div class='ocr_carea' id='block_1_56' title="bbox 700 4226 1520 4302">
    <p class='ocr_par' dir='ltr' id='par_1_56' title="bbox 700 4226 1520 4302">
     <span class='ocr_line' id='line_1_56' title="bbox 700 4226 1520 4302; baseline -0.013 1"><span class='ocrx_word' id='word_1_350' title='bbox 700 4258 715 4302; x_wconf 86' lang='lat'><strong>:</strong></span> <span class='ocrx_word' id='word_1_351' title='bbox 757 4226 885 4302; x_wconf 61' lang='grc' dir='ltr'>ΜΒ</span> <span class='ocrx_word' id='word_1_352' title='bbox 925 4249 1078 4298; x_wconf 68' lang='grc' dir='ltr'>Πηνη</span> <span class='ocrx_word' id='word_1_353' title='bbox 1120 4246 1324 4297; x_wconf 69' lang='lat' dir='ltr'>mm:</span> <span class='ocrx_word' id='word_1_354' title='bbox 1362 4245 1520 4296; x_wconf 61' lang='lat' dir='ltr'>imre</span> 
     </span>
    </p>
   </div>
   <div class='ocr_carea' id='block_1_57' title="bbox 405 4325 1576 4391">
    <p class='ocr_par' dir='ltr' id='par_1_57' title="bbox 405 4325 1576 4391">
     <span class='ocr_line' id='line_1_57' title="bbox 405 4325 1576 4391; baseline -0.014 0"><span class='ocrx_word' id='word_1_355' title='bbox 405 4333 805 4391; x_wconf 76' lang='lat' dir='ltr'>Ecchaiasceva</span> <span class='ocrx_word' id='word_1_356' title='bbox 834 4328 1021 4384; x_wconf 87' lang='lat' dir='ltr'>vadad</span> <span class='ocrx_word' id='word_1_357' title='bbox 1045 4327 1174 4381; x_wconf 82' lang='lat' dir='ltr'>hair</span> <span class='ocrx_word' id='word_1_358' title='bbox 1202 4325 1459 4379; x_wconf 81' lang='lat' dir='ltr'>rabbathi</span> <span class='ocrx_word' id='word_1_359' title='bbox 1483 4339 1576 4376; x_wconf 88' lang='lat' dir='ltr'>am</span> 
     </span>
    </p>
   </div>
   <div class='ocr_carea' id='block_1_58' title="bbox 482 4395 1619 4464">
    <p class='ocr_par' dir='ltr' id='par_1_58' title="bbox 482 4395 1619 4464">
     <span class='ocr_line' id='line_1_58' title="bbox 482 4395 1619 4464; baseline -0.011 -4"><span class='ocrx_word' id='word_1_360' title='bbox 482 4404 716 4460; x_wconf 82' lang='lat' dir='ltr'>harctha</span> <span class='ocrx_word' id='word_1_361' title='bbox 746 4402 1042 4457; x_wconf 82' lang='lat' dir='ltr'>kealmana</span> <span class='ocrx_word' id='word_1_362' title='bbox 1071 4397 1332 4452; x_wconf 84' lang='lat' dir='ltr'>rabbathi</span> <span class='ocrx_word' id='word_1_363' title='bbox 1363 4395 1619 4464; x_wconf 84' lang='lat' dir='ltr'>baggoim</span> 
     </span>
    </p>
   </div>
   <div class='ocr_carea' id='block_1_59' title="bbox 481 4467 1622 4534">
    <p class='ocr_par' dir='ltr' id='par_1_59' title="bbox 481 4467 1622 4534">
     <span class='ocr_line' id='line_1_59' title="bbox 481 4467 1622 4534; baseline -0.012 0"><span class='ocrx_word' id='word_1_364' title='bbox 481 4477 706 4534; x_wconf 70' lang='grc' dir='ltr'>δαν-αεΛὶ</span> <span class='ocrx_word' id='word_1_365' title='bbox 737 4470 1144 4529; x_wconf 72' lang='lat' dir='ltr'>bammeainoth</span> <span class='ocrx_word' id='word_1_366' title='bbox 1174 4467 1395 4524; x_wconf 82' lang='lat' dir='ltr'>haietha</span> <span class='ocrx_word' id='word_1_367' title='bbox 1426 4468 1622 4520; x_wconf 78' lang='lat' dir='ltr'>lamas.</span> 
     </span>
    </p>
   </div>
   <div class='ocr_carea' id='block_1_60' title="bbox 411 4556 2119 4640">
    <p class='ocr_par' dir='ltr' id='par_1_60' title="bbox 411 4556 2119 4640">
     <span class='ocr_line' id='line_1_60' title="bbox 411 4556 2119 4640; baseline -0.012 -1"><span class='ocrx_word' id='word_1_368' title='bbox 411 4581 547 4640; x_wconf 82' lang='lat' dir='ltr'>Ista</span> <span class='ocrx_word' id='word_1_369' title='bbox 603 4575 820 4635; x_wconf 89' lang='lat' dir='ltr'>Latine</span> <span class='ocrx_word' id='word_1_370' title='bbox 901 4586 1210 4630; x_wconf 87' lang='lat' dir='ltr'>mensura</span> <span class='ocrx_word' id='word_1_371' title='bbox 1299 4565 1482 4626; x_wconf 91' lang='lat' dir='ltr'>metri</span> <span class='ocrx_word' id='word_1_372' title='bbox 1567 4569 1630 4624; x_wconf 88' lang='lat' dir='ltr'>et</span> <span class='ocrx_word' id='word_1_373' title='bbox 1709 4556 2119 4640; x_wconf 60' lang='lat' dir='ltr'>versibusD;</span> 
     </span>
    </p>
   </div>
   <div class='ocr_carea' id='block_1_61' title="bbox 329 4657 1990 4741">
    <p class='ocr_par' dir='ltr' id='par_1_61' title="bbox 329 4657 1990 4741">
     <span class='ocr_line' id='line_1_61' title="bbox 329 4657 1990 4741; baseline -0.011 -4"><span class='ocrx_word' id='word_1_374' title='bbox 329 4674 617 4737; x_wconf 85' lang='lat' dir='ltr'>reddidit</span> <span class='ocrx_word' id='word_1_375' title='bbox 673 4673 794 4732; x_wconf 91' lang='lat' dir='ltr'>hoc</span> <span class='ocrx_word' id='word_1_376' title='bbox 850 4667 1039 4729; x_wconf 92' lang='lat' dir='ltr'>modo</span> <span class='ocrx_word' id='word_1_377' title='bbox 1124 4668 1188 4726; x_wconf 91' lang='lat' dir='ltr'>S.</span> <span class='ocrx_word' id='word_1_378' title='bbox 1248 4665 1673 4741; x_wconf 85' lang='lat' dir='ltr'>Hieronymus</span> <span class='ocrx_word' id='word_1_379' title='bbox 1725 4657 1990 4738; x_wconf 79' lang='lat' dir='ltr'>(Thren.</span> 
     </span>
    </p>
   </div>
   <div class='ocr_carea' id='block_1_62' title="bbox 335 4775 1270 4917">
    <p class='ocr_par' dir='ltr' id='par_1_62' title="bbox 335 4775 1270 4917">
     <span class='ocr_line' id='line_1_62' title="bbox 335 4775 535 4852; baseline -0.03 -16"><span class='ocrx_word' id='word_1_380' title='bbox 335 4792 386 4847; x_wconf 77' lang='grc' dir='ltr'>ι,</span> <span class='ocrx_word' id='word_1_381' title='bbox 424 4775 485 4852; x_wconf 82' lang='grc'>1)</span> <span class='ocrx_word' id='word_1_382' title='bbox 519 4789 535 4830; x_wconf 90' lang='lat'>:</span> 
     </span>
     <span class='ocr_line' id='line_1_63' title="bbox 1070 4877 1270 4917; baseline -0.015 0"><span class='ocrx_word' id='word_1_383' title='bbox 1070 4877 1270 4917; x_wconf 78' lang='lat' dir='ltr'>ALEPH.</span> 
     </span>
    </p>
   </div>
   <div class='ocr_carea' id='block_1_63' title="bbox 408 4942 1794 5022">
    <p class='ocr_par' dir='ltr' id='par_1_63' title="bbox 408 4942 1794 5022">
     <span class='ocr_line' id='line_1_64' title="bbox 408 4942 1794 5022; baseline -0.011 -11"><span class='ocrx_word' id='word_1_384' title='bbox 408 4955 720 5022; x_wconf 88' lang='lat' dir='ltr'>Quomodo</span> <span class='ocrx_word' id='word_1_385' title='bbox 751 4953 918 5008; x_wconf 86' lang='lat' dir='ltr'>sedet</span> <span class='ocrx_word' id='word_1_386' title='bbox 947 4951 1074 5006; x_wconf 89' lang='lat' dir='ltr'>sola</span> <span class='ocrx_word' id='word_1_387' title='bbox 1104 4948 1308 5022; x_wconf 81' lang='lat' dir='ltr'>civitas</span> <span class='ocrx_word' id='word_1_388' title='bbox 1339 4945 1511 5022; x_wconf 87' lang='lat' dir='ltr'>plena</span> <span class='ocrx_word' id='word_1_389' title='bbox 1541 4942 1794 5022; x_wconf 84' lang='lat' dir='ltr'>populo:</span> 
     </span>
    </p>
   </div>
   <div class='ocr_carea' id='block_1_64' title="bbox 493 5015 1777 5096">
    <p class='ocr_par' dir='ltr' id='par_1_64' title="bbox 493 5015 1777 5096">
     <span class='ocr_line' id='line_1_65' title="bbox 493 5015 1777 5096; baseline -0.012 -14"><span class='ocrx_word' id='word_1_390' title='bbox 493 5027 648 5083; x_wconf 86' lang='lat' dir='ltr'>facta</span> <span class='ocrx_word' id='word_1_391' title='bbox 679 5030 767 5080; x_wconf 90' lang='lat' dir='ltr'>est</span> <span class='ocrx_word' id='word_1_392' title='bbox 797 5023 965 5096; x_wconf 88' lang='lat' dir='ltr'>quasi</span> <span class='ocrx_word' id='word_1_393' title='bbox 994 5023 1174 5096; x_wconf 86' lang='lat' dir='ltr'>vidua</span> <span class='ocrx_word' id='word_1_394' title='bbox 1195 5015 1436 5096; x_wconf 70' lang='lat' dir='ltr'>domina</span> <span class='ocrx_word' id='word_1_395' title='bbox 1466 5015 1732 5096; x_wconf 79' lang='lat' dir='ltr'>gentium</span> <span class='ocrx_word' id='word_1_396' title='bbox 1764 5030 1777 5095; x_wconf 65' lang='grc' dir='ltr'><strong><em>ς</em></strong></span> 
     </span>
    </p>
   </div>
   <div class='ocr_carea' id='block_1_65' title="bbox 491 5085 1948 5170">
    <p class='ocr_par' dir='ltr' id='par_1_65' title="bbox 491 5085 1948 5170">
     <span class='ocr_line' id='line_1_66' title="bbox 491 5085 1948 5170; baseline -0.012 -15"><span class='ocrx_word' id='word_1_397' title='bbox 491 5099 764 5170; x_wconf 87' lang='lat' dir='ltr'>princeps</span> <span class='ocrx_word' id='word_1_398' title='bbox 794 5085 1228 5168; x_wconf 74' lang='lat' dir='ltr'>provinciarum</span> <span class='ocrx_word' id='word_1_399' title='bbox 1259 5091 1411 5146; x_wconf 83' lang='lat' dir='ltr'>facta</span> <span class='ocrx_word' id='word_1_400' title='bbox 1441 5085 1529 5143; x_wconf 79' lang='lat' dir='ltr'>est</span> <span class='ocrx_word' id='word_1_401' title='bbox 1558 5087 1669 5142; x_wconf 88' lang='lat' dir='ltr'>sub</span> <span class='ocrx_word' id='word_1_402' title='bbox 1702 5085 1948 5138; x_wconf 82' lang='lat' dir='ltr'>tributo.</span> 
     </span>
    </p>
   </div>
   <div class='ocr_carea' id='block_1_66' title="bbox 419 5181 1992 5262">
    <p class='ocr_par' dir='ltr' id='par_1_66' title="bbox 419 5181 1992 5262">
     <span class='ocr_line' id='line_1_67' title="bbox 419 5181 1992 5262; baseline -0.013 -2"><span class='ocrx_word' id='word_1_403' title='bbox 419 5202 581 5260; x_wconf 86' lang='lat' dir='ltr'>Tres</span> <span class='ocrx_word' id='word_1_404' title='bbox 613 5196 676 5256; x_wconf 91' lang='lat' dir='ltr'>hi</span> <span class='ocrx_word' id='word_1_405' title='bbox 706 5213 922 5256; x_wconf 89' lang='lat' dir='ltr'>versus</span> <span class='ocrx_word' id='word_1_406' title='bbox 967 5192 1086 5253; x_wconf 90' lang='lat' dir='ltr'>sibi</span> <span class='ocrx_word' id='word_1_407' title='bbox 1143 5188 1434 5262; x_wconf 87' lang='lat' dir='ltr'>connexi,</span> <span class='ocrx_word' id='word_1_408' title='bbox 1464 5193 1526 5247; x_wconf 88' lang='lat' dir='ltr'>et</span> <span class='ocrx_word' id='word_1_409' title='bbox 1578 5185 1658 5246; x_wconf 90' lang='lat' dir='ltr'>ab</span> <span class='ocrx_word' id='word_1_410' title='bbox 1709 5202 1835 5243; x_wconf 91' lang='lat' dir='ltr'>una</span> <span class='ocrx_word' id='word_1_411' title='bbox 1890 5181 1992 5241; x_wconf 89' lang='lat' dir='ltr'>lit-</span> 
     </span>
    </p>
   </div>
   <div class='ocr_carea' id='block_1_67' title="bbox 324 5280 1994 5374">
    <p class='ocr_par' dir='ltr' id='par_1_67' title="bbox 324 5280 1994 5374">
     <span class='ocr_line' id='line_1_68' title="bbox 324 5280 1994 5374; baseline -0.013 -16"><span class='ocrx_word' id='word_1_412' title='bbox 324 5304 480 5359; x_wconf 85' lang='lat' dir='ltr'>tera</span> <span class='ocrx_word' id='word_1_413' title='bbox 510 5290 724 5374; x_wconf 70' lang='lat' dir='ltr'>Aleplz</span> <span class='ocrx_word' id='word_1_414' title='bbox 784 5289 1178 5369; x_wconf 91' lang='lat' dir='ltr'>incipientes,</span> <span class='ocrx_word' id='word_1_415' title='bbox 1230 5286 1415 5346; x_wconf 89' lang='lat' dir='ltr'>unius</span> <span class='ocrx_word' id='word_1_416' title='bbox 1473 5282 1750 5362; x_wconf 86' lang='lat' dir='ltr'>stropha</span> <span class='ocrx_word' id='word_1_417' title='bbox 1812 5280 1994 5358; x_wconf 90' lang='lat' dir='ltr'>hym-</span> 
     </span>
    </p>
   </div>
   <div class='ocr_carea' id='block_1_68' title="bbox 327 5376 1996 5465">
    <p class='ocr_par' dir='ltr' id='par_1_68' title="bbox 327 5376 1996 5465">
     <span class='ocr_line' id='line_1_69' title="bbox 327 5376 1996 5465; baseline -0.011 -10"><span class='ocrx_word' id='word_1_418' title='bbox 327 5397 502 5456; x_wconf 83' lang='lat' dir='ltr'>nica</span> <span class='ocrx_word' id='word_1_419' title='bbox 537 5388 1015 5451; x_wconf 88' lang='lat' dir='ltr'>similitudinem</span> <span class='ocrx_word' id='word_1_420' title='bbox 1050 5389 1297 5465; x_wconf 89' lang='lat' dir='ltr'>gerunt,</span> <span class='ocrx_word' id='word_1_421' title='bbox 1333 5388 1395 5443; x_wconf 90' lang='lat' dir='ltr'>et</span> <span class='ocrx_word' id='word_1_422' title='bbox 1444 5381 1629 5460; x_wconf 81' lang='lat' dir='ltr'>quasi</span> <span class='ocrx_word' id='word_1_423' title='bbox 1677 5376 1996 5457; x_wconf 90' lang='lat' dir='ltr'>Sapphico</span> 
     </span>
    </p>
   </div>
   <div class='ocr_carea' id='block_1_69' title="bbox 328 5475 1998 5567">
    <p class='ocr_par' dir='ltr' id='par_1_69' title="bbox 328 5475 1998 5567">
     <span class='ocr_line' id='line_1_70' title="bbox 328 5475 1998 5567; baseline -0.012 -15"><span class='ocrx_word' id='word_1_424' title='bbox 328 5509 527 5553; x_wconf 81' lang='lat' dir='ltr'>versu</span> <span class='ocrx_word' id='word_1_425' title='bbox 590 5487 813 5567; x_wconf 89' lang='lat' dir='ltr'>scripti</span> <span class='ocrx_word' id='word_1_426' title='bbox 870 5485 1186 5557; x_wconf 91' lang='lat' dir='ltr'>videntur,</span> <span class='ocrx_word' id='word_1_427' title='bbox 1249 5483 1311 5541; x_wconf 91' lang='lat' dir='ltr'>in</span> <span class='ocrx_word' id='word_1_428' title='bbox 1372 5482 1636 5540; x_wconf 89' lang='lat' dir='ltr'>Hebrao</span> <span class='ocrx_word' id='word_1_429' title='bbox 1725 5475 1998 5536; x_wconf 86' lang='lat' dir='ltr'>maxime</span> 
     </span>
    </p>
   </div>
   <div class='ocr_carea' id='block_1_70' title="bbox 325 5571 1992 5661">
    <p class='ocr_par' dir='ltr' id='par_1_70' title="bbox 325 5571 1992 5661">
     <span class='ocr_line' id='line_1_71' title="bbox 325 5571 1992 5661; baseline -0.013 -9"><span class='ocrx_word' id='word_1_430' title='bbox 325 5594 673 5660; x_wconf 87' lang='lat' dir='ltr'>contextu,</span> <span class='ocrx_word' id='word_1_431' title='bbox 735 5583 843 5646; x_wconf 92' lang='lat' dir='ltr'>ubi</span> <span class='ocrx_word' id='word_1_432' title='bbox 897 5579 1150 5661; x_wconf 69' lang='lat' dir='ltr'>hajetha</span> <span class='ocrx_word' id='word_1_433' title='bbox 1194 5578 1419 5653; x_wconf 87' lang='lat' dir='ltr'>lamas,</span> <span class='ocrx_word' id='word_1_434' title='bbox 1482 5593 1732 5638; x_wconf 88' lang='lat' dir='ltr'>comma</span> <span class='ocrx_word' id='word_1_435' title='bbox 1790 5571 1992 5651; x_wconf 82' lang='lat' dir='ltr'>perfe-</span> 
     </span>
    </p>
   </div>
   <div class='ocr_carea' id='block_1_71' title="bbox 329 5667 1993 5760">
    <p class='ocr_par' dir='ltr' id='par_1_71' title="bbox 329 5667 1993 5760">
     <span class='ocr_line' id='line_1_72' title="bbox 329 5667 1993 5760; baseline -0.014 -8"><span class='ocrx_word' id='word_1_436' title='bbox 329 5697 520 5753; x_wconf 86' lang='lat' dir='ltr'>ctum</span> <span class='ocrx_word' id='word_1_437' title='bbox 608 5683 871 5760; x_wconf 89' lang='lat' dir='ltr'>heroici,</span> <span class='ocrx_word' id='word_1_438' title='bbox 955 5680 1248 5743; x_wconf 90' lang='lat' dir='ltr'>ultimum</span> <span class='ocrx_word' id='word_1_439' title='bbox 1331 5694 1585 5738; x_wconf 89' lang='lat' dir='ltr'>versum</span> <span class='ocrx_word' id='word_1_440' title='bbox 1650 5667 1993 5734; x_wconf 88' lang='lat' dir='ltr'>concludit.</span> 
     </span>
    </p>
   </div>
   <div class='ocr_carea' id='block_1_72' title="bbox 2075 1893 3724 1977">
    <p class='ocr_par' dir='ltr' id='par_1_72' title="bbox 2075 1893 3724 1977">
     <span class='ocr_line' id='line_1_73' title="bbox 2075 1893 3724 1977; baseline -0.002 -21"><span class='ocrx_word' id='word_1_441' title='bbox 2075 1896 2200 1977; x_wconf 74' lang='lat'>43),</span> <span class='ocrx_word' id='word_1_442' title='bbox 2233 1895 2404 1974; x_wconf 91' lang='lat' dir='ltr'>quod</span> <span class='ocrx_word' id='word_1_443' title='bbox 2435 1894 2531 1954; x_wconf 92' lang='lat' dir='ltr'>vel</span> <span class='ocrx_word' id='word_1_444' title='bbox 2561 1894 2946 1954; x_wconf 85' lang='lat' dir='ltr'>hexametris</span> <span class='ocrx_word' id='word_1_445' title='bbox 2977 1895 3280 1966; x_wconf 84' lang='lat' dir='ltr'>versibus,</span> <span class='ocrx_word' id='word_1_446' title='bbox 3316 1893 3411 1954; x_wconf 89' lang='lat' dir='ltr'>vel</span> <span class='ocrx_word' id='word_1_447' title='bbox 3435 1900 3724 1954; x_wconf 89' lang='lat' dir='ltr'>tetrame—</span> 
     </span>
    </p>
   </div>
   <div class='ocr_carea' id='block_1_73' title="bbox 2076 1990 3725 2062">
    <p class='ocr_par' dir='ltr' id='par_1_73' title="bbox 2076 1990 3725 2062">
     <span class='ocr_line' id='line_1_74' title="bbox 2076 1990 3725 2062; baseline -0.002 -9"><span class='ocrx_word' id='word_1_448' title='bbox 2076 1999 2174 2053; x_wconf 92' lang='lat' dir='ltr'>tro</span> <span class='ocrx_word' id='word_1_449' title='bbox 2205 1992 2476 2052; x_wconf 89' lang='lat' dir='ltr'>iambico</span> <span class='ocrx_word' id='word_1_450' title='bbox 2511 1997 2802 2051; x_wconf 90' lang='lat' dir='ltr'>constare</span> <span class='ocrx_word' id='word_1_451' title='bbox 2834 1990 3088 2062; x_wconf 89' lang='lat' dir='ltr'>dicitur,</span> <span class='ocrx_word' id='word_1_452' title='bbox 3118 1997 3181 2051; x_wconf 94' lang='lat' dir='ltr'>et</span> <span class='ocrx_word' id='word_1_453' title='bbox 3211 1991 3331 2051; x_wconf 92' lang='lat' dir='ltr'>hoc</span> <span class='ocrx_word' id='word_1_454' title='bbox 3362 1992 3554 2052; x_wconf 88' lang='lat' dir='ltr'>etiam</span> <span class='ocrx_word' id='word_1_455' title='bbox 3613 1993 3725 2051; x_wconf 88' lang='lat' dir='ltr'>ad-</span> 
     </span>
    </p>
   </div>
   <div class='ocr_carea' id='block_1_74' title="bbox 2073 2087 3724 2171">
    <p class='ocr_par' dir='ltr' id='par_1_74' title="bbox 2073 2087 3724 2171">
     <span class='ocr_line' id='line_1_75' title="bbox 2073 2087 3724 2171; baseline -0.002 -20"><span class='ocrx_word' id='word_1_456' title='bbox 2073 2090 2442 2171; x_wconf 89' lang='lat' dir='ltr'>jiciendum.</span> <span class='ocrx_word' id='word_1_457' title='bbox 2476 2087 3074 2150; x_wconf 86' lang='lat' dir='ltr'>Prastantissimum</span> <span class='ocrx_word' id='word_1_458' title='bbox 3128 2087 3286 2147; x_wconf 91' lang='lat' dir='ltr'>illud</span> <span class='ocrx_word' id='word_1_459' title='bbox 3347 2105 3602 2148; x_wconf 89' lang='lat' dir='ltr'>carmen</span> <span class='ocrx_word' id='word_1_460' title='bbox 3658 2088 3724 2147; x_wconf 90' lang='lat' dir='ltr'>in</span> 
     </span>
    </p>
   </div>
   <div class='ocr_carea' id='block_1_75' title="bbox 2081 2185 3729 2265">
    <p class='ocr_par' dir='ltr' id='par_1_75' title="bbox 2081 2185 3729 2265">
     <span class='ocr_line' id='line_1_76' title="bbox 2081 2185 3729 2265; baseline -0.002 -16"><span class='ocrx_word' id='word_1_461' title='bbox 2081 2208 2154 2249; x_wconf 92' lang='lat' dir='ltr'>eo</span> <span class='ocrx_word' id='word_1_462' title='bbox 2229 2187 2423 2248; x_wconf 89' lang='lat' dir='ltr'>habet</span> <span class='ocrx_word' id='word_1_463' title='bbox 2477 2186 2748 2265; x_wconf 90' lang='lat' dir='ltr'>speciem</span> <span class='ocrx_word' id='word_1_464' title='bbox 2797 2185 3177 2259; x_wconf 81' lang='lat' dir='ltr'>hexametri,</span> <span class='ocrx_word' id='word_1_465' title='bbox 3238 2185 3410 2264; x_wconf 89' lang='lat' dir='ltr'>quod</span> <span class='ocrx_word' id='word_1_466' title='bbox 3491 2185 3729 2263; x_wconf 83' lang='lat' dir='ltr'>singuli</span> 
     </span>
    </p>
   </div>
   <div class='ocr_carea' id='block_1_76' title="bbox 2081 2283 3723 2364">
    <p class='ocr_par' dir='ltr' id='par_1_76' title="bbox 2081 2283 3723 2364">
     <span class='ocr_line' id='line_1_77' title="bbox 2081 2283 3723 2364; baseline -0.003 -17"><span class='ocrx_word' id='word_1_467' title='bbox 2081 2288 2277 2347; x_wconf 77' lang='lat' dir='ltr'>ferme</span> <span class='ocrx_word' id='word_1_468' title='bbox 2335 2304 2547 2346; x_wconf 92' lang='lat' dir='ltr'>versus</span> <span class='ocrx_word' id='word_1_469' title='bbox 2606 2303 2717 2364; x_wconf 91' lang='lat' dir='ltr'>per</span> <span class='ocrx_word' id='word_1_470' title='bbox 2779 2302 2884 2344; x_wconf 89' lang='lat' dir='ltr'>sex</span> <span class='ocrx_word' id='word_1_471' title='bbox 2969 2283 3277 2344; x_wconf 88' lang='lat' dir='ltr'>dictiones</span> <span class='ocrx_word' id='word_1_472' title='bbox 3361 2283 3723 2358; x_wconf 89' lang='lat' dir='ltr'>decurrant,</span> 
     </span>
    </p>
   </div>
   <div class='ocr_carea' id='block_1_77' title="bbox 2081 2379 3726 2543">
    <p class='ocr_par' dir='ltr' id='par_1_77' title="bbox 2081 2379 3726 2543">
     <span class='ocr_line' id='line_1_78' title="bbox 2081 2379 3726 2543; baseline -0.002 -99"><span class='ocrx_word' id='word_1_473' title='bbox 2081 2383 2262 2543; x_wconf 38' lang='grc' dir='ltr'>(ἐξιῖδεὶ</span> <span class='ocrx_word' id='word_1_474' title='bbox 2314 2402 2427 2463; x_wconf 92' lang='lat' dir='ltr'>per</span> <span class='ocrx_word' id='word_1_475' title='bbox 2482 2383 2743 2443; x_wconf 92' lang='lat' dir='ltr'>totidem</span> <span class='ocrx_word' id='word_1_476' title='bbox 2803 2381 2992 2460; x_wconf 89' lang='lat' dir='ltr'>pedes</span> <span class='ocrx_word' id='word_1_477' title='bbox 3074 2387 3135 2442; x_wconf 92' lang='lat' dir='ltr'>et</span> <span class='ocrx_word' id='word_1_478' title='bbox 3193 2387 3393 2441; x_wconf 89' lang='lat' dir='ltr'>metra</span> <span class='ocrx_word' id='word_1_479' title='bbox 3447 2379 3633 2461; x_wconf 83' lang='lat' dir='ltr'>(vers.</span> <span class='ocrx_word' id='word_1_480' title='bbox 3668 2384 3726 2455; x_wconf 80' lang='grc'>1,</span> 
     </span>
    </p>
   </div>
   <div class='ocr_carea' id='block_1_78' title="bbox 2084 2566 3730 2649">
    <p class='ocr_par' dir='ltr' id='par_1_78' title="bbox 2084 2566 3730 2649">
     <span class='ocr_line' id='line_1_79' title="bbox 2084 2566 3730 2649; baseline -0.004 -25"><span class='ocrx_word' id='word_1_481' title='bbox 2084 2577 2096 2623; x_wconf 72' lang='grc' dir='ltr'>ξ</span> <span class='ocrx_word' id='word_1_482' title='bbox 2141 2570 2394 2624; x_wconf 67' lang='grc' dir='ltr'>ἽΞ-ἽἾὩΝ</span> <span class='ocrx_word' id='word_1_483' title='bbox 2433 2571 2604 2649; x_wconf 57' lang='grc' dir='ltr'>γηκη</span> <span class='ocrx_word' id='word_1_484' title='bbox 2639 2567 2855 2649; x_wconf 54' lang='grc' dir='ltr'>ὩὩΨΠἸ</span> <span class='ocrx_word' id='word_1_485' title='bbox 3022 2566 3248 2649; x_wconf 64' lang='grc' dir='ltr'>ηπιςπκπ</span> <span class='ocrx_word' id='word_1_486' title='bbox 3287 2567 3499 2619; x_wconf 63' lang='grc' dir='ltr'>ΟἽὩἮΊ</span> <span class='ocrx_word' id='word_1_487' title='bbox 3535 2567 3730 2618; x_wconf 49' lang='lat' dir='ltr'>uilem</span> 
     </span>
    </p>
   </div>
   <div class='ocr_carea' id='block_1_79' title="bbox 2300 2631 3552 2735">
    <p class='ocr_par' dir='ltr' id='par_1_79' title="bbox 2300 2631 3552 2735">
     <span class='ocr_line' id='line_1_80' title="bbox 2300 2631 3552 2735; baseline -0.002 -27"><span class='ocrx_word' id='word_1_488' title='bbox 2300 2663 2314 2708; x_wconf 87' lang='lat'><strong>:</strong></span> <span class='ocrx_word' id='word_1_489' title='bbox 2355 2631 2554 2709; x_wconf 55' lang='lat' dir='ltr'>inim:</span> <span class='ocrx_word' id='word_1_490' title='bbox 2593 2633 2714 2708; x_wconf 58' lang='grc' dir='ltr'>’που</span> <span class='ocrx_word' id='word_1_491' title='bbox 2749 2631 2862 2706; x_wconf 55' lang='lat' dir='ltr'>Hm</span> <span class='ocrx_word' id='word_1_492' title='bbox 3026 2632 3170 2734; x_wconf 59' lang='grc' dir='ltr'>ἰ’-φ’)</span> <span class='ocrx_word' id='word_1_493' title='bbox 3205 2659 3378 2707; x_wconf 70' lang='lat' dir='ltr'>&quot;nam</span> <span class='ocrx_word' id='word_1_494' title='bbox 3415 2656 3552 2735; x_wconf 57' lang='grc' dir='ltr'>ηψπ</span> 
     </span>
    </p>
   </div>
   <div class='ocr_carea' id='block_1_80' title="bbox 2083 2735 3730 2794">
    <p class='ocr_par' dir='ltr' id='par_1_80' title="bbox 2083 2735 3730 2794">
     <span class='ocr_line' id='line_1_81' title="bbox 2083 2735 3730 2794; baseline -0.002 0"><span class='ocrx_word' id='word_1_495' title='bbox 2083 2739 2332 2794; x_wconf 72' lang='lat' dir='ltr'>Haazinu</span> <span class='ocrx_word' id='word_1_496' title='bbox 2365 2737 2746 2792; x_wconf 76' lang='lat' dir='ltr'>haschamaim</span> <span class='ocrx_word' id='word_1_497' title='bbox 2779 2735 3120 2790; x_wconf 85' lang='lat' dir='ltr'>vaadabbera</span> <span class='ocrx_word' id='word_1_498' title='bbox 3154 2736 3484 2790; x_wconf 76' lang='lat' dir='ltr'>vethz‘smath</span> <span class='ocrx_word' id='word_1_499' title='bbox 3513 2736 3730 2790; x_wconf 62' lang='lat' dir='ltr'>haeret:</span> 
     </span>
    </p>
   </div>
   <div class='ocr_carea' id='block_1_81' title="bbox 2154 2806 3735 2932">
    <p class='ocr_par' dir='ltr' id='par_1_81' title="bbox 2154 2806 3735 2932">
     <span class='ocr_line' id='line_1_82' title="bbox 2154 2806 3735 2932; baseline -0.003 -67"><span class='ocrx_word' id='word_1_500' title='bbox 2154 2810 2391 2881; x_wconf 84' lang='lat' dir='ltr'>imrephi</span> <span class='ocrx_word' id='word_1_501' title='bbox 2417 2807 2652 2879; x_wconf 78' lang='lat' dir='ltr'>iaaroph</span> <span class='ocrx_word' id='word_1_502' title='bbox 2683 2807 2992 2932; x_wconf 59' lang='lat' dir='ltr'>kammalt’qr</span> <span class='ocrx_word' id='word_1_503' title='bbox 3023 2807 3192 2863; x_wconf 80' lang='lat' dir='ltr'>licchi</span> <span class='ocrx_word' id='word_1_504' title='bbox 3218 2808 3395 2861; x_wconf 68' lang='lat' dir='ltr'>limat</span> <span class='ocrx_word' id='word_1_505' title='bbox 3423 2806 3601 2861; x_wconf 78' lang='lat' dir='ltr'>kaltat</span> <span class='ocrx_word' id='word_1_506' title='bbox 3631 2808 3735 2861; x_wconf 88' lang='lat' dir='ltr'>im-</span> 
     </span>
     <span class='ocr_line' id='line_1_83' title="bbox 2821 2894 2998 2932; baseline -0.006 -1"><span class='ocrx_word' id='word_1_507' title='bbox 2821 2895 2891 2932; x_wconf 90' lang='lat' dir='ltr'>ra</span> <span class='ocrx_word' id='word_1_508' title='bbox 2957 2894 2998 2930; x_wconf 80' lang='grc' dir='ltr'>ι.</span> 
     </span>
    </p>
   </div>
   <div class='ocr_carea' id='block_1_82' title="bbox 2154 2965 3013 3038">
    <p class='ocr_par' dir='ltr' id='par_1_82' title="bbox 2154 2965 3013 3038">
     <span class='ocr_line' id='line_1_84' title="bbox 2154 2965 3013 3038; baseline -0.005 -14"><span class='ocrx_word' id='word_1_509' title='bbox 2154 2969 2386 3038; x_wconf 90' lang='lat' dir='ltr'>Audite,</span> <span class='ocrx_word' id='word_1_510' title='bbox 2421 2967 2572 3033; x_wconf 79' lang='lat' dir='ltr'>cali,</span> <span class='ocrx_word' id='word_1_511' title='bbox 2605 2983 2732 3038; x_wconf 86' lang='lat' dir='ltr'>qua</span> <span class='ocrx_word' id='word_1_512' title='bbox 2765 2965 3013 3038; x_wconf 90' lang='lat' dir='ltr'>loquor:</span> 
     </span>
    </p>
   </div>
   <div class='ocr_carea' id='block_1_83' title="bbox 2227 3037 3134 3095">
    <p class='ocr_par' dir='ltr' id='par_1_83' title="bbox 2227 3037 3134 3095">
     <span class='ocr_line' id='line_1_85' title="bbox 2227 3037 3134 3095; baseline -0.006 0"><span class='ocrx_word' id='word_1_513' title='bbox 2227 3041 2432 3095; x_wconf 86' lang='lat' dir='ltr'>audiat</span> <span class='ocrx_word' id='word_1_514' title='bbox 2459 3037 2821 3094; x_wconf 29' lang='lat' dir='ltr'>terra’verba</span> <span class='ocrx_word' id='word_1_515' title='bbox 2850 3037 2970 3092; x_wconf 83' lang='lat' dir='ltr'>uris</span> <span class='ocrx_word' id='word_1_516' title='bbox 2997 3037 3134 3092; x_wconf 91' lang='lat' dir='ltr'>mei.</span> 
     </span>
    </p>
   </div>
   <div class='ocr_carea' id='block_1_84' title="bbox 2165 3109 3326 3181">
    <p class='ocr_par' dir='ltr' id='par_1_84' title="bbox 2165 3109 3326 3181">
     <span class='ocr_line' id='line_1_86' title="bbox 2165 3109 3326 3181; baseline -0.003 -14"><span class='ocrx_word' id='word_1_517' title='bbox 2165 3113 2515 3167; x_wconf 82' lang='lat' dir='ltr'>Concrescat</span> <span class='ocrx_word' id='word_1_518' title='bbox 2545 3114 2610 3164; x_wconf 87' lang='lat' dir='ltr'>ut</span> <span class='ocrx_word' id='word_1_519' title='bbox 2639 3109 2837 3181; x_wconf 87' lang='lat' dir='ltr'>pluvia</span> <span class='ocrx_word' id='word_1_520' title='bbox 2865 3109 3136 3165; x_wconf 87' lang='lat' dir='ltr'>doctrina</span> <span class='ocrx_word' id='word_1_521' title='bbox 3160 3124 3326 3164; x_wconf 89' lang='lat' dir='ltr'>mea:</span> 
     </span>
    </p>
   </div>
   <div class='ocr_carea' id='block_1_85' title="bbox 2230 3181 3200 3251">
    <p class='ocr_par' dir='ltr' id='par_1_85' title="bbox 2230 3181 3200 3251">
     <span class='ocr_line' id='line_1_87' title="bbox 2230 3181 3200 3251; baseline -0.004 -12"><span class='ocrx_word' id='word_1_522' title='bbox 2230 3184 2376 3239; x_wconf 87' lang='lat' dir='ltr'>ﬂuat</span> <span class='ocrx_word' id='word_1_523' title='bbox 2407 3191 2469 3237; x_wconf 87' lang='lat' dir='ltr'>ut</span> <span class='ocrx_word' id='word_1_524' title='bbox 2500 3198 2594 3237; x_wconf 88' lang='lat' dir='ltr'>ros</span> <span class='ocrx_word' id='word_1_525' title='bbox 2625 3181 2927 3251; x_wconf 90' lang='lat' dir='ltr'>eloquium</span> <span class='ocrx_word' id='word_1_526' title='bbox 2955 3197 3144 3235; x_wconf 84' lang='lat' dir='ltr'>meum</span> <span class='ocrx_word' id='word_1_527' title='bbox 3186 3205 3200 3247; x_wconf 85' lang='lat'><strong>;</strong></span> 
     </span>
    </p>
   </div>
   <div class='ocr_carea' id='block_1_86' title="bbox 2169 3268 3738 3348">
    <p class='ocr_par' dir='ltr' id='par_1_86' title="bbox 2169 3268 3738 3348">
     <span class='ocr_line' id='line_1_88' title="bbox 2169 3268 3738 3348; baseline -0.003 -15"><span class='ocrx_word' id='word_1_528' title='bbox 2169 3276 2397 3334; x_wconf 91' lang='lat' dir='ltr'>Nonne</span> <span class='ocrx_word' id='word_1_529' title='bbox 2445 3289 2657 3331; x_wconf 91' lang='lat' dir='ltr'>veram</span> <span class='ocrx_word' id='word_1_530' title='bbox 2717 3270 3124 3330; x_wconf 85' lang='lat' dir='ltr'>Heroicorum</span> <span class='ocrx_word' id='word_1_531' title='bbox 3183 3268 3535 3329; x_wconf 88' lang='lat' dir='ltr'>carminum</span> <span class='ocrx_word' id='word_1_532' title='bbox 3595 3287 3738 3348; x_wconf 88' lang='lat' dir='ltr'>spe-</span> 
     </span>
    </p>
   </div>
   <div class='ocr_carea' id='block_1_87' title="bbox 2090 3367 3735 3450">
    <p class='ocr_par' dir='ltr' id='par_1_87' title="bbox 2090 3367 3735 3450">
     <span class='ocr_line' id='line_1_89' title="bbox 2090 3367 3735 3450; baseline -0.003 -19"><span class='ocrx_word' id='word_1_533' title='bbox 2090 3371 2248 3431; x_wconf 91' lang='lat' dir='ltr'>ciem</span> <span class='ocrx_word' id='word_1_534' title='bbox 2309 3389 2437 3450; x_wconf 85' lang='lat' dir='ltr'>pra</span> <span class='ocrx_word' id='word_1_535' title='bbox 2497 3387 2562 3428; x_wconf 93' lang='lat' dir='ltr'>se</span> <span class='ocrx_word' id='word_1_536' title='bbox 2617 3369 2828 3427; x_wconf 84' lang='lat' dir='ltr'>ferunt</span> <span class='ocrx_word' id='word_1_537' title='bbox 2889 3367 2999 3426; x_wconf 92' lang='lat' dir='ltr'>illa</span> <span class='ocrx_word' id='word_1_538' title='bbox 3056 3367 3534 3426; x_wconf 88' lang='lat' dir='ltr'>Deuteronomii</span> <span class='ocrx_word' id='word_1_539' title='bbox 3594 3385 3735 3427; x_wconf 90' lang='lat' dir='ltr'>ver-</span> 
     </span>
    </p>
   </div>
   <div class='ocr_carea' id='block_1_88' title="bbox 2091 3463 3738 3543">
    <p class='ocr_par' dir='ltr' id='par_1_88' title="bbox 2091 3463 3738 3543">
     <span class='ocr_line' id='line_1_90' title="bbox 2091 3463 3738 3543; baseline -0.003 -14"><span class='ocrx_word' id='word_1_540' title='bbox 2091 3487 2272 3529; x_wconf 89' lang='lat' dir='ltr'>suum</span> <span class='ocrx_word' id='word_1_541' title='bbox 2303 3469 2518 3528; x_wconf 71' lang='grc' dir='ltr'>κεί)λαῖ</span> <span class='ocrx_word' id='word_1_542' title='bbox 2557 3465 2779 3525; x_wconf 89' lang='lat' dir='ltr'>Mirare</span> <span class='ocrx_word' id='word_1_543' title='bbox 2836 3470 2903 3524; x_wconf 89' lang='lat' dir='ltr'>tu</span> <span class='ocrx_word' id='word_1_544' title='bbox 2963 3464 3290 3543; x_wconf 90' lang='lat' dir='ltr'>rythmum</span> <span class='ocrx_word' id='word_1_545' title='bbox 3345 3463 3411 3523; x_wconf 93' lang='lat' dir='ltr'>in</span> <span class='ocrx_word' id='word_1_546' title='bbox 3468 3463 3738 3524; x_wconf 87' lang='lat' dir='ltr'>disticho</span> 
     </span>
    </p>
   </div>
   <div class='ocr_carea' id='block_1_89' title="bbox 2091 3559 3656 3642">
    <p class='ocr_par' dir='ltr' id='par_1_89' title="bbox 2091 3559 3656 3642">
     <span class='ocr_line' id='line_1_91' title="bbox 2091 3559 3656 3642; baseline -0.004 -16"><span class='ocrx_word' id='word_1_547' title='bbox 2091 3567 2212 3626; x_wconf 89' lang='lat' dir='ltr'>isto</span> <span class='ocrx_word' id='word_1_548' title='bbox 2268 3564 2616 3642; x_wconf 87' lang='lat' dir='ltr'>Virgiliano</span> <span class='ocrx_word' id='word_1_549' title='bbox 2651 3581 2664 3622; x_wconf 89' lang='lat'><strong>:</strong></span> <span class='ocrx_word' id='word_1_550' title='bbox 2697 3559 2966 3621; x_wconf 68' lang='grc' dir='ltr'>ίἘηείᾱ.</span> <span class='ocrx_word' id='word_1_551' title='bbox 3003 3561 3111 3620; x_wconf 91' lang='lat' dir='ltr'>liv.</span> <span class='ocrx_word' id='word_1_552' title='bbox 3148 3579 3211 3620; x_wconf 87' lang='grc' dir='ltr'>ιι.</span> <span class='ocrx_word' id='word_1_553' title='bbox 3245 3579 3405 3620; x_wconf 91' lang='lat' dir='ltr'>vers.</span> <span class='ocrx_word' id='word_1_554' title='bbox 3439 3560 3608 3641; x_wconf 76' lang='grc'>250.)</span> <span class='ocrx_word' id='word_1_555' title='bbox 3642 3578 3656 3620; x_wconf 89' lang='lat'><strong>:</strong></span> 
     </span>
    </p>
   </div>
   <div class='ocr_carea' id='block_1_90' title="bbox 2155 3667 3495 3724">
    <p class='ocr_par' dir='ltr' id='par_1_90' title="bbox 2155 3667 3495 3724">
     <span class='ocr_line' id='line_1_92' title="bbox 2155 3667 3495 3724; baseline -0.003 -6"><span class='ocrx_word' id='word_1_556' title='bbox 2155 3671 2394 3720; x_wconf 87' lang='lat' dir='ltr'>Vertitur</span> <span class='ocrx_word' id='word_1_557' title='bbox 2423 3671 2630 3719; x_wconf 88' lang='lat' dir='ltr'>interea</span> <span class='ocrx_word' id='word_1_558' title='bbox 2660 3668 2875 3724; x_wconf 75' lang='lat' dir='ltr'>calum,</span> <span class='ocrx_word' id='word_1_559' title='bbox 2915 3671 2968 3717; x_wconf 89' lang='lat' dir='ltr'>et</span> <span class='ocrx_word' id='word_1_560' title='bbox 2996 3668 3104 3716; x_wconf 87' lang='lat' dir='ltr'>ruit</span> <span class='ocrx_word' id='word_1_561' title='bbox 3124 3667 3335 3716; x_wconf 90' lang='lat' dir='ltr'>Oceano</span> <span class='ocrx_word' id='word_1_562' title='bbox 3367 3681 3495 3716; x_wconf 85' lang='lat' dir='ltr'>uox.</span> 
     </span>
    </p>
   </div>
   <div class='ocr_carea' id='block_1_91' title="bbox 2156 3729 3744 3792">
    <p class='ocr_par' dir='ltr' id='par_1_91' title="bbox 2156 3729 3744 3792">
     <span class='ocr_line' id='line_1_93' title="bbox 2156 3729 3744 3792; baseline -0.003 -9"><span class='ocrx_word' id='word_1_563' title='bbox 2156 3733 2438 3789; x_wconf 83' lang='lat' dir='ltr'>Sternitur,</span> <span class='ocrx_word' id='word_1_564' title='bbox 2472 3731 2842 3790; x_wconf 82' lang='lat' dir='ltr'>exanimisque</span> <span class='ocrx_word' id='word_1_565' title='bbox 2877 3735 3114 3779; x_wconf 86' lang='lat' dir='ltr'>tremens</span> <span class='ocrx_word' id='word_1_566' title='bbox 3134 3730 3442 3792; x_wconf 88' lang='lat' dir='ltr'>procumbit</span> <span class='ocrx_word' id='word_1_567' title='bbox 3463 3729 3608 3778; x_wconf 89' lang='lat' dir='ltr'>humi</span> <span class='ocrx_word' id='word_1_568' title='bbox 3626 3729 3744 3778; x_wconf 87' lang='lat' dir='ltr'>bos.</span> 
     </span>
    </p>
   </div>
   <div class='ocr_carea' id='block_1_92' title="bbox 2177 3817 3745 3899">
    <p class='ocr_par' dir='ltr' id='par_1_92' title="bbox 2177 3817 3745 3899">
     <span class='ocr_line' id='line_1_94' title="bbox 2177 3817 3745 3899; baseline -0.003 -17"><span class='ocrx_word' id='word_1_569' title='bbox 2177 3823 2427 3893; x_wconf 88' lang='lat' dir='ltr'>Mirare,</span> <span class='ocrx_word' id='word_1_570' title='bbox 2461 3822 2748 3899; x_wconf 90' lang='lat' dir='ltr'>inquam,</span> <span class='ocrx_word' id='word_1_571' title='bbox 2788 3819 3076 3880; x_wconf 90' lang='lat' dir='ltr'>modulos</span> <span class='ocrx_word' id='word_1_572' title='bbox 3133 3819 3274 3878; x_wconf 89' lang='lat' dir='ltr'>illos</span> <span class='ocrx_word' id='word_1_573' title='bbox 3331 3818 3624 3879; x_wconf 88' lang='lat' dir='ltr'>metricos</span> <span class='ocrx_word' id='word_1_574' title='bbox 3679 3817 3745 3877; x_wconf 92' lang='lat' dir='ltr'>in</span> 
     </span>
    </p>
   </div>
   <div class='ocr_carea' id='block_1_93' title="bbox 2099 3914 3750 4000">
    <p class='ocr_par' dir='ltr' id='par_1_93' title="bbox 2099 3914 3750 4000">
     <span class='ocr_line' id='line_1_95' title="bbox 2099 3914 3750 4000; baseline -0.004 -20"><span class='ocrx_word' id='word_1_575' title='bbox 2099 3925 2287 4000; x_wconf 88' lang='lat' dir='ltr'>poeta</span> <span class='ocrx_word' id='word_1_576' title='bbox 2317 3919 2578 3997; x_wconf 85' lang='lat' dir='ltr'>genlili;</span> <span class='ocrx_word' id='word_1_577' title='bbox 2613 3936 2730 3995; x_wconf 89' lang='lat' dir='ltr'>ego</span> <span class='ocrx_word' id='word_1_578' title='bbox 2787 3916 2981 3976; x_wconf 91' lang='lat' dir='ltr'>divini</span> <span class='ocrx_word' id='word_1_579' title='bbox 3028 3918 3188 3975; x_wconf 87' lang='lat' dir='ltr'>vatis</span> <span class='ocrx_word' id='word_1_580' title='bbox 3237 3934 3416 3974; x_wconf 89' lang='lat' dir='ltr'>sacra</span> <span class='ocrx_word' id='word_1_581' title='bbox 3463 3914 3750 3975; x_wconf 91' lang='lat' dir='ltr'>carmina</span> 
     </span>
    </p>
   </div>
   <div class='ocr_carea' id='block_1_94' title="bbox 2102 4011 3746 4097">
    <p class='ocr_par' dir='ltr' id='par_1_94' title="bbox 2102 4011 3746 4097">
     <span class='ocr_line' id='line_1_96' title="bbox 2102 4011 3746 4097; baseline -0.004 -19"><span class='ocrx_word' id='word_1_582' title='bbox 2102 4035 2354 4097; x_wconf 89' lang='lat' dir='ltr'>semper</span> <span class='ocrx_word' id='word_1_583' title='bbox 2382 4015 2766 4095; x_wconf 88' lang='lat' dir='ltr'>pradicabo,</span> <span class='ocrx_word' id='word_1_584' title='bbox 2799 4014 2862 4073; x_wconf 91' lang='lat' dir='ltr'>in</span> <span class='ocrx_word' id='word_1_585' title='bbox 2896 4013 3150 4091; x_wconf 86' lang='lat' dir='ltr'>rythmo</span> <span class='ocrx_word' id='word_1_586' title='bbox 3181 4011 3610 4090; x_wconf 87' lang='lat' dir='ltr'>aqualitatem</span> <span class='ocrx_word' id='word_1_587' title='bbox 3671 4029 3746 4072; x_wconf 91' lang='lat' dir='ltr'>ac</span> 
     </span>
    </p>
   </div>
   <div class='ocr_carea' id='block_1_95' title="bbox 2101 4109 3750 4195">
    <p class='ocr_par' dir='ltr' id='par_1_95' title="bbox 2101 4109 3750 4195">
     <span class='ocr_line' id='line_1_97' title="bbox 2101 4109 3750 4195; baseline -0.004 -19"><span class='ocrx_word' id='word_1_588' title='bbox 2101 4117 2500 4195; x_wconf 87' lang='lat' dir='ltr'>gravitatem,</span> <span class='ocrx_word' id='word_1_589' title='bbox 2586 4113 2649 4172; x_wconf 92' lang='lat' dir='ltr'>in</span> <span class='ocrx_word' id='word_1_590' title='bbox 2701 4112 2876 4171; x_wconf 88' lang='lat' dir='ltr'>casis</span> <span class='ocrx_word' id='word_1_591' title='bbox 2937 4111 3256 4171; x_wconf 89' lang='lat' dir='ltr'>lenitatem</span> <span class='ocrx_word' id='word_1_592' title='bbox 3311 4109 3540 4170; x_wconf 91' lang='lat' dir='ltr'>tinnuli</span> <span class='ocrx_word' id='word_1_593' title='bbox 3597 4109 3750 4170; x_wconf 91' lang='lat' dir='ltr'>alte-</span> 
     </span>
    </p>
   </div>
   <div class='ocr_carea' id='block_1_96' title="bbox 2102 4207 3748 4293">
    <p class='ocr_par' dir='ltr' id='par_1_96' title="bbox 2102 4207 3748 4293">
     <span class='ocr_line' id='line_1_98' title="bbox 2102 4207 3748 4293; baseline -0.005 -18"><span class='ocrx_word' id='word_1_594' title='bbox 2102 4216 2230 4275; x_wconf 90' lang='lat' dir='ltr'>rius</span> <span class='ocrx_word' id='word_1_595' title='bbox 2260 4212 2497 4293; x_wconf 87' lang='lat' dir='ltr'>rythmi</span> <span class='ocrx_word' id='word_1_596' title='bbox 2555 4210 2681 4270; x_wconf 90' lang='lat' dir='ltr'>late</span> <span class='ocrx_word' id='word_1_597' title='bbox 2727 4208 2986 4286; x_wconf 88' lang='lat' dir='ltr'>sumpti,</span> <span class='ocrx_word' id='word_1_598' title='bbox 3047 4214 3111 4267; x_wconf 87' lang='lat' dir='ltr'>et</span> <span class='ocrx_word' id='word_1_599' title='bbox 3169 4207 3229 4266; x_wconf 92' lang='lat' dir='ltr'>in</span> <span class='ocrx_word' id='word_1_600' title='bbox 3288 4226 3394 4268; x_wconf 89' lang='lat' dir='ltr'>sex</span> <span class='ocrx_word' id='word_1_601' title='bbox 3453 4207 3748 4268; x_wconf 89' lang='lat' dir='ltr'>dictioni-</span> 
     </span>
    </p>
   </div>
   <div class='ocr_carea' id='block_1_97' title="bbox 2099 4305 3748 4388">
    <p class='ocr_par' dir='ltr' id='par_1_97' title="bbox 2099 4305 3748 4388">
     <span class='ocr_line' id='line_1_99' title="bbox 2099 4305 3748 4388; baseline -0.005 -14"><span class='ocrx_word' id='word_1_602' title='bbox 2099 4314 2219 4374; x_wconf 92' lang='lat' dir='ltr'>bus</span> <span class='ocrx_word' id='word_1_603' title='bbox 2302 4329 2517 4372; x_wconf 89' lang='lat' dir='ltr'>versus</span> <span class='ocrx_word' id='word_1_604' title='bbox 2600 4307 2782 4388; x_wconf 89' lang='lat' dir='ltr'>quasi</span> <span class='ocrx_word' id='word_1_605' title='bbox 2873 4307 3274 4367; x_wconf 88' lang='lat' dir='ltr'>hexametros</span> <span class='ocrx_word' id='word_1_606' title='bbox 3351 4305 3748 4384; x_wconf 87' lang='lat' dir='ltr'>majestatem</span> 
     </span>
    </p>
   </div>
   <div class='ocr_carea' id='block_1_98' title="bbox 2100 4402 3748 4490">
    <p class='ocr_par' dir='ltr' id='par_1_98' title="bbox 2100 4402 3748 4490">
     <span class='ocr_line' id='line_1_100' title="bbox 2100 4402 3748 4490; baseline -0.002 -24"><span class='ocrx_word' id='word_1_607' title='bbox 2100 4413 2288 4490; x_wconf 86' lang='lat' dir='ltr'>plane</span> <span class='ocrx_word' id='word_1_608' title='bbox 2344 4407 2620 4468; x_wconf 89' lang='lat' dir='ltr'>divinam</span> <span class='ocrx_word' id='word_1_609' title='bbox 2657 4405 2889 4484; x_wconf 91' lang='lat' dir='ltr'>ubique</span> <span class='ocrx_word' id='word_1_610' title='bbox 2920 4404 3288 4464; x_wconf 89' lang='lat' dir='ltr'>retinentes.</span> <span class='ocrx_word' id='word_1_611' title='bbox 3347 4404 3424 4463; x_wconf 90' lang='lat' dir='ltr'>Et</span> <span class='ocrx_word' id='word_1_612' title='bbox 3475 4403 3527 4463; x_wconf 87' lang='lat' dir='ltr'>si</span> <span class='ocrx_word' id='word_1_613' title='bbox 3558 4402 3748 4463; x_wconf 90' lang='lat' dir='ltr'>aliam</span> 
     </span>
    </p>
   </div>
   <div class='ocr_carea' id='block_1_99' title="bbox 2101 4503 3752 4583">
    <p class='ocr_par' dir='ltr' id='par_1_99' title="bbox 2101 4503 3752 4583">
     <span class='ocr_line' id='line_1_101' title="bbox 2101 4503 3752 4583; baseline -0.004 -16"><span class='ocrx_word' id='word_1_614' title='bbox 2101 4515 2447 4569; x_wconf 88' lang='lat' dir='ltr'>metrorum</span> <span class='ocrx_word' id='word_1_615' title='bbox 2506 4503 2806 4583; x_wconf 90' lang='lat' dir='ltr'>speciem,</span> <span class='ocrx_word' id='word_1_616' title='bbox 2867 4521 3008 4580; x_wconf 87' lang='lat' dir='ltr'>qua</span> <span class='ocrx_word' id='word_1_617' title='bbox 3067 4507 3434 4562; x_wconf 90' lang='lat' dir='ltr'>tetrametro</span> <span class='ocrx_word' id='word_1_618' title='bbox 3508 4505 3752 4560; x_wconf 89' lang='lat' dir='ltr'>constet</span> 
     </span>
    </p>
   </div>
   <div class='ocr_carea' id='block_1_100' title="bbox 2104 4597 3755 4676">
    <p class='ocr_par' dir='ltr' id='par_1_100' title="bbox 2104 4597 3755 4676">
     <span class='ocr_line' id='line_1_102' title="bbox 2104 4597 3755 4676; baseline -0.005 -10"><span class='ocrx_word' id='word_1_619' title='bbox 2104 4604 2401 4676; x_wconf 91' lang='lat' dir='ltr'>iambico,</span> <span class='ocrx_word' id='word_1_620' title='bbox 2456 4602 2740 4662; x_wconf 90' lang='lat' dir='ltr'>curiosus</span> <span class='ocrx_word' id='word_1_621' title='bbox 2798 4600 2997 4660; x_wconf 87' lang='lat' dir='ltr'>lector</span> <span class='ocrx_word' id='word_1_622' title='bbox 3057 4599 3333 4676; x_wconf 91' lang='lat' dir='ltr'>requirat</span> <span class='ocrx_word' id='word_1_623' title='bbox 3419 4598 3485 4658; x_wconf 91' lang='lat' dir='ltr'>in</span> <span class='ocrx_word' id='word_1_624' title='bbox 3565 4597 3755 4658; x_wconf 89' lang='lat' dir='ltr'>Mosis</span> 
     </span>
    </p>
   </div>
   <div class='ocr_carea' id='block_1_101' title="bbox 2106 4694 3751 4773">
    <p class='ocr_par' dir='ltr' id='par_1_101' title="bbox 2106 4694 3751 4773">
     <span class='ocr_line' id='line_1_103' title="bbox 2106 4694 3751 4773; baseline -0.007 -9"><span class='ocrx_word' id='word_1_625' title='bbox 2106 4702 2374 4773; x_wconf 90' lang='lat' dir='ltr'>cantico,</span> <span class='ocrx_word' id='word_1_626' title='bbox 2464 4697 2821 4758; x_wconf 87' lang='lat' dir='ltr'>meminerit</span> <span class='ocrx_word' id='word_1_627' title='bbox 2915 4695 3266 4773; x_wconf 88' lang='lat' dir='ltr'>imperfecti</span> <span class='ocrx_word' id='word_1_628' title='bbox 3377 4694 3751 4765; x_wconf 87' lang='lat' dir='ltr'>tetrametri,</span> 
     </span>
    </p>
   </div>
   <div class='ocr_carea' id='block_1_102' title="bbox 2106 4791 3750 4880">
    <p class='ocr_par' dir='ltr' id='par_1_102' title="bbox 2106 4791 3750 4880">
     <span class='ocr_line' id='line_1_104' title="bbox 2106 4791 3750 4880; baseline -0.007 -19"><span class='ocrx_word' id='word_1_629' title='bbox 2106 4799 2273 4880; x_wconf 93' lang='lat' dir='ltr'>quod</span> <span class='ocrx_word' id='word_1_630' title='bbox 2320 4797 2551 4876; x_wconf 81' lang='lat' dir='ltr'>sapius</span> <span class='ocrx_word' id='word_1_631' title='bbox 2624 4794 2689 4855; x_wconf 91' lang='lat' dir='ltr'>in</span> <span class='ocrx_word' id='word_1_632' title='bbox 2740 4793 2934 4854; x_wconf 91' lang='lat' dir='ltr'>sacris</span> <span class='ocrx_word' id='word_1_633' title='bbox 2990 4793 3242 4872; x_wconf 89' lang='lat' dir='ltr'>hymnis</span> <span class='ocrx_word' id='word_1_634' title='bbox 3293 4791 3590 4866; x_wconf 91' lang='lat' dir='ltr'>decurrit,</span> <span class='ocrx_word' id='word_1_635' title='bbox 3653 4791 3750 4850; x_wconf 91' lang='lat' dir='ltr'>cui</span> 
     </span>
    </p>
   </div>
   <div class='ocr_carea' id='block_1_103' title="bbox 2106 4890 3754 4976">
    <p class='ocr_par' dir='ltr' id='par_1_103' title="bbox 2106 4890 3754 4976">
     <span class='ocr_line' id='line_1_105' title="bbox 2106 4890 3754 4976; baseline -0.007 -17"><span class='ocrx_word' id='word_1_636' title='bbox 2106 4899 2324 4976; x_wconf 89' lang='lat' dir='ltr'>utique</span> <span class='ocrx_word' id='word_1_637' title='bbox 2355 4899 2618 4974; x_wconf 86' lang='lat' dir='ltr'>possunt</span> <span class='ocrx_word' id='word_1_638' title='bbox 2675 4891 3032 4971; x_wconf 89' lang='lat' dir='ltr'>comparari</span> <span class='ocrx_word' id='word_1_639' title='bbox 3079 4890 3558 4951; x_wconf 91' lang='lat' dir='ltr'>Deuteronomii</span> <span class='ocrx_word' id='word_1_640' title='bbox 3613 4907 3754 4949; x_wconf 38' lang='lat' dir='ltr'>ver.</span> 
     </span>
    </p>
   </div>
   <div class='ocr_carea' id='block_1_104' title="bbox 2104 4984 3759 5068">
    <p class='ocr_par' dir='ltr' id='par_1_104' title="bbox 2104 4984 3759 5068">
     <span class='ocr_line' id='line_1_106' title="bbox 2104 4984 3759 5068; baseline -0.007 -13"><span class='ocrx_word' id='word_1_641' title='bbox 2104 5015 2231 5056; x_wconf 85' lang='lat' dir='ltr'>sus.</span> <span class='ocrx_word' id='word_1_642' title='bbox 2260 4993 2447 5053; x_wconf 85' lang='lat' dir='ltr'>Verbi</span> <span class='ocrx_word' id='word_1_643' title='bbox 2496 4990 2726 5068; x_wconf 88' lang='lat' dir='ltr'>gratia,</span> <span class='ocrx_word' id='word_1_644' title='bbox 2784 4989 2910 5048; x_wconf 93' lang='lat' dir='ltr'>duo</span> <span class='ocrx_word' id='word_1_645' title='bbox 2960 4988 3201 5066; x_wconf 91' lang='lat' dir='ltr'>priores</span> <span class='ocrx_word' id='word_1_646' title='bbox 3256 5007 3473 5049; x_wconf 91' lang='lat' dir='ltr'>versus</span> <span class='ocrx_word' id='word_1_647' title='bbox 3529 4984 3759 5047; x_wconf 89' lang='lat' dir='ltr'>cantici</span> 
     </span>
    </p>
   </div>
   <div class='ocr_carea' id='block_1_105' title="bbox 2105 5090 2475 5172">
    <p class='ocr_par' dir='ltr' id='par_1_105' title="bbox 2105 5090 2475 5172">
     <span class='ocr_line' id='line_1_107' title="bbox 2105 5090 2475 5172; baseline -0.016 -18"><span class='ocrx_word' id='word_1_648' title='bbox 2105 5090 2475 5172; x_wconf 87' lang='lat' dir='ltr'>supradicti.</span> 
     </span>
    </p>
   </div>
   <div class='ocr_carea' id='block_1_106' title="bbox 2106 5182 3757 5245">
    <p class='ocr_par' dir='ltr' id='par_1_106' title="bbox 2106 5182 3757 5245">
     <span class='ocr_line' id='line_1_108' title="bbox 2106 5182 3757 5245; baseline -0.007 0"><span class='ocrx_word' id='word_1_649' title='bbox 2106 5191 2336 5245; x_wconf 62' lang='lat' dir='ltr'>&quot;ausim</span> <span class='ocrx_word' id='word_1_650' title='bbox 2365 5187 2717 5242; x_wconf 73' lang='lat' dir='ltr'>aschamaim</span> <span class='ocrx_word' id='word_1_651' title='bbox 2744 5184 3084 5239; x_wconf 85' lang='lat' dir='ltr'>vaadebbera</span> <span class='ocrx_word' id='word_1_652' title='bbox 3128 5183 3463 5238; x_wconf 72' lang='lat' dir='ltr'>vethismath</span> <span class='ocrx_word' id='word_1_653' title='bbox 3507 5182 3757 5235; x_wconf 81' lang='lat' dir='ltr'>haareets</span> 
     </span>
    </p>
   </div>
   <div class='ocr_carea' id='block_1_107' title="bbox 2176 5250 3760 5388">
    <p class='ocr_par' dir='ltr' id='par_1_107' title="bbox 2176 5250 3760 5388">
     <span class='ocr_line' id='line_1_109' title="bbox 2176 5250 3760 5386; baseline -0.006 -71"><span class='ocrx_word' id='word_1_654' title='bbox 2176 5259 2416 5386; x_wconf 48' lang='lat' dir='ltr'>imtqefmi</span> <span class='ocrx_word' id='word_1_655' title='bbox 2436 5257 2677 5329; x_wconf 84' lang='lat' dir='ltr'>jaaroph</span> <span class='ocrx_word' id='word_1_656' title='bbox 2707 5255 3022 5311; x_wconf 80' lang='lat' dir='ltr'>kammatar</span> <span class='ocrx_word' id='word_1_657' title='bbox 3052 5254 3221 5311; x_wconf 85' lang='lat' dir='ltr'>licchi</span> <span class='ocrx_word' id='word_1_658' title='bbox 3249 5253 3424 5309; x_wconf 63' lang='lat' dir='ltr'>lix-sal</span> <span class='ocrx_word' id='word_1_659' title='bbox 3453 5252 3627 5307; x_wconf 77' lang='lat' dir='ltr'>kallal</span> <span class='ocrx_word' id='word_1_660' title='bbox 3659 5250 3760 5306; x_wconf 83' lang='lat' dir='ltr'>im-</span> 
     </span>
     <span class='ocr_line' id='line_1_110' title="bbox 2178 5349 2356 5388; baseline -0.006 -2"><span class='ocrx_word' id='word_1_661' title='bbox 2178 5351 2241 5388; x_wconf 87' lang='lat' dir='ltr'>ra</span> <span class='ocrx_word' id='word_1_662' title='bbox 2289 5349 2306 5386; x_wconf 89' lang='grc' dir='ltr'><strong><em>ι</em></strong></span> <span class='ocrx_word' id='word_1_663' title='bbox 2344 5374 2356 5385; x_wconf 93' lang='grc'><em>.</em></span> 
     </span>
    </p>
   </div>
   <div class='ocr_carea' id='block_1_108' title="bbox 2108 5412 3762 5501">
    <p class='ocr_par' dir='ltr' id='par_1_108' title="bbox 2108 5412 3762 5501">
     <span class='ocr_line' id='line_1_111' title="bbox 2108 5412 3762 5501; baseline -0.007 -17"><span class='ocrx_word' id='word_1_664' title='bbox 2108 5424 2383 5501; x_wconf 88' lang='lat' dir='ltr'>aliquam</span> <span class='ocrx_word' id='word_1_665' title='bbox 2419 5418 2656 5478; x_wconf 88' lang='lat' dir='ltr'>habent</span> <span class='ocrx_word' id='word_1_666' title='bbox 2687 5415 3162 5476; x_wconf 87' lang='lat' dir='ltr'>similitudinem</span> <span class='ocrx_word' id='word_1_667' title='bbox 3195 5431 3336 5473; x_wconf 91' lang='lat' dir='ltr'>cum</span> <span class='ocrx_word' id='word_1_668' title='bbox 3379 5412 3513 5472; x_wconf 91' lang='lat' dir='ltr'>istis</span> <span class='ocrx_word' id='word_1_669' title='bbox 3569 5417 3762 5472; x_wconf 88' lang='lat' dir='ltr'>tetra-</span> 
     </span>
    </p>
   </div>
   <div class='ocr_carea' id='block_1_109' title="bbox 2110 5509 3718 5596">
    <p class='ocr_par' dir='ltr' id='par_1_109' title="bbox 2110 5509 3718 5596">
     <span class='ocr_line' id='line_1_112' title="bbox 2110 5509 3718 5596; baseline -0.007 -15"><span class='ocrx_word' id='word_1_670' title='bbox 2110 5520 2324 5580; x_wconf 90' lang='lat' dir='ltr'>metris</span> <span class='ocrx_word' id='word_1_671' title='bbox 2355 5515 2639 5576; x_wconf 87' lang='lat' dir='ltr'>iambicis</span> <span class='ocrx_word' id='word_1_672' title='bbox 2671 5516 2930 5596; x_wconf 72' lang='lat' dir='ltr'>(Hymn.</span> <span class='ocrx_word' id='word_1_673' title='bbox 2961 5513 3166 5572; x_wconf 76' lang='lat' dir='ltr'>missa</span> <span class='ocrx_word' id='word_1_674' title='bbox 3197 5511 3261 5570; x_wconf 86' lang='lat' dir='ltr'>in</span> <span class='ocrx_word' id='word_1_675' title='bbox 3311 5509 3678 5589; x_wconf 83' lang='lat' dir='ltr'>Parasceve)</span> <span class='ocrx_word' id='word_1_676' title='bbox 3703 5529 3718 5570; x_wconf 84' lang='lat'><strong>:</strong></span> 
     </span>
    </p>
   </div>
   <div class='ocr_carea' id='block_1_110' title="bbox 2169 5607 3500 5679">
    <p class='ocr_par' dir='ltr' id='par_1_110' title="bbox 2169 5607 3500 5679">
     <span class='ocr_line' id='line_1_113' title="bbox 2169 5607 3500 5679; baseline -0.009 -13"><span class='ocrx_word' id='word_1_677' title='bbox 2169 5620 2368 5679; x_wconf 86' lang='lat' dir='ltr'>Pauge,</span> <span class='ocrx_word' id='word_1_678' title='bbox 2399 5615 2601 5679; x_wconf 72' lang='lat' dir='ltr'>lingua,</span> <span class='ocrx_word' id='word_1_679' title='bbox 2633 5612 2849 5676; x_wconf 86' lang='lat' dir='ltr'>gloriosi</span> <span class='ocrx_word' id='word_1_680' title='bbox 2882 5607 3500 5679; x_wconf 51' lang='lat' dir='ltr'>praeliumcertaminis;</span> 
     </span>
    </p>
   </div>
   <div class='ocr_carea' id='block_1_111' title="bbox 2170 5669 3700 5742">
    <p class='ocr_par' dir='ltr' id='par_1_111' title="bbox 2170 5669 3700 5742">
     <span class='ocr_line' id='line_1_114' title="bbox 2170 5669 3700 5742; baseline -0.005 -11"><span class='ocrx_word' id='word_1_681' title='bbox 2170 5681 2234 5731; x_wconf 88' lang='lat' dir='ltr'>Et</span> <span class='ocrx_word' id='word_1_682' title='bbox 2266 5669 2428 5742; x_wconf 57' lang='lat' dir='ltr'>sape;-</span> <span class='ocrx_word' id='word_1_683' title='bbox 2457 5669 2927 5738; x_wconf 59' lang='lat' dir='ltr'>ci&#39;ucis&#39;tropaufn</span> <span class='ocrx_word' id='word_1_684' title='bbox 2964 5672 3052 5722; x_wconf 82' lang='lat' dir='ltr'>die</span> <span class='ocrx_word' id='word_1_685' title='bbox 3079 5669 3412 5734; x_wconf 86' lang='lat' dir='ltr'>triumphum</span> <span class='ocrx_word' id='word_1_686' title='bbox 3443 5669 3700 5723; x_wconf 88' lang='lat' dir='ltr'>nobilem.</span> 
     </span>
    </p>
   </div>
  </div>
