4060 6190
361 332 477 399 163

1519 320 1838 382 PATRUM
1885 319 2591 383 BENEDICTINORUM

3643 324 3762 385 164

435 465 732 541 Quamvis
788 463 953 525 enim
1011 459 1091 519 ad
1150 461 1586 518 tetrametrum
1643 455 1992 533 perfectum
2024 453 2079 520 Α
2109 461 2313 514 ceret:
2349 453 2636 533 Denique
2664 452 2821 533 quid
2859 453 3178 513 Psalterio
3209 455 3528 531 canorius,
3591 457 3760 536 quod

357 569 561 632 desint
601 562 920 626 nonnullae
978 558 1235 638 syllaba:
1292 556 1356 616 in
1414 553 1745 634 posteriori
1811 571 1990 612 versu

356 660 856 732 Deuteronomii,
898 667 960 718 ct
1013 657 1077 716 in
1135 653 1326 734 priori
1387 650 1707 712 nonnulla;
1760 651 1993 711 redun-

357 766 554 837 dent;
613 759 867 821 suavius
923 761 1135 815 tamen
1192 753 1535 812 decurrunt
1590 747 1701 808 illa
1817 766 1997 808 sacra

355 861 627 924 iambica
673 857 1063 937 imperfecta,
1127 867 1318 930 quam
1365 847 1485 907 ista
1542 845 1712 925 apud
1765 849 1998 906 Teren-

354 961 510 1023 tium
536 977 552 1018 :

415 1102 706 1153 Pecuniam
739 1095 936 1147 inloco
962 1092 1252 1157 negligere,
1275 1088 1568 1138 maximum
1615 1085 2000 1196 interdugiuegt

1751 1179 1758 1196 .
1789 1162 1820 1196 u
1983 1183 1996 1194 .

1751 1179 1874 1211 ιιυυι
1887 1179 1996 1211 ξιιμ.

418 1230 638 1291 Propter
672 1236 820 1273 suam
839 1215 1210 1284 impotentiam
1228 1229 1284 1264 se
1301 1225 1515 1276 semper
1531 1210 1764 1261 credunt
1779 1210 1995 1274 negligi.

433 1351 744 1413 Trimetra
801 1342 982 1424 quasi
1027 1339 1298 1401 iambica
1355 1337 1418 1396 in
1477 1333 1746 1396 Psalmis
1803 1350 1876 1394 cx
1933 1336 1996 1392 et

352 1470 480 1523 cxr,
543 1468 686 1510 cum
738 1445 1119 1521 Hieronymo
1179 1437 1360 1498 facile
1435 1435 1802 1504 concedent,
1885 1431 1994 1510 qui

350 1552 467 1612 hos
548 1548 847 1608 Hebrwos
931 1557 1143 1600 versus
1221 1536 1431 1612 legere
1506 1538 1567 1593 et
1637 1530 1995 1607 intelligere

350 1646 727 1710 studuerint.
787 1639 1042 1703 Psalmo
1099 1653 1170 1696 cx
1229 1633 1410 1715 (vers.
1448 1631 1508 1709 1)
1565 1629 1866 1708 scriptum
1909 1628 1994 1688 le-

351 1739 520 1820 gitur
547 1737 610 1796 in
642 1733 1050 1795 Hebraaorum
1083 1721 1508 1786 voluminibus
1533 1737 1546 1779 :

804 1835 1061 1888 ΠῚΠἽ-ΠΝ
1102 1831 1199 1883 NV
1238 1828 1551 1879 ΨἺΝ-ῚἾΨΝ

847 1930 863 1977 2
903 1926 1035 1976 "MD
1073 1923 1201 2002 γΞΠ
1239 1918 1494 1969 ἾἽΠῚΥἹΞΞ

421 2013 541 2070 Ode
570 2009 710 2068 Iabo
741 2003 1146 2064 becbol-levav
1179 2017 1192 2054 :

489 2083 665 2140 besod
692 2076 972 2151 jescarim
998 2073 1164 2151 veda.

420 2139 753 2212 Conﬁtebdr
785 2147 1030 2204 Domino
1059 2144 1118 2198 in
1149 2146 1271 2220 toto
1304 2139 1509 2195 corde:
1565 2208 1601 2220 ‘-

492 2227 550 2281 in
585 2221 1147 2291 conciliojustorum
1187 2218 1246 2269 et
1269 2214 1737 2282 congregatione.

427 2325 681 2388 Psalmo
741 2326 951 2381 autem
1012 2332 1112 2375 uxr
1167 2309 1379 2391 (Vers.
1423 2307 1506 2386 1),
1569 2307 1788 2369 eadem
1849 2325 1985 2367 ver-

349 2441 530 2485 suum
561 2419 798 2499 species
826 2417 916 2476 ita
946 2409 1220 2499 decurrit
1253 2425 1267 2466 :

878 2493 1137 2575 125-53:
1174 2515 1306 2565 mm
1345 2513 1492 2565 mn:

883 2615 899 2663 ζ
937 2608 1080 2664 ΠἼΥἹ
1121 2604 1301 2657 ΠἽἾἮἽ
1342 2603 1484 2658 ἼἸΟΞ

415 2701 594 2756 Ascre
617 2695 701 2750 isc
722 2694 853 2764 jare
882 2687 1150 2764 eth-Iahn
1180 2703 1194 2740 :

487 2755 913 2824 bemitsvothav
939 2759 1229 2831 hhaphets
1253 2755 1450 2831 _meod.

418 2843 631 2897 Beatus
660 2839 746 2891 vir
777 2835 877 2906 qui
909 2827 1078 2906 timet
1106 2827 1410 2906 Dominum
1449 2843 1462 2881 :

486 2912 548 2968 in
581 2898 879 2966 mandatis
910 2905 1039 2975 ejus
1067 2901 1220 2956 volet
1249 2898 1447 2953 nimis.

427 3013 733 3074 Advertet
763 3008 960 3068 lector
989 3001 1278 3064 eumdem
1324 3016 1458 3059 esse
1515 3013 1736 3056 sonum
1796 3015 1982 3059 voca-

349 3112 502 3173 lium
559 3109 622 3168 in
657 3108 782 3166 ﬁne
837 3097 1204 3180 hujusmodi
1285 3113 1575 3156 versuum
1655 3094 1986 3156 Hebraico-

2108 551 2172 610 in
2230 571 2454 610 morem
2514 551 2718 611 nostri
2780 549 2998 610 Flacci
3052 556 3111 609 et
3196 550 3416 612 Graeci
3467 552 3753 615 Pindari

2105 668 2269 708 nunc
2327 647 2526 708 iambo
2583 648 2807 727 currit,
2869 669 3037 708 nunc
3090 649 3360 710 Alcaico
3429 659 3747 728 bersonat,

2105 767 2269 806 nunc
2315 746 2619 827 Sapphico
2691 751 2884 805 tumet
2926 747 2955 804 ‘I
3040 751 3306 825 Legerat
3379 749 3750 824 Pindarum,

2103 845 2341 904 sciebat
2396 845 2546 923 quid
2606 845 2688 904 sit
2743 843 3108 916 iambicum,
3171 845 3321 924 quid
3401 847 3748 921 Alcaicum,

2103 948 2167 1002 et
2213 942 2364 1021 quid
2422 941 2808 1022 Sapphicum
2871 948 3161 1002 metrum.
3223 947 3380 1003 Cum
3447 944 3752 1006 Hebraeo-

2103 1057 2242 1099 rum
2275 1039 2710 1099 eruditissimis
2740 1039 3060 1118 colloquia
3118 1040 3399 1118 quotidie
3457 1042 3750 1118 miscens,

2100 1137 2236 1216 ipse
2265 1137 2496 1215 linguae
2529 1137 2851 1198 Hebraicaa
2910 1137 3397 1198 callentissimus
3452 1158 3579 1200 non
3640 1160 3748 1220 po-

2101 1235 2222 1295 tuit
2275 1235 2570 1313 ignorare
2628 1253 2923 1314 quaenam
2984 1235 3109 1297 sint
3169 1236 3232 1295 in
3294 1236 3496 1297 Libris
3553 1239 3750 1301 sacris

2104 1351 2297 1412 opera
2371 1332 2665 1404 metrica,
2748 1339 2810 1393 et
2881 1333 3111 1412 quibus
3169 1333 3413 1412 legibus
3473 1337 3749 1398 metricis

2104 1432 2425 1492 adstricta.
2487 1431 2908 1502 Quamobrem
2958 1431 3112 1492 ﬁdes
3168 1431 3550 1512 Hieronymo
3629 1434 3748 1495 ha-

2103 1529 2310 1589 benda
2393 1535 2507 1602 est,
2596 1529 3002 1608 potiusquam
3062 1529 3406 1608 Scaligero,
3458 1530 3746 1610 ejusque,

2102 1627 2538 1688 reconditioris
2594 1627 2944 1705 disciplinae
3003 1628 3444 1701 sectatoribus,
3518 1628 3627 1706 qui
3684 1636 3752 1690 et

2102 1725 2222 1804 ipsi
2255 1725 2616 1804 opinionem
2676 1724 2998 1803 propriam
3059 1724 3136 1786 de
3193 1725 3409 1785 metris
3467 1726 3747 1805 Scriptu-

2028 1821 2344 1896 Brarum,
2375 1841 2449 1884 ac
2498 1823 2812 1902 praecipue
2869 1823 3160 1884 Psalterii
3213 1829 3581 1898 statuentes,
3645 1831 3746 1886 to-

2101 1927 2233 1980 tum
2318 1920 2604 1982 ordinem
2687 1925 3053 1999 pervertunt
3125 1920 3191 1979 in
3277 1921 3604 1982 sententiis
3687 1927 3744 1982 et

2099 2018 2383 2079 versibus
2437 2017 2787 2078 Bibliorum
2847 2035 3195 2089 sacrorum,
3250 2017 3313 2078 in
3373 2019 3604 2098 quibus
3637 2037 3748 2081 saa-

2099 2117 2352 2195 pissime
2407 2118 2562 2177 ordo
2621 2116 2955 2176 verborum
3016 2115 3383 2195 mysterium
3413 2123 3528 2177 est.
3563 2117 3747 2180 Unde

2097 2213 2262 2274 idem
2325 2213 2742 2292 Hieronymus
2803 2213 2867 2273 in
2933 2231 3074 2292 cap.
3136 2229 3223 2273 ιιι.
3304 2214 3601 2291 Epistolas
3659 2215 3740 2275 ad

2098 2311 2403 2391 Ephesios
2457 2330 2469 2371 :
2539 2309 2713 2387 Quia
2772 2311 2860 2370 ita
2913 2309 3176 2370 habetur
3235 2311 3302 2370 in
3358 2310 3603 2391 erco,
3681 2318 3742 2371 et

2097 2408 2346 2489 singuli
2419 2429 2754 2483 sermones,
2832 2407 3111 2483 syllabae,
3171 2409 3398 2490 apices,
3472 2417 3735 2492 puncta,

2100 2508 2165 2568 in
2226 2507 2465 2568 divinis
2520 2506 2873 2588 Scripturis
2915 2507 3109 2588 plena
3167 2513 3319 2566 sunt
3383 2508 3670 2568 sensibus
3719 2530 3736 2568 :

2098 2610 2415 2686 propterea
2496 2605 2698 2684 magis
2782 2603 3067 2664 volumus
3158 2605 3225 2664 in
3299 2606 3742 2687 compositione

2098 2708 2538 2782 structuraque
2592 2701 2938 2782 verborum,
3025 2723 3209 2782 quam
3289 2703 3736 2784 intelligentia,

2080 2800 2472 2882 periclitari.
2535 2803 2670 2862 Non
2729 2801 2816 2861 sic
2900 2801 3184 2879 Scriptor
3239 2821 3540 2882 nuperus,
3630 2804 3739 2882 qui

2098 2918 2212 2978 pro
2269 2899 2450 2960 libitu
2509 2916 2755 2958 sacrum
2837 2901 3213 2959 Contextum
3301 2901 3602 2978 pervertit
3673 2900 3736 2960 in

2093 2997 2362 3058 Psalmis
2393 3015 2459 3068 ιι,
2494 3014 2666 3057 CLXXI
2697 3003 2758 3057 et
2815 3013 2906 3070 CL,
2941 3003 3011 3056 ut
3040 2996 3280 3075 poesim
3313 2997 3734 3076 rythmnicam

2091 3095 2155 3155 in
2220 3094 2343 3154 illis
2399 3095 2698 3155 inveniat.
2761 3096 3022 3155 Tantam
3083 3094 3198 3154 viri
3258 3095 3488 3156 eruditi
3543 3096 3734 3160 liber-

345 3225 485 3269 rum
520 3222 533 3265 :
569 3221 714 3263 nam
746 3199 917 3260 levav
947 3202 1008 3257 et
1051 3193 1232 3253 veeda
1287 3208 1477 3252 unam
1535 3189 1774 3248 habent
1827 3190 1982 3251 desi-
2014 3184 2056 3248 C
2096 3198 2288 3253 tatem
2341 3192 2633 3253 cohibere
2688 3191 2753 3252 in
2809 3199 3106 3271 promptu
3165 3200 3327 3253 esset
3382 3212 3458 3254 ex
3515 3195 3736 3256 distin-

347 3301 624 3364 nentiam
657 3299 784 3360 sive
841 3293 1160 3374 rythmum
1213 3290 1336 3350 late
1394 3292 1741 3364 sumptum.
1805 3287 1984 3347 Simi-

346 3402 490 3462 liter
525 3385 608 3460 in
649 3397 891 3476 psalmo
920 3409 1016 3454 cxt
1073 3387 1248 3449 meoa’
1301 3387 1364 3446 in
1424 3383 1702 3445 vocalem
1760 3404 1793 3443 o
1851 3395 1979 3445 ter-

343 3497 677 3564 minatum,
721 3490 1010 3553 eumdem
1072 3485 1264 3545 habet
1315 3500 1540 3542 sonum
1599 3499 1740 3539 cum
1782 3479 1974 3548 Jaho.

339 3599 437 3656 Ita
465 3593 630 3656 enim
664 3590 786 3669 legi
815 3587 1002 3649 debet
1041 3601 1269 3644 nomen
1325 3579 1437 3640 Dei
1495 3584 1976 3657 tetragramma-

336 3700 443 3756 ton
480 3712 495 3767 ;
528 3711 654 3754 non
687 3697 756 3751 ut
802 3686 989 3748 hodie
1046 3688 1339 3761 corrupte
1387 3678 1662 3758 legitur:
1719 3676 1973 3745 Iehova.

334 3793 443 3854 His
500 3809 650 3852 vero
705 3786 989 3848 versibus
1044 3779 1329 3843 iambicis
1411 3777 1601 3837 sacris
1669 3776 1970 3854 majorem

330 3889 534 3951 inesse
567 3885 926 3956 melodiam,
978 3898 1168 3960 quam
1228 3877 1310 3937 sit
1363 3876 1426 3936 in
1477 3874 1690 3934 metris
1719 3875 1967 3949 Catulli,

331 3987 573 4050 Horatii
601 3991 664 4047 et
691 3983 985 4053 aliorum,
1047 3977 1187 4057 quis
1243 3993 1367 4035 non
1424 3973 1687 4032 videat?
1740 3973 1973 4033 Termi-

271 4112 278 4114 τ’
332 4089 567 4145 nantur
623 4081 688 4142 in
757 4075 1140 4140 dictionibus
1227 4070 1493 4131 duarum
1553 4067 1964 4147 syllabarum,

329 4199 436 4242 sex
465 4181 703 4243 habent
732 4176 912 4258 quasi
942 4174 1157 4254 pedes,
1213 4169 1311 4230 vel
1369 4175 1438 4228 ut
1497 4167 1719 4228 melius
1806 4167 1971 4228 dica-

331 4297 490 4352 mus,
580 4279 812 4357 pedum
872 4271 1198 4350 imagines,
1264 4273 1387 4328 tres
1451 4285 1632 4327 voces
1688 4265 1969 4344 integras

326 4374 580 4454 saepius,
616 4391 728 4433 nec
758 4372 971 4450 plures
999 4369 1065 4428 in
1123 4365 1342 4427 eodem
1399 4382 1582 4424 versu
1645 4363 1962 4436 retinent;

2091 3290 2405 3351 ctionibus
2485 3290 2893 3351 Hebrmorum
2997 3291 3283 3350 codicum
3371 3291 3732 3370 antiquissi-

2093 3388 2229 3461 mis,
2264 3395 2326 3448 et
2356 3407 2431 3448 ex
2469 3387 2791 3448 versiculis
2852 3407 2962 3466 per
3017 3388 3354 3448 intervalla
3404 3389 3733 3469 descriptis

2086 3486 2147 3545 in
2184 3486 2651 3565 exemplaribus
2699 3485 2968 3546 Canonis
3025 3486 3348 3547 Hebraicaa
3410 3488 3727 3564 veritatis;

2087 3585 2195 3644 sed
2255 3584 2422 3644 hanc
2479 3583 2968 3663 disputationem
3031 3583 3377 3661 majoribus
3443 3585 3607 3658 otiis,
3669 3594 3734 3648 et

2086 3683 2269 3743 alteri
2328 3681 2601 3761 tempori
2653 3670 3164 3754 'reservavimus,
3249 3685 3529 3743 contenti
3607 3683 3731 3746 hoc

2086 3779 2226 3840 loco
2259 3779 2548 3858 quaedam
2585 3780 2810 3839 futurae
2867 3780 3093 3839 domus
3149 3781 3444 3841 stravisse
3503 3782 3731 3843 funda-

2084 3883 2315 3938 menta.
2409 3880 2558 3938 Haec
2641 3895 2788 3938 vero
2847 3877 3315 3957 qualiacunque
3372 3879 3518 3952 sint,
3600 3898 3728 3941 non

2082 3973 2314 4034 frivola
2371 3973 2704 4032 videantur
2759 3991 2894 4034 esse
2953 3973 3189 4047 lectori,
3256 3973 3419 4047 licet,
3479 3981 3540 4036 et
3571 3975 3726 4036 mihi

2079 4071 2221 4150 ipsi,
2261 4070 2370 4149 qui
2401 4069 2565 4145 dico,
2627 4069 3024 4149 displiceant,
3087 4071 3360 4131 sentiens
3415 4090 3515 4133 me
3541 4074 3722 4134 clau-

2081 4188 2214 4229 sam
2247 4168 2500 4248 pulsare
2521 4167 2809 4246 januam.
2847 4168 2967 4229 Sed
3015 4168 3283 4247 legenda
3340 4189 3483 4230 cum
3544 4172 3725 4232 venia

2084 4273 2250 4339 sunt,
2289 4266 2570 4344 alioquin
2634 4266 2811 4344 potui
2872 4266 3241 4345 simpliciter
3294 4267 3722 4346 ignorantiam

2078 4364 2389 4437 confiteri,
2477 4372 2540 4424 et
2619 4381 2807 4424 omne
2893 4363 3316 4426 studiosorum
3386 4373 3720 4447 amputare

323 4471 554 4551 ecquid
638 4469 806 4530 istud
864 4485 1052 4528 vocas
1108 4464 1226 4524 nisi
1287 4463 1571 4523 trimetra
1639 4461 1964 4522 iambica?
1994 4496 2040 4561 Β
2079 4461 2480 4522 desiderium.
2542 4461 2716 4522 Sicut
2774 4461 2942 4521 enim
3001 4481 3038 4522 a
3095 4463 3376 4541 perfecta
3457 4464 3719 4525 scientia

324 4571 673 4629 Fateantur
756 4583 908 4644 ergo
989 4559 1295 4622 fastidiosi
1383 4559 1672 4619 homines
1758 4559 2019 4618 totum’
2079 4559 2302 4637 procul
2358 4575 2641 4618 sumus:

321 4665 719 4738 Psalterium,
784 4670 844 4724 et
901 4660 1115 4723 omnia
1171 4658 1638 4738 Scripturarum
1723 4656 1968 4717 cantica

327 4762 576 4842 poetico
657 4761 934 4842 quodam
992 4759 1356 4818 charactere
1440 4773 1574 4814 esse
1658 4754 1962 4828 animata,

327 4879 440 4922 nec
487 4862 695 4922 fumos
750 4857 1102 4920 vendidisse
1158 4855 1614 4932 Hieronymum
1675 4870 1817 4912 cum
1867 4853 1962 4912 di-

2734 4558 2984 4619 levioris
3069 4561 3278 4638 culpae
3337 4560 3723 4622 arbitramur

2076 4655 2297 4717 saltem
2333 4673 2556 4734 parum
2587 4655 2666 4716 de
2722 4656 2939 4716 metris
2997 4657 3212 4731 sacris,
3263 4677 3454 4737 quam
3513 4659 3720 4720 omni-

2075 4771 2156 4814 no
2181 4752 2339 4812 nihil
2369 4752 2600 4813 dicere.

1820 5007 2230 5070 EPILOGUS.
2265 5100 2267 5103 ι

397 5151 568 5228 Ergo
595 5147 863 5227 legenda
893 5153 1039 5208 sunt
1087 5165 1226 5207 cum
1289 5160 1445 5224 pace
1501 5141 1959 5220 Prolegomena

312 5255 550 5326 nostra,
639 5252 701 5306 et
783 5251 1046 5306 conatus
1079 5243 1302 5322 ,nostri
1358 5243 1573 5302 favore
1630 5240 1840 5319 potius
1898 5245 1960 5301 et

314 5343 705 5405 orationibus
763 5341 1129 5420 adjuvandi,
1195 5357 1383 5418 quam
1445 5338 1781 5416 spernendi
1853 5356 1959 5397 au-

313 5461 381 5502 re
439 5441 757 5513 malivola,
819 5440 969 5520 quia
1027 5457 1285 5519 carpere
1341 5443 1404 5498 et
1451 5435 1781 5497 detrahere
1860 5435 1958 5496 vel

313 5539 588 5618 imperiti
670 5545 956 5619 possunt.
1019 5540 1358 5598 Doctorum
1447 5540 1658 5594 autem
1718 5540 1836 5612 est,
1896 5540 1958 5594 et

315 5638 427 5720 qui
481 5639 906 5704 laborantium
963 5656 1197 5702 novere
1255 5637 1574 5711 sudorem,
1635 5633 1733 5696 vel
1778 5633 1958 5696 lassis

2069 5161 2324 5204 manum
2372 5142 2726 5222 porrigere,
2777 5143 2875 5204 vel
2937 5144 3293 5205 errantibus
3351 5146 3470 5207 iter
3520 5153 3728 5208 osten-

2067 5243 2234 5302 dere.
2269 5243 2346 5302 Et
2385 5241 2534 5318 quid
2597 5239 2852 5318 prodest
2906 5243 3349 5319 spumantibus
3403 5244 3612 5319 labiis,
3665 5253 3730 5308 et

2069 5340 2300 5400 latratu
2360 5337 2695 5398 adversum
2763 5356 2876 5398 nos
2934 5340 3176 5417 garrire
3232 5359 3516 5402 canum:
3575 5362 3720 5404 cum

2066 5438 2332 5515 simplex
2374 5442 2434 5497 et
2492 5436 2820 5497 moderata
2876 5438 3226 5516 responsio,
3288 5447 3399 5500 aut
3430 5441 3628 5520 possit
3656 5447 3718 5504 te

2069 5535 2318 5616 placare
2348 5534 2400 5594 si
2429 5552 2578 5594 vera
2622 5538 2737 5608 est,
2771 5540 2882 5596 aut
2939 5535 2992 5596 si
3047 5536 3224 5612 falsa,
3284 5536 3514 5599 leniter
3569 5557 3606 5599 a
3670 5545 3728 5602 te

2068 5645 2131 5696 et
2184 5632 2581 5714 placabiliter
2636 5633 2981 5695 emendari.
3040 5635 3188 5695 Haec
3261 5633 3515 5697 interim
3573 5655 3724 5718 pro-
