4060 6190
294 319 413 381 165

1698 306 2305 371 PROLEGOMENA.

3592 327 3707 389 166

292 460 434 534 pter
494 450 776 523 aemulos,
840 466 999 527 quos
1061 447 1416 508 censoriam
1481 446 1791 523 virgulam
1877 448 2027 513 etA
2066 444 2185 505 hac
2265 445 2539 507 editione
2622 450 2823 510 sancti
2906 451 3271 535 Hieronymi
3372 467 3701 537 peccatum

296 551 500 612 multa
558 548 842 610 convicia
898 546 1075 625 Operi
1132 552 1350 606 nostro
1436 545 1747 605 intentare
1832 548 1948 607 sci-

298 669 463 710 mus.
520 649 832 708 Caeterum
889 664 1088 724 spem,
1152 663 1293 723 quae
1351 662 1465 704 nos
1524 642 1725 703 tenuit
1776 646 1947 723 apud

300 767 518 827 aequos
548 765 622 807 ac
650 746 929 805 eruditos
988 745 1251 803 lectores
1308 760 1709 821 nequaquam
1772 744 1949 821 abje-

303 848 526 919 cimus,
589 843 838 905 veniam
896 842 1061 902 enim
1112 841 1203 900 illi
1264 840 1444 900 nobis
1480 840 1661 899 facile
1722 859 1949 901 conce-

299 948 474 1017 dent,
534 944 588 1004 si
637 942 790 1022 quid
847 940 1245 1021 peccavimus
1301 940 1365 999 in
1428 939 1701 1000 editione
1759 940 1951 1019 hujus

300 1044 541 1105 Divinas
624 1040 1056 1101 Bibliothecze.
1144 1039 1339 1116 ldque
1424 1038 1817 1115 potissimum
1899 1038 1950 1097 si

302 1143 518 1203 animo
549 1140 637 1200 ita
669 1157 765 1199 me
826 1141 1265 1215 comparatum
1325 1135 1633 1209 noverint,
1699 1140 1766 1195 ut
1824 1154 1951 1195 non

301 1240 664 1317 multopere
747 1236 1107 1297 criticorum
1182 1234 1581 1312 quorundam
1668 1234 1947 1312 superci-

306 1338 467 1397 lium
527 1335 999 1414 pertimescens,
1084 1330 1405 1391 benevolis
1476 1329 1947 1409 reprehensori-

312 1436 435 1495 bus
520 1433 876 1512 quibusque
960 1448 1179 1508 parere
1264 1428 1531 1488 multum
1609 1428 1945 1506 gaudeam.

304 1534 589 1592 Caveant
643 1530 773 1602 alii,
834 1528 944 1606 qui
1000 1528 1237 1586 fulmen
1324 1527 1663 1603 intentant,
1724 1544 1802 1585 ne
1886 1528 1950 1585 in

301 1629 528 1705 alium,
564 1644 757 1706 quam
786 1625 850 1685 in
892 1627 1173 1685 Fratrem
1231 1624 1538 1685 Joannem
1601 1623 1952 1701 Martianay

306 1728 437 1787 tela
494 1728 958 1803 contorqueant
1013 1741 1128 1783 sua
1174 1739 1188 1780 :
1279 1721 1588 1801 quidquid
1640 1722 1806 1781 enim
1886 1721 1951 1780 in

2067 549 2181 612 est,
2222 543 2846 623 mihiimputandum
2895 550 3227 614 admoneo.
3284 557 3539 619 Casteris
3596 577 3704 620 so-

2068 641 2317 700 dalibus
2375 643 2526 702 meis
2584 644 2757 704 nulla
2813 649 3236 711 conviciorum
3294 654 3418 714 tela
3474 656 3707 719 debent

2069 738 2427 812 adhaerere,
2487 742 2636 818 quia
2717 743 3047 822 imperitiae
3109 768 3261 809 mea:
3347 754 3707 817 nullatenus

2069 837 2407 916 participes
2463 838 2737 899 fuerunt.
2799 845 2975 903 Bona
3031 846 3245 924 igitur,
3278 848 3329 909 si
3377 868 3519 929 quae
3553 853 3703 929 sint,

2073 940 2138 993 ut
2168 952 2311 995 vere
2344 936 2542 996 multa
2572 944 2719 998 sunt
2747 938 2810 999 in
2843 940 2963 1001 hoc
3010 962 3221 1022 opere,
3281 947 3455 1009 Patri
3510 949 3706 1012 lumi-

2069 1050 2218 1091 num
2254 1040 2322 1092 ut
2348 1035 2575 1094 reddas
2604 1036 2793 1096 etiam
2828 1046 3018 1117 atque
3056 1042 3243 1102 etiam
3302 1064 3484 1123 rogo.
3542 1050 3704 1109 Lau-

2069 1128 2209 1190 dem
2269 1132 2454 1191 etiam
2542 1134 2776 1195 domno
2830 1138 3103 1199 Antonio
3185 1143 3459 1220 Pouget,
3549 1146 3706 1207 mihi

2070 1228 2478 1290 fraternitatis
2508 1250 2721 1292 amore
2770 1240 2831 1293 et
2887 1236 3109 1297 studiis
3165 1239 3701 1317 coniunctissimo,

2067 1326 2343 1386 debitam
2397 1348 2522 1388 non
2581 1332 2862 1408 negabis,
2923 1352 3063 1394 cum
3126 1337 3280 1397 mira
3338 1339 3711 1402 dexteritate

2070 1443 2341 1486 canones
2426 1430 2913 1507 Evangeliorum
2969 1434 3097 1494 suis
3166 1436 3319 1495 locis
3399 1437 3713 1500 inveneris

2071 1524 2414 1584 restitutos.
2476 1527 2544 1585 In
2628 1529 2907 1601 caateris,
2969 1538 3079 1591 aut
3166 1535 3375 1611 profer
3429 1537 3717 1599 meliores

2071 1622 2311 1700 epulas,
2347 1628 2408 1682 et
2440 1641 2537 1682 me
2568 1626 2832 1686 conviva
2867 1637 3060 1702 utere,
3126 1639 3234 1691 aut
3290 1633 3716 1715 qualicunque

2072 1726 2287 1780 nostra
2316 1721 2642 1782 cmnacula
2672 1732 3005 1786 contentus
3034 1735 3192 1789 esto.

1060 1886 3719 1926 m2

688 2019 1003 2116 LAUS
1070 2019 1647 2114 VIBOllUM
1712 2018 2257 2130 ALIQUOT
2328 2020 3351 2123 CLARISSIMORUM

1199 2234 1355 2295 CUM
1400 2232 1659 2293 lNDICE
1702 2229 2455 2292 MANUSCRIPTORUM
2499 2231 2845 2297 CODICUM

906 2397 1000 2459 Ad
1044 2415 1313 2476 quorum
1357 2396 1547 2457 ﬁdem
1579 2394 1869 2455 restituta
1910 2398 2005 2453 est
2050 2392 2275 2453 Divina
2313 2393 2680 2475 Hieronymi
2712 2397 3127 2461 Bibliotheca.

1989 2572 2064 2601 FC

386 2706 527 2769 Quae
584 2706 943 2778 accepimus,
964 2704 1079 2761 cito
1137 2710 1195 2760 et
1244 2721 1377 2759 cum
1433 2705 1630 2759 fenore
1664 2701 1966 2758 reddenda
1994 2704 2043 2768 B
2073 2704 2214 2767 tem,
2247 2704 2580 2773 pontificem
2612 2705 2741 2761 dico
2774 2711 3127 2775 Romanum,
3150 2710 3411 2765 ambibat
3443 2710 3726 2783 Hierony-

312 2794 713 2867 Hieronymus
764 2794 964 2849 docuit
996 2811 1007 2849 :
1043 2794 1187 2864 quia
1225 2794 1400 2848 sortis
1432 2792 1635 2847 dilatio
1686 2791 1968 2861 majorem

312 2884 515 2939 adhuc
575 2899 818 2939 usuram
852 2882 1121 2953 parturit.
1174 2882 1431 2936 Indicem
1465 2881 1645 2952 igitur
1683 2880 1966 2934 librorum

314 2973 1065 3045 manuscriptorum,quem
1092 2988 1194 3042 pro
1220 2987 1378 3025 more
1402 2974 1633 3041 recepto
1656 2971 1726 3024 ad
1749 2968 1968 3025 calcem

312 3062 502 3132 hujus
532 3060 852 3116 voluminis
883 3060 1174 3131 conjicere
1206 3063 1566 3131 poteramus,
1586 3058 1757 3113 hicin
1786 3058 1973 3113 fronte

313 3167 618 3223 apponere
662 3149 856 3205 volui:
890 3154 956 3203 ut
982 3165 1051 3203 ex
1100 3148 1210 3203 hoc
1242 3148 1480 3204 tandem
1532 3147 1735 3203 ordine
1775 3162 1972 3201 rerum

313 3240 486 3310 quasi
540 3243 894 3311 praepostero
926 3237 1259 3309 intelligant
1306 3253 1513 3292 omnes
1570 3237 1858 3291 sinceram
1908 3252 1974 3291 ac

313 3346 723 3402 praepoperam
747 3331 928 3385 animi
961 3328 1146 3385 nostri
1171 3329 1591 3399 gratitudinem
1616 3344 1751 3399 erga
1773 3327 1975 3383 doctos

314 3420 752 3491 studiososque
773 3418 1216 3489 homines,quos
1239 3417 1461 3487 experti
1494 3434 1704 3473 sumus
1733 3415 1975 3471 editioni

314 3514 370 3567 Β.
411 3508 758 3580 Hieronymi
819 3508 1149 3579 impensius
1204 3508 1484 3563 faventes.
1518 3506 1645 3561 Scio
1704 3522 1797 3561 me
1845 3522 1977 3577 pro-

318 3598 510 3654 misso
533 3597 816 3664 teneri,ex
837 3612 953 3667 quo
968 3596 1679 3667 conscripsiprodromum
1704 3594 1979 3650 editionis

319 3691 549 3742 nostra;
574 3705 591 3753 ;
613 3686 673 3739 in
704 3686 876 3755 cujus
907 3685 1086 3756 priori
1105 3690 1266 3757 parte
1289 3685 1470 3740 animi
1496 3684 1644 3756 grati
1676 3683 1979 3755 significa-

2081 2807 2213 2845 mus
2254 2796 2452 2847 noster
2484 2799 2819 2864 patronum,
2849 2796 2905 2850 in
2938 2814 3055 2867 qua
3085 2798 3341 2864 dignitas
3373 2800 3729 2871 episcopalis

2081 2896 2215 2934 cum
2264 2880 2509 2937 scientia
2563 2885 2891 2955 pietateque
2940 2887 3252 2956 conjuncta
3306 2893 3513 2958 potens
3571 2893 3729 2943 esset

2081 2969 2375 3025 exhortari
2400 2974 2457 3025 in
2480 2972 2745 3027 doctrina
2765 2990 2929 3045 sana,
2960 2979 3131 3030 eteos
3161 2975 3262 3046 qui
3296 2976 3723 3048 contradicunt,

2083 3074 2327 3129 arguere
2359 3077 2371 3115 :
2407 3075 2650 3131 arguere
2679 3066 2895 3129 autem,
2932 3080 3087 3118 nunc
3116 3064 3533 3120 eruditissimis
3559 3064 3729 3120 lucu-

2086 3146 2452 3203 brationibus
2522 3149 2723 3206 hostes
2800 3151 3062 3207 Ecclesiae
3121 3154 3511 3225 proﬂigando,
3579 3170 3733 3209 nunc

2085 3235 2449 3292 luxuriantes
2470 3238 2741 3309 imperita
2754 3241 3079 3295 temeritate
3101 3243 3389 3312 quosdam
3414 3242 3734 3299 catholicos

2086 3326 2399 3397 scriptores
2432 3345 2466 3382 a
2514 3328 2681 3383 libris
2720 3330 2962 3385 edendis
2994 3330 3345 3387 cohibendo.
3375 3333 3456 3387 Ea
3486 3332 3739 3388 breviter

2087 3430 2547 3471 commemorare
2604 3418 2883 3489 oportuit,
2918 3427 2980 3474 ut
3031 3419 3430 3476 iudicaremus
3462 3421 3737 3492 posteris.

2090 3502 2596 3574 sapientissimum
2644 3506 3051 3578 supradictum
3083 3511 3274 3565 virum
3324 3508 3493 3565 nobis
3520 3510 3739 3581 ubique

2091 3592 2575 3657 benevolentiam,
2610 3596 2962 3668 Hieronymo
2994 3598 3128 3653 item
3164 3602 3364 3653 nostro
3396 3604 3738 3671 perpetuam

2090 3680 2518 3737 observantiam
2552 3683 2914 3740 exhibuisse.

320 3777 556 3831 tionem
614 3773 916 3841 pollicitus
943 3791 1073 3829 sum
1131 3790 1270 3845 erga
1302 3791 1421 3839 eos,
1450 3774 1552 3843 qui
1601 3772 1819 3844 aliquid
1852 3772 1981 3843 opis

319 3870 425 3919 aut
473 3863 831 3919 eruditionis
888 3863 1219 3918 conferrent
1262 3864 1335 3918 ad
1394 3878 1605 3917 novam
1665 3860 1980 3916 editionem
2092 3857 2257 3911 ribus
2288 3858 2538 3915 Canonis
2573 3861 2860 3917 Hebraica:
2891 3863 3155 3917 veritatis
3185 3864 3522 3919 exordimur
3554 3882 3567 3919 :
3600 3864 3741 3935 quia

318 3970 575 4024 operum
657 3952 709 4006 S.
771 3952 1129 4023 Hieronymi.
1180 3952 1327 4022 Ergo
1385 3956 1504 4005 tam
1565 3951 1772 4021 grandi
1828 3949 1985 4004 velut
2093 3948 2165 4001 ad
2198 3963 2397 4002 eorum
2421 3949 2708 4020 prazcipue
2754 3951 2950 4020 ﬁdem,
2985 3952 3236 4022 primam
3276 3953 3740 4024 nobilioremun

322 4042 530 4098 fenore
582 4040 942 4096 liberaturus
985 4040 1215 4095 exsolve
1261 4041 1471 4095 lubens
1511 4040 1612 4094 illa
1643 4038 1935 4135 promissa
1963 4055 1983 4093 .·
2014 4069 2057 4135 C
2093 4036 2301 4135 div-inae
2336 4036 2707 4135 Bibliotheca;
2740 4045 2962 4135 partem
2996 4040 3315 4135 edidimus.
3366 4041 3473 4135 sex
3518 4046 3739 4135 autem.

319 4132 433 4186 etsi
487 4146 596 4202 pro
642 4130 849 4185 merito
900 4129 1286 4184 humanitatis
1318 4146 1383 4183 ac
1426 4127 1843 4183 benevolentiae
1868 4144 1983 4199 qua
2019 4124 2056 4135 “”
2094 4124 2151 4178 ni
2171 4124 2358 4191 fallor,
2385 4126 2535 4181 nacti
2560 4144 2768 4182 sumus
2791 4129 2845 4181 id
2870 4144 3054 4199 genus
3078 4128 3455 4199 exemplaria,
3485 4134 3742 4201 quatuor

321 4236 546 4274 sumus
570 4218 858 4285 obstricti,
883 4217 1014 4273 laus
1034 4218 1227 4272 omnis
1258 4217 1499 4272 inferior
1530 4218 1627 4271 sit.
2092 4229 2219 4282 quae
2276 4218 2464 4268 totum
2497 4215 2765 4270 dividunt
2797 4216 2977 4271 Vetus
3015 4218 3456 4272 Testamentum
3491 4235 3592 4290 per
3621 4223 3739 4276 tres

396 4309 470 4363 Et
504 4308 643 4379 quis
674 4308 855 4379 digne
880 4307 1067 4361 vicem
1102 4306 1295 4361 laudis
1328 4306 1584 4376 primum
1610 4305 1825 4359 referat
1854 4320 1985 4359 eru-
2094 4302 2351 4371 ordines,
2384 4304 2483 4373 qui
2526 4305 2822 4375 conceptis
2855 4305 3047 4360 verbis
3078 4306 3222 4361 tales
3275 4306 3495 4361 habent
3526 4308 3740 4364 inseri-

318 4397 632 4453 ditissimo
652 4396 887 4451 domino
902 4395 1119 4451 Jacobo
1143 4395 1395 4466 Benigno
1414 4394 1689 4460 Bessus-1',
1713 4394 1986 4465 episcopo
2095 4390 2324 4460 ptiones
2356 4392 2415 4445 in
2476 4409 2619 4448 mss.
2681 4393 2981 4449 codicibus
3012 4410 3025 4450 :
3061 4394 3262 4466 Incipit
3316 4398 3536 4465 primus
3582 4397 3737 4467 ordo,

318 4486 618 4542 Meldensi
640 4484 810 4540 ‘INon
840 4485 997 4539 enim
1027 4483 1377 4538 mediocrem
1407 4498 1640 4553 operam
1675 4483 1733 4537 in
1761 4482 1989 4537 edenda
2095 4479 2248 4549 Legi:
2274 4504 2287 4547 ;
2319 4482 2519 4552 incipit
2555 4482 2825 4537 secundus
2872 4483 3024 4550 ordo,
3057 4484 3468 4554 Prophetarum
3494 4504 3507 4552 ;
3534 4485 3736 4557 incipit

316 4576 532 4630 divina
561 4574 923 4629 Bibliotheca
977 4573 1076 4628 ille
1104 4572 1272 4627 nobis
1331 4573 1510 4640 dedit,
1544 4588 1677 4626 cum
1726 4571 1986 4626 laborem
2096 4570 2293 4624 tertius
2334 4568 2485 4638 ordo,
2534 4570 3066 4642 Hagiographorum.
3127 4573 3368 4628 Codices
3424 4572 3509 4628 illi
3577 4578 3739 4644 sunt,

320 4671 606 4720 nostrum
630 4664 846 4717 honore
876 4667 1038 4717 tanto
1058 4663 1267 4731 szepius
1299 4661 1529 4716 afficere
1558 4662 1835 4731 dignatus
1875 4664 1985 4725 est,

318 4758 385 4806 ut
403 4752 632 4807 dixerit
649 4768 943 4805 summam
967 4766 1036 4804 ex
1051 4767 1115 4805 eo
1142 4749 1406 4804 Ecclesiae
1428 4748 1641 4804 Christi
1667 4748 1981 4803 utilitatem

313 4858 456 4897 esse
490 4844 827 4895 venturam.
861 4840 1147 4894 Praeterea
1199 4838 1429 4910 quoties
1485 4838 1713 4893 animos
1765 4836 1983 4891 addidit

316 4931 503 4986 nobis
538 4932 607 4984 ad
644 4928 1064 4984 absolvendum
1092 4945 1240 4999 opus
1268 4927 1679 4982 difficillimum
1702 4926 1984 4991 ?Quoties

2163 3770 2419 3824 Indicem
2445 3771 2571 3841 jam
2606 3789 2749 3827 mss.
2773 3774 3041 3829 codicum
3065 3778 3327 3829 texentes
3350 3777 3420 3831 ab
3448 3775 3745 3847 exempla-

2097 4674 2252 4713 unus
2272 4658 2519 4729 insignis
2552 4660 2820 4715 Ecclesiae
2844 4660 3264 4730 Narbonensis,
3298 4660 3446 4717 alter
3466 4662 3742 4720 Ecclesia

2095 4748 2603 4817 Carcassonensis,
2636 4750 2846 4804 tertius
2895 4750 3233 4806 monasterii
3287 4750 3467 4822 hujus
3514 4756 3569 4806 S.
3605 4754 3740 4809 Ger-

2093 4838 2252 4890 mani
2298 4854 2331 4891 a
2387 4838 2597 4907 Patris,
2631 4842 2878 4908 quartus
2935 4839 3300 4894 bibliothecas
3348 4840 3738 4897 illustrissimi

2092 4924 2322 4979 Domini
2356 4924 2421 4980 de
2474 4928 2711 4997 Mesmes,
2744 4927 2804 4981 in
2853 4927 3017 4982 curia
3074 4927 3388 4983 Parisiensi
3448 4930 3734 5000 praesidis.

2093 5015 2251 5068 Inter
2276 5023 2528 5085 quatuor
2559 5015 2659 5070 illa
2688 5015 3065 5087 exemplaria,
3096 5018 3509 5073 Memmianum
3545 5018 3739 5089 perfe-

2093 5104 2245 5158 ctius
2297 5110 2386 5159 est
2424 5110 2481 5159 et
2535 5104 3085 5173 absolutissimum;
3146 5106 3294 5161 nihil
3344 5108 3499 5162 enim
3555 5108 3615 5161 in
3671 5122 3738 5163 eo

2095 5192 2367 5247 mutilum
2389 5198 2476 5248 est
2497 5199 2597 5249 aut
2628 5193 2909 5263 lacerum,
2935 5196 3073 5265 quia
3094 5211 3330 5250 summa
3351 5212 3578 5266 semper
3603 5195 3742 5250 dili-

312 5018 744 5075 vetustissima
775 5020 1153 5071 monumenta
1179 5022 1382 5071 nostra
1418 5016 1605 5071 oculis
1638 5014 1887 5071 curiosis
1917 5030 1983 5069 ac

310 5107 607 5179 benignis
633 5105 989 5177 perlustrare
1018 5105 1201 5161 voluit
1226 5149 1238 5173 ,
1265 5110 1328 5160 ut
1356 5106 1526 5161 testis
1564 5109 1721 5161 esset
1767 5104 1899 5158 fidei
1928 5108 1983 5159 et

306 5195 654 5269 diligentiae
681 5199 891 5250 nostrae
944 5194 1209 5249 oculatus
1232 5194 1259 5248 ?
1288 5194 1715 5263 Manuscriptos
1746 5193 1983 5264 quidem

308 5288 539 5352 libros,
573 5283 792 5354 quibus
842 5283 1094 5349 carebat,
1128 5282 1565 5339 communicare
1597 5300 1710 5338 non
1745 5282 1935 5353 potuit
1968 5298 1981 5336 :
2095 5282 2291 5353 gentia
2328 5289 2739 5338 conservatum
2774 5289 2882 5353 est,
2916 5289 3043 5338 tum
3097 5290 3335 5356 propter
3365 5284 3741 5356 antiquitatis

304 5378 413 5433 sed
442 5374 613 5430 haud
636 5372 831 5443 impar
848 5372 1511 5443 praestititbeneficium,
1542 5372 1683 5427 dum
1715 5372 1984 5427 codicum
2020 5436 2053 5444 ﬁ
2095 5370 2464 5441 dignitatem,
2498 5378 2623 5426 tum
2678 5378 2914 5443 propter
2968 5372 3318 5443 elegantiam
3373 5377 3431 5429 et
3489 5374 3741 5444 pretium

307 5470 677 5520 nostrorum
710 5436 1016 5515 vetustatis
1050 5461 1259 5515 merito
1290 5465 1349 5515 et
1379 5436 1664 5532 dignitate
1705 5465 1983 5531 praestan-
2016 5436 2061 5499 D
2096 5436 2402 5531 scripturae
2450 5436 2643 5515 aureis
2679 5436 2879 5532 “atque
2935 5436 3243 5529 argenteae,
3302 5477 3418 5529 qua
3473 5436 3740 5532 plurimm

2098 5554 2293 5621 partes
2352 5549 2486 5604 libri
2546 5551 2981 5606 describuntur.
3016 5550 3139 5604 Non
3201 5549 3378 5603 habet
3415 5549 3513 5605 ille
3562 5552 3742 5609 codex

2096 5638 2447 5711 marginalia
2475 5640 2699 5695 scholia
2731 5638 2954 5696 Hebraei
2983 5637 3384 5709 antiquissimi
3417 5656 3597 5713 supra
3625 5657 3743 5699 me-

306 5553 707 5610 tissimorum
756 5549 1110 5621 approbator
1140 5549 1386 5605 accessit
1420 5550 1573 5621 apud
1624 5565 1828 5604 omnes
1859 5547 1987 5619 pios

306 5662 380 5701 ac
412 5640 755 5700 studiosos.
776 5638 979 5695 Talem
1011 5640 1216 5713 utique
1236 5644 1372 5712 post
1390 5656 1694 5697 summum
1712 5641 1990 5697 Maerens-
