4060 6190
329 311 459 371 ,167

1501 305 1827 368 PATRUM
1872 304 2573 374 BENEDICTINORUM

3635 317 3752 380 168

227 479 234 490 ι
339 442 578 510 morati;
613 443 712 499 sed
747 459 949 499 eorum
997 441 1122 497 loco
1161 439 1424 496 infinitas
1455 439 1667 495 retinet
1690 439 1983 495 variantes
2009 449 2060 513 Α
2095 445 2319 510 partem
2369 446 2590 501 Cantici
2649 448 3012 504 canticorum
3073 449 3409 522 descripsit,
3443 454 3500 506 et
3538 467 3745 509 conse~

336 533 617 590 lectiones
650 533 1055 588 Prsafationum
1086 530 1426 602 Hieronymi
1458 534 1516 584 et
1563 529 1711 584 sacri
1747 534 1983 584 contex-

332 629 446 677 tus.
506 621 874 678 Incredibilis
924 625 1014 674 est
1076 619 1414 674 humanitas
1462 635 1526 672 ac
1581 617 1983 674 benevolentia

333 700 554 759 laudati
589 701 860 772 superius
881 699 1272 755 illustrissimi
1299 698 1589 770 praesidis,
1613 714 1728 768 qua
1751 714 1984 768 semper

334 809 442 848 nos
463 792 688 863 excepit
717 791 788 846 ad
821 807 956 846 eum
987 791 1305 845 venientes.
1335 788 1532 859 Neque
1561 803 1695 842 vero
1719 787 1979 841 codicem

333 899 506 936 suum
537 885 696 936 extra
724 880 1020 952 propriam
1051 880 1295 934 domum
1327 877 1470 932 sinit
1499 874 1810 944 asportari,
1846 891 1980 946 pro-

331 968 906 1041 pterjusjurandum
939 983 1150 1038 nempe
1182 983 1298 1037 quo
1330 981 1392 1020 se
1421 982 1488 1020 ac
1539 969 1809 1036 parentes
1842 979 1980 1019 suos

330 1059 472 1114 dicit
527 1074 656 1114 esse
713 1057 1044 1124 obstrictos,
1079 1072 1152 1109 ne
1210 1054 1358 1109 liber
1410 1053 1507 1108 ille
1538 1053 1978 1123 manuscriptus

328 1148 525 1220 aliquo
581 1147 1046 1203 circumferetur.
1081 1145 1282 1201 Serius
1339 1145 1410 1199 ad
1469 1160 1576 1199 nos
1629 1143 1762 1197 libri
1795 1143 1975 1213 hujus

325 1238 532 1293 notitia
564 1235 862 1306 pervenit;
889 1235 1017 1305 jam
1049 1235 1208 1289 enim
1241 1234 1390 1288 duos
1426 1233 1689 1304 integros
1737 1233 1974 1288 ordines

325 1326 446 1380 sive
504 1326 651 1380 duas
701 1329 892 1395 partes
951 1323 1204 1378 Canonis
1263 1322 1664 1389 edideramus,
1724 1337 1856 1376 cum
1907 1338 1977 1376 ex

326 1413 573 1469 lectione
603 1414 913 1482 cujusdam
937 1411 1234 1466 citationis
1269 1410 1443 1464 didici
1466 1409 1685 1464 librum
1719 1408 1974 1464 Danielis

325 1501 609 1573 scriptum
667 1501 907 1572 reperiri
958 1500 1019 1554 in
1050 1499 1406 1554 Memmiano
1470 1515 1581 1552 ms.
1608 1496 1828 1562 codice,
1855 1513 1970 1552 non

323 1607 458 1646 cum
515 1589 645 1645 aliis
678 1588 998 1660 prophetis,
1033 1587 1132 1643 sed
1187 1592 1318 1658 post
1371 1588 1549 1642 libros
1611 1585 1968 1641 Salomonis.

325 1679 487 1734 Unde
539 1679 739 1734 statim
800 1675 1056 1732 intellexi
1093 1675 1393 1747 exemplar
1423 1675 1501 1729 ibi
1535 1690 1664 1730 esse
1715 1674 1968 1729 Canonis

323 1768 616 1823 Hebraicis
666 1767 965 1833 veritatis;
999 1765 1132 1835 quia
1159 1765 1216 1819 in
1258 1764 1382 1820 solo
1417 1764 1647 1819 Canone
1674 1763 1966 1818 Hebraicis

321 1856 583 1912 veritatis
609 1854 809 1910 Daniel
832 1855 1114 1926 propheta
1134 1853 1388 1908 describi
1421 1851 1568 1908 solet
1591 1857 1722 1923 post
1752 1851 1966 1906 librum

321 1945 540 2002 Cantici
573 1946 956 2013 canticorum,
988 1950 1045 1999 et
1067 1948 1200 1998 ante
1231 1942 1697 2014 Paralipomena.
1731 1941 1844 1995 Nec
1879 1957 1969 1997 me

321 2034 518 2090 fefellit
548 2033 744 2105 opinio
777 2051 927 2101 mea,
959 2032 1292 2087 invenimus
1323 2046 1577 2101 namque
1609 2030 1966 2100 perfectissi-

321 2139 482 2176 mum
513 2122 767 2177 Canonis
798 2121 1091 2192 exemplar
1123 2120 1181 2174 in
1211 2120 1408 2174 codice
1440 2117 1537 2173 illo
1571 2118 1964 2175 Memmiana:

320 2227 496 2280 quem
530 2209 794 2266 nonnulli
821 2209 1068 2265 studiosi
1101 2209 1214 2263 alio
1264 2209 1500 2280 quidem
1535 2207 1772 2262 nomine
1820 2208 1964 2262 satis

315 2299 618 2366 triverant,
653 2299 753 2353 sed
813 2298 1104 2354 Canonem
1138 2314 1334 2352 coram
1394 2296 1679 2351 habentes
1719 2295 1962 2350 minime

315 2387 612 2443 videbant.
639 2385 998 2457 Exemplaris
1019 2385 1418 2441 Narbonensis
1437 2383 1583 2439 nihil
1601 2383 1960 2439 contulimus

317 2481 528 2548 praeter
586 2476 960 2531 Praafationes
1016 2473 1499 2544 Hieronymi;est
1528 2473 1683 2527 enim
1732 2474 1960 2544 integra

318 2565 508 2637 prima
538 2569 700 2636 parte
732 2563 1342 2635 mutilum.incipiens
1374 2563 1446 2617 ab
1481 2562 1628 2618 Isaia
1652 2562 1957 2632 propheta,

316 2669 513 2725 quem,
547 2653 605 2708 ni
656 2652 845 2719 fallor,
878 2658 1114 2725 prapter
1153 2668 1327 2706 usum
1359 2651 1517 2706 chori
1569 2654 1958 2722 reposuerunt

315 2757 595 2798 successu
653 2747 1010 2812 temporum.
1041 2745 1176 2796 ante
1233 2739 1448 2795 librum
1496 2740 1793 2795 Judicum.
1841 2738 1956 2793 Alii

313 2836 742 2903 consequentes
774 2830 906 2886 libri
941 2830 1198 2884 nativum
1230 2829 1482 2884 Canonis
1513 2829 1777 2884 ordinem
1810 2828 1953 2882 reti-

315 2926 474 2988 nent,
498 2925 565 2976 ut
611 2919 736 2976 suis
767 2919 911 2975 locis
942 2919 1296 2974 notavimus.
1333 2917 1472 2972 Eum
1516 2917 1776 2972 codicem
1809 2916 1954 2971 mihi

310 3008 754 3080 perhumaniter
767 3006 1698 3063 communicarunthonestissimi
1714 3022 1874 3077 aeque
1887 3021 1954 3060 ac

311 3096 671 3152 nobilissimi
726 3096 998 3152 Ecclesiae
1056 3096 1457 3152 Narbonensis
1515 3093 1806 3150 canonici.
1879 3096 1954 3150 De

308 3185 760 3241 Carcassonensi
792 3185 991 3240 codice
1021 3185 1252 3240 abunde
1283 3185 1427 3240 satis
1457 3184 1711 3238 diximus
1737 3183 1792 3236 in
1819 3200 1948 3254 pro-
1980 3188 2022 3255 C

307 3276 513 3330 dromo
542 3275 596 3329 S.
632 3273 988 3346 Hieronymi.
1023 3274 1132 3328 Sed
1178 3272 1285 3327 hoc
1315 3272 1487 3327 etiam
1523 3272 1948 3342 adjiciendum,

303 3364 596 3419 Canonem
615 3361 782 3418 illum
803 3365 857 3417 in
884 3362 1049 3418 libris
1065 3360 1418 3433 propheticis
1439 3360 1723 3415 nonnulla
1737 3361 1949 3415 habere

304 3450 526 3507 scholia
573 3451 922 3524 marginalia
969 3450 1191 3505 Hebraei
1243 3449 1452 3518 critici,
1484 3466 1612 3520 quae
1643 3450 1857 3504 absunt
1888 3449 1946 3502 in

301 3542 532 3596 Canone
566 3545 766 3596 nostro
799 3539 1336 3595 San-Germanensi
1365 3559 1376 3595 :
1407 3538 1559 3594 sicut
1591 3555 1621 3592 e
1655 3537 1947 3593 contrario

301 3629 497 3685 Canon
545 3630 1112 3685 San-Germanensis
1166 3628 1354 3683 multa
1383 3627 1518 3683 aliis
1562 3627 1701 3682 locis
1739 3627 1950 3682 retinet

300 3717 640 3788 hujusmodi
699 3719 943 3783 scholia,
989 3718 1208 3774 omissa
1264 3718 1321 3771 in
1380 3717 1578 3771 codice
1636 3716 1948 3772 Carcasso-

300 3809 494 3864 nensi.
535 3808 671 3864 Tria
718 3806 1072 3878 exemplaria
1123 3809 1247 3877 jam
1289 3806 1443 3860 dicta
1501 3806 1947 3874 Memmianum,

297 3896 783 3963 Carcassonense,
817 3903 874 3952 et
928 3896 1477 3952 San-Germanense
1534 3895 1756 3965 scripta
1808 3899 1948 3949 sunt

297 3987 500 4042 eodem
558 3991 839 4058 tempore,
895 3993 946 4041 et
1007 3985 1055 4040 si
1129 3983 1378 4056 expertis
1447 3983 1762 4051 credimus,
1815 3987 1947 4038 ante

295 4075 663 4148 octingentos
719 4093 927 4131 annos.
982 4075 1056 4129 De
1092 4073 1441 4129 Memmiano
1488 4070 1714 4127 nullum
1759 4075 1948 4143 potest

296 4181 604 4235 superesse
634 4164 905 4233 dubium,
930 4164 1068 4236 quia
1091 4164 1265 4234 jussu
1291 4161 1659 4233 Theodulphi
1692 4159 1943 4215 Aurelia-

294 4253 497 4309 nensis
524 4253 781 4324 episcopi
813 4253 1097 4324 scriptum
1122 4268 1250 4308 esse
1282 4251 1641 4323 perhibetur.

374 4391 541 4447 Aliud
576 4393 875 4464 exemplar
904 4393 1156 4448 Canonis
1191 4395 1478 4448 Hebraicis
1509 4360 1773 4447 veritatis
1805 4409 1942 4463 sup-

294 4481 579 4554 peditavit
635 4482 807 4538 nobis
849 4480 1204 4537 bibliotheca
1253 4481 1452 4552 Regia,
1487 4481 1743 4550 illudque
1791 4481 1942 4535 anti-

2093 536 2338 600 quenter
2371 535 2666 592 Danielem
2700 537 3068 608 prophetam,
3093 555 3160 593 eo
3193 540 3366 594 modo
3391 556 3507 611 quo
3533 540 3746 613 legitur

2091 617 2151 672 in
2216 623 2372 677 veris
2417 629 2472 678 et
2501 626 2778 696 genuinis
2830 627 3084 682 Canonis
3147 629 3440 684 Hebraicis
3475 630 3743 685 veritatis

2093 709 2545 781 exemplaribus.
2601 714 2867 770 Similem
2917 715 3238 772 habuimus
3297 719 3352 772 in
3415 718 3746 775 biblotbeca

2091 796 2625 858 San-Germanensi
2676 804 2935 860 codicem
2986 821 3156 873 mss.,
3216 806 3315 861 sed
3370 808 3559 878 major
3606 825 3743 880 pars

2093 883 2261 939 nobis
2313 889 2679 957 periit;cum
2744 893 2890 947 nihil
2949 894 3246 965 integrum
3288 894 3458 951 nobis
3484 897 3744 968 supersit

2091 979 2298 1042 praeter
2327 976 2545 1033 librum
2581 980 3024 1037 Proverbiorum
3059 981 3413 1053 Salomonis,
3448 989 3506 1040 et
3557 985 3742 1042 libros

2087 1064 2570 1136 Paralipomenon
2607 1070 2776 1140 Ezraa,
2810 1081 2860 1126 et
2887 1072 3091 1128 Esther
3121 1087 3255 1126 cum
3299 1073 3485 1129 obelis
3514 1073 3573 1128 in
3623 1073 3742 1132 fine

2088 1152 2423 1212 voluminis.
2473 1158 2649 1214 Porro
2707 1160 2870 1231 Regii
2929 1159 3184 1217 Canonis
3242 1165 3312 1216 Η.
3370 1161 3436 1216 ν.
3505 1163 3737 1234 copiam

2089 1243 2258 1297 nobis
2290 1245 2427 1300 fecit
2460 1248 2779 1319 peepositus
2813 1249 3001 1321 Hegias
3031 1249 3402 1306 Bibliotheca
3435 1251 3738 1307 honestis-

2085 1329 2275 1386 simus
2329 1334 2604 1390 dominus
2654 1335 2956 1408 Camillus,
2989 1339 3039 1393 le
3071 1339 3284 1409 Tellz'er,
3319 1339 3500 1394 abbas
3537 1339 3736 1396 Sancti

2084 1419 2234 1474 Petri
2266 1422 2337 1477 de
2370 1424 2667 1496 Burgolio.

2153 1545 2239 1599 Ad
2259 1546 2574 1604 editionem
2594 1550 2857 1620 ejusdem
2881 1551 3132 1607 Canonis
3159 1553 3454 1608 Hebraicis
3470 1553 3732 1609 veritatis

2080 1633 2224 1689 alios
2243 1637 2628 1709 quamplures
2661 1639 2980 1695 habuimus
3009 1656 3152 1696 mss.
3185 1641 3732 1699 codicessacrorum

2079 1722 2425 1793 Bibliorum,
2456 1727 2556 1798 qui
2596 1745 2791 1783 veram
2851 1729 3105 1784 retinent
3158 1731 3491 1786 versionem
3535 1734 3732 1788 Hiero-

2004 1813 2234 1888 Bnymi
2291 1829 2422 1868 cum
2503 1817 2765 1886 eiusdem
2826 1817 3316 1874 Praafatiunculis.
3381 1820 3728 1878 Psalterium

2081 1903 2371 1972 pracipue
2425 1921 2493 1958 ex
2524 1905 2760 1960 Hebraeo
2807 1907 3007 1962 Latine
3061 1925 3293 1964 versum
3326 1925 3358 1963 a
3390 1909 3450 1964 S.
3487 1914 3728 1967 Doctore

2077 1991 2420 2046 restitutum
2437 2000 2525 2048 est
2554 1995 2625 2049 ad
2652 1995 2824 2050 linem
2857 1995 3062 2052 decem
3095 1997 3724 2069 praestantissimorum

2076 2084 2132 2133 et
2161 2080 2708 2151 antiquissimorum
2746 2101 2884 2140 mss.
2911 2086 3334 2158 exemplarium
3364 2103 3376 2141 :
3405 2104 3540 2143 nam
3577 2105 3723 2158 prae-

2073 2171 2160 2222 ter
2214 2169 2464 2226 Canonis
2515 2171 2873 2243 exemplaria
2912 2174 3223 2238 recensita,
3277 2174 3411 2230 aliis
3471 2192 3570 2231 sex
3630 2178 3716 2232 uti

2070 2259 2256 2328 licuit,
2291 2279 2406 2317 uno
2436 2263 2734 2335 Vaticano,
2764 2266 2946 2321 altero
2975 2268 3540 2338 Augustinianorum
3574 2269 3718 2324 Bur-

2068 2347 2488 2419 digalensium,
2518 2355 2689 2408 tertio
2720 2356 3060 2410 monasterii
3091 2361 3146 2410 S.
3172 2356 3472 2412 Michaelis
3493 2359 3549 2412 in
3573 2358 3722 2413 Peri-

2067 2437 2198 2492 culo
2233 2440 2432 2509 maris,
2467 2448 2676 2512 quarto
2716 2442 3088 2500 Bibliotheca:
3131 2445 3480 2512 Sorbonicae,
3513 2450 3719 2517 quinto

1964 2575 1980 2585 .
2005 2570 2035 2581 ﬁ
2065 2526 2424 2597 Corbeiens.,
2447 2535 2504 2584 et
2533 2537 2693 2586 sexto
2717 2533 2954 2587 demum
2978 2535 3322 2589 monasterii
3345 2535 3544 2590 Sancti
3565 2537 3719 2592 Petri

2065 2617 2463 2672 Carnutensis.
2495 2617 2761 2674 Vaticani
2819 2621 3039 2676 codicis
3098 2622 3390 2677 variantes
3431 2624 3713 2679 lectiones

2067 2704 2321 2776 collegit,
2353 2711 2409 2761 et
2439 2707 2696 2764 Parisios
2723 2710 2792 2764 ad
2831 2726 2922 2764 me
2955 2710 3116 2764 misit
3147 2711 3402 2767 domnus
3435 2711 3716 2769 Claudius

2064 2794 2387 2861 Estiennot,
2411 2798 2882 2869 congregationis
2913 2803 3125 2854 nostra:
3154 2807 3499 2871 procurator
3527 2817 3710 2873 gene-

2063 2883 2206 2937 ralis
2230 2883 2285 2938 in
2319 2884 2484 2939 curia
2506 2889 2802 2941 Romana:
2828 2887 2929 2957 qui
2962 2903 3093 2942 cum
3124 2888 3202 2943 sit
3232 2887 3710 2946 studiosissimus

2063 2978 2120 3026 et
2161 2988 2292 3027 vere
2321 2970 2644 3048 φιλόπονος,
2681 2974 2910 3030 nullum
2965 2993 3080 3031 non
3115 2981 3309 3032 movet
3347 2977 3602 3049 lapidem
3639 2979 3713 3034 ad

2063 3076 2298 3131 operam
2332 3062 2502 3117 nobis
2534 3065 2928 3134 praestandam
2973 3064 3032 3120 in
3075 3065 3329 3121 editione
3371 3072 3711 3124 sanctorum

2065 3154 2318 3205 Patrum.
2375 3152 2873 3222 Augustinianum
2932 3154 3228 3225 exemplar
3296 3155 3714 3224 Burdigalense

2061 3237 2206 3293 mihi
2241 3239 2825 3296 communicaverunt
2854 3241 2920 3296 R.
2954 3243 3123 3298 Pater
3177 3243 3412 3309 Paulus,
3444 3249 3502 3300 et
3551 3244 3616 3299 R.
3646 3245 3706 3302 P.

2058 3326 2365 3382 Corneille.
2399 3328 2644 3384 Summa
2667 3330 3034 3386 humanitate
3065 3332 3392 3403 saepissime
3424 3350 3530 3389 nos
3551 3349 3712 3390 com-

2059 3414 2263 3486 plexus
2311 3423 2399 3471 est
2447 3417 2721 3472 dominus
2749 3419 3050 3485 Chevilier,
3084 3426 3285 3476 custos
3337 3421 3706 3478 bibliotheca

2058 3503 2388 3559 Sorbonicaa
2412 3505 2930 3577 diligentissimus.
2965 3508 3162 3564 Abillo
3195 3511 3532 3581 accepimus
3556 3511 3718 3566 Psal-

2057 3591 2204 3646 teria
2261 3592 2596 3665 Hieronymi
2654 3612 2794 3650 mss.
2870 3613 2998 3668 quae
3058 3597 3467 3654 curiosissima
3545 3604 3711 3670 sunt,

2058 3688 2390 3755 nostraeque
2414 3685 2656 3740 editioni
2682 3686 2836 3741 haud
2873 3704 3080 3758 parum
3114 3689 3708 3761 profuerunt,quam-

2056 3771 2143 3827 vis
2157 3778 2290 3826 ante
2304 3790 2490 3829 annos
2511 3778 2738 3829 tantum
2756 3777 3216 3846 quadringentos
3239 3777 3458 3850 scripta
3477 3777 3710 3834 videan-

2056 3863 2172 3916 tur.
2195 3860 2655 3918 Eminentissimi
2679 3864 2998 3920 cardinalis
3016 3865 3086 3920 de
3101 3867 3270 3921 BONZI
3292 3867 3708 3923 benevolentis

2056 3966 2122 4005 ac
2145 3949 2504 4004 humanitati
2536 3951 2869 4006 admirabili
2895 3952 3148 4008 multum
3175 3971 3268 4010 me
3297 3955 3508 4012 debere
3531 3957 3706 4027 proﬁ-

2055 4042 2183 4093 teor
2216 4055 2228 4093 :
2263 4054 2399 4092 nam
2431 4055 2462 4092 e
2495 4056 2603 4093 sua
2632 4039 2992 4096 bibliotheca
3024 4042 3395 4099 Narbonensi
3427 4050 3485 4100 et
3525 4043 3708 4101 libros

2055 4127 2242 4183 editos
2299 4132 2357 4182 et
2414 4128 2878 4199 manuscriptos,
2911 4135 3054 4200 quot
3085 4139 3229 4202 quot
3287 4131 3440 4188 volui
3473 4149 3704 4188 mecum

2054 4221 2355 4287 asportare
2386 4216 2444 4270 in
2477 4222 2743 4272 nostrum
2768 4219 3080 4275 Crassense
3110 4221 3554 4285 monasterium,
3586 4221 3705 4277 exi-

2055 4305 2175 4359 mia
2205 4305 2554 4361 liberalitate
2573 4306 2859 4378 permisit.
2886 4309 3162 4364 Eamdem
3185 4310 3513 4367 libertatem
3540 4311 3711 4367 simi-

2054 4393 2186 4448 liter
2216 4394 2360 4448 mihi
2395 4396 2690 4450 concessit
2738 4396 2805 4452 D.
2837 4397 3140 4464 Pontelier,
3193 4399 3353 4470 prior
3385 4399 3710 4456 monasteri

2056 4483 2258 4538 Fontis
2302 4483 2542 4556 Frigidi,
2581 4485 2805 4540 ordinis
2847 4485 3292 4554 Cisterciensis;
3327 4489 3426 4557 qui
3475 4505 3711 4545 summe

296 4569 656 4640 quissimum
717 4575 774 4626 et
824 4569 1057 4641 optimae
1099 4574 1246 4626 notas
1284 4585 1296 4622 :
1328 4569 1484 4640 quod
1541 4568 1772 4624 etiamsi
1825 4585 1937 4623 non
1981 4554 2022 4619 ί)
2059 4572 2115 4625 in
2153 4588 2257 4626 nos
2290 4554 2524 4643 semiper
2555 4571 2854 4628 ofﬁciosus
2888 4573 3015 4626 fuit.
3040 4573 3096 4628 Si
3132 4554 3483 4644 putem—RR.
3519 4577 3708 4646 patri-

291 4658 508 4715 habeat
568 4659 983 4732 inscriptiones
1014 4658 1193 4714 trium
1244 4658 1542 4728 ordindm,
1579 4664 1642 4713 ut
1685 4663 1942 4730 quatuor

295 4745 410 4802 alia
432 4765 587 4802 nunc
608 4747 867 4812 laudata,
894 4747 1039 4802 nulli
1071 4753 1261 4804 tamen
1285 4748 1752 4820 posthabendum
1781 4754 1938 4817 puto.

296 4836 361 4891 In
392 4837 626 4892 duobus
659 4837 890 4909 magnis
920 4836 1321 4892 voluminibus
1353 4836 1685 4908 descriptus
1717 4841 1808 4891 est
1843 4837 1943 4891 ille

292 4924 513 4994 Canon,
546 4925 638 4980 cui
676 4926 930 4998 primum
964 4926 1234 4981 volumen
1279 4929 1478 4980 notam
1511 4924 1687 4980 habet
1736 4941 1940 4981 nume-

291 5014 474 5070 ricam
506 5015 667 5080 3563,
694 5014 1222 5085 complectiturque
1254 5013 1475 5084 priores
1505 5014 1654 5068 duos
1685 5013 1943 5084 ordines,

293 5105 462 5175 Legis
495 5103 723 5159 scilicet
751 5109 809 5158 et
840 5103 1282 5172 Pr0phetarum.
1307 5104 1643 5158 Secundum
1667 5103 1940 5159 volumen

291 5211 456 5250 num.
515 5193 657 5247 3564
713 5191 976 5247 continet
1034 5193 1300 5248 ordinem
1357 5192 1939 5264 Hagiographorum:

291 5283 351 5338 in
413 5299 531 5354 quo
592 5281 801 5336 ultimo
858 5281 1114 5336 Canonis
1173 5281 1376 5336 ordine
1427 5282 1752 5352 exscriptor
1808 5281 1941 5337 libri

299 5371 654 5444 interposuit
697 5369 880 5425 libros
935 5371 1242 5442 Sapientia;-
1298 5376 1354 5424 et
1410 5370 1780 5426 Ecclesiastici
1811 5375 1943 5441 post

288 5461 590 5516 volumina
669 5459 1025 5516 Salomonis.
1088 5463 1300 5513 Verum
1354 5458 1605 5529 pristino
1654 5459 1938 5514 librorum

290 5549 480 5605 ordini
517 5555 580 5604 ut
610 5548 828 5604 librum
864 5547 1123 5603 Danielis
1148 5547 1498 5614 restitueret,
1525 5551 1658 5618 post
1687 5548 1943 5619 interpo-

282 5624 411 5697 lata
440 5634 742 5694 volumina
759 5641 893 5710 Bap.
918 5640 974 5693 et
1003 5633 1181 5692 Eccli.
1206 5634 1424 5692 iterum
1447 5651 1564 5692 non
1585 5635 1938 5693 mediocrem

2053 4659 2164 4714 bus
2185 4659 2516 4715 leestinis
2547 4665 2602 4714 et
2633 4660 3001 4716 Cartusianis
3033 4661 3540 4718 Avenionensibus
3572 4681 3710 4733 gra-

2050 4748 2165 4804 tias
2198 4765 2230 4802 a
2288 4765 2380 4802 me
2415 4749 2616 4804 referri
2678 4766 2872 4820 posse,
2909 4767 3023 4804 non
3057 4750 3283 4820 sapiam
3319 4767 3331 4806 :
3364 4750 3707 4810 incredibile

2051 4837 2208 4892 enim
2241 4840 2330 4892 est
2372 4843 2658 4908 quantum
2692 4837 2748 4893 in
2783 4854 2889 4893 nos
2923 4838 3312 4895 humanitatis
3343 4844 3402 4894 et
3433 4841 3707 4899 amicitiae

2051 4923 2411 4996 largirentur
2458 4925 2756 4996 affectum,
2813 4927 2955 4982 dum
3016 4927 3088 4982 ab
3145 4927 3230 4982 eis
3276 4928 3702 5000 postulavimus

2053 5013 2440 5086 quamplures
2471 5031 2606 5070 mss.
2630 5014 2863 5071 codices
2897 5015 3211 5072 Bibliorum
3233 5034 3558 5074 sacrorum.
3586 5023 3702 5075 Nec

2061 5103 2600 5175 prastermittendus
2660 5105 2831 5161 nobis
2878 5111 2968 5162 est
3027 5105 3298 5162 Nicolaus
3354 5109 3566 5177 Faber,
3618 5109 3708 5164 vir

2051 5193 2532 5262 sapientissimus
2563 5209 2628 5246 ac
2661 5193 3172 5265 religiosissimus.
3207 5195 3308 5268 qui
3328 5196 3598 5252 volumen
3620 5198 3708 5251 Bi-

2051 5279 2270 5335 blicum
2304 5280 2362 5334 in
2390 5281 2742 5336 bibliotheca
2771 5283 3196 5340 Avenionensis
3227 5284 3455 5357 collegii
3493 5285 3703 5341 Societ.

2047 5369 2189 5424 Jesu
2253 5369 2672 5441 perlegendum
2707 5371 2978 5440 tradidit;
3003 5390 3033 5428 e
3064 5389 3181 5443 quo
3231 5373 3521 5428 nonnulla
3551 5375 3702 5429 cita-

2048 5458 2242 5512 vimus
2275 5458 2332 5512 in
2365 5459 2520 5514 notis
2551 5459 2769 5516 nostris
2803 5461 2876 5516 ad
2922 5463 3304 5518 Praefationes
3336 5461 3698 5536 Hieronymi.

2049 5552 2328 5602 Ceterum
2390 5553 2452 5603 ut
2481 5549 2554 5602 ad
2616 5549 2975 5606 Parisienses
3034 5551 3258 5606 amicos
3303 5553 3505 5607 redeat
3553 5557 3704 5608 Laus

2052 5641 2275 5704 nostra,
2307 5636 2499 5694 veniat
2547 5638 2792 5694 nuncin
2852 5639 3012 5696 hunc
3050 5655 3293 5696 censum
3353 5641 3703 5699 Franciscus
