4060 6190
256 348 361 402 169

1681 351 2242 409 PROLEGOMENA.

3573 355 3676 409 170

257 473 570 537 Desmarés,
599 475 834 530 Antonii
883 474 1067 530 Allem
1101 493 1169 531 ex
1208 477 1499 532 Ludovica
1527 475 1646 532 filia
1686 493 1906 548 nepos:
1940 480 1993 544 Α
2025 478 2358 532 brationum
2377 478 2436 536 S.
2484 481 2762 535 Ductoris.
2803 479 3127 536 Nonnullos
3148 480 3421 536 Hebraeos
3452 480 3681 537 codices

256 564 331 616 de
361 579 431 617 eo
476 579 734 634 namque
772 563 909 634 jure
956 563 1192 634 dicitur,
1240 565 1402 621 Solus
1425 576 1505 621 est
1534 567 1689 621 homo
1730 566 1911 622 amico

255 653 491 708 anticus.
542 653 667 708 Non
727 655 950 710 sufficit
1005 656 1234 711 sincero
1278 654 1414 711 huic
1451 657 1667 728 pectori
1701 663 1911 711 cuncta

257 759 386 813 qua:
422 741 700 813 possidet,
726 743 883 798 edita
902 749 1076 817 atque
1101 744 1336 812 inedita,
1370 745 1782 801 liberalissime
1809 763 1910 800 no-

256 831 491 886 biscum
540 832 980 888 communicare
1015 850 1027 888 :
1063 833 1253 889 aliena
1301 835 1562 906 undique
1592 834 1909 906 conquirit,

252 921 439 974 instat
486 926 836 992 opportune,
878 922 1250 994 importuue;
1303 928 1359 976 et
1389 923 1438 978 si
1487 925 1642 994 quod
1694 923 1908 978 nostris

253 1007 522 1063 consiliis
555 1015 610 1063 et
641 1010 1001 1066 editionibus
1044 1013 1550 1067 accommodatum
1601 1011 1907 1081 invenerit,

252 1096 526 1152 animum
549 1099 746 1152 statim
772 1099 967 1170 prodit
992 1099 1245 1155 maxima
1267 1099 1562 1172 voluptate
1583 1101 1905 1172 perfusum.

248 1185 524 1241 Similem
539 1185 808 1240 amicitiae
823 1187 1092 1242 atIectum
1108 1192 1165 1242 et
1181 1188 1664 1262 ofﬁciumexperti
1680 1207 1746 1244 su
1759 1205 1907 1254 mus,

250 1273 308 1326 in
342 1273 416 1328 R.
451 1276 621 1328 Patre
666 1274 955 1331 lldefonso
991 1276 1253 1332 Sarrasin
1299 1277 1526 1334 ordinis
1571 1277 1909 1334 Cluniacen-

249 1361 369 1416 sis:
409 1379 547 1417 nam
575 1364 774 1418 eodem
811 1367 1161 1435 procurante
1193 1367 1391 1422 decem
1427 1366 1725 1422 volumina
1767 1383 1905 1422 mss.

245 1467 498 1521 operum
525 1452 581 1507 S.
617 1451 973 1526 Hieronymi,
999 1454 1253 1510 Parisios
1285 1456 1594 1527 deportata
1615 1462 1758 1512 sunt
1781 1472 1905 1511 ece-

245 1539 394 1594 lebri
415 1542 771 1598 monasterio
789 1543 1034 1598 abbatiai
1056 1542 1462 1600 Cluniacensis
1487 1561 1644 1616 :qua:
1668 1545 1904 1616 quidem

244 1629 552 1685 volumina
580 1631 994 1702 antiquissima
1024 1641 1082 1688 et
1113 1634 1625 1704 praestantissima,
1654 1651 1768 1690 non
1804 1651 1905 1704 pa-

245 1734 370 1772 rum
407 1719 721 1776 conferunt
743 1721 813 1776 ad
846 1721 1278 1777 restitutionem
1302 1723 1569 1778 omnium
1594 1725 1708 1779 fere
1737 1724 1906 1779 lucu-

2021 583 2166 622 mss.
2194 565 2515 622 Bibliorum
2540 569 2982 638 perhumaniter
3016 569 3187 625 nobis
3213 568 3391 626 etiam
3423 585 3683 624 commo-

2020 655 2234 710 darunt
2266 654 2520 726 religiosi
2544 673 2606 711 ac
2648 658 2803 712 docti
2839 657 3161 730 presbyteri
3207 657 3680 730 congregationis

2019 743 2267 799 Oratorii
2299 743 2647 799 Parisiensis
2675 762 2688 798 :
2723 747 2874 816 apud
2910 762 3058 816 quos
3089 751 3428 800 asservatur
3469 746 3678 817 hujus-

2022 832 2177 888 modi
2211 833 2495 887 librorum
2532 849 2646 887 non
2691 850 2869 903 parva
2919 833 3109 905 copia.
3158 833 3220 888 Hi
3255 839 3413 905 sunt,
3447 835 3498 890 si
3534 835 3679 891 bene

2021 923 2262 977 memini
2312 922 2530 993 quibus
2552 927 2746 993 grates
2772 921 3155 991 persolveneaa
3189 928 3356 977 erant
3386 923 3444 978 in
3489 923 3678 979 fronte

1992 1003 2225 1065 divinae
2256 1009 2665 1065 BibliOLhecae:
2729 1009 2867 1080 quia
2925 1009 3062 1063 huic
3119 1010 3356 1065 edendas
3416 1011 3673 1064 multum

2020 1099 2364 1171 profuerunt
2387 1097 2960 1165 ,communicatisvet
2977 1099 3369 1153 commodatis
3391 1101 3678 1167 exempla-

2019 1189 2182 1244 ribus
2212 1205 2354 1250 mss.
2387 1204 2569 1258 supra
2599 1187 2813 1241 citatis.
2848 1186 3051 1242 Veniet
3081 1191 3316 1257 tempus
3345 1188 3578 1256 quando
3615 1187 3673 1241 in

2017 1277 2150 1333 aliis
2172 1277 2568 1332 voluminibus
2587 1275 2792 1330 laudes
2817 1291 3239 1346 prosequemur
3256 1274 3506 1329 Joannis
3531 1278 3688 1329 llara

2016 1365 2180 1420 duini
2210 1364 2518 1420 Societatis
2546 1364 2682 1419 Jesu
2718 1363 3062 1434 presbyteri,
3095 1369 3154 1419 P.
3180 1363 3386 1419 Jacobi
3421 1364 3675 1433 Hommey

2017 1454 2454 1526 Augustiniani,
2487 1458 2544 1508 et
2575 1453 2825 1508 aliorum
2870 1451 3236 1508 eruditorum
3271 1451 3552 1520 virorum,
3577 1453 3675 1521 qui

2016 1560 2150 1599 cum
2176 1542 2544 1614 illisaliquod
2578 1540 2916 1596 ofticiumin
2958 1545 3223 1595 nostrum
3256 1540 3678 1611 Hieronymum

2017 1633 2282 1688 conferre
2317 1633 2649 1687 voluerunt.

3249 1911 3669 1924 ————___.___..

519 2037 1065 2134 SELECTA
1131 2041 1719 2154 VETERUM
1790 2038 2577 2135 SCRIPTORUM
2647 2037 3408 2193 TESTIMONIA

1922 2219 1994 2258 DE

923 2328 1414 2391 HlERONYMlS
1460 2329 1979 2392 VERSIONIBUS
2028 2328 2335 2389 LATINIS
2381 2327 2494 2389 SS.
2541 2327 3004 2389 BIBLIORUM.

275 2622 592 2692 Augustini
641 2640 711 2678 ex
737 2642 860 2697 cap.
913 2627 1002 2692 45,
1051 2627 1146 2682 tib.
1180 2645 1320 2682 xvnr
1368 2627 1434 2682 de
1468 2627 1702 2682 Civitate
1736 2626 1858 2682 Dei.
1928 2629 1974 2694 Β
2007 2626 2258 2697 Ejusdem
2308 2642 2378 2681 ea:
2432 2627 2588 2696 epist.
2643 2625 2733 2691 71,
2782 2624 2928 2679 alius
2984 2625 3066 2695 10,
3109 2625 3178 2680 ad
3218 2625 3618 2699 Hieronymum
3652 2647 3673 2684 .-

308 2738 594 2800 Quamvis
619 2756 733 2794 non
751 2741 1006 2797 defuerit
1033 2743 1400 2814 temporibus
1422 2743 1640 2798 nostris
1663 2744 1904 2815 presby-

240 2833 327 2880 ter
340 2825 942 2899 Hieronymus,homo
961 2831 1344 2887 doctissimus
1365 2837 1422 2886 et
1442 2831 1701 2888 omnium
1725 2831 1904 2887 trium

241 2911 590 2984 linguarum
623 2917 868 2986 peritus,
903 2918 1004 2990 qui
1041 2935 1152 2973 non
1185 2935 1253 2975 ex
1300 2919 1515 2987 Graeco,
1561 2920 1663 2974 sed
1695 2935 1764 2974 ex
1794 2924 1904 2972 He-

241 3001 401 3057 braeo
425 3002 483 3056 in
508 3003 780 3060 Latinum
805 3005 1106 3077 eloquium
1142 3008 1372 3064 easdem
1398 3009 1726 3078 Scripturas
1762 3024 1902 3063 cou-

232 3093 487 3146 verterit.
523 3094 632 3148 Sed
663 3095 793 3166 ejus
825 3097 942 3150 tam
978 3097 1300 3152 litteratum
1332 3097 1590 3154 laborem
1633 3098 1903 3169 quamvis

231 3179 428 3235 Judaei
451 3181 747 3237 fateantur
765 3201 896 3240 esse
917 3201 1179 3240 veracem
1211 3203 1224 3240 :
1248 3188 1630 3260 Septuaginta
1651 3204 1783 3242 vero
1804 3188 1900 3242 In-

235 3275 528 3339 terpretes
551 3271 610 3325 in
645 3271 844 3328 multis
872 3290 1101 3329 errasse
1133 3276 1511 3346 contendant,
1547 3281 1656 3332 etc.

237 3385 500 3454 Ejusdem
560 3389 656 3441 lib.
719 3405 773 3443 ιν
818 3389 888 3444 de
944 3392 1206 3517 Doctrirsa
1264 3391 1603 3464 Christiana,
1662 3410 1782 3464 cap.
1842 3395 1898 3460 7,

904 3477 1063 3517 num.
1215 3479 1229 3516 :

904 3477 1063 3518 ﬂuﬂL
1124 3477 1229 3517 ιῡε

297 3570 433 3625 Non
465 3577 664 3627 autem
718 3576 1042 3631 secundum
1096 3578 1549 3650 Septuaginta...
1602 3581 1702 3636 sed
1746 3581 1898 3636 sicut

231 3659 565 3716 exHebraao
586 3660 646 3715 in
677 3662 953 3721 Latinum
971 3665 1295 3738 eloquium,
1325 3669 1663 3741 presbytero
1699 3669 1896 3726 Hiero-

234 3763 419 3889 zliymo
449 3750 755 3821 utriusque
783 3752 1004 3825 linguis
1019 3756 1226 3826 perito,
1255 3754 1679 3828 interpretante
1700 3763 1894 3815 trans-

265 3842 364 3889 ata
398 3841 562 3889 sunt.

265 3842 364 3890 ata
398 3841 562 3892 sunt.

240 3959 501 4029 Ejusdem
531 3977 599 4017 es:
625 3965 856 4034 epistola
901 3968 992 4036 71,
1032 3969 1183 4025 alias
1220 3971 1299 4037 t0,
1348 3972 1419 4027 ad
1460 3973 1894 4044 Hieronymum:

308 4076 374 4129 In
407 4075 516 4130 hac
543 4083 740 4134 autem
772 4081 1020 4152 epistola
1049 4084 1159 4140 hoc
1185 4087 1358 4152 addo,
1391 4090 1544 4160 quod
1580 4095 1777 4160 postes
1813 4091 1899 4145 di-

235 4163 525 4230 dicimus,
556 4183 623 4221 ex
653 4169 894 4226 Hebrao
923 4171 1033 4228 Job
1091 4191 1124 4229 a
1174 4179 1228 4230 te
1260 4176 1729 4248 interpretatum,
1767 4197 1900 4236 cum

228 4253 363 4320 jam
401 4255 718 4323 quamdam
753 4257 1106 4317 haberemus
1156 4263 1698 4335 interpretationem
1739 4273 1901 4324 tuam

238 4341 516 4410 ejusdem
553 4344 845 4416 prophetas
876 4363 944 4404 ex
975 4349 1172 4406 Graeco
1205 4351 1413 4424 eloquo
1443 4371 1668 4410 versam
1703 4355 1759 4412 in
1795 4358 1904 4413 La-

235 4429 438 4484 tinum
466 4446 479 4484 :
502 4431 602 4486 ubi
628 4437 823 4490 tamen
847 4438 1144 4495 asteriscis
1169 4441 1383 4496 notasti
1424 4458 1550 4513 qua
1583 4443 1643 4498 in
1665 4444 1905 4501 Hebraeo

233 4522 407 4585 sunt,
439 4522 497 4572 et
523 4518 581 4574 in
613 4524 806 4579 Graeco
829 4525 1063 4594 desunt,
1095 4527 1280 4584 obelis
1297 4534 1492 4585 autem
1517 4548 1644 4602 quae
1673 4533 1728 4587 in
1753 4539 1903 4588 Grze-

236 4623 307 4661 co
345 4606 750 4680 inveniuntur,
780 4619 839 4668 et
869 4615 926 4670 in
959 4617 1199 4674 Hebraeo
1223 4635 1338 4674 non
1369 4625 1508 4674 sunt
1533 4637 1545 4674 :
1571 4624 1690 4676 tam
1726 4624 1904 4678 mira-

235 4694 347 4749 bili
388 4695 716 4767 diligentia,
743 4705 807 4756 ut
837 4704 1188 4774 quibusdam
1217 4706 1273 4760 in
1309 4705 1453 4764 locis
1483 4711 1552 4765 ad
1581 4711 1755 4765 verba
1785 4712 1904 4766 sin-

237 4781 393 4852 gula
417 4782 686 4854 singulas
717 4788 921 4845 stellas
977 4793 1320 4862 videamus;
1355 4796 1775 4868 signiﬁcantes,
1808 4817 1904 4855 ea-

232 4873 381 4924 dem
415 4871 592 4928 verba
617 4891 747 4932 esse
781 4879 838 4932 in
869 4880 1147 4952 Hazbrmo,
1207 4883 1264 4937 in
1299 4883 1495 4940 Graeco
1544 4893 1736 4942 autem
1793 4905 1904 4944 non

237 4977 406 5018 8558.

229 5080 510 5150 Ejusdem
555 5097 625 5137 ea:
675 5084 836 5152 epist.
886 5085 976 5152 8'2,
1022 5086 1172 5142 alias
1223 5088 1310 5157 19,
1355 5092 1427 5144 ad
1472 5091 1903 5162 Hieronymum:

305 5189 454 5244 Ideo
486 5196 684 5245 autem
739 5191 1004 5247 desidero
1051 5192 1593 5266 interpretationem
1637 5204 1802 5254 tuam
1836 5201 1907 5256 de

223 5277 658 5350 Septuaginta,
710 5283 774 5334 ut
822 5285 880 5335 et
915 5285 1078 5337 tanta
1119 5282 1454 5340 Latinorum
1493 5285 1901 5358 interpretum,

2089 2741 2370 2795 Proindre
2394 2757 2506 2795 nen
2533 2757 2741 2811 parvas
2773 2742 2884 2794 Deo
2900 2739 3123 2812 gratias
3150 2741 3380 2813 agimus
3402 2744 3472 2798 de
3495 2760 3668 2814 opere

2016 2836 2138 2899 tuo,
2172 2847 2288 2900 quo
2322 2829 2698 2900 Evangelium
2749 2845 2818 2884 ex
2867 2827 3062 2884 Graeco
3118 2830 3533 2901 interpretatus
3565 2849 3666 2887 es:

2015 2920 2154 2990 quia
2186 2934 2330 2990 pene
2358 2920 2413 2972 in
2449 2918 2720 2973 omnibus
2756 2917 2918 2972 nulla
2947 2916 3188 2973 offensio
3210 2923 3318 2986 est,
3351 2937 3483 2974 cum
3515 2922 3667 2976 Scri-

2015 3015 2245 3078 pturam
2281 3007 2538 3063 Graecam
2573 3005 3020 3061 contulerimus.
3054 3005 3218 3061 Unde
3266 3008 3313 3062 si
3347 3009 3666 3080 quisquam

2011 3095 2192 3151 veteri
2216 3095 2453 3152 falsitati
2479 3095 2880 3150 contentiosus
2909 3095 3131 3162 faverit,
3158 3095 3402 3167 prolatis
3419 3097 3670 3152 collatis-

2010 3202 2121 3254 que
2151 3185 2474 3250 codicibus,
2506 3184 2596 3240 vel
2628 3185 2871 3239 docetur
2904 3183 3209 3250 facillime,
3240 3183 3325 3239 vel
3357 3184 3665 3241 refellitur.

2010 3275 2078 3329 Et
2109 3275 2156 3329 si
2189 3274 2457 3345 quaedam
2493 3273 2796 3328 rarissima
2832 3276 3036 3327 merito
3085 3282 3317 3328 movent
3342 3314 3358 3342 ,
3391 3276 3525 3345 quis
3551 3283 3667 3330 tam

2009 3364 2195 3418 durus
2225 3368 2315 3418 est.
2342 3361 2442 3432 qui
2467 3362 2648 3418 labori
2683 3368 2800 3416 tam
2862 3361 2989 3415 utili
3028 3378 3144 3417 non
3176 3361 3342 3416 facile
3371 3361 3662 3434 ignoscat,
3721 3417 3724 3420 .

2009 3451 2101 3507 cui
2131 3451 2313 3506 vicem
2348 3449 2542 3506 iaudis
2574 3452 2783 3505 referre
2819 3467 2929 3505 non
2967 3451 3189 3506 sufficit
3211 3451 3238 3505 ?

2148 3567 2405 3639 Prosperi
2426 3567 2692 3638 Aquitani
2749 3566 2832 3622 lib
2884 3567 2952 3620 de
3011 3568 3265 3638 Ingratis,
3296 3584 3415 3640 cap.
3446 3569 3517 3624 2:

2076 3678 2240 3732 Tunc
2261 3675 2438 3731 etiam
2468 3675 2684 3730 Bethlei
2718 3675 2976 3747 praeclari
3012 3676 3268 3732 nominis
3301 3677 3535 3749 hospes,

2075 3765 2312 3822 Hebraeo
2346 3764 2524 3820 simul
2558 3769 2615 3819 et
2645 3764 2838 3829 Graio,
2874 3765 3154 3836 Latioque
3184 3770 3464 3822 venustus

2077 3855 2337 3927 Eloquio,
2373 3871 2600 3909 morum
2632 3853 2986 3925 exemplum,
3020 3855 3347 3926 mundique
3381 3857 3662 3927 magister

2085 3944 2476 4014 Hieronymus
2505 3942 2672 3997 libris
2704 3942 2867 3997 valde
2899 3942 3312 3999 excellentibus
3345 3944 3574 3998 hostem

2083 4033 2390 4102 Dissecuit,
2423 4037 2532 4087 etc.

2403 4146 2570 4202 Matii
2598 4149 2837 4217 episcOpi
2867 4146 2926 4201 in
2959 4147 3266 4203 Chronico:

2086 4254 2495 4324 Hieronymus,
2530 4253 2629 4323 qui
2661 4269 2860 4324 supra,
2916 4253 3244 4324 praecipuus
3276 4254 3335 4307 in
3369 4254 3671 4320 omnibus,

2013 4341 2434 4397 elementorum
2467 4358 2700 4414 quoque
2751 4341 3144 4413 peritissimus
3178 4341 3574 4411 Hebraeorum,
3611 4343 3668 4396 in

2011 4430 2139 4502 lege
2156 4430 2409 4496 Domini,
2433 4432 2582 4501 quod
2602 4431 2886 4502 scriptum
2911 4435 3019 4500 est,
3041 4431 3672 4503 diurnanocturnaque

2016 4519 2392 4575 meditatione
2436 4519 2778 4587 continuus,
2825 4521 3022 4576 studia
3051 4521 3242 4591 operis
3293 4521 3386 4576 sui
3434 4520 3674 4592 reliquit

2018 4609 2349 4664 innumera.

2397 4705 2703 4761 Marcellini
2749 4707 2967 4763 comitis
3024 4707 3312 4764 Chronico.

2086 4813 2477 4885 Hieronymus
2526 4813 2681 4884 apud
2729 4814 3069 4869 Bethlebem
3119 4813 3398 4886 oppidum
3432 4815 3674 4886 degens,

2017 4901 2115 4958 ubi
2146 4908 2204 4958 et
2234 4901 2656 4958 monasterium
2677 4903 2788 4959 sibi
2821 4903 3104 4972 condidit,
3135 4910 3190 4958 et
3221 4903 3337 4959 alia
3369 4904 3555 4960 multa
3584 4921 3674 4959 ec‘

2015 4991 2346 5046 clesiastica
2376 4991 2590 5047 litteris
2639 5007 2872 5063 quoque
2924 4992 3224 5048 Hebraicis
3257 4993 3501 5050 edoctus
3533 4994 3674 5048 scrio

2015 5082 2249 5153 psit.....
2279 5080 2594 5138 Catholicis
2624 5083 2863 5153 quidem
2897 5083 3371 5156 inexpugnabilis
3405 5082 3672 5139 Ecclesia

2014 5170 2218 5236 turris,
2242 5169 2527 5225 haereticis
2549 5174 2743 5226 autem
2755 5171 3032 5226 omnibus
3050 5170 3437 5244 infatigabilis
3462 5168 3671 5236 hostis,

2014 5263 2135 5313 tam
2169 5257 2467 5330 proposito
2488 5260 2617 5314 vitae
2649 5277 2791 5325 suae,
2824 5276 2999 5330 quam
3022 5260 3310 5317 librorum
3342 5277 3375 5315 a
3395 5275 3457 5316 se
3486 5257 3672 5314 edito-

229 5367 339 5436 qui
367 5365 816 5440 qualescunque
849 5368 956 5425 hoc
1013 5373 1140 5427 ausi
1191 5381 1348 5442 sunt,
1382 5347 1678 5446 imperitia
1721 5393 1912 5433 carea-
1945 5367 1991 5430 D
2024 5364 2153 5402 mm
2188 5347 2616 5403 “sermonibus
2643 5348 3013 5421 depugnans'

227 5471 379 5509 mus
403 5475 417 5521 ;
441 5460 502 5510 et
534 5455 618 5521 hi,
652 5457 752 5528 qui
782 5457 1150 5517 meinvidere
1186 5467 1397 5533 putant
1423 5463 1668 5520 utilibus
1699 5465 1908 5521 labori-

109 5597 120 5604 ,
226 5544 353 5598 bus
393 5546 531 5611 tuis,
559 5546 800 5601 tandem
835 5546 1169 5620 aliquando,
1204 5550 1252 5606 si
1282 5551 1428 5607 ﬁieri
1456 5559 1668 5625 potest,
1692 5554 1906 5610 intelli-

227 5640 408 5705 gant,
442 5639 560 5691 etc.

570 5754 831 5815 ΡΑτιιοι.
881 5756 1145 5817 XXVIII.

2021 5461 2292 5518 Gennadii
2339 5462 2419 5517 ita
2444 5463 2644 5525 Vitas.
2680 5464 3006 5536 Hieronymi
3023 5480 3093 5519 ex
3135 5466 3277 5536 tom._
3300 5463 3376 5536 IV‘
3402 5470 3502 5516 vet.
3527 5461 3672 5517 Ana-

2195 5536 2320 5590 lect.
2351 5543 2406 5589 et
2435 5552 2508 5590 ex
2559 5532 2986 5607 quampluribus
3024 5551 3153 5589 mss.
3181 5532 3495 5597 codicibus;

2090 5650 2606 5707 Verumenimvero
2661 5653 2811 5707 hunc
2857 5667 2961 5722 ego
2997 5649 3218 5706 felicem
3259 5648 3527 5718 dixerim,
3563 5649 3669 5704 hu-
