4060 6190
345 301 460 360 167

337 522 618 580 lectiones
652 522 1056 578 Praafationum
1088 519 1427 592 Hieronymi
1459 524 1517 574 et
1565 519 1713 574 sacri
1748 524 1985 573 contex-

333 618 447 666 tus.
509 611 876 667 Incredibilis
925 615 1016 664 est
1077 609 1415 664 humanitas
1463 625 1527 662 ac
1582 607 1984 664 benevolentia

335 689 556 748 laudati
589 690 861 761 superius
882 689 1274 745 illustrissimi
1300 688 1590 760 praesidis,
1615 703 1730 758 qua
1751 703 1986 758 semper

335 799 444 837 nos
465 781 690 852 excepit
719 781 790 836 ad
823 796 957 836 eum
989 781 1306 835 venientes.
1336 777 1533 848 Neque
1563 793 1697 832 vero
1720 777 1980 831 codicem

334 888 507 926 suum
537 875 697 926 extra
725 869 1022 941 propriam
1053 869 1297 923 domum
1329 867 1472 922 sinit
1501 864 1812 933 asportari,
1847 881 1982 935 pro-

332 957 908 1030 ptcrjusjurandum
941 972 1151 1027 nempe
1183 972 1299 1026 quo
1331 970 1394 1010 se
1422 971 1489 1009 ac
1541 958 1810 1026 parentes
1843 969 1982 1009 suos

331 1048 474 1103 dicit
528 1064 658 1104 esse
714 1047 1046 1114 obstrictos,
1081 1061 1153 1099 ne
1210 1044 1360 1098 liber
1411 1043 1508 1097 ille
1539 1042 1979 1113 manuscriptus

329 1138 526 1209 aliquo
581 1137 1048 1192 circumferetur.
1083 1134 1282 1190 Serius
1340 1134 1411 1189 ad
1470 1150 1578 1188 nos
1630 1132 1764 1187 libri
1797 1132 1976 1203 hujus

327 1227 534 1282 notitia
565 1225 863 1296 pervenit;
891 1225 1018 1294 jam
1051 1224 1208 1278 enim
1243 1223 1392 1278 duos
1427 1223 1690 1294 integros
1739 1223 1976 1278 ordines

327 1315 446 1370 sive
505 1315 652 1370 duas
702 1319 894 1384 partes
952 1312 1205 1368 Canonis
1264 1311 1665 1378 edideramus,
1725 1327 1858 1365 cum
1909 1328 1978 1366 ex

327 1402 574 1458 lectione
603 1403 914 1472 cujusdam
939 1401 1235 1456 citationis
1270 1400 1444 1454 didici
1469 1399 1687 1454 librum
1720 1397 1975 1454 Danielis

327 1491 610 1562 scriptum
668 1490 908 1562 reperiri
961 1490 1020 1543 in
1053 1488 1407 1544 Memmiano
1471 1504 1582 1542 ms.
1609 1487 1829 1552 codice,
1857 1503 1972 1541 non

325 1596 459 1635 cum
517 1579 646 1635 aliis
679 1577 999 1650 prophetis,
1035 1577 1134 1632 sed
1188 1582 1320 1648 post
1371 1578 1550 1632 libros
1612 1575 1969 1630 Salomonis.

325 1668 488 1724 Unde
541 1668 740 1723 statim
802 1665 1057 1721 intellexi
1094 1664 1394 1736 exemplar
1425 1665 1503 1718 ibi
1537 1679 1666 1720 esse
1716 1664 1969 1719 Canonis

325 1757 616 1812 Hebraice
667 1756 966 1822 veritatis;
1000 1755 1133 1824 quia
1160 1755 1217 1808 in
1259 1753 1383 1810 solo
1418 1753 1648 1809 Canone
1675 1752 1967 1808 Hebraicze

322 1845 584 1901 veritatis
611 1844 811 1900 Daniel
833 1844 1115 1915 prOpheta
1136 1842 1390 1898 describi
1422 1841 1569 1898 solet
1593 1847 1724 1912 post
1754 1841 1968 1896 librum

322 1934 542 1991 Cantici
574 1935 958 2003 canticorum,
989 1939 1047 1988 et
1068 1938 1202 1988 ante
1233 1932 1698 2003 Paralipomena.
1732 1931 1844 1985 Nec
1880 1947 1970 1986 me

322 2023 518 2080 fefellit
549 2023 745 2095 opinio
777 2041 928 2091 mea,
961 2021 1293 2077 invenimus
1325 2035 1579 2090 namque
1611 2019 1968 2090 perfectissi-

322 2128 483 2166 mum
515 2111 768 2167 Canonis
799 2111 1092 2182 exemplar
1125 2109 1183 2164 in
1213 2109 1409 2164 codice
1442 2107 1538 2162 illo
1572 2108 1965 2164 Memmiano:

321 2216 497 2270 quem
531 2198 795 2255 nonnulli
821 2199 1069 2255 studiosi
1103 2198 1216 2252 alio
1265 2198 1501 2269 quidem
1536 2196 1773 2252 nomine
1822 2198 1966 2252 satis

316 2289 620 2356 triverant,
654 2289 754 2342 sed
814 2288 1105 2344 Canonem
1139 2303 1336 2342 coram
1395 2285 1680 2340 habentes
1720 2285 1963 2340 minime

316 2377 613 2432 videbant.
640 2375 999 2447 Exemplaris
1020 2375 1420 2430 Narbonensis
1438 2373 1584 2428 nihil
1602 2373 1962 2429 contulimus

318 2471 530 2538 praeter
587 2465 961 2520 Prmiationes
1018 2463 1501 2534 Hieronymi;est
1530 2463 1684 2517 enim
1733 2464 1962 2534 Integra

319 2555 509 2626 prima
538 2559 702 2626 parte
733 2553 1343 2624 mutilum.incipiens
1375 2552 1447 2607 ab
1483 2552 1629 2608 Isaia
1653 2551 1980 2622 propheta,’

317 2659 515 2714 quem,
548 2642 606 2697 ni
657 2642 846 2708 fallor,
880 2647 1115 2714 propter
1154 2658 1327 2696 usum
1360 2640 1518 2695 chori
1570 2644 1960 2712 reposuerunt

317 2747 596 2787 successu
654 2737 1012 2802 temporum.
1043 2735 1178 2786 ante
1235 2729 1449 2785 librum
1497 2729 1794 2785 Judicum.
1843 2727 1957 2783 Alii

315 2826 743 2892 consequentes
775 2819 907 2876 libri
942 2819 1200 2874 nativum
1231 2818 1484 2874 Canonis
1515 2819 1778 2873 ordinem
1812 2818 1955 2872 reti-

316 2916 475 2978 nent,
499 2915 566 2965 ut
613 2909 737 2966 suis
769 2908 912 2964 locis
944 2909 1298 2963 notavimus.
1333 2907 1474 2962 Eum
1517 2907 1777 2962 codicem
1810 2906 1956 2961 mihi

311 2995 1699 3069 perhumanitercommunicarunthonestissimi
1716 3012 1876 3066 aeque
1889 3011 1956 3050 ac

312 3085 672 3142 nobilissimi
728 3085 1000 3142 Ecclesiae
1058 3085 1458 3141 Narbonensis
1516 3083 1808 3139 canonici.
1881 3085 1955 3140 De

309 3175 762 3231 Carcassonensi
794 3175 992 3230 codice
1022 3174 1254 3229 abunde
1285 3174 1428 3229 satis
1459 3174 1713 3227 diximus
1739 3173 1792 3226 in
1821 3190 1950 3243 pro-
1981 3177 2023 3244 ί]

309 3265 514 3320 dromo
543 3264 598 3319 S.
632 3263 989 3335 Hieronymi.
1024 3263 1133 3317 Sed
1179 3261 1286 3317 hoc
1315 3262 1489 3317 etiam
1524 3261 1948 3332 adjiciendum,

305 3353 597 3409 Caucnem
617 3351 784 3407 illum
804 3355 859 3406 in
885 3351 1050 3407 libris
1065 3350 1419 3423 propheticis
1441 3349 1724 3405 nonnulla
1738 3350 1950 3405 habere

305 3440 528 3497 scholia
575 3441 923 3513 marginalia
969 3439 1192 3495 Hebraei
1245 3439 1453 3508 critici,
1486 3455 1614 3509 qua;
1645 3440 1858 3493 absunt
1889 3439 1947 3492 in

303 3531 533 3586 Canone
567 3535 767 3586 nostro
801 3529 1336 3585 San-Germanensi
1367 3549 1378 3584 :
1409 3528 1561 3583 sicut
1593 3545 1622 3582 e
1656 3527 1949 3582 contrario

302 3618 498 3675 Canon
547 3619 1113 3675 San-Germanensis
1168 3617 1355 3673 multa
1385 3616 1519 3672 aliis
1563 3617 1702 3671 locis
1741 3617 1951 3672 retinet

301 3707 642 3778 hujusmodi
699 3708 944 3773 scholia,
991 3708 1210 3763 omissa
1265 3707 1323 3761 in
1381 3706 1580 3761 codice
1637 3706 1949 3761 Carcasso-

301 3798 496 3854 nensi.
537 3798 672 3854 Tria
719 3795 1074 3868 exemplaria
1124 3799 1248 3866 jam
1291 3796 1445 3850 dicta
1503 3795 1948 3864 Memmianum,

298 3886 784 3952 Carcassonense,
818 3893 875 3942 et
930 3886 1478 3941 San-Germanense
1536 3884 1758 3955 scripta
1809 3888 1950 3938 sunt

298 3977 502 4032 eodem
559 3981 841 4048 tempore,
897 3981 947 4031 et
1009 3975 1056 4030 si
1130 3973 1380 4045 expertis
1449 3973 1764 4041 credimus,
1817 3977 1949 4027 ante

297 4065 664 4138 octingentos
721 4082 928 4120 annos.
983 4065 1058 4119 De
1093 4063 1442 4118 Memmiana
1489 4060 1716 4116 nullum
1761 4064 1949 4132 potest

297 4171 605 4225 superesse
635 4154 906 4222 dubium,
931 4153 1070 4226 quia
1093 4153 1267 4224 jussu
1292 4150 1660 4222 Theodulphi
1693 4149 1944 4204 Aurelia-

296 4243 499 4299 nensis
525 4243 783 4314 episcopi
814 4243 1098 4314 scriptum
1124 4257 1251 4297 esse
1284 4240 1643 4312 perhibetur.

375 4381 543 4437 Aliud
577 4383 876 4454 exemplar
905 4383 1157 4438 Canonis
1193 4384 1480 4438 Hebraica’.
1511 4349 1774 4436 veritatis
1806 4398 1943 4452 sup-

296 4471 581 4543 peditavit
637 4471 808 4527 nobis
850 4470 1205 4526 bibliotheca
1254 4470 1454 4541 Regia,
1488 4470 1744 4540 illudque
1793 4471 1944 4525 anti-

1503 295 1829 357 PATRUM
1873 294 2575 363 BENEDICTINORUM

229 469 234 480 ι
340 431 579 500 morati;
614 432 712 488 sed
748 448 950 489 eorum
999 431 1123 486 loco
1162 430 1424 485 infinitas
1456 429 1668 484 retinet
1692 428 1984 484 variantes
2011 439 2062 503 Α
2097 435 2320 500 partem
2371 435 2591 491 Cantici
2650 437 3014 494 canticorum
3075 439 3410 512 descripsit,
3443 443 3501 496 et
3539 457 3747 498 conse-

3637 307 3752 370 168

2095 526 2339 589 quenter
2372 524 2667 581 Danielem
2701 527 3070 598 prOphetam,
3095 545 3161 583 eo
3193 530 3368 584 modo
3393 545 3508 600 quo
3534 529 3746 602 legitur

2094 606 2153 662 in
2218 612 2373 666 veris
2418 619 2472 668 et
2503 616 2779 686 genuinis
2831 616 3086 672 Canonis
3148 618 3442 673 Hebraicis
3476 619 3744 675 veritatis

2095 699 2546 770 exemplaribus.
2603 704 2867 759 Similem
2919 705 3238 761 habuimus
3298 709 3353 762 in
3417 707 3747 764 biblotheca

2093 785 2627 847 San-Germanensi
2677 794 2935 849 codicem
2987 811 3157 862 mss.,
3217 795 3317 851 sed
3371 797 3560 867 major
3608 814 3745 869 pars

2095 873 2262 929 nobis
2315 878 2680 946 periit;cum
2745 882 2892 936 nihil
2951 883 3248 954 integrum
3289 884 3459 941 nobis
3485 887 3746 957 supersit

2092 969 2300 1032 praeter
2329 966 2545 1023 librum
2582 970 3025 1026 Proverbiorum
3060 971 3414 1042 Salomonis,
3449 980 3507 1030 et
3559 974 3742 1032 libros

2089 1054 2571 1126 Paralipomenon
2609 1059 2778 1130 Ezraa,
2811 1070 2861 1115 et
2888 1061 3092 1117 Esther
3122 1077 3256 1116 cum
3300 1063 3486 1118 obelis
3516 1063 3574 1118 in
3624 1063 3743 1120 ﬁne

2089 1142 2424 1202 voluminis.
2474 1148 2650 1204 Porro
2707 1150 2870 1220 Regii
2929 1149 3186 1206 Canonis
3243 1154 3312 1205 H.
3371 1151 3437 1205 V.
3505 1153 3738 1224 copiam

2091 1232 2260 1287 nobis
2291 1235 2428 1290 fecit
2462 1237 2780 1308 paepositus
2813 1239 3001 1310 Regia:
3033 1238 3403 1296 Bibliotheca:
3435 1240 3740 1297 honestis-

2087 1319 2276 1376 simus
2330 1323 2606 1380 dominus
2655 1325 2957 1398 Camillus,
2991 1328 3040 1383 le
3072 1328 3286 1398 Tellier,
3321 1329 3501 1384 abbas
3538 1329 3737 1386 Sancti

2086 1408 2234 1464 Petri
2267 1411 2338 1467 de
2370 1417 2450 1468 Bu
2463 1413 2668 1486 rgolio.

2155 1535 2240 1588 Ad
2260 1536 2576 1594 editionem
2595 1539 2859 1609 ejusdem
2882 1540 3133 1596 Canonis
3161 1542 3454 1598 Hebraicaa
3471 1543 3734 1599 veritatis

2081 1622 2225 1678 alios
2245 1627 2630 1698 quamplures
2663 1628 2982 1684 habuimus
3010 1645 3154 1685 mss.
3185 1630 3733 1688 codicessacrorum

2080 1711 2426 1782 Bibliorum,
2457 1716 2557 1788 qui
2597 1734 2792 1772 veram
2853 1719 3107 1774 retinent
3159 1720 3492 1776 versionem
3537 1723 3733 1778 Hiero-

2005 1802 2236 1878 Bnymi
2293 1819 2424 1858 cum
2504 1806 2766 1876 ejusdem
2828 1807 3317 1864 Praefatiunculis.
3381 1809 3730 1867 Psalterium

2081 1892 2372 1962 praecipue
2427 1910 2494 1948 ex
2525 1894 2762 1950 Hebraeo
2808 1897 3008 1952 Latine
3061 1913 3293 1953 versum
3327 1915 3360 1952 a
3391 1899 3450 1954 S.
3489 1904 3729 1956 Doctore

2078 1980 2422 2036 restitutum
2439 1989 2526 2038 est
2555 1985 2627 2038 ad
2654 1985 2825 2039 finem
2859 1985 3064 2042 decem
3097 1987 3726 2058 praestantissimorum

2077 2073 2132 2122 et
2163 2069 2709 2141 antiquissimorum
2747 2091 2885 2130 mss.
2913 2076 3335 2147 exemplarium
3365 2093 3377 2130 :
3405 2094 3542 2132 nam
3579 2095 3725 2148 prae-

2073 2160 2162 2212 ter
2215 2158 2465 2215 Canonis
2517 2161 2874 2232 exemplaria
2914 2164 3224 2228 recensita,
3278 2164 3412 2220 aliis
3473 2181 3573 2220 sex
3632 2167 3719 2222 uti

2071 2249 2258 2318 licuit,
2292 2269 2408 2306 uno
2438 2252 2736 2324 Vaticano,
2766 2256 2946 2310 altero
2976 2257 3541 2328 Augustinianorum
3575 2259 3719 2314 Bur-

2069 2337 2489 2409 digalensium,
2519 2344 2691 2397 tertio
2721 2346 3060 2399 monasterii
3092 2351 3148 2399 S.
3173 2345 3550 2402 Michaelisin
3574 2347 3723 2402 Peri-

2068 2427 2200 2482 culo
2234 2430 2433 2499 maris,
2469 2438 2677 2502 quarto
2717 2432 3090 2490 Bibliotheca
3133 2435 3482 2502 Sorbonicaa,
3515 2439 3720 2506 quinto

2007 2561 2037 2570 -.
2067 2516 2426 2586 Corbeiens.,
2449 2525 2504 2573 et
2535 2526 2694 2576 sexto
2718 2522 2956 2576 demum
2979 2525 3324 2579 monasterii
3347 2524 3545 2580 Sancti
3566 2526 3720 2581 Petri

2067 2606 2464 2662 Carnutensis.
2497 2607 2762 2664 Vaticani
2821 2611 3040 2665 codicis
3099 2611 3392 2667 variantes
3433 2613 3714 2668 lectiones

2068 2694 2322 2766 collegit,
2354 2701 2411 2750 et
2441 2697 2698 2754 Parisios
2725 2699 2793 2753 ad
2833 2715 2924 2754 me
2956 2699 3118 2754 misit
3148 2701 3404 2756 domnus
3436 2701 3718 2758 Claudius

2066 2783 2388 2850 Estiennot,
2413 2787 2883 2858 congregationis
2915 2793 3126 2843 nostra:
3155 2795 3500 2861 procurator
3529 2805 3712 2862 gene-

2064 2873 2207 2927 ralis
2231 2873 2286 2927 in
2320 2873 2485 2929 curia
2508 2878 2803 2930 Romana:
2830 2876 2930 2946 qui
2963 2893 3094 2932 cum
3125 2877 3203 2932 sit
3233 2877 3712 2936 studiosissimus

2065 2967 2122 3016 et
2162 2977 2294 3016 vere
2323 2959 2645 3038 φιλόπονος,
2683 2963 2913 3020 nullum
2967 2982 3082 3020 non
3117 2971 3310 3021 movet
3349 2966 3604 3038 lapidem
3641 2969 3715 3024 ad

2064 3066 2299 3120 operam
2334 3051 2503 3107 nobis
2536 3054 2930 3124 praestandam
2974 3054 3034 3110 in
3076 3055 3331 3111 editione
3373 3061 3713 3113 sanctorum

2066 3143 2320 3194 Patrum.
2376 3141 2874 3212 Augustinianum
2933 3143 3230 3214 exemplar
3297 3145 3714 3213 Burdigalense

2063 3227 2207 3282 mihi
2242 3229 2826 3286 communicaverunt
2855 3230 2921 3285 R.
2956 3232 3124 3287 Pater
3178 3232 3412 3299 Paulus,
3445 3239 3503 3288 et
3553 3234 3618 3289 Β.
3648 3235 3708 3292 Ρ.

2060 3315 2366 3372 Corneille.
2401 3318 2644 3374 Summa
2669 3319 3036 3376 humanitate
3067 3322 3394 3392 smpissime
3425 3339 3532 3378 nos
3553 3339 3714 3379 com-

2061 3403 2264 3475 plexus
2311 3413 2400 3460 est
2449 3407 2722 3462 dominus
2751 3408 3051 3475 Chevilier,
3086 3416 3286 3465 custos
3338 3411 3708 3468 bibliotheca

2059 3493 2390 3548 Sorbonicae
2413 3494 2931 3566 diligentissimus.
2967 3498 3049 3553 Ab
3067 3497 3164 3554 illo
3197 3500 3534 3570 accepimus
3558 3500 3720 3556 Psal-

2059 3581 2205 3636 teria
2262 3581 2598 3655 Hieronymi
2655 3602 2796 3640 mss.
2871 3603 2999 3657 qua)
3060 3587 3468 3644 curiosissima
3547 3593 3713 3660 sunt,

2060 3678 2391 3745 nostrisque
2416 3675 2658 3731 editioni
2684 3676 2837 3731 haud
2873 3693 3082 3748 parum
3115 3679 3710 3750 profuerunt,quam-

2058 3761 2144 3816 vis
2159 3767 2292 3816 ante
2305 3779 2491 3818 annos
2513 3768 2740 3818 tantum
2757 3766 3218 3836 quadringentos
3241 3767 3459 3839 scripta
3479 3767 3712 3823 videan-

2057 3853 2173 3905 tur.
2195 3849 2570 3908 Eminentissi
2583 3853 2657 3906 mi
2680 3853 3000 3909 cardinalis
3017 3855 3087 3910 de
3101 3855 3270 3910 BONZI
3294 3856 3710 3912 benevolentia:

2057 3955 2124 3994 ac
2147 3939 2504 3994 humanitati
2537 3940 2870 3995 admirabili
2895 3941 3150 3998 multum
3176 3961 3270 4000 me
3299 3945 3510 4001 debere
3532 3947 3707 4016 profi-

2056 4031 2184 4082 teor
2217 4044 2230 4082 :
2265 4044 2401 4082 nam
2433 4045 2463 4083 e
2497 4045 2604 4082 sua
2635 4027 2993 4086 bibliotheca
3025 4031 3396 4089 Narbonensi
3428 4039 3486 4089 et
3525 4033 3709 4091 libros

2055 4115 2244 4172 editos
2301 4121 2358 4171 et
2415 4117 2879 4188 manuscriptos,
2913 4125 3056 4190 quot
3086 4128 3230 4192 quot
3289 4121 3442 4177 volui
3474 4139 3706 4178 mecum

2055 4209 2357 4277 asportare
2387 4206 2446 4260 in
2478 4211 2744 4262 nostrum
2769 4209 3082 4265 Crassense
3111 4210 3555 4274 monasterium,
3587 4211 3707 4266 exi-

2057 4294 2176 4348 mia
2206 4294 2555 4350 liberalitate
2575 4296 2860 4367 permisit.
2888 4298 3164 4354 Eamdem
3187 4299 3515 4356 libertatem
3541 4300 3713 4356 simi-

2055 4383 2187 4438 liter
2218 4383 2363 4438 mihi
2396 4386 2692 4440 concessit
2739 4385 2806 4441 D.
2840 4387 3142 4454 Pontelier,
3194 4389 3354 4459 prior
3386 4389 3711 4446 monasteri

2058 4472 2259 4528 Fontis
2304 4473 2543 4544 Frigidi,
2582 4474 2806 4530 ordinis
2849 4474 3292 4543 Cisterciensis;
3329 4477 3427 4546 qui
3477 4494 3713 4534 summe

297 4559 657 4630 quissimum
717 4565 776 4616 et
825 4559 1059 4632 optima:
1100 4564 1247 4615 notaa
1285 4575 1297 4612 :
1329 4559 1485 4630 quod
1543 4558 1773 4614 etiamsi
1827 4575 1938 4613 non
1982 4544 2023 4608 D
2060 4561 2116 4615 in
2154 4578 2258 4615 nos
2291 4577 2526 4632 semper
2556 4561 2856 4617 ofﬁciosus
2889 4562 3016 4616 fuit.
3041 4562 3097 4617 Si
3133 4544 3484 4634 putem—RR.
3520 4567 3709 4636 patri-

293 4647 510 4704 habeat
569 4649 984 4722 inscriptiones
1015 4649 1194 4704 trium
1245 4647 1544 4717 ordinttm,
1580 4653 1643 4703 ut
1687 4653 1944 4720 quatuor

295 4735 411 4792 alia
434 4754 588 4792 nunc
609 4737 868 4801 laudata,
895 4737 1040 4792 nulli
1071 4743 1263 4794 tamen
1286 4738 1753 4809 posthabendum
1782 4743 1940 4807 puto.

297 4826 362 4881 In
393 4827 628 4882 duobus
660 4827 891 4899 magnis
921 4826 1322 4882 voluminibus
1355 4825 1686 4896 descriptus
1718 4831 1810 4880 est
1845 4825 1944 4880 ille

293 4914 514 4984 Canon,
547 4915 640 4969 cui
678 4915 932 4988 primum
965 4915 1236 4970 volumen
1281 4919 1479 4970 notam
1512 4914 1688 4969 habet
1738 4930 1941 4970 nume-

293 5003 476 5059 ricam
507 5004 668 5070 3563,
695 5003 1224 5075 complectiturque
1255 5003 1477 5074 priores
1507 5003 1655 5058 duos
1687 5003 1944 5074 ordines,

294 5093 463 5164 Legis
496 5092 724 5148 scilicet
752 5098 810 5148 et
841 5093 1284 5162 Prophetarum.
1308 5093 1645 5147 Secundum
1668 5093 1942 5148 volumen

293 5201 457 5239 num.
517 5183 658 5237 3564
715 5181 978 5237 continet
1035 5182 1301 5237 ordinem
1359 5181 1940 5254 Hagiographorum:

292 5273 353 5328 in
415 5288 532 5344 quo
593 5270 803 5326 ultimo
860 5270 1115 5326 Canonis
1175 5270 1378 5325 ordine
1428 5271 1753 5341 exscriptor
1809 5271 1943 5326 libri

300 5361 655 5434 interposuit
699 5359 882 5415 libros
936 5361 1243 5432 Sapientiae
1299 5365 1355 5414 et
1412 5360 1782 5415 Ecclesiastici
1811 5366 1944 5430 post

290 5451 592 5505 volumina
670 5448 1027 5505 Salomonis.
1089 5451 1301 5502 Verum
1356 5447 1606 5518 pristino
1656 5448 1940 5503 librorum

292 5539 481 5594 ordini
519 5544 582 5594 ut
611 5537 830 5594 librum
865 5537 1124 5592 Danielis
1149 5536 1500 5603 restitueret,
1527 5541 1659 5608 post
1689 5537 1944 5609 interpo-

285 5613 413 5686 lata
442 5624 743 5683 volumina
760 5630 894 5699 Bap.
919 5629 976 5682 et
1005 5623 1182 5682 Eccli.
1207 5623 1426 5681 iterum
1449 5640 1566 5682 non
1587 5625 1939 5682 mediocrem

2053 4649 2165 4704 bus
2186 4648 2517 4705 leestinis
2548 4654 2604 4704 et
2634 4650 3002 4706 Cartusianis
3035 4651 3542 4707 Avenionensibus
3573 4671 3712 4723 gra-

2051 4737 2166 4793 tias
2199 4755 2231 4792 a
2289 4754 2382 4792 me
2416 4738 2618 4792 referri
2680 4756 2873 4810 posse,
2911 4756 3024 4794 non
3058 4740 3284 4810 sapiam
3320 4756 3332 4795 :
3365 4740 3708 4800 incredibile

2053 4827 2210 4881 enim
2243 4829 2332 4881 est
2373 4831 2659 4898 quantum
2694 4827 2750 4882 in
2783 4844 2890 4882 nos
2924 4827 3313 4884 humanitatis
3345 4833 3403 4884 et
3434 4831 3709 4889 amicitia:

2051 4913 2412 4986 largirentur
2459 4914 2758 4985 affectum,
2815 4916 2956 4970 dum
3017 4916 3090 4971 ab
3145 4916 3230 4972 eis
3276 4917 3704 4989 postulavimus

2055 5002 2442 5076 quamplures
2473 5021 2607 5059 mss.
2631 5004 2865 5060 codices
2898 5005 3212 5061 Bibliorum
3233 5023 3559 5064 sacrorum.
3587 5012 3704 5065 Nec

2063 5093 2602 5165 practermittendus
2661 5094 2832 5150 nobis
2879 5101 2968 5151 est
3027 5095 3299 5152 Nicolaus
3356 5098 3567 5167 Faber,
3619 5099 3709 5154 vir

2052 5182 2533 5252 sapientissimus
2565 5198 2630 5236 ac
2662 5181 3173 5254 religiosissimus.
3207 5184 3308 5256 qui
3330 5185 3600 5242 volumen
3620 5188 3708 5242 Bi-

2052 5269 2271 5324 blicum
2305 5270 2363 5324 in
2391 5270 2744 5326 bibliotheca
2771 5272 3197 5329 Avenionensis
3228 5273 3455 5346 collegii
3495 5275 3704 5331 Societ.

2049 5359 2191 5413 Jesu
2254 5358 2674 5432 perlegendum
2707 5361 2980 5429 tradidit;
3004 5379 3034 5417 e
3065 5379 3182 5433 quo
3233 5363 3523 5418 nonnulla
3552 5365 3704 5419 cita-

2049 5447 2243 5502 vimus
2275 5447 2333 5502 in
2366 5449 2521 5504 notis
2552 5449 2771 5504 nostris
2805 5450 2877 5505 ad
2923 5452 3304 5508 Prefationes
3338 5451 3698 5526 Hieronymi.

2050 5541 2329 5592 Caeterum
2391 5543 2453 5592 ut
2483 5539 2555 5592 ad
2617 5538 2976 5596 Parisienses
3035 5541 3259 5596 amicos
3304 5542 3506 5597 redeat
3554 5547 3706 5598 Laus

2053 5630 2277 5694 nostra,
2308 5625 2501 5682 veniat
2547 5643 2705 5682 nunc
2736 5627 2794 5683 in
2853 5628 3013 5685 hunc
3051 5645 3294 5685 censum
3354 5630 3704 5688 Franciscus
