4060 6190
264 349 368 403 169

1691 353 2126 411 PROLEGOME
2136 357 2228 409 ΝΔ
2238 394 2251 408 .

3581 357 3684 412 170

264 474 579 539 Desmarés,
608 476 843 530 Antonii
891 475 1074 531 Allem
1109 494 1178 532 ex
1217 478 1507 534 Ludovica
1535 477 1655 533 ﬁlia
1695 494 1914 550 nepos:
1948 481 2001 545 Α
2035 479 2444 538 brationumS.
2493 483 2771 537 Ductoris.
2811 482 3136 538 Nonnullos
3156 483 3429 539 Hebraeos
3461 483 3690 540 codices

264 565 338 617 de
369 580 439 618 eo
485 580 742 635 namque
781 565 917 634 jure
965 565 1200 635 dicitur,
1249 567 1410 622 Solus
1433 577 1513 623 est
1542 568 1698 622 homo
1739 568 1920 622 amico

263 653 500 708 amicus.
552 654 675 710 Non
736 656 958 711 sufﬁcit
1014 657 1242 712 sincero
1287 656 1423 712 huic
1459 659 1676 729 pectori
1710 664 1919 713 cuncta

264 759 394 813 quae
431 743 708 814 possidet,
733 744 892 799 edita
911 749 1085 818 atque
1109 746 1345 813 inedita,
1378 746 1790 802 liberalissime
1817 764 1918 802 no-

265 832 500 887 biscum
549 833 989 889 communicare
1023 852 1034 890 :
1071 833 1261 890 aliena
1309 836 1570 907 undique
1600 836 1917 907 conquirit,

261 921 447 975 instat
494 927 844 992 opportune,
886 923 1258 996 importune;
1311 929 1367 977 et
1397 925 1446 979 si
1495 926 1651 996 quod
1703 925 1916 980 nostris

261 1008 531 1064 consiliis
563 1015 619 1064 et
648 1011 1010 1067 editionibus
1052 1014 1558 1068 accommodatum
1609 1013 1915 1082 invenerit,

261 1097 534 1153 animum
557 1099 754 1153 statim
781 1100 975 1171 prodit
999 1100 1253 1156 maxima
1275 1101 1570 1173 voluptate
1592 1103 1913 1173 perfusum.

256 1185 532 1241 Similem
547 1186 816 1242 amicitiae
831 1188 1100 1243 affectum
1116 1193 1172 1243 et
1189 1190 1672 1262 ofﬁciumexperti
1689 1208 1754 1246 su
1767 1207 1915 1256 mus,

257 1273 316 1327 in
351 1273 423 1329 Β.
459 1277 629 1330 Patre
674 1275 963 1332 lldefonso
998 1277 1261 1333 Sarrasin
1308 1279 1534 1335 ordinis
1579 1279 1918 1335 Cluniacen-

256 1362 378 1417 sis:
417 1380 556 1418 nam
583 1365 782 1419 eodem
818 1369 1169 1436 procurante
1201 1369 1400 1423 decem
1434 1367 1732 1423 volumina
1774 1385 1912 1423 mss.

252 1467 505 1521 operum
533 1453 589 1508 S.
625 1453 981 1526 Hieronymi,
1007 1455 1262 1512 Parisios
1293 1457 1602 1529 deportata
1623 1463 1766 1513 sunt
1788 1474 1912 1512 ece-

252 1539 403 1595 lebri
422 1543 778 1598 monasterio
797 1543 1042 1599 abbatis:
1063 1544 1470 1601 Cluniacensis
1495 1562 1651 1618 :quae
1675 1547 1912 1618 quidem

251 1629 560 1686 volumina
588 1632 1002 1702 antiquissima
1031 1642 1090 1689 et
1121 1635 1632 1705 praestantissima,
1662 1652 1776 1691 non
1812 1653 1912 1706 pa-

251 1735 378 1773 rum
415 1719 728 1776 conferunt
751 1722 821 1776 ad
854 1721 1285 1778 restitutionem
1310 1724 1577 1780 omnium
1601 1726 1716 1780 fere
1745 1725 1914 1780 lucu-

2030 585 2175 623 mss.
2203 567 2523 624 Bibliorum
2548 571 2990 641 perhumaniter
3025 571 3196 627 nobis
3222 571 3400 628 etiam
3432 588 3691 628 commo-

2028 657 2242 711 darent
2275 657 2528 728 religiosi
2552 675 2615 712 ac
2657 660 2811 714 docti
2849 660 3169 732 presbyteri
3216 660 3688 733 congregationis

2028 745 2276 800 Oratorii
2307 745 2696 802 Parisiensis:
2732 749 2883 819 apud
2919 765 3066 818 quos
3098 753 3436 803 asservatur
3478 748 3686 820 hujus-

2029 834 2184 890 modi
2219 835 2504 889 librorum
2540 851 2654 889 non
2699 852 2878 905 parva
2927 835 3117 907 copia.
3166 836 3229 890 Hi
3263 841 3422 907 sunt,
3455 837 3507 892 si
3542 837 3688 893 bene

2029 925 2271 979 memini
2321 924 2539 995 quibus
2561 929 2754 995 grates
2781 923 3164 993 persolvenea:
3197 931 3364 979 erant
3394 925 3453 980 in
3497 925 3686 981 fronte

2000 1006 2233 1066 divinae
2265 1011 2673 1067 Biblimhecae:
2738 1011 2876 1082 quia
2933 1011 3070 1065 huic
3127 1013 3364 1067 edenda
3424 1013 3681 1068 multum

2028 1101 2371 1173 profuerunt
2395 1100 2867 1167 ,communicatis
2879 1099 2967 1153 vel
2985 1101 3377 1156 commodatis
3399 1104 3686 1169 exempla-

2026 1191 2190 1246 ribus
2220 1207 2362 1252 mss.
2396 1206 2577 1260 supra
2607 1188 2820 1244 citatis.
2856 1188 3059 1244 Veniet
3089 1193 3324 1260 tempus
3353 1190 3586 1258 quando
3623 1189 3682 1244 in

2025 1279 2158 1334 aliis
2180 1279 2576 1334 voluminibus
2595 1277 2800 1332 laudes
2825 1293 3247 1348 prosequemur
3264 1277 3514 1332 Joannis
3539 1281 3698 1331 Har-'

2024 1367 2188 1422 duini
2218 1366 2526 1422 Societatis
2554 1366 2690 1421 Jesu
2726 1365 3071 1437 presbyteri,
3104 1371 3162 1421 P.
3187 1366 3394 1420 Jacobi
3429 1367 3683 1435 Hommey

2025 1456 2463 1528 Augustiniani,
2495 1460 2553 1510 et
2583 1455 2833 1510 aliorum
2877 1454 3244 1510 eruditorum
3279 1453 3560 1521 virorum,
3585 1456 3682 1523 qui

2024 1562 2157 1601 cum
2184 1543 2551 1616 illisaliquod
2586 1542 2924 1598 oiliciumin
2966 1547 3232 1598 nostrum
3265 1543 3685 1614 Hieronymum

2025 1635 2290 1690 conferre
2325 1634 2657 1690 voluerunt.

3256 1914 3677 1927 ———_____._.

527 2037 1072 2135 SELECTA
1139 2042 1726 2155 VETEBUM
1798 2040 2585 2137 SCRIPTOBUM
2655 2039 3415 2195 TESTIMONIA

1929 2220 2001 2259 DE

931 2329 1422 2392 HIERONYMIS
1467 2331 1986 2394 VERSIONlBUS
2035 2330 2342 2392 LATINIS
2389 2329 2501 2391 SS.
2549 2329 3011 2395 BIBLIORUM.

282 2623 598 2692 Augustini
649 2641 718 2679 ex
745 2643 866 2698 cap.
920 2629 1010 2694 45,
1059 2628 1153 2683 lib.
1187 2646 1326 2683 xvm
1375 2628 1442 2684 de
1475 2629 1709 2684 Civitale
1743 2628 1866 2684 Dei.
1935 2631 1982 2695 Β
2015 2628 2265 2698 Ejusdem
2315 2643 2385 2683 ea:
2439 2629 2595 2698 epist.
2650 2627 2741 2693 71,
2789 2626 2935 2681 alios
2991 2628 3073 2697 lO,
3116 2629 3186 2683 ad
3226 2628 3626 2702 Hieronymum
3660 2650 3680 2687 :

316 2739 602 2801 Quamvis
626 2757 740 2795 non
758 2743 1012 2798 defuerit
1039 2744 1407 2815 temporibus
1429 2745 1647 2800 nostris
1670 2745 1911 2817 presby-

246 2833 334 2880 ter
347 2827 950 2900 Hieronymus,homo
967 2832 1352 2888 doctissimus
1373 2839 1429 2888 et
1449 2832 1708 2889 omnium
1732 2833 1911 2888 trium

246 2912 596 2985 linguarum
631 2917 876 2987 peritus,
910 2919 1011 2991 qui
1048 2936 1160 2975 non
1192 2937 1260 2976 ex
1307 2920 1522 2989 Greece,
1568 2921 1669 2976 sed
1703 2937 1771 2975 ex
1801 2925 1911 2974 He-

249 3001 408 3058 braeo
432 3003 489 3056 in
514 3004 787 3061 Latinum
813 3005 1113 3078 eloquium
1149 3010 1379 3065 easdem
1405 3010 1733 3079 Scripturas
1769 3026 1909 3065 con-

238 3094 494 3147 verterit.
530 3095 640 3148 Sed
671 3096 801 3167 ejus
831 3098 948 3152 tam
984 3098 1307 3154 litteratum
1338 3098 1597 3154 laborem
1640 3100 1910 3170 quamvis

236 3179 435 3235 Judaei
459 3182 754 3238 fateantur
772 3202 902 3240 esse
923 3203 1186 3242 veraeem
1218 3204 1231 3241 ε
1255 3189 1636 3260 Septuaginta
1658 3205 1791 3244 vero
1811 3190 1907 3244 In-

239 3275 535 3340 terpretes
558 3271 618 3326 in
652 3271 852 3329 multis
879 3291 1108 3331 errasse
1140 3278 1518 3348 contendant,
1554 3283 1663 3333 etc.

242 3385 508 3455 Ejusdem
567 3389 663 3442 lib.
726 3406 781 3444 1v
825 3391 895 3445 de
950 3393 1213 3519 υοοινὶἷιὲι
1271 3393 1610 3466 Christiana,
1669 3412 1788 3466 cap.
1849 3397 1904 3461 7,

912 3479 1070 3519 num.
1221 3480 1235 3518 :

912 3479 1070 3519 num.
1131 3479 1235 3519 10:

304 3570 440 3625 Non
472 3577 671 3628 autem
725 3577 1048 3632 secundum
1103 3579 1555 3652 Septuaginta...
1609 3582 1708 3638 sed
1753 3583 1905 3638 sicut

237 3660 572 3716 exHebraao
593 3661 653 3716 in
685 3663 960 3722 Latinum
977 3666 1301 3739 eloquium,
1331 3670 1670 3743 presbytero
1707 3671 1903 3727 Hiero-

239 3764 425 3890 tliymo
455 3751 762 3822 utriusque
791 3753 1232 3827 linguae-perito,
1262 3755 1686 3830 interpretante
1707 3764 1900 3816 trans-

270 3842 370 3890 uta
406 3842 568 3893 sunt.

245 3960 507 4030 Ejusdem
537 3978 606 4018 ea:
632 3966 863 4035 epistola
907 3969 999 4037 71,
1039 3970 1189 4026 alias
1227 3971 1306 4038 l0,
1354 3973 1426 4028 ad
1467 3974 1902 4045 Hieronymum:
1938 3999 1981 4065 Ο

313 4077 382 4130 In
414 4075 522 4132 hac
548 4084 746 4136 autem
779 4081 1026 4154 epistola
1056 4085 1166 4141 hoc
1191 4087 1364 4153 addo,
1397 4091 1550 4161 quod
1586 4097 1784 4161 postes
1819 4093 1906 4146 di-

241 4164 530 4230 dicimus,
561 4184 629 4222 ex
659 4169 900 4227 Hebraeo
929 4173 1039 4229 Job
1097 4193 1131 4230 a
1180 4180 1234 4231 te
1266 4177 1736 4250 interpretatum,
1773 4198 1906 4237 cum

232 4253 369 4322 jam
407 4256 724 4324 quamdam
760 4259 1112 4318 haberemus
1162 4264 1705 4336 interpretationem
1745 4274 1908 4326 tuam

241 4341 522 4410 ejusdem
559 4345 852 4416 prophetae
883 4365 950 4405 ex
981 4350 1178 4407 Graeco
1211 4352 1420 4425 eloquo
1449 4371 1675 4411 versam
1709 4357 1766 4413 in
1803 4359 1911 4414 La-

239 4429 444 4484 tinum
471 4446 484 4485 :
508 4432 608 4486 ubi
634 4438 829 4491 tamen
853 4439 1150 4496 asteriscis
1175 4442 1390 4498 notasti
1430 4459 1556 4514 qua
1590 4444 1650 4499 in
1672 4445 1911 4503 Hebraeo

238 4523 413 4586 sunt,
445 4523 502 4572 et
529 4519 586 4576 in
618 4525 812 4580 Graeco
835 4526 1070 4595 desunt,
1101 4528 1286 4585 obelis
1303 4535 1498 4586 autem
1523 4549 1651 4604 quae
1679 4535 1734 4588 in
1759 4540 1909 4590 ΘΗΒ-

240 4623 312 4661 eo
349 4607 756 4681 inveniuntur,
786 4620 845 4669 et
875 4616 932 4670 in
965 4618 1206 4674 Hebraeo
1229 4635 1344 4675 non
1376 4626 1551 4676 sunt:
1577 4626 1696 4677 tam
1732 4625 1911 4679 mira-

238 4694 352 4749 bili
394 4695 722 4768 diligentia,
749 4707 813 4758 ut
843 4705 1195 4774 quibusdam
1223 4707 1280 4762 in
1315 4707 1460 4765 locis
1490 4713 1559 4766 ad
1587 4712 1762 4767 verba
1791 4713 1910 4768 sin-

243 4782 398 4854 gula
422 4783 692 4855 singulas
724 4789 927 4846 stellas
983 4793 1327 4864 videamus;
1361 4797 1781 4869 signiﬁcantes,
1814 4818 1910 4856 ea-

235 4873 387 4925 dem
420 4872 598 4929 verba
623 4892 753 4932 esse
787 4879 844 4933 in
875 4881 1153 4953 Haebrzno,
1213 4884 1271 4938 in
1305 4884 1501 4941 Graeco
1551 4894 1742 4943 autem
1799 4907 1911 4945 non

240 4979 387 5019 8556
399 5005 412 5016 .

233 5081 516 5152 Ejusdem
561 5098 631 5137 ea:
682 5085 842 5153 epist.
892 5086 982 5153 8'2,
1028 5087 1178 5143 alias
1230 5089 1316 5158 19,
1361 5093 1433 5145 ad
1478 5091 1909 5163 Hieronymum:

310 5190 459 5244 Ideo
492 5196 690 5245 autem
744 5192 1010 5248 desidero
1057 5193 1598 5267 interpretationem
1644 5205 1808 5255 tuam
1841 5202 1913 5257 de

227 5277 663 5351 Septuaginta,
717 5284 780 5334 ut
827 5286 885 5336 et
920 5286 1084 5337 tanta
1125 5283 1460 5342 Latinorum
1499 5287 1907 5359 interpretum,

2097 2742 2377 2797 Proindre
2401 2759 2513 2797 nen
2540 2759 2748 2813 parvas
2781 2743 2891 2796 Deo
2907 2742 3130 2814 gratias
3157 2744 3387 2816 agimus
3409 2746 3480 2801 de
3502 2763 3675 2817 opere

2023 2838 2145 2901 tuo,
2179 2849 2295 2902 quo
2328 2831 2705 2902 Evangelium
2756 2847 2825 2885 ex
2874 2829 3070 2885 Graeco
3125 2832 3541 2904 interpretatus
3573 2851 3674 2890 es:

2022 2922 2160 2992 quia
2193 2937 2337 2991 pene
2364 2922 2420 2974 in
2456 2920 2728 2975 omnibus
2763 2919 2925 2974 nulla
2954 2919 3196 2975 oﬁ‘ensio
3217 2925 3325 2987 est,
3359 2939 3490 2977 cum
3522 2924 3674 2978 Scri-

2022 3016 2252 3080 pturam
2288 3009 2545 3065 Graecam
2579 3007 3027 3063 contulerimus.
3061 3008 3225 3064 Unde
3273 3010 3320 3064 si
3355 3011 3673 3082 quisquam

2019 3097 2199 3153 veteri
2222 3097 2460 3154 falsitati
2486 3097 2887 3152 oontentiosus
2917 3097 3138 3164 faverit,
3166 3097 3409 3169 prolatis
3426 3099 3676 3154 collatis-

2017 3204 2128 3256 que
2157 3187 2482 3252 codicibus,
2513 3186 2604 3242 vel
2635 3187 2878 3241 docetur
2911 3185 3215 3253 facillime,
3247 3185 3332 3242 vel
3364 3186 3671 3244 refellitur.

2017 3277 2085 3330 Et
2115 3276 2163 3331 si
2196 3276 2464 3346 quaedam
2500 3275 2803 3330 rarissima
2839 3278 3043 3329 merito
3092 3285 3324 3330 movent
3349 3317 3365 3344 ,
3398 3279 3533 3348 quis
3558 3286 3674 3333 lam

2016 3366 2202 3420 durus
2232 3369 2322 3420 est
2348 3363 2449 3435 qui
2473 3364 2655 3419 labori
2690 3370 2806 3418 tam
2869 3363 2996 3418 utili
3034 3381 3151 3419 non
3183 3363 3348 3419 facile
3378 3364 3668 3436 ignoscat,
3725 3421 3730 3424 .

2015 3453 2108 3508 cui
2138 3453 2320 3508 vicem
2355 3451 2549 3508 laudis
2581 3454 2790 3507 relerre
2827 3470 2936 3508 non
2974 3453 3245 3508 sul‘ﬁcit?

2155 3569 2412 3640 Prosperi
2433 3569 2699 3640 Aquitani
2755 3569 2838 3624 lib
2891 3569 2958 3623 de
3017 3571 3272 3641 Ingratis,
3303 3586 3422 3642 cap.
3453 3572 3523 3626 2:

2083 3680 2246 3733 Tunc
2267 3677 2445 3734 etiam
2474 3677 2691 3732 Belblei
2725 3677 2983 3749 prmclari
3019 3678 3275 3734 nominis
3308 3679 3542 3752 hospes,

2082 3767 2320 3824 Hebraeo
2353 3766 2531 3821 simul
2565 3771 2622 3821 et
2652 3766 2844 3831 Graio,
2881 3767 3161 3839 Latioque
3191 3773 3471 3824 venustus

2083 3857 2343 3928 Eloquio,
2379 3873 2606 3911 morum
2639 3855 2993 3927 exemplum,
3026 3857 3353 3928 mundique
3387 3859 3669 3928 magister

2092 3945 2483 4016 Hieronymus
2512 3944 2678 3999 libris
2710 3944 2873 3999 valde
2905 3944 3318 4001 excellentibus
3352 3946 3579 4001 hostem

2089 4034 2396 4104 Dissecuit,
2430 4038 2539 4089 etc.

2409 4149 2574 4204 Idalia
2604 4151 2842 4219 episcOpi
2874 4148 2932 4203 in
2965 4149 3272 4205 Chronico:

2092 4255 2502 4326 Hieronymus,
2537 4255 2636 4325 qui
2667 4271 2866 4325 supra,
2921 4255 3250 4326 praecipuus
3283 4256 3341 4309 in
3375 4257 3677 4322 omnibus,

2020 4343 2441 4398 elementorum
2473 4360 2706 4416 quoque
2757 4343 3150 4415 peritissimus
3183 4344 3580 4412 Hebraorum,
3617 4345 3674 4399 in

2018 4432 2145 4504 lege
2162 4432 2416 4499 Domini,
2439 4434 2588 4503 quod
2608 4433 2892 4504 scriptum
2917 4437 3025 4502 est,
3047 4433 3677 4506 diurnanocturnaque

2023 4521 2399 4576 meditatione
2442 4521 2784 4588 continuus,
2831 4522 3027 4578 studia
3057 4522 3249 4594 operis
3299 4523 3391 4578 sui
3441 4522 3680 4594 reliquit

2024 4626 2355 4665 Innumera.

2403 4707 2709 4763 Marcellini
2755 4709 2973 4765 comitis
3030 4709 3318 4765 Chronico.

2092 4814 2483 4886 Hieronymus
2532 4815 2687 4885 apud
2736 4816 3074 4871 Bethlehem
3125 4816 3404 4888 Oppidum
3438 4817 3680 4888 degens,

2023 4903 2120 4960 ubi
2151 4909 2209 4959 et
2240 4903 2662 4960 monasterium
2683 4905 2794 4961 sibi
2827 4904 3110 4973 condidit,
3141 4912 3195 4961 et
3226 4905 3343 4962 alia
3375 4906 3560 4962 multa
3590 4923 3678 4961 ec-

2021 4992 2352 5048 clesiastica
2381 4993 2596 5048 litteris
2645 5009 2878 5064 quoque
2928 4993 3230 5050 Hebraicis
3263 4995 3506 5052 edoctus
3539 4996 3680 5050 scri-

2021 5083 2255 5154 psit.....
2285 5081 2600 5139 Catholicis
2629 5085 2869 5155 quidem
2903 5085 3377 5158 inexpugnabilis
3411 5084 3678 5141 Ecclesiae

2019 5171 2223 5237 turris,
2248 5171 2532 5226 haereticis
2555 5173 3037 5228 autemomnibus
3055 5172 3442 5246 infatigabilis
3468 5170 3677 5238 hostis,

2020 5264 2140 5314 tam
2174 5258 2473 5331 proposito
2494 5261 2623 5316 vitae
2655 5278 2796 5326 suae,
2830 5278 3004 5332 quam
3027 5261 3316 5318 librorum
3347 5279 3380 5316 a
3401 5277 3462 5318 se
3491 5259 3678 5316 edito-

231 5349 342 5437 quii
372 5349 821 5440 qualescunque
853 5369 961 5425 hoc
1019 5373 1146 5428 ausi
1197 5382 1354 5443 sunt,
1388 5349 1684 5447 imperitia
1727 5394 1918 5434 carea-
1951 5368 1997 5431 D
2029 5365 2159 5403 rum
2194 5349 2622 5405 assert‘ombus
2649 5349 3019 5422 depugnans'

229 5472 421 5521 mus;
446 5461 508 5510 et
540 5455 624 5520 hi,
658 5457 757 5528 qui
787 5458 1157 5518 meinvidere
1192 5468 1403 5534 putant
1430 5464 1674 5521 utilibus
1705 5466 1914 5522 labori-

228 5545 357 5599 bus
397 5546 536 5611 tuis,
565 5546 805 5602 tandem
841 5547 1175 5622 aliquando,
1210 5551 1259 5607 si
1289 5551 1434 5608 ﬁieri
1461 5560 1674 5625 potest,
1698 5555 1912 5611 intelli-

228 5640 411 5705 gant,
445 5641 565 5692 etc.

575 5755 837 5816 PATROL.
886 5756 1150 5817 XXVIII.

2026 5463 2298 5538 Gennadii
2345 5463 2424 5518 ita
2450 5464 2650 5527 VitaS.
2685 5466 3012 5538 Hieronymi
3029 5482 3098 5521 ea:
3140 5465 3382 5538 tom._lV_
3408 5472 3508 5518 vel.
3533 5463 3677 5518 Ana-

2201 5537 2325 5591 lecl.
2357 5545 2412 5590 et
2440 5553 2513 5592 ex
2564 5535 2992 5609 quampluribus
3029 5553 3158 5591 mss.
3186 5535 3500 5599 codicibus;

2095 5651 2611 5708 Verumenimvero
2666 5654 2817 5709 hunc
2862 5668 2966 5724 ego
3002 5650 3223 5707 felicem
3264 5650 3532 5720 dixerim,
3568 5651 3674 5706 bu-
