4060 6190
413 326 515 383 171

1442 332 1503 384 S.
1544 328 1954 383 HIERONYMI
1990 325 2249 382 DIVINA
2284 326 2777 381 BIBLIOTHECA.

3690 313 3820 376 ,172

404 455 507 525 jus
532 454 684 527 fuga
711 457 982 510 eventum
1011 451 1379 523 corrigentis.
1430 451 1644 507 Christi
1669 450 1892 521 judicio
1932 450 2053 505 dis~
2087 451 2137 516 Α
2170 448 2502 519 Scripturas
2518 439 3812 517 convertit,eloquenterquetransfundit.0u-

409 546 741 615 pensatum,
773 542 911 614 quia
939 554 1247 613 pravorum
1297 540 1604 597 hominum
1632 538 2054 612 persecutioni-

412 632 526 688 bus
556 636 827 705 paratum
878 629 999 685 fore
1045 630 1353 686 existimo:
1406 630 1646 697 scilicet,
1689 635 1753 684 ut
1797 629 2059 684 Romana

406 722 664 778 Ecclesia
700 720 852 775 Petri
881 719 1153 775 instituta
1184 719 1487 792 regimine,
1520 720 1908 790 omniumque
1940 716 2057 772 Ve-

405 809 547 865 teris
577 807 937 864 Testamenti
968 808 1253 864 librorum
1281 809 1486 864 edocta
1523 808 1784 875 veritate,
1827 805 2056 861 Christo

405 902 521 953 Deo
551 896 803 964 volente,
828 890 1252 965 etHieronymi
1272 896 1511 969 speciali
1540 897 1737 952 studio
1767 895 2055 951 desudan-

406 991 486 1054 te,
518 986 864 1043 Hebraicam
896 1002 1129 1058 quoque
1160 986 1372 1041 habeat
1396 987 1718 1053 veritatem,
1751 989 1809 1040 et
1828 984 2059 1040 Graeco-

402 1090 536 1132 rum
567 1076 963 1147 quorumdam
1015 1075 1240 1142 levitas,
1273 1086 1402 1146 quis
1447 1075 1558 1131 sibi
1594 1075 1889 1130 Romanos
1931 1089 1966 1128 a
1995 1087 2057 1127 se

404 1174 612 1221 Omnes
665 1165 998 1236 Scripturas
1057 1162 1339 1220 divinitus
1382 1163 1700 1236 inspiratas
1764 1161 2058 1233 accepisse

348 1256 359 1264 '
404 1254 746 1327 plaudebat,
768 1267 869 1309 eos
898 1253 1107 1308 habere
1132 1253 1286 1324 quod
1314 1268 1428 1308 non
1451 1252 1629 1308 habet
1658 1254 2056 1323 recognoscat.

476 1342 693 1400 Christi
723 1343 920 1413 itaque
939 1343 1128 1413 gratia
1154 1341 1550 1413 Hieronymus
1576 1342 1750 1396 ﬁdem
1782 1341 2057 1412 adeptus,

404 1431 737 1504 litterisque
756 1432 970 1488 Grmcls
990 1446 1058 1486 ac
1076 1431 1290 1486 Latinis
1314 1436 1489 1502 atque
1503 1429 1806 1485 Hebraicis
1826 1430 2055 1493 doctus,

405 1528 616 1580 cuncta
637 1524 1013 1579 Hebraeorum
1043 1522 1365 1593 volumina,
1386 1538 1512 1594 quas
1535 1522 1594 1576 in
1617 1520 1849 1576 Canoue
1869 1520 2055 1574 conti-

404 1618 623 1669 nentur
652 1630 721 1668 ex
750 1612 942 1668 Veteri
976 1614 1375 1678 Testamento,
1407 1627 1540 1667 vera
1570 1610 1822 1667 editione
1853 1609 1913 1663 in
1953 1607 2059 1663 lin-

401 1719 476 1776 gu
485 1720 579 1758 am
597 1703 865 1758 Latinam
879 1702 1070 1766 vertit,
1093 1718 1198 1772 eaq
1209 1718 1279 1757 ue
1290 1702 1489 1757 omnia
1501 1716 1628 1756 com
1639 1703 1895 1755 mentatu
1906 1715 1932 1753 s
1944 1701 2053 1753 est.

2163 537 2264 608 jus
2282 536 2682 608 interpretatio
2701 534 2909 590 merito
2927 535 3151 589 caeteris
3171 531 3493 587 antefertur
3516 546 3529 583 :
3561 544 3694 584 nam
3728 531 3818 583 est

2171 627 2476 680 verborum
2493 626 2751 680 tenacior
2771 629 2825 679 et
2838 623 3247 695 perspicuitate
3266 619 3566 676 sententias
3581 616 3817 673 clarior.

2349 742 2609 813 Ejusdem
2641 741 2736 795 lib.
2773 756 2790 795 ι
2820 740 2883 795 de
2928 739 3077 809 Ofﬁc.
3116 737 3334 803 Eccles.,
3379 750 3497 807 cap.
3534 734 3637 787 t2:

2242 844 2318 902 De
2345 847 2586 901 Hebraeo
2610 850 2803 902 autem
2835 845 2894 901 in
2931 846 3199 901 Latinum
3222 842 3522 913 eloquium
3554 842 3821 894 tantum-

2171 935 2340 991 modo
2372 937 2760 1008 Hieronymus
2783 936 3082 1007 presbyter
3102 950 3301 990 sacras
3323 928 3551 1003 Scriptu
3563 945 3655 984 ras
3679 940 3818 982 con-

2167 1025 2375 1081 vertit:
2409 1025 2579 1096 cuius
2622 1024 2873 1082 editiOne
2921 1023 3267 1095 generaliter
3306 1037 3511 1076 omnes
3542 1016 3814 1075 Ecclesiae

2168 1129 2587 1185 usquequaque
2616 1118 2867 1169 utuntur
2890 1158 2903 1181 ,
2937 1129 3040 1184 pro
3071 1128 3137 1168 eo
3169 1111 3324 1183 quod
3355 1108 3617 1165 veracior
3649 1107 3725 1162 sit
3758 1105 3815 1159 in

2168 1201 2475 1258 sententiis
2501 1204 2559 1258 et
2584 1203 2795 1259 clarior
2827 1198 2884 1258 in
2919 1198 3134 1258 verbis.

2167 1318 2329 1374 Beda:
2346 1319 2595 1374 venerab.
2628 1318 2691 1372 in
2722 1319 3085 1390 Matyrologio
3107 1315 3263 1388 prid.
3289 1314 3533 1371 Kalend.
3562 1313 3814 1372 0ctob:.:

2241 1424 2305 1479 In
2338 1424 2674 1481 Bethlehem
2722 1426 2886 1481 Judaa
2936 1424 3223 1495 depositio
3244 1422 3431 1479 sancti
3477 1420 3813 1492 Hieronymi

2169 1514 2513 1585 presbyteri,
2539 1514 2710 1583 cujus
2733 1514 2917 1568 vitaet
2939 1512 3436 1581 doctrinaubique
3458 1511 3516 1566 in
3542 1509 3818 1564 Eeclesiis

2169 1602 2381 1658 Christi
2412 1601 2748 1673 laudabilis,
2783 1608 3003 1670 exstat;
3036 1602 3332 1672 quomodo
3356 1600 3583 1655 divinos
3610 1599 3817 1654 Libros

2170 1707 2240 1746 ex
2269 1691 2507 1747 Hebraea
2539 1692 2738 1760 lingua
2768 1691 2826 1747 in
2860 1690 3136 1746 Latinum
3167 1688 3555 1755 transtulerit,
3588 1693 3698 1743 etc.

396 1810 665 1881 Ejusdem
693 1808 757 1863 de
785 1808 934 1864 Viris
963 1808 1280 1864 Itlustribus
1300 1824 1420 1877 cap.
1448 1824 1469 1881 ξ
1490 1807 1550 1861 in
1580 1824 1681 1862 ms.
1718 1805 2057 1871 Corbeiensi,
2088 1812 2136 1876 Β
2167 1806 2430 1877 Ejusdem
2462 1811 2702 1877 Prm/at.
2752 1809 2813 1863 in
2844 1809 3052 1863 librum
3097 1807 3162 1861 de
3192 1808 3513 1878 Temporum
3543 1806 3816 1860 Ratione:

727 1884 779 1936 ει
807 1882 945 1936 tam.
978 1882 1029 1935 II
1056 1883 1295 1935 veterum
1329 1878 1758 1934 Analecto'rum:

405 1988 797 2061 Hieronymus
843 1991 1062 2054 noster,
1112 1986 1324 2042 litteris
1351 1987 1566 2041 Graecis
1598 2002 1662 2041 ac
1700 1984 1923 2042 Latinis
1954 1984 2063 2039 Ro-

403 2094 511 2133 ma
542 2077 808 2149 apprime
839 2068 1272 2141 eruditas......,
1298 2068 1513 2130 litteris
1544 2086 1780 2147 quoque
1820 2072 2060 2129 Hebrai-

415 2165 499 2221 cis
520 2171 694 2237 atque
723 2165 1052 2221 Chaldaicis
1084 2166 1166 2220 ita
1190 2164 1452 2232 edoctus,
1507 2168 1573 2219 ut
1594 2180 1796 2219 omnes
1835 2162 2061 2218 Veteris

409 2255 763 2311 Testamenti
786 2255 990 2321 libros,
1015 2254 1469 2311 exHebraeorum
1493 2252 1714 2309 scilicet
1736 2252 2057 2320 codicibus,

408 2344 647 2401 verterit
676 2344 735 2398 in
770 2343 1080 2399 Latinum:
1111 2338 1408 2399 Danielem
1443 2360 1673 2415 quoque
1716 2343 2058 2415 prephetam

410 2432 723 2489 Chaldaico
755 2432 905 2506 stylo
934 2432 1222 2499 locutum,
1253 2438 1309 2489 et
1324 2433 1434 2488 Job
1455 2433 1688 2503 justum
1720 2432 1979 2495 Arabico,
2002 2431 2058 2485 in

408 2520 1031 2594 Romanamlinguam,
1054 2527 1374 2593 utrumque
1395 2526 1692 2577 auctorem
1707 2522 1958 2593 perfecta
1977 2520 2061 2573 in-

407 2611 826 2684 terpretatione
841 2610 1169 2667 mutaverit.
1185 2609 1441 2667 Matthmi
1464 2610 1851 2666 nihilominus
1881 2611 2063 2665 Evan-

406 2700 625 2773 gelium
653 2716 723 2757 ex
752 2699 995 2756 Hebraeo
1026 2700 1163 2757 fecit
1190 2715 1321 2756 esse
1350 2704 1702 2757 Romanum.

480 2789 628 2846 Idem
664 2789 868 2860 legitur
916 2790 974 2844 in
1001 2805 1105 2845 ms.
1154 2789 1350 2845 codice
1380 2787 1691 2845 Cotbertino
1729 2805 1886 2845 num.
1918 2789 2061 2843 2807

409 2880 509 2951 qui
534 2881 654 2951 post
682 2878 938 2958 Elogium
960 2877 1297 2950 Hieronymi,
1330 2878 1471 2949 quod
1503 2877 1861 2948 Epitaphium
1880 2882 2058 2946 vocat,

408 2967 590 3024 subdit
629 2970 773 3024 ista:
805 2972 940 3023 Haec
995 2971 1137 3023 sunt
1173 2968 1351 3022 verba
1407 2972 1706 3023 auctorum
1765 2967 1836 3022 de
1894 2967 2061 3022 beato

411 3055 766 3128 Hieronymo
796 3055 1154 3128 presbytero.
1184 3054 1431 3127 Explicit
1461 3055 1855 3127 Epitaphium.

449 3176 763 3239 Ωιιδείοάοή
793 3180 888 3235 lib.
922 3178 988 3235 de
1035 3180 1385 3236 Institutione
1431 3179 1540 3236 div.
1595 3181 1727 3247 Lit.,
1760 3197 1886 3252 cap.
1918 3184 2023 3238 2t:
2092 3177 2134 3243 C

486 3297 699 3353 Beatus
719 3296 896 3351 etiam
923 3295 1335 3368 Hieronymus,
1363 3294 1571 3351 Latinas
1601 3295 1815 3369 linguas
1847 3295 2066 3354 dilata-

411 3391 504 3442 tor
533 3384 805 3451 eximius,
838 3382 939 3456 qui
967 3383 1136 3440 nobis
1170 3385 1227 3439 in
1260 3382 1643 3439 translatione
1673 3384 1882 3441 divinae
1911 3386 2064 3441 Scri-

414 3479 604 3548 pturae
622 3476 855 3529 tantum
882 3472 1241 3545 praastitit,ut
1256 3473 1328 3528 ad
1353 3472 1658 3529 Hebraeum
1687 3474 1903 3530 fontem
1918 3491 2063 3548 pene

415 3581 532 3620 non
551 3576 828 3636 egeamus
848 3561 1140 3629 accedere,
1163 3561 1398 3633 quando
1415 3576 1519 3617 nos
1532 3562 1819 3619 facundiae
1834 3580 1953 3619 suae
1976 3581 2069 3620 oo-

415 3652 718 3725 gnoscitur
746 3652 1011 3707 ubertate
1042 3651 1308 3707 satiasse.

451 3759 706 3832 Ejusdem
730 3758 919 3814 eodem
949 3758 1089 3814 libro
1140 3757 1204 3813 de
1252 3758 1384 3814 Inst.
1429 3758 1540 3814 div.
1586 3761 1718 3828 Lit.,
1767 3773 1892 3832 cap.
1928 3761 2027 3817 15:

489 3874 652 3942 Quod
675 3873 722 3931 si
751 3879 949 3961 tamen
975 3873 1091 3930 alia
1111 3873 1286 3930 verba
1305 3873 1678 3946 reperiuntur
1697 3874 1949 3932 absurde
1971 3893 2069 3949 po-

417 3966 552 4035 sita,
586 3968 685 4021 aut
714 3981 783 4020 ex
802 3960 895 4019 his
926 3962 1245 4031 codicibus,
1268 3979 1415 4035 quos
1448 3964 1654 4018 beatus
1676 3964 2067 4037 Hieronymus

417 4057 477 4111 in
508 4054 762 4111 editione
782 4050 1164 4125 Septuaginta
1186 4051 1573 4124 Interpretum
1601 4054 1955 4121 emendavit,
1978 4054 2065 4109 vel

417 4143 705 4216 quosipse
721 4159 790 4199 ex
810 4141 1049 4197 Hebraeo
1070 4140 1395 4212 transtulit,
1418 4139 1706 4213 intrepide
1727 4142 2069 4215 corrigenda

417 4236 574 4288 sunt.

453 4320 703 4391 Gregorii
750 4320 937 4388 Magni
983 4322 1210 4391 Prwfat.
1240 4320 1485 4387 Exposit.
1547 4320 1736 4375 Morat.
1786 4322 1848 4374 in
1894 4320 1989 4376 Job
2010 4337 2029 4375 .-

480 4423 697 4475 Novam
728 4432 864 4472 vero
886 4415 1334 4472 translationem
1367 4416 1591 4473 dissero
1622 4442 1635 4486 ;
1676 4418 1778 4473 sed
1807 4422 1875 4473 ut
1905 4433 2063 4474 com-

2244 1914 2383 1969 Fixa
2413 1920 2607 1970 autem
2642 1914 2787 1969 mihi
2836 1920 2950 1971 stat
2999 1915 3310 1982 sententia,
3363 1930 3540 1985 quam
3591 1928 3624 1967 a
3654 1911 3820 1968 nullo

2167 2004 2549 2080 prudentium
2583 2005 3048 2077 redarguendam
3091 2008 3355 2068 autumo,
3391 2008 3457 2058 ut
3487 2003 3639 2058 sicut
3662 2017 3826 2056 reve-

2169 2093 2565 2149 rendiSsimus
2586 2094 2853 2164 ejusdem
2883 2092 3174 2149 Hebraicae
3224 2091 3487 2147 veritatis
3533 2091 3826 2162 interpres

2170 2183 2662 2238 obtrectatoribus
2694 2184 2783 2238 sui
2816 2183 3045 2254 operis:
3077 2184 3193 2238 Non
3214 2182 3434 2244 damno.
3464 2180 3679 2253 inquit,
3708 2196 3825 2237 non

2168 2272 2501 2342 reprehendo
2533 2273 2653 2328 LXX
2679 2272 2769 2327 sed
2816 2274 3075 2327 omnibus
3111 2272 3197 2327 his
3236 2272 3502 2342 apostolos
3540 2272 3774 2341 praefero
3807 2287 3823 2325 :

2169 2362 2249 2417 ita
2265 2367 2322 2416 et
2338 2377 2444 2432 ego
2475 2362 2832 2416 confidenter
2860 2360 3152 2432 proﬁteor,
3185 2361 3324 2432 quia
3357 2377 3469 2415 non
3502 2359 3825 2431 reprehen-

2170 2453 2244 2506 do
2275 2456 2495 2507 veteres
2552 2449 3123 2522 chronographos....
3150 2451 3249 2504 sed
3285 2449 3563 2504 omnibus
3588 2448 3680 2503 his
3706 2448 3823 2503 He-

2170 2540 2378 2596 braicm
2408 2538 2670 2595 veritatis
2702 2540 2989 2611 integram
3023 2540 3263 2611 praefero
3312 2539 3649 2611 puritatem,
3682 2555 3822 2592 cum

2170 2630 2742 2703 praeeminentissimi
2773 2631 3101 2697 doctorum,
3132 2630 3523 2703 Hieronymus
3555 2629 3615 2683 in
3654 2627 3829 2683 libris

2169 2722 2342 2776 Hebr.
2378 2721 2605 2788 Quaest,
2626 2720 2991 2792 Augustinus
3023 2720 3081 2774 in
3101 2719 3266 2776 libris
3294 2720 3360 2775 de
3384 2719 3621 2774 Civitate
3660 2717 3829 2772 Dei...

2171 2810 2555 2882 comprobant

2242 2922 2503 2997 Ejusdem
2543 2924 2638 2981 lib.
2671 2925 2861 2981 eodem
2908 2923 2974 2980 de
3020 2922 3194 2997 Temp.
3242 2925 3491 2995 Ratione,
3553 2935 3671 2996 cap.
3704 2924 3831 2979 66:

2242 3038 2375 3087 Haec
2405 3030 2476 3087 de
2506 3049 2683 3087 cursu
2716 3031 2987 3103 prmteriti
3022 3031 3217 3087 saeculi
3253 3049 3321 3088 ex
3369 3023 3643 3087 hebraica
3684 3033 3837 3087 veri-

2170 3126 2310 3188 tate,
2334 3126 2505 3194 prout
2522 3122 2843 3193 potuimus,
2858 3119 3203 3177 elucubrare
3220 3121 3576 3185 curavimus,
3590 3138 3756 3193 eaquu
3771 3139 3835 3178 tn

2176 3212 2380 3278 rati,ut
2393 3210 2737 3266 sicutGraeci
2752 3209 2924 3265 LXXI
2938 3210 3378 3267 Translatorum
3395 3210 3649 3266 editione
3662 3216 3840 3266 uten-

2176 3305 2286 3366 tes,
2311 3301 2382 3354 de
2405 3316 2472 3355 ea
2501 3299 2614 3355 sibi
2637 3299 2879 3368 suisque
2904 3305 3237 3371 temporum
3271 3299 3451 3354 libros
3476 3292 3791 3355 condidere
3819 3317 3835 3356 :

2176 3389 2258 3444 ita
2304 3392 2363 3444 et
2421 3404 2548 3457 nos,
2607 3388 2709 3459 qui
2764 3386 2916 3443 beati
2972 3386 3311 3460 interpretis
3361 3384 3711 3460 Hieromymi
3743 3388 3833 3443 in-

2175 3478 2425 3548 dustria,
2479 3493 2624 3548 puro
2672 3476 2962 3532 Hebraicae
3011 3477 3273 3533 veritatis
3325 3478 3480 3533 fonte
3530 3482 3833 3548 potamur,

2175 3574 2505 3639 temporum
2538 3582 2771 3637 quoque
2791 3566 3082 3622 rationem
3108 3567 3279 3638 juxta
3297 3566 3449 3622 hanc
3470 3567 3620 3623 scire
3645 3580 3833 3639 quea-

2173 3671 2327 3712 mus.
2364 3697 2377 3710 .
2414 3697 2426 3709 .
2459 3655 2744 3711 Caeterum
2789 3654 3095 3711 cunctisin
3145 3670 3455 3712 commune
3484 3654 3830 3727 suademus,

2175 3750 2241 3801 ut
2271 3746 2392 3800 sive
2420 3743 2552 3815 quis
2584 3760 2655 3799 ex
2680 3742 2964 3800 Hebraica
2991 3744 3254 3811 veritate,
3297 3745 3450 3817 quod
3482 3742 3553 3800 ad
3586 3760 3694 3800 nos
3724 3760 3836 3818 per

2177 3839 2570 3890 memoratum
2592 3833 2964 3905 interpretem
2994 3850 3141 3905 pura
3162 3835 3494 3906 pervenisse
3514 3833 3690 3890 etiam
3720 3832 3835 3890 bo-

2177 3924 2366 3979 stibus
2393 3922 2617 3978 Judaeis
2649 3923 2706 3977 in
2739 3922 2998 3994 professo
3030 3927 3159 3978 est:
3194 3922 3336 3993 sive,
3367 3928 3478 3979 etc.

2247 4036 2460 4094 Rabani
2485 4037 2663 4092 Mauri
2695 4036 2790 4092 lib.
2836 4054 2877 4092 ιι
2907 4037 2973 4092 de
3020 4040 3203 4094 Instit.
3250 4038 3460 4095 Cleric.
3489 4055 3610 4110 cap.
3640 4038 3711 4093 54
3740 4055 3755 4095 :

2247 4147 2327 4203 De
2358 4146 2592 4202 Hebraeo
2620 4150 2814 4201 autem
2849 4146 2907 4200 in
2939 4147 3212 4204 Latinum
3234 4148 3532 4219 eloquium
3561 4153 3827 4203 tantum-

2179 4237 2351 4292 modo
2371 4237 2766 4308 Hieronymus
2784 4236 3088 4309 presbyter
3100 4253 3298 4294 sacras
3317 4238 3650 4311 Scripturas
3681 4252 3839 4293 con-

2173 4326 2384 4381 vertit:
2419 4326 2588 4395 cujus
2616 4325 2871 4381 editione
2916 4326 3266 4398 generaliter
3311 4340 3517 4383 omnes
3555 4326 3836 4383 Ecclesia

2176 4432 2593 4488 usquequaque
2624 4420 2889 4483 utuntur,
2941 4432 3043 4488 pro
3074 4433 3139 4473 eo
3171 4418 3328 4488 quod
3376 4417 3699 4473 veneratior
3749 4417 3843 4473 sit

412 4505 968 4579 probationiscausa
988 4504 1187 4578 exigit,
1208 4516 1361 4560 nunc
1379 4521 1609 4572 novam,
1635 4522 1788 4561 nunc
1810 4512 2062 4563 veterem
2101 4553 2139 4579 η
2174 4505 2233 4560 in
2266 4504 2594 4572 sententiis,
2628 4510 2685 4559 et
2732 4504 2945 4561 clarior
2974 4506 3032 4560 in
3073 4505 3290 4561 verbis.
3341 4507 3465 4561 Have
3500 4523 3573 4562 ex
3620 4508 3843 4563 Isidoro

413 4612 518 4666 per
541 4594 877 4652 testimonia
908 4610 1197 4651 assumo:
1255 4599 1320 4649 ut
1346 4595 1483 4667 quia
1526 4596 1694 4651 sedes
1743 4597 2061 4668 apostolica
2096 4583 2140 4616 υ
2171 4593 2523 4666 transcripsit
2570 4593 2811 4649 Maurus.
2870 4593 2996 4649 Vide
3044 4609 3232 4665 supra,
3277 4601 3331 4648 et
3378 4594 3514 4666 lege,
3568 4595 3847 4652 veracior
3917 4583 3926 4588 ἡ

410 4684 552 4755 (cui,
583 4689 820 4741 auctore
866 4684 1004 4751 Deo,
1061 4684 1363 4756 praesideo)
1411 4687 1660 4755 utraque
1709 4685 1914 4755 utitur,
1946 4686 2062 4743 mei
2167 4698 2268 4753 pro
2293 4680 2638 4737 veneratior.

408 4784 647 4844 quoque
675 4773 841 4830 labor
871 4771 1050 4829 studii
1080 4787 1152 4829 ex
1182 4776 1432 4844 utraque
1454 4771 1755 4830 fulciatur.

656 4890 924 4961 Ejusdem
957 4884 1053 4945 tib.
1088 4904 1161 4943 xx
1189 4888 1499 4956 Horatium,
1537 4905 1659 4959 cap.
1691 4890 1800 4945 25:

481 4994 591 5053 Sed
626 4994 764 5069 quia
794 4996 914 5051 haec
964 5010 1114 5053 nova
1166 4994 1478 5052 translatio
1507 5010 1577 5053 ex
1604 4996 1845 5054 Hebraeo
1888 4997 2060 5056 nobis

404 5084 772 5156 Arabicoque
802 5083 1031 5157 eloquio
1053 5090 1264 5141 cuncta
1285 5086 1482 5140 verius
1506 5086 1900 5143 transfudlsse
1929 5104 2058 5160 per-

402 5172 662 5244 hibetur,
696 5171 1053 5229 credendum
1090 5178 1180 5230 est
1210 5172 1501 5246 quidquid
1542 5173 1599 5229 in
1633 5192 1700 5231 ea
1729 5176 1943 5232 dicitur
1968 5194 1980 5232 :
2006 5183 2062 5234 et

399 5268 629 5337 oportet
668 5267 734 5319 ut
778 5263 955 5320 verba
996 5261 1156 5319 illius
1178 5263 1675 5336 nostranpositio
1698 5265 2063 5323 subtibiliter

408 5354 679 5410 rimetur.

508 5458 709 5517 Isidori
746 5461 1084 5533 Hispalensis
1132 5458 1226 5515 lib.
1260 5472 1318 5516 v1
1369 5458 1688 5530 Originum,
1720 5476 1848 5534 cap.
1880 5460 1951 5518 5:

480 5552 791 5631 Presbyter
820 5573 1054 5630 quoque
1077 5554 1487 5631 Hieronymus,
1522 5558 1699 5614 trium
1723 5554 2061 5631 linguarum

413 5647 664 5718 peritus,
693 5663 763 5703 ex
792 5646 1029 5704 Hebraeo
1076 5646 1137 5702 in
1170 5647 1445 5704 Latinum
1488 5646 1787 5719 eloquium
1827 5652 2062 5708 easdem

2277 4795 2529 4869 Ejusdem
2558 4797 2783 4867 meat.
2829 4794 3136 4855 Comment.
3182 4798 3241 4853 in
3273 4797 3440 4854 libros
3470 4799 3672 4870 Regum
3698 4817 3713 4855 :

2240 4904 2326 4960 Ibi
2349 4903 2505 4959 enim
2531 4903 2802 4969 inveniet,
2836 4905 2978 4975 quid
3008 4902 3175 4960 Pater
3194 4906 3588 4977 Augustinus,
3609 4904 3846 4977 quidve

2170 4992 2721 5065 insignisinterpres
2743 4992 3078 5048 divinorum
3106 4994 3410 5051 Librorum
3428 4996 3844 5068 Hieronymus

2175 5082 2491 5139 senserint.

2277 5190 2524 5261 Ejusdem
2556 5192 2786 5255 Prmfat.
2822 5190 3118 5246 Comment.
3158 5194 3215 5247 in
3250 5191 3673 5265 Paralipomena
3701 5208 3715 5248 :

2242 5296 2605 5367 Quapropter
2635 5294 2940 5352 sciendum
2972 5300 3061 5354 est
3108 5300 3264 5371 quod
3298 5298 3451 5353 inter
3490 5297 3851 5367 Scriptores

2174 5384 2397 5440 Veteris
2427 5382 2813 5451 Testamenti,
2849 5404 3105 5458 praesens
3135 5384 3381 5443 historia
3425 5387 3856 5459 Paralipome~

2173 5486 2288 5529 non
2324 5489 2438 5529 non
2466 5472 2784 5545 ignobilem
2808 5474 3002 5533 locum
3020 5480 3179 5533 tenet
3201 5495 3220 5534 :
3245 5479 3315 5532 de
3345 5492 3464 5549 qua
3492 5476 3857 5538 divinorum

2174 5560 2417 5618 Libroru
2430 5572 2482 5617 'm
2500 5564 2899 5634 peritissimus
2914 5566 3202 5637 interpres
3218 5566 3814 5638 beatusHieronymu
3828 5589 3866 5627 s

2173 5652 2256 5708 ita
2289 5652 2390 5720 ait,
2425 5657 2534 5708 etc.
