4060 6190
315 370 402 425 173
1820 368 1918 420 ΞΥ]

2098 369 2186 420 IS.
3603 361 3701 418 174

400 492 688 548 Trithemii
721 492 818 548 lib.
853 509 871 546 1
902 491 968 547 de
995 491 1366 562 Scriptor-ibus
1408 490 1793 546 ecclesiasticis
1821 510 1842 544 .·
1981 497 2032 560 Α
2064 491 2196 559 plus
2257 491 2607 563 Hieronymo
2667 493 2906 562 profuit,
2962 492 3064 564 qui
3133 496 3344 562 praeter
3400 491 3713 546 innumera

371 602 748 671 Hieronymus
799 599 1104 671 presbyter
1149 607 1205 654 et
1255 598 1600 653 monachus.
1641 637 1702 652 ..
1751 598 1838 652 vir
1888 599 1946 652 in

2106 578 2374 649 puscula,
2429 579 2610 635 Vetus
2672 581 3115 636 Testamentum
3176 583 3247 636 de
3308 580 3588 636 Hebraico
3652 580 3709 634 in

319 691 508 745 divinis
540 668 862 760 scripturis
909 668 1064 742 inter
1094 701 1299 742 omnes
1349 688 1617 742 doctores
1667 686 1922 779 erutu'tis

2116 669 2332 723 atinum
2367 670 2688 740 transtulit,
2726 685 2791 725 ac
2841 683 3051 726 novum
3085 671 3156 724 ad
3192 670 3450 724 Graecam
3500 669 3719 763 verita;

2121 775 2168 779 μ
2235 760 2476 779 unus.
2553 764 2722 779 -.μμ
2782 759 3084 779 .-Δηιημ
3143 759 3410 779 nuta“
3467 759 3714 779 ait...”

318 782 503 845 simus,
537 759 860 833 multarum
903 776 1242 849 linguarum
1293 776 1499 847 peritia
1547 759 1944 846 insignisrsa-
2056 763 2174 849 t9!“
2211 760 2498 849 Formm“.
2551 764 2728 829 αιειυθ
2781 759 3089 830 legendum
3143 759 3416 816 ΕεοῙθδίίθ
3467 759 3716 814 θάθίίίεῗ

319 888 403 924 αντε
468 869 637 940 Legis
698 847 1026 938 interpres,
1089 868 1499 921 hatreticorum
1575 865 1825 920 malleus
1892 869 1949 919 et
2058 847 2294 903 οδίυὶίῖ·

316 964 661 1029 expugnator
700 957 1084 1012 fortissimus.
1117 956 1223 1010 Hic
1277 961 1368 1010 est
1417 972 1592 1010 verus
1641 956 1948 1026 dispensa-
2123 955 2381 1011 Bccleszw
2408 955 2697 1010 catholicae
2726 957 2988 1010 Oratione
3019 957 3074 1010 in
3105 957 3246 1024 festo
3278 954 3330 1010 S.
3366 956 3613 1010 Doctoris
3645 976 3663 1010 :

317 1057 389 1102 tor
415 1046 806 1117 evangelicus,
842 1045 1031 1100 fidelis
1081 1051 1137 1099 et
1187 1045 1470 1116 prudens,
1505 1044 1607 1116 qui
1649 1044 1950 1115 proterens
2132 1044 2306 1111 Deus,
2343 1044 2440 1114 qui
2475 1043 2740 1099 Ecclesiae
2773 1050 2886 1098 tua:
2920 1043 2978 1098 in
3012 1041 3370 1115 exponendis
3400 1043 3715 1116 Scripturis

313 1139 369 1191 de
395 1136 668 1190 thesauro
705 1151 810 1190 suo
860 1149 1008 1189 nova
1041 1139 1096 1189 et
1124 1140 1341 1202 vetera,
1373 1135 1642 1204 dansque
1693 1133 1751 1186 in
1805 1139 1952 1188 tem-
2061 1135 2298 1188 beatum
2324 1131 3711 1204 Hieronymum,conl'essoremtuum,Doctorem

318 1241 430 1296 pore
483 1223 766 1296 spiritalis
827 1223 1005 1278 tritici
1064 1240 1400 1278 mensuram
1458 1222 1754 1277 conservis
1805 1223 1951 1291 suis,
2067 1221 2410 1289 maximum,
2446 1222 2750 1291 providere
2781 1220 3064 1291 dignatus
3094 1237 3154 1274 es
3185 1237 3196 1274 :
3233 1225 3715 1292 prazsta,qumsu-

315 1314 563 1369 Hebraeos
622 1313 912 1383 superbos
973 1312 1269 1382 spoliavit,
1322 1311 1696 1381 humilesque
1750 1312 1956 1366 ditavit
2064 1311 2465 1379 mus,ut,ejus
2489 1310 2955 1381 suffragantibus
2981 1308 3395 1381 meritis,quod
3421 1321 3516 1365 ore
3539 1310 3716 1365 simul

317 1403 558 1458 Latinos.
2063 1404 2120 1454 et
2151 1415 2323 1469 opere
2371 1399 2592 1465 docuit,
2619 1405 2672 1453 te
2724 1400 3346 1468 adjuvante,exercere
3395 1398 3714 1456 valeamus.

375 1494 530 1547 inter
586 1507 791 1546 omnes
855 1490 1016 1546 enim
1078 1488 1348 1544 Ecclesia:
1413 1491 1684 1544 doctores
1754 1488 1952 1544 nullus
2064 1492 2173 1542 Per
2202 1487 2543 1557 Dominum,
2577 1493 2685 1543 etc.

977 1719 1578 1815 SYNOPSIS
1651 1720 2112 1814 DIVINJE
2179 1719 2580 1862 BIBLIC

1048 1902 1419 1932 Dnlo'l‘nrA
1507 1900 1959 1932 unrunxrvul
2046 1902 2138 1932 an
2209 1881 2580 1932 DAITI’IMlAI

2179 1718 3046 1862 BIBLIQTHECE
3462 1841 3512 1932 ἔ
3623 1831 3726 1914 S3

2123 1906 2138 1932 χ
2209 1901 2403 1932 nun
2431 1881 2620 1932 IMlAll
2694 1901 3101 1932 noenunma
3405 1883 3444 1912 τ
3511 1896 3562 1932 )9

869 1904 970 1963 EX
1048 1902 1434 1962 EPISTOLA
1507 1900 1962 1962 HIEBONYMI
2035 1902 2138 1960 AD
2209 1881 2621 1994 PAULINltjM
2694 1901 3136 1994 DESUMPTA.
3405 1881 3523 1994 τε]

1967 2067 2046 2078 __
2515 1969 2592 2066 λ”Ἷ
2633 2008 2688 2099 μ
2703 2011 2776 2088 M
2796 1993 2840 2138 ,ί

370 2186 651 2244 Videlicet
682 2185 1172 2241 manifestissima
1214 2189 1303 2240 est
1333 2185 1603 2248 GENESIS,
1634 2184 1694 2238 in
1728 2199 1842 2254 qua
1874 2185 1944 2238 de
1977 2187 2245 2238 creatura
2287 2183 2513 2251 mundi,
2547 2183 2618 2238 de
2646 2182 2881 2238 emrdio
2914 2183 3145 2254 generis
3179 2183 3443 2250 humani,
3466 2185 3538 2239 de
3563 2184 3708 2240 divi-

310 2277 458 2332 sione
489 2283 682 2342 terrae,
717 2276 787 2331 de
819 2276 1163 2330 confusione
1193 2273 1532 2343 linguarum
1564 2278 1620 2328 et
1649 2272 1936 2344 gentium,
1973 2289 2160 2345 usque
2191 2274 2260 2328 ad
2296 2274 2517 2329 exitum
2552 2272 2832 2328 scribitur
2862 2272 3258 2327 Hebraeorum.

375 2367 532 2421 Patet
561 2367 792 2419 Exonus
824 2366 956 2418 cum
991 2365 1187 2417 decem
1223 2361 1437 2433 plagis,
1465 2378 1599 2416 cum
1631 2361 1929 2433 decalogo,
1957 2377 2090 2416 cum
2125 2363 2389 2435 mysticis
2420 2362 2751 2433 divinisque
2784 2361 3109 2433 praeceptis.

371 2456 428 2509 In
458 2460 744 2525 Promptu
778 2458 870 2508 est
903 2454 1204 2507 stmcus
1237 2450 1404 2516 liber,
1440 2450 1498 2504 in
1533 2468 1648 2522 quo
1681 2451 1917 2522 singula
1948 2452 2257 2518 sacrificia,
2289 2453 2406 2508 imo
2437 2450 2682 2523 singulae
2727 2467 2873 2522 pene
2906 2451 3166 2522 syllabae,
3196 2456 3252 2506 et
3281 2455 3469 2507 vestes
3500 2457 3720 2518 Aaron,

308 2549 361 2599 et
389 2552 546 2599 totus
580 2545 723 2598 ordo
756 2543 1041 2597 Leviticus
1074 2541 1301 2612 spirant
1329 2539 1586 2595 ccelestia
1617 2546 2007 2596 sacramenta.

366 2635 595 2689 Numam
647 2649 805 2691 vero.
839 2648 1033 2686 nonne
1082 2631 1264 2685 totius
1311 2630 1714 2700 arithmeticae,
1748 2637 1808 2684 et
1835 2631 2152 2702 prophetia:
2185 2632 2444 2702 Balaam,
2479 2638 2535 2688 et
2580 2632 2975 2704 quadraginta
3003 2631 3256 2686 duarum
3300 2647 3404 2702 per
3449 2648 3713 2688 eremum

309 2724 674 2778 mansionum
706 2722 988 2794 mysteria
1018 2721 1366 2776 continent?

369 2813 876 2868 Dsuraaouomum
910 2827 1143 2881 quoque
1175 2811 1434 2864 secunda
1462 2809 1553 2864 lex
1584 2815 1640 2865 et
1669 2810 2013 2882 evangelica
2063 2811 2210 2882 legis
2261 2811 2678 2883 praefiguratio,
2711 2827 2904 2866 nonne
2938 2811 3020 2865 sic
3052 2825 3121 2864 ea
3159 2809 3332 2865 habet
3364 2825 3491 2881 quas
3523 2811 3717 2882 priora

306 2907 453 2968 sunt,
485 2908 551 2956 ut
585 2907 782 2956 tamen
817 2917 964 2955 nova
993 2900 1114 2954 sint
1141 2899 1343 2954 omnia
1371 2899 1442 2954 de
1472 2899 1786 2955 veteribus.
1821 2899 2138 2970 Hucusque
2169 2899 2416 2973 Moyses,
2446 2900 2753 2972 hucusque
2785 2899 3216 2955 Pentateucbus
3250 2916 3262 2953 :
3297 2899 3511 2970 quibus
3543 2901 3714 2971 quin-

305 3007 408 3062 que
438 2992 638 3046 verbis
660 2989 821 3062 loqui
855 3006 917 3045 se
947 2988 1093 3044 velle
1118 2987 1432 3059 Apostolus
1460 2987 1520 3044 in
1552 2989 1813 3045 Ecclesia
1843 2990 2146 3060 gloriatur.

369 3081 470 3134 Jos
501 3079 807 3151 exemplar
839 3078 1153 3150 patientiae,
1187 3095 1314 3149 quae
1360 3095 1476 3133 non
1511 3080 1788 3151 mysteria
1817 3095 1923 3134 suo
1971 3095 2241 3134 sermone
2273 3079 2723 3150 complectitur?
2767 3081 2948 3136 Prosa
2994 3079 3223 3150 incipit,
3257 3093 3423 3134 versu
3475 3077 3718 3146 labitur,

309 3170 554 3238 pedestri
588 3184 862 3223 sermone
896 3168 1118 3235 ﬁnitur,
1151 3183 1471 3238 omnesque
1513 3167 1672 3240 leges
1705 3167 2049 3237 Dialecticaa,
2083 3169 2501 3240 propositione,
2536 3169 2963 3241 assumptione,
2991 3167 3456 3237 conﬁrmatione,
3480 3169 3720 3224 conclu-

305 3259 460 3314 sione
491 3259 874 3314 determinat.
910 3257 1154 3329 Singula
1202 3257 1262 3311 in
1310 3274 1376 3312 eo
1422 3259 1596 3312 verba
1642 3257 1812 3329 plena
1863 3261 2003 3312 sunt
2057 3257 2354 3312 sensibus.
2393 3259 2454 3312 Et
2486 3257 2575 3331 (ut
2608 3261 2674 3314 de
2705 3258 2930 3314 caeteris
2961 3258 3193 3329 sileam)
3226 3258 3716 3313 resurrectionem

305 3362 614 3418 corporum
651 3348 736 3402 sic
765 3347 1098 3418 prophetat,
1131 3351 1196 3401 ut
1243 3346 1439 3401 nullus
1472 3347 1542 3401 de
1591 3363 1658 3402 ea
1682 3346 1770 3402 vel
1821 3346 2212 3416 manifestius,
2245 3347 2332 3402 vel
2364 3347 2593 3402 cautius
2642 3347 2943 3419 scripserit
2973 3363 2986 3401 :
3023 3347 3166 3414 Scio,
3201 3345 3411 3417 inquit,
3447 3345 3587 3417 quod
3620 3349 3718 3400 Re-

305 3435 560 3506 demptor
589 3451 744 3490 meus
775 3436 924 3500 vivit,
955 3441 1010 3489 et
1043 3437 1104 3490 in
1132 3434 1430 3490 novissimo
1459 3435 1548 3490 die
1577 3437 1651 3490 de
1687 3440 1836 3490 terra
1867 3444 2217 3492 surrecturus
2265 3449 2418 3498 sum;
2448 3446 2502 3492 et
2550 3453 2777 3492 rursum
2825 3437 3211 3491 circumdobor
3238 3436 3382 3506 pelle
3408 3451 3553 3504 mea,
3586 3445 3638 3490 et
3667 3439 3729 3490 in

303 3539 465 3580 carne
495 3540 629 3580 mea
658 3524 846 3580 videbo
875 3525 1070 3591 Deum,
1100 3539 1261 3594 quem
1288 3525 1508 3579 visurus
1534 3541 1656 3578 sum
1684 3540 1786 3594 ego
1813 3526 1948 3597 ipse,
1977 3529 2032 3580 et
2058 3525 2210 3581 oeuli
2233 3524 2347 3580 mei
2373 3528 2721 3598 conspecturi
2750 3530 2899 3592 sunt,
2928 3535 2980 3581 et
3001 3542 3110 3582 non
3142 3525 3309 3580 atina.
3343 3525 3600 3596 Reposito
3649 3533 3726 3580 est

303 3613 410 3668 ha:
435 3630 565 3684 spes
595 3629 720 3668 mea
751 3613 810 3667 in
839 3614 967 3683 sinu
989 3628 1110 3668 meo
1136 3612 1256 3680 (Job
1284 3630 1404 3679 xxx,
1435 3614 1645 3683 25-27).
3778 3651 3869 3692 α,

363 3701 612 3758 Veniam
673 3701 745 3757 ad
800 3702 993 3756 Jssum
1047 3701 1228 3771 Nave,
1277 3701 1378 3772 qui
1437 3706 1643 3772 typum
1705 3701 1936 3756 Domini
1995 3717 2109 3756 non
2170 3702 2356 3758 solum
2418 3706 2624 3775 gestis,
2655 3721 2858 3760 verum
2917 3706 3093 3760 etiam
3148 3704 3385 3759 nomine
3442 3705 3718 3774 praefert:

302 3794 506 3845 transit
568 3791 909 3856 Jordanem,
961 3790 1223 3846 hostium
1284 3807 1460 3860 regna
1512 3790 1818 3858 subvertit,
1870 3790 2078 3845 dividit
2128 3797 2346 3846 terram
2393 3793 2596 3848 victori
2657 3795 2890 3865 populo,
2947 3799 3002 3848 et
3060 3809 3158 3864 per
3207 3791 3468 3861 singulas
3519 3793 3716 3856 urbes,

299 3880 536 3947 viculos,
573 3885 830 3949 montes,
884 3880 1150 3946 ﬂumina,
1184 3884 1490 3945 torrentes,
1539 3883 1714 3950 atque
1766 3879 2038 3946 conﬁnia,
2082 3879 2350 3936 Ecclesiae
2397 3881 2735 3953 caelestique
2777 3883 3105 3938 Jerusalem
3157 3880 3490 3952 spiritualia
3537 3895 3716 3950 regna

300 3969 601 4025 describit.

362 4059 421 4112 In
453 4061 729 4114 JUDICUM
763 4058 930 4122 libro,
960 4062 1102 4129 quot
1132 4057 1424 4129 principes
1458 4059 1679 4130 populi,
1715 4065 1800 4114 tot
1832 4061 2030 4130 figuras
2062 4065 2221 4113 sunt.

363 4147 527 4202 RUTH
565 4147 865 4210 Moabitis,
901 4148 1063 4201 Isaiae
1095 4148 1286 4216 eXplet
1317 4147 1657 4202 vaticinium
1703 4148 1954 4203 dicentis
1986 4163 1999 4201 :
2035 4149 2236 4203 Emitte
2267 4164 2492 4219 agnum,
2528 4149 2774 4214 Domine,
2806 4150 3200 4204 dominatorem
3248 4153 3414 4204 terrae
3455 4148 3526 4202 de
3555 4156 3716 4218 petra

298 4234 512 4302 deserti,
550 4237 625 4291 ad
651 4245 891 4291 montem
918 4237 1050 4305 ﬁliae
1085 4236 1214 4291 Sion
1246 4237 1378 4306 (lea.
1411 4253 1526 4302 xvx,
1565 4238 1634 4308 1).

361 4325 612 4380 Saxona
642 4325 698 4378 in
734 4325 857 4379 Heli
891 4331 1118 4380 mortuo
1151 4330 1209 4380 et
1256 4325 1316 4380 in
1361 4325 1550 4380 occiso
1599 4326 1736 4380 Saul
1785 4331 2038 4381 veterem
2089 4326 2279 4398 legem
2330 4326 2605 4383 abolitam
2659 4332 2947 4383 monstrat
2979 4327 3021 4394 ll
3055 4329 3180 4395 Heg.
3217 4343 3292 4395 1v,
3327 4327 3420 4392 18;
3455 4343 3610 4394 xxxi,
3643 4327 3696 4394 ὃ)

291 4411 460 4469 Porro
497 4417 558 4470 ia
595 4415 782 4470 Sadoc
813 4419 988 4486 atque
1033 4414 1214 4470 David
1265 4414 1397 4470 novi
1455 4416 1763 4470 sacerdotii
1797 4415 2047 4486 novique
2089 4415 2319 4487 imperii
2369 4421 2738 4472 sacramenta
2788 4421 3040 4472 testatur
3069 4413 3142 4487 (Il
3177 4418 3304 4485 Reg.
3336 4430 3460 4484 VIII,
3490 4431 3582 4483 xv,
3615 4419 3704 4468 etc

289 4501 311 4555 Ι
338 4503 465 4574 Reg.
501 4521 632 4564 xw.
664 4509 799 4568 etc.,
831 4505 1085 4574 passim).

357 4592 702 4656 ΜΑιΑαωΜ,
736 4593 791 4646 id
823 4597 934 4659 est,
968 4593 1178 4648 tertius
1230 4597 1286 4647 et
1335 4598 1583 4663 quartus
1627 4593 1851 4664 Regum
1901 4594 2071 4663 liber,
2105 4611 2138 4648 a
2169 4593 2480 4649 Salomone
2530 4609 2719 4666 usque
2769 4595 2837 4650 ad
2887 4592 3224 4650 Jechoniam
3257 4597 3317 4647 et
3348 4607 3380 4647 a
3408 4591 3718 4646 Jeroboam

288 4677 405 4734 ﬁlio
439 4680 646 4735 Nabat
678 4697 864 4751 usque
896 4681 966 4734 ad
1000 4680 1143 4735 Osee
1175 4680 1273 4751 qui
1305 4685 1516 4736 ductus
1551 4686 1641 4736 est
1669 4681 1726 4734 in
1762 4682 2050 4753 Assyrios,
2085 4698 2328 4754 regnum
2359 4682 2513 4737 Juda
2541 4688 2598 4738 et
2629 4699 2874 4754 regnum
2906 4681 3186 4737 describit
3217 4679 3412 4734 lsrael.
3447 4679 3503 4732 Si
3535 4679 3721 4733 histo-

289 4767 430 4824 riam
466 4769 788 4840 respicias,
817 4769 992 4825 verba
1017 4769 1314 4840 simplicia
1343 4775 1510 4838 sunt;
1545 4770 1592 4825 si
1624 4770 1684 4825 in
1718 4770 1930 4827 litteris
1959 4787 2200 4826 sensum
2230 4770 2506 4827 latentem
2539 4772 2886 4843 inspexeris,
2919 4769 3186 4825 Ecclesiae
3219 4769 3485 4840 paucitas
3517 4771 3573 4823 et
3604 4766 3724 4823 hes-

287 4858 622 4914 reticorum
655 4863 858 4914 contra
889 4858 1205 4916 Ecclesium
1238 4858 1392 4915 bella
1422 4865 1754 4914 narrantur.

363 4947 699 5002 Duodecim
732 4946 1030 5019 Prophetas
1070 4948 1128 5003 in
1162 4948 1340 5004 unius
1370 4947 1688 5004 voluminis
1732 4949 2040 5019 angustias
2072 4951 2374 5017 coarctati,
2409 4949 2596 5006 multo
2628 4949 2785 5006 aliud
2831 4965 3009 5021 quam
3041 4952 3209 5003 sonet
3241 4947 3298 5002 in
3332 4947 3546 5013 littera,
3581 4961 3724 5015 prae-

287 5033 585 5108 ﬁgurant.

361 5123 521 5178 Οεεε
557 5123 768 5178 crebro
820 5125 1086 5178 nominat
1135 5124 1433 5195 Ephraim,
1467 5126 1821 5192 Samariam,
1851 5126 2094 5198 Joseph,
2124 5127 2369 5192 Jezrael,
2404 5132 2459 5182 et
2507 5143 2747 5181 uxorem
2798 5126 3196 5193 fornicariam,
3225 5129 3280 5178 et
3327 5119 3729 5178 fornicationis

287 5211 472 5278 ﬁlios,
509 5217 578 5268 et
613 5211 939 5268 adulteram
974 5213 1245 5270 cubiculo
1295 5214 1555 5270 clausam
1601 5215 1819 5281 mariti,
1855 5215 2040 5270 multo
2072 5221 2334 5286 tempore
2367 5216 2568 5270 sedere
2599 5215 2858 5282 viduam,
2889 5220 2947 5269 et
2998 5215 3107 5268 sub
3152 5215 3308 5267 veste
3358 5209 3587 5280 lugubri
3620 5206 3729 5260 viri

290 5304 360 5357 ad
397 5319 466 5357 se
502 5302 771 5356 reditum
805 5302 1149 5372 prastolari.

351 5392 510 5448 JOEL
559 5391 725 5445 ﬁlius
775 5391 1017 5446 Phatuel
1067 5393 1349 5448 describit
1399 5399 1615 5448 terram
1668 5394 1979 5448 duodecim
2027 5395 2314 5459 tribuum,
2367 5411 2560 5463 eruca,
2595 5393 2837 5462 brucho,
2873 5392 3120 5460 locusta,
3155 5389 3422 5459 rubigius
3468 5389 3732 5439 vastante

288 5481 760 5549 consumptam;
795 5483 852 5532 et
881 5484 1012 5549 post
1041 5481 1403 5534 eversionem
1437 5481 1648 5550 prioris
1680 5482 1902 5552 populi,
1933 5483 2182 5536 effusum
2234 5482 2302 5535 iri
2349 5482 2629 5552 Spiritum
2664 5487 2939 5536 sanctum
2974 5494 3152 5549 super
3181 5493 3378 5531 servos
3410 5473 3507 5527 Dei
3540 5477 3596 5526 et
3629 5489 3736 5525 an-

284 5570 478 5634 cillas,
527 5568 595 5622 id
630 5571 738 5632 est,
769 5585 947 5638 super
990 5573 1227 5624 centum
1280 5570 1490 5640 viginti
1537 5571 1902 5625 credentium
1954 5570 2214 5636 nomina,
2251 5576 2305 5624 et
2331 5571 2581 5625 effusum
2618 5570 2685 5622 iri
2721 5570 2778 5624 in
2814 5568 3108 5623 caenaculo
3161 5565 3312 5618 Sion.
3341 5563 3448 5624 Qui
3499 5567 3734 5615 centum

284 5659 500 5732 viginti
537 5657 628 5712 ab
661 5674 773 5712 uno
800 5674 982 5729 usque
1004 5658 1073 5713 ad
1097 5660 1434 5731 quindecim
1459 5659 1738 5730 paulatim
1774 5669 1830 5715 et
1858 5677 1962 5733 per
1983 5660 2343 5716 incrementa
2371 5665 2702 5732 surgentes,
2728 5658 3065 5728 quindecim
3098 5653 3388 5726 graduum
3423 5666 3732 5706 numerum

283 5749 600 5816 efﬁciunt,
634 5747 733 5817 qui
765 5748 824 5803 in
856 5749 1140 5819 psalterio
1171 5749 1415 5822 mystice
1444 5748 1841 5806 continentur.

355 5845 539 5895 Amos
579 5842 789 5908 pastor
815 5837 1158 5896 stratiticus
1186 5843 1244 5896 et
1273 5840 1554 5895 ruborum
1587 5855 1755 5896 mora
1783 5839 2162 5910 distringens,
2194 5840 2398 5910 paucis
2432 5839 2624 5894 verbis
2667 5836 2948 5910 explicari
2991 5851 3108 5889 non
3160 5836 3371 5905 potest.
3403 5831 3546 5898 Quis
3578 5829 3737 5886 enim
