4080 6186
437 343 538 400 171

1465 348 1526 400 S.
1568 344 1977 399 HIEBONYMI
2013 339 2273 397 DIVINA
2307 341 2800 396 BIBLIOTHECA.

3734 326 3841 381 172

428 470 531 542 jus
554 470 708 543 fugas
734 472 1006 526 eventum
1034 467 1403 539 corrigentis.
1453 467 1668 523 Christi
1693 465 1915 537 judicio
1956 465 2077 520 dis-
2111 466 2161 531 Α
2193 462 2525 535 Scripturas
2542 452 3833 532 convertit,eloquenterquetransfundit.Cu-

433 563 764 631 pensatum,
796 558 935 631 quia
963 570 1271 629 pravorum
1320 556 1627 613 hominum
1656 552 2078 627 persecutioni-

436 649 550 704 bus
581 652 850 721 paratum
901 645 1022 701 fore
1068 646 1377 702 existimo:
1430 646 1671 713 scilicet,
1712 651 1777 699 ut
1821 644 2082 700 Romana

428 738 687 795 Ecclesia
723 736 875 791 Petri
905 735 1177 791 instituta
1208 735 1511 808 regimine,
1543 735 1931 805 omniumque
1963 731 2081 787 Ve-

429 826 571 882 teris
600 823 961 881 Testamenti
991 823 1277 880 librorum
1305 825 1511 880 edocta
1547 823 1808 891 veritate,
1851 820 2081 877 Christo

429 919 545 970 Deo
575 913 826 980 volente,
852 919 912 969 et
938 912 1534 985 Hieronymispeciaii
1565 912 1761 967 studio
1791 910 2079 966 desudan-

429 1007 510 1072 te,
542 1002 888 1059 Hebraicam
919 1016 1153 1074 quoque
1184 1002 1396 1057 habeat
1420 1002 1742 1068 veritatem,
1775 1004 1833 1056 et
1852 999 2083 1056 Graeco-

427 1107 560 1148 rum
592 1093 987 1164 quorumdam
1038 1091 1264 1158 levitas,
1296 1102 1426 1162 quae
1471 1091 1583 1146 sibi
1617 1090 1914 1146 Romanos
1955 1105 1990 1143 a
2019 1102 2081 1143 se

427 1192 637 1238 omnes
690 1181 1023 1252 Scripturas
1081 1178 1363 1236 divinitus
1407 1179 1724 1252 inspiratas
1789 1176 2082 1248 accepisse

372 1272 384 1281 ‘
428 1269 771 1344 plaudebat,
793 1282 893 1325 eos
922 1269 1131 1325 habere
1156 1269 1311 1341 quod
1338 1282 1452 1324 non
1475 1267 1653 1324 habet
1682 1270 2080 1339 recognoscat.

500 1358 718 1416 Christi
748 1359 945 1430 itaque
964 1359 1152 1429 gratia
1179 1358 1574 1429 Hieronymus
1600 1357 1775 1411 ﬁdem
1807 1357 2081 1427 adeptus,

428 1447 762 1520 litterisque
781 1447 995 1504 Grmcis
1015 1462 1083 1503 ac
1100 1447 1315 1502 Latinis
1338 1450 1513 1517 atque
1528 1444 1829 1501 Hebraicis
1851 1445 2080 1509 doctus,
2166 1476 2169 1477 ν

429 1544 642 1596 cuneta
660 1539 1038 1595 Hebraeorum
1068 1537 1389 1610 volumina,
1410 1552 1537 1609 quas
1560 1537 1618 1591 in
1641 1536 1873 1591 Conone
1894 1534 2080 1590 conti-

430 1634 648 1685 nentur
676 1646 746 1685 ex
775 1628 968 1684 Veteri
1001 1629 1399 1695 Testamento,
1431 1642 1564 1682 vera
1594 1626 1847 1682 editione
1877 1625 1937 1679 in
1977 1623 2084 1678 lin-

426 1735 603 1791 guam
623 1719 889 1774 Latinam
904 1718 1095 1782 vertit,
1117 1733 1303 1788 eaque
1315 1717 1513 1773 omnia
1526 1719 1956 1771 commentatus
1969 1716 2078 1768 est.

2186 552 2288 622 jus
2305 550 2705 623 interpretatio
2724 549 2933 605 merito
2950 549 3174 604 caeteris
3194 545 3517 601 antefertur
3540 559 3552 597 :
3585 558 3717 597 nam
3750 544 3839 596 est

2194 642 2500 695 verborum
2516 640 2775 695 tenacior
2794 643 2849 693 et
2862 637 3271 709 perspicuitate
3290 632 3589 690 sententiae
3604 630 3839 686 clarior.

2373 756 2633 827 lijusdem
2665 756 2760 810 lib.
2796 772 2813 809 ι
2843 754 2906 809 de
2952 754 3101 823 Ofﬁc.
3139 752 3357 816 Eccles.,
3402 764 3521 820 cap.
3558 748 3660 801 12:

2266 858 2342 917 De
2369 862 2610 917 Hebraeo
2634 864 2827 916 autem
2859 859 2918 915 in
2955 860 3223 914 Latinum
3246 856 3546 927 eloquium
3578 856 3843 908 tantum-

2194 950 2364 1006 modo
2396 951 2784 1023 Hieronymus
2808 950 3106 1022 presbyter
3126 964 3325 1004 sacras
3346 940 3679 1017 Scripturas
3703 954 3840 996 con-

2191 1039 2399 1096 vertit:
2433 1040 2603 1111 cuius
2645 1038 2897 1095 editione
2945 1035 3291 1109 generaliter
3330 1050 3535 1090 omnes
3566 1030 3836 1089 Ecclesiae

2192 1144 2611 1199 usquequaque
2641 1132 2891 1183 utuntur
2914 1173 2927 1196 ,
2960 1143 3064 1198 pro
3095 1143 3161 1181 eo
3193 1124 3348 1197 quod
3379 1121 3642 1178 veracio‘r
3672 1121 3749 1175 sit
3780 1119 3837 1173 in

2193 1216 2500 1273 sententiis
2525 1218 2584 1273 et
2608 1217 2819 1273 clarior
2850 1214 2908 1272 in
2943 1212 3158 1272 verbis.

2191 1332 2354 1389 Betim
2371 1333 2620 1388 venerab.
2654 1332 2716 1387 in
2746 1332 3110 1405 Matyrologio
3131 1330 3287 1402 prid.
3313 1328 3557 1385 Kalend.
3586 1327 3836 1385 Octobr;

2266 1440 2331 1493 In
2363 1439 2698 1495 Bethlebem
2746 1440 2910 1495 Judaa
2960 1438 3248 1509 depositio
3268 1435 3455 1493 sancti
3502 1434 3836 1505 Hieronymi

2193 1528 2537 1600 presbyteri,
2563 1528 2735 1599 cujus
2757 1528 2941 1583 vitaet
2963 1526 3461 1595 doctrinaubique
3483 1524 3540 1579 in
3567 1522 3839 1578 Ecclesiis

2194 1617 2407 1673 Christi
2436 1616 2773 1688 laudabilis,
2807 1622 3027 1685 exstat;
3061 1615 3356 1686 quomodo
3380 1614 3608 1670 divinos
3635 1612 3838 1667 Libros

2195 1722 2264 1761 ex
2293 1706 2531 1761 Hebrma
2563 1706 2763 1773 lingua
2792 1706 2851 1760 in
2885 1704 3160 1761 Latinum
3191 1702 3581 1769 transtulerit,
3613 1706 3723 1757 etc.

422 1826 690 1897 Ejusdem
718 1824 781 1879 de
810 1824 959 1880 Viris
988 1823 1305 1880 Illustribus
1325 1839 1446 1897 cap.
1473 1822 1575 1897 {in
1604 1839 1706 1877 ms.
1742 1820 2081 1885 Corbeiensi,
2113 1827 2160 1891 Β
2192 1821 2454 1892 Ejusdem
2488 1825 2727 1892 Prae/at.
2777 1823 2838 1877 in
2869 1823 3076 1877 librum
3122 1821 3187 1876 de
3216 1822 3538 1892 Temporum
3568 1819 3837 1874 Ratione:

752 1900 804 1952 et
833 1898 970 1952 tom.
1003 1897 1054 1951 II
1082 1898 1320 1951 veterum
1353 1894 1782 1949 Analeclo‘rum:

430 2005 822 2077 Hieronymus
869 2008 1087 2069 noster,
1137 2002 1349 2057 litteris
1377 2002 1592 2056 Graecis
1623 2018 1688 2056 ac
1724 1999 1948 2057 Latinis
1978 1998 2089 2054 Ro-

428 2109 537 2149 ma
567 2092 834 2164 apprime
864 2086 1297 2156 eruditus......,
1324 2082 1538 2146 litteris
1571 2100 1806 2162 quoque
1845 2087 2085 2143 Hebrai-

440 2181 524 2237 cis
546 2188 720 2252 atque
749 2180 1078 2237 Chaldaicis
1109 2182 1191 2236 ita
1215 2180 1478 2247 edoctus,
1532 2184 1599 2234 ut
1619 2195 1821 2234 omnes
1860 2176 2087 2232 Veteris

435 2271 789 2327 Testamenti
811 2271 1016 2337 libros,
1041 2270 1494 2326 exHebrmorum
1518 2267 1740 2324 scilicet
1762 2266 2082 2335 codicibus,

434 2360 673 2417 verterit
701 2360 761 2414 in
795 2360 1107 2415 Latinum:
1136 2354 1434 2414 Danielem
1468 2366 1698 2431 quoque
1741 2358 2083 2430 prophetam

436 2448 749 2507 Chaldaico
781 2448 931 2522 stylo
960 2447 1247 2514 locutum,
1278 2452 1335 2504 et
1350 2448 1460 2504 Job
1480 2449 1714 2519 justum
1746 2447 2004 2510 Arabico,
2028 2446 2083 2500 in

434 2537 1057 2610 Romanamlinguam,
1080 2541 1400 2609 utrumque
1421 2541 1718 2593 auctorem
1733 2537 1983 2608 perfecta
2002 2534 2087 2588 in-

432 2627 852 2701 terpretatione
867 2626 1194 2683 mutaverit.
1212 2625 1467 2682 Matthaai
1490 2625 1877 2681 nihilominus
1908 2625 2089 2680 Evan-

432 2716 651 2788 gelium
679 2732 749 2772 ex
778 2715 1021 2772 Hebraeo
1051 2716 1189 2772 fecit
1216 2730 1347 2771 esse
1376 2719 1727 2772 Romanum.

505 2804 654 2861 Idem
690 2804 893 2876 legitur
942 2806 1000 2859 in
1027 2820 1131 2860 ms.
1180 2804 1376 2860 codice
1407 2803 1717 2860 Colbertino
1755 2819 1912 2859 num.
1943 2803 2087 2858 2807

435 2896 535 2966 qui
559 2896 680 2966 post
709 2894 964 2971 Elogium
985 2892 1323 2966 Hieronymi,
1356 2893 1498 2964 quod
1528 2892 1887 2964 Epitaphium
1906 2896 2084 2961 vocat,

434 2983 617 3040 subdit
655 2985 799 3039 ista:
831 2987 966 3038 Hine
1021 2986 1163 3038 sunt
1199 2982 1376 3037 verba
1433 2986 1732 3038 auctorum
1791 2982 1862 3037 de
1920 2981 2087 3037 beato

437 3071 793 3143 Hieronymo
822 3070 1180 3143 presbytero.
1210 3069 1457 3141 Explieit
1486 3070 1880 3142 Epitaphium.

475 3190 789 3255 Cassiodori
819 3195 914 3250 lib.
948 3193 1015 3250 de
1061 3195 1411 3251 Institutione
1456 3194 1566 3251 div.
1622 3196 1753 3263 Lit.,
1786 3211 1912 3267 cap.
1944 3198 2048 3252 21:
2118 3192 2160 3258 C

512 3313 725 3368 Beatus
746 3310 922 3367 etiam
949 3310 1361 3383 Hieronymus,
1389 3309 1596 3365 Latina)
1627 3309 1842 3384 linguae
1874 3310 2092 3368 dilata-

438 3405 530 3457 tor
560 3399 831 3467 eximius,
865 3397 965 3471 qui
994 3398 1163 3454 nobis
1194 3390 1253 3453 in
1287 3396 1669 3454 translatione
1698 3399 1908 3455 divinae
1937 3400 2090 3455 Scri-

441 3494 543 3563 ptu
554 3506 631 3544 rae
648 3492 881 3545 tantum
907 3487 1268 3561 praestitit,ut
1283 3488 1356 3542 ad
1380 3486 1684 3543 Hebraeum
1713 3489 1930 3544 fontem
1945 3506 2089 3562 pene

441 3597 558 3635 non
578 3592 854 3651 egeamus
874 3576 1166 3644 accedere,
1190 3575 1424 3647 quando
1442 3590 1546 3632 nos
1558 3577 1845 3634 facundiae
1860 3594 1979 3634 sua:
2002 3596 2095 3634 co-

442 3667 744 3740 gnoscitur
773 3667 1038 3722 ubertate
1068 3666 1335 3722 satiasse.

479 3774 732 3847 Ejusdem
757 3773 945 3829 eodem
976 3773 1115 3829 libro
1166 3772 1231 3827 de
1278 3773 1411 3828 Inst.
1456 3772 1567 3829 div.
1613 3775 1745 3843 Lit.,
1793 3787 1919 3846 cap.
1954 3775 2054 3831 15:

516 3888 679 3956 Quod
701 3888 749 3946 si
778 3894 976 3975 tamen
1001 3887 1117 3945 alia
1138 3887 1314 3945 verba
1331 3888 1705 3961 reperiuntur
1723 3888 1976 3947 absurde
1998 3907 2096 3963 po-

444 3981 579 4051 sita,
613 3983 713 4037 aut
741 3996 810 4035 ex
829 3974 923 4035 his
952 3974 1271 4045 codicibus,
1295 3993 1442 4049 quos
1475 3978 1681 4033 beatus
1704 3978 2094 4052 Hieronymus

444 4072 505 4127 in
536 4069 789 4125 editione
809 4064 1191 4139 Septuaginta
1213 4066 1599 4138 Interpretum
1628 4068 1981 4135 emendavit,
2004 4067 2092 4123 vel

444 4158 732 4230 quosipse
748 4174 817 4214 ex
837 4156 1076 4212 Hebraeo
1096 4154 1422 4227 transtulit,
1445 4154 1733 4227 intrepide
1754 4156 2095 4229 corrigenda

445 4251 601 4302 sunt.

481 4335 731 4405 Gregorii
778 4332 965 4403 Magni
1010 4336 1238 4405 Prw/bl.
1267 4334 1512 4401 Exposit.
1575 4335 1763 4390 Moral.
1814 4336 1876 4389 in
1920 4334 2056 4391 Job:

507 4438 725 4490 Novam
756 4446 892 4488 vero
914 4429 1361 4487 translationem
1394 4431 1619 4488 dissero
1648 4456 1663 4501 ;
1703 4432 1804 4487 sed
1834 4436 1901 4488 ut
1932 4448 2089 4488 com-

2269 1928 2409 1984 Fixa
2438 1934 2633 1985 autem
2667 1929 2812 1983 mihi
2861 1934 2975 1985 stat
3024 1928 3335 1995 sententia,
3388 1943 3565 2000 quam
3616 1942 3648 1981 a
3679 1924 3841 1981 nullo

2196 2018 2574 2088 prudentium
2608 2020 3073 2091 redarguendam
3116 2022 3380 2081 autumo.
3415 2021 3482 2071 ut
3512 2016 3664 2072 sicut
3688 2030 3846 2069 reve-

2195 2107 2590 2163 rendissimus
2611 2108 2878 2178 ejusdem
2908 2106 3199 2163 Hebraicae
3250 2105 3511 2161 verilatis
3558 2104 3846 2175 interpres

2195 2197 2688 2252 obtrectatoribus
2719 2198 2809 2252 sui
2841 2197 3069 2268 operis:
3102 2198 3218 2252 Non
3239 2196 3459 2258 damno,
3488 2194 3705 2266 inquit,
3732 2210 3845 2249 non

2193 2286 2526 2357 reprehendo
2559 2288 2679 2342 LXX
2704 2286 2795 2341 sed
2841 2288 3099 2341 omnibus
3136 2286 3223 2340 his
3262 2285 3528 2357 apostolos
3565 2286 3798 2354 praefero
3828 2300 3843 2338 :

2194 2377 2275 2432 ita
2291 2381 2348 2431 et
2364 2392 2468 2447 ego
2500 2376 2857 2431 confidenter
2885 2375 3177 2446 proﬁteor,
3211 2374 3350 2445 quia
3383 2391 3493 2429 non
3528 2373 3846 2445 reprehen-

2195 2467 2270 2520 do
2301 2470 2521 2521 veteres
2577 2463 3148 2536 cbronograpbos....
3175 2464 3275 2518 sed
3310 2463 3588 2518 omnibus
3613 2462 3706 2517 his
3730 2461 3843 2516 He-

2196 2555 2403 2611 braicis
2433 2552 2696 2610 veritatis
2726 2554 3015 2625 integram
3048 2554 3289 2625 praefero
3338 2552 3675 2624 puritatem,
3708 2568 3841 2605 cum

2196 2644 2767 2718 praeeminentissimi
2799 2645 3126 2712 doctorum,
3157 2644 3548 2715 Hieronymus
3581 2642 3640 2696 in
3680 2640 3849 2696 libris

2195 2736 2368 2791 Hebr.
2404 2735 2631 2803 Quaest,
2651 2734 3016 2806 Augustinus
3050 2734 3106 2788 in
3127 2732 3291 2789 libris
3320 2734 3386 2789 de
3409 2732 3648 2788 Civitate
3686 2731 3849 2786 Dei...

2196 2825 2580 2896 comprobant

2267 2936 2528 3011 Ejusdem
2568 2938 2663 2995 lib.
2696 2940 2887 2995 eodem
2934 2938 2999 2994 de
3046 2938 3220 3010 Temp.
3268 2939 3517 3009 Ratione,
3579 2948 3697 3010 cap.
3729 2937 3850 2992 66:

2267 3052 2401 3101 Haec
2431 3046 2501 3101 de
2532 3064 2708 3101 cursu
2743 3045 3013 3117 praeteriti
3047 3045 3243 3101 saeculi
3280 3063 3347 3102 ex
3394 3038 3668 3101 bebraica
3709 3046 3857 3101 veri-

2196 3140 2336 3203 tate,
2359 3141 2531 3208 prout
2548 3136 2869 3207 potuimus,
2885 3134 3230 3191 elucuhrare
3247 3134 3602 3199 curavimus,
3617 3152 3854 3206 aequum

2202 3226 2406 3292 rati,ut
2419 3224 2762 3280 sicutGrazci
2777 3223 2949 3279 LXXI
2964 3224 3404 3280 Translatorum
3421 3224 3675 3280 editione
3688 3230 3861 3279 uten-

2202 3320 2312 3380 tes,
2337 3315 2409 3368 de
2431 3330 2498 3369 ea
2527 3313 2640 3369 sibi
2663 3313 2905 3382 suisque
2930 3319 3263 3385 temporum
3298 3313 3478 3368 libros
3501 3313 3813 3368 condidere
3842 3330 3859 3370 :

2201 3403 2284 3458 ita
2331 3406 2390 3459 et
2447 3418 2574 3471 nos,
2633 3402 2735 3473 qui
2790 3401 2942 3457 beati
2997 3401 3337 3474 interpretis
3388 3396 3738 3474 Hieroniyml
3770 3401 3857 3456 in-

2201 3492 2450 3562 dustria,
2505 3508 2650 3563 puro
2700 3491 2989 3546 Hebraicis
3038 3491 3299 3547 veritatis
3351 3491 3507 3546 fonte
3556 3496 3860 3563 potamur,

2201 3588 2530 3654 temporum
2564 3596 2797 3651 quoque
2817 3580 3109 3636 rationem
3134 3581 3305 3651 juxta
3324 3580 3475 3636 hanc
3497 3580 3645 3636 scire
3671 3594 3859 3652 quea-

2200 3685 2354 3726 mus.
2390 3711 2403 3724 .
2439 3711 2452 3724 .
2486 3669 2770 3725 Caeterum
2816 3668 3121 3725 cunctisin
3171 3684 3481 3725 commune
3510 3668 3857 3740 suademus,

2201 3764 2266 3815 ut
2297 3761 2418 3815 sive
2446 3758 2578 3829 quis
2611 3774 2681 3813 ex
2707 3757 2990 3814 Hebraica
3018 3758 3281 3825 veritate,
3323 3758 3477 3830 quod
3509 3757 3579 3814 ad
3611 3770 3720 3814 nos
3750 3774 3861 3832 per

2203 3853 2596 3904 memoratum
2618 3847 2991 3919 interpretem
3020 3864 3167 3919 pura
3188 3848 3520 3919 pervenisse
3540 3846 3716 3904 etiam
3747 3846 3860 3903 ho-

2204 3938 2392 3995 stibus
2419 3937 2643 3992 Judaeis
2675 3937 2732 3991 in
2766 3937 3025 4008 professo
3056 3940 3186 3992 est:
3221 3936 3363 4007 sive,
3393 3941 3505 3993 etc.

2274 4050 2487 4108 Rabani
2512 4051 2690 4107 Mauri
2722 4050 2817 4106 lib.
2863 4068 2903 4106 ιι
2934 4051 2999 4106 de
3047 4053 3229 4108 quit.
3277 4052 3486 4109 Clario.
3515 4069 3636 4124 cap.
3667 4052 3736 4107 54
3764 4068 3778 4108 :

2275 4162 2354 4217 De
2385 4161 2619 4216 Hebraeo
2647 4164 2840 4216 autem
2875 4159 2933 4214 in
2966 4161 3238 4218 Latinum
3260 4162 3558 4233 eloquium
3589 4166 3852 4217 tantum-

2205 4252 2378 4306 modo
2398 4252 2793 4322 Hieronymus
2811 4250 3115 4323 presbyter
3127 4267 3325 4308 sacras
3344 4252 3676 4324 Scripturas
3707 4266 3819 4306 oon
3832 4282 3859 4294 -

2201 4340 2411 4395 vertit:
2446 4340 2615 4410 cujus
2643 4339 2898 4395 editione
2943 4339 3292 4412 generaliter
3338 4354 3543 4397 omnes
3582 4339 3856 4396 Ecclesiae

2202 4446 2621 4502 usquequaque
2651 4434 2916 4497 utuntur,
2968 4446 3070 4502 pro
3100 4448 3166 4487 eo
3197 4432 3354 4501 quod
3402 4431 3726 4487 veneratior
3774 4430 3860 4487 sit

440 4520 995 4594 probationiscausa
1015 4518 1214 4592 exigit,
1235 4532 1388 4575 nunc
1407 4534 1635 4587 novam,
1661 4537 1815 4576 nunc
1837 4526 2089 4577 veterem
2127 4568 2166 4594 η
2202 4520 2260 4574 in
2293 4518 2621 4586 sententiis,
2654 4524 2711 4573 et
2759 4519 2972 4575 clarior
3001 4519 3059 4573 in
3100 4518 3317 4575 verbis.
3368 4521 3492 4575 Haec
3527 4537 3600 4575 ea:
3647 4521 3859 4576 Isidoro

441 4627 546 4681 per
569 4609 904 4667 testimonia
935 4625 1177 4665 assumo
1212 4625 1225 4664 :
1281 4614 1347 4664 ut
1373 4609 1509 4681 quia
1553 4611 1721 4665 sedes
1770 4611 2088 4683 apostolica
2123 4607 2166 4630 ”
2198 4607 2550 4679 transcripsit
2596 4608 2837 4663 Maurus.
2897 4607 3022 4663 Vide
3070 4622 3260 4679 supra,
3304 4615 3358 4662 et
3406 4608 3541 4679 lege,
3594 4609 3861 4665 veracior

438 4699 580 4770 (cui,
611 4704 847 4755 auctore
893 4699 1031 4766 Deo,
1088 4698 1391 4770 prasideo)
1439 4701 1687 4770 utraque
1736 4700 1941 4769 utitur,
1973 4701 2089 4757 mei

436 4800 675 4860 quoque
703 4786 869 4845 labor
899 4786 1078 4843 studii
1108 4801 1179 4843 ex
1210 4790 1460 4859 utraque
1482 4786 1781 4845 fulciatur.

684 4905 953 4976 Ejusdem
984 4896 1081 4959 lib.
1114 4916 1188 4958 xx
1216 4903 1526 4971 Moralium,
1565 4920 1686 4974 cap.
1718 4905 1828 4959 25:

509 5008 619 5068 Sed
654 5008 791 5083 quia
822 5010 942 5065 haec
992 5023 1141 5067 uova
1194 5009 1505 5067 translatio
1535 5025 1604 5066 ex
1632 5010 1873 5068 Hebraeo
1916 5010 2087 5070 nobis

432 5099 799 5171 Arabicoque
831 5098 1059 5172 eloquio
1081 5105 1292 5155 cuncta
1313 5101 1509 5156 verius
1533 5100 1927 5157 transfudisse
1956 5118 2085 5174 per-

430 5186 690 5260 hibetur,
724 5186 1080 5244 credendum
1117 5193 1208 5244 est
1238 5184 1527 5260 quidquid
1569 5188 1627 5244 in
1660 5207 1728 5245 ea
1756 5190 1970 5246 dicitur
1995 5208 2007 5246 ε
2033 5197 2090 5248 et

427 5283 657 5352 oportet
696 5282 763 5334 ut
807 5276 983 5335 verba
1024 5276 1184 5334 illius
1206 5278 1702 5351 nostranpositio
1726 5278 2091 5337 subtibiliter

435 5370 707 5426 rimetur.

536 5473 737 5531 lsidori
774 5475 1112 5548 Hispalensis
1160 5470 1254 5528 lib.
1288 5486 1345 5529 vt
1397 5472 1715 5543 Originum,
1748 5487 1875 5547 cap.
1908 5474 1979 5532 5:

508 5566 819 5645 Presbyter
848 5587 1082 5645 quoque
1104 5566 1515 5645 Hieronymus,
1549 5571 1726 5627 trium
1750 5568 2088 5645 linguarum

442 5662 692 5733 peritus,
722 5672 792 5718 ex
820 5661 1058 5718 Hebrao
1105 5660 1165 5716 in
1198 5660 1472 5717 Latinum
1516 5660 1814 5734 eloquium
1854 5665 2089 5722 easdem

2195 4711 2295 4768 pro
2320 4695 2665 4751 veneratior.

2303 4809 2555 4882 Ejusdem
2584 4811 2810 4881 Prw/at.
2856 4812 3162 4869 Comment.
3208 4812 3268 4867 in
3300 4812 3467 4867 libros
3497 4813 3700 4884 Regum
3726 4831 3738 4868 :

2267 4917 2353 4973 Ibi
2376 4917 2532 4973 enim
2557 4917 2830 4983 inveniet,
2862 4919 3005 4990 quid
3034 4914 3202 4975 Pater
3221 4919 3615 4992 Augustinus,
3637 4919 3855 4991 quidve

2198 5006 2749 5079 insignisinterpres
2770 5007 3105 5063 divinorum
3133 5007 3437 5064 Librorum
3455 5010 3853 5081 Hieronymus

2202 5095 2517 5152 senserint.

2304 5204 2551 5275 Ejusdem
2583 5205 2814 5267 Praefat.
2846 5204 3145 5260 Comment.
3184 5208 3242 5261 in
3277 5205 3702 5278 Paralipomena
3729 5222 3741 5261 :

2269 5308 2632 5381 Quapropter
2662 5309 2967 5366 sciendum
2999 5314 3088 5368 est
3135 5314 3290 5384 quod
3326 5312 3478 5367 inter
3518 5311 3857 5381 Scriptores

2200 5398 2425 5453 Veteris
2454 5398 2841 5465 Testamenti,
2876 5418 3133 5472 praesens
3161 5396 3410 5457 historia
3451 5400 3861 5473 Paralipome-

2200 5503 2315 5543 non
2352 5502 2465 5543 non
2492 5487 2811 5559 ignobilem
2835 5487 3029 5547 locum
3048 5494 3205 5546 tenet
3228 5508 3247 5547 ,ο
3272 5493 3342 5546 de
3372 5506 3491 5562 qua
3520 5489 3861 5547 divinorum

2202 5574 2509 5632 Librorum
2528 5578 2925 5648 peritissimus
2942 5580 3230 5651 interpres
3244 5579 3870 5653 beatusHieronymus

2200 5666 2283 5722 ita
2316 5666 2417 5734 ait,
2452 5671 2561 5722 etc.
