4080 6186
309 317 424 371 173
1847 318 1920 369 Β]

2118 319 2214 370 LIS.
3630 312 3729 368 174

423 441 717 497 Trithemii
749 441 846 496 tib.
882 458 900 494 Ι
930 440 996 496 de
1023 440 1393 510 Scriptoribus
1436 439 1820 496 ecclesiasticis
1849 459 1869 494 .·
2008 447 2060 509 Α
2092 441 2224 509 plus
2285 441 2634 513 Hieronymo
2695 443 2934 512 profuit,
2989 442 3092 513 qui
3160 446 3372 512 praeter
3427 441 3741 497 innumera

384 550 776 620 Hieronymus
826 547 1131 620 presbyter
1177 556 1233 602 et
1282 547 1627 602 monachus.
1669 586 1680 598 .
1718 589 1730 602 .
1779 547 1866 601 vir
1917 548 1973 601 in
2084 528 2402 620 ῼΡυξουλᾶν
2456 529 2662 620 Vetus,
2699 531 3143 585 Testamentum
3204 533 3275 587 de
3336 530 3641 620 Ηθδνθιίεογ
3679 530 3738 584 in

314 639 534 692 divinis
567 619 890 708 scripturis
938 637 1092 691 inter
1122 653 1327 691 omnes
1377 637 1644 691 doctores
1694 635 1971 728 BPUfutlS-
2087 619 2360 672 Ῑιθλίίηυω
2395 619 2716 718 “Vltimum,
2753 635 2819 728 δεῖ
2868 633 3079 728 Πονιξῐη
3113 620 3478 728 αάῃθιξεθοξιω
3495 619 3748 728 Πκςθξξῖεζ

314 729 529 795 simus,
565 726 888 782 multarum
933 725 1271 798 linguarum
1321 725 1526 796 peritia
1575 709 1972 795 insignistsa-
2083 712 2202 798 tem
2240 709 2525 798 βοηθκίῖ,
2578 713 2755 779 at(1‘13
2808 709 3117 781 legendum
3171 709 3442 766 Εοθίθδίω
3494 709 3744 764 meme}

314 835 424 872 cra
494 817 664 888 Legis
725 796 1053 886 interpres,
1117 817 1526 870 hareticorum
1603 815 1852 869 malleus
1921 818 1977 869 et
2086 796 2322 853 0lelt~

312 912 688 977 expugnator
726 906 1111 960 fortissimus.
1145 905 1252 958 Hic
1305 910 1396 960 est
1445 921 1620 959 verus
1668 905 1976 975 dispensa-
2150 905 2408 961 Scelesta
2435 905 2724 960 catholica
2753 907 3015 960 Oratione
3047 908 3102 960 in
3133 907 3273 974 festo
3305 905 3358 960 S.
3393 906 3641 960 Doctoris
3672 926 3690 960 .-

313 1004 407 1050 tor
438 995 833 1066 evangelicus,
871 993 1058 1049 iidelis
1108 999 1164 1048 et
1215 994 1497 1064 prudens,
1533 993 1633 1065 qui
1677 993 1977 1064 proterens
2160 994 2334 1060 Deus,
2369 994 2468 1064 qui
2503 993 2766 1049 Ecclesia
2800 1000 2912 1049 tua
2947 993 3004 1048 in
3039 993 3397 1065 exponendis
3428 993 3742 1066 Scripturis

309 1086 381 1139 de
413 1084 696 1138 thesauro
732 1099 838 1138 suo
888 1097 1036 1138 nova
1067 1088 1122 1138 et
1151 1089 1368 1151 vetera,
1400 1083 1669 1153 dansque
1720 1083 1778 1136 in
1833 1088 1980 1138 tem-
2089 1084 2324 1137 beatum
2351 1081 3207 1154 Hieronymum,confessorem
3231 1087 3738 1148 tuum,Doctorem

314 1189 457 1244 pore
510 1172 794 1244 spiritalis
856 1171 1033 1226 tritici
1091 1189 1428 1227 mensuram
1485 1172 1782 1226 conservis
1832 1173 1978 1241 suis,
2094 1171 2437 1239 maximum,
2473 1171 2776 1241 providere
2808 1171 3091 1240 dignatus
3121 1187 3181 1225 es
3212 1187 3223 1225 ε
3260 1177 3742 1243 prasta,quasu-

311 1262 591 1318 Hebraeos
649 1262 940 1332 superbos
1001 1261 1296 1331 spoliavit,
1349 1261 1722 1330 humilesque
1777 1261 1983 1316 ditavit
2092 1260 2492 1328 mus,ut,ejus
2517 1260 2982 1331 suffragantibus
3007 1258 3421 1331 meritis,quod
3448 1273 3542 1315 ore
3566 1261 3742 1316 simul

311 1350 586 1406 Latinos.
2090 1353 2146 1403 et
2177 1365 2350 1419 opere
2399 1349 2620 1414 docuit,
2645 1354 2698 1403 te
2751 1351 3373 1419 adjuvante,exercere
3422 1349 3741 1406 valeamus.

390 1442 556 1496 Inter
614 1455 818 1495 omnes
883 1440 1042 1495 enim
1105 1438 1374 1494 Ecclesia
1440 1439 1712 1493 doctores
1780 1437 1980 1494 nullus
2091 1441 2200 1492 Per
2228 1437 2569 1506 Dominum,
2603 1443 2712 1493 etc.

1005 1669 1605 1764 SYNOPSIS
1678 1669 2139 1763 DIVINfE
2206 1668 3072 1810 BIBLIQTHECZE

894 1853 996 1912 EX
1074 1851 1461 1911 EPISTOLA
1534 1849 1989 1911 HIEltONYMl
2061 1852 2165 1910 AD
2235 1801 2647 2016 ΡΑΗΙΑΙΝᾹἾΜ
2720 1850 3163 2054 sesumam.
3431 1791 3589 1946 δῆν
3650 1781 3753 1865 S3

1994 2016 2073 2027 __
2539 1951 2572 1981 "
2659 1959 2802 2049 aM

1994 2016 2073 2027 __
2539 1951 2802 2049 HW

383 2135 678 2192 Videlicet
707 2133 1198 2190 manifestissima
1240 2138 1330 2189 est
1359 2134 1629 2197 GENESIB,
1661 2133 1721 2187 in
1754 2149 1869 2204 qua
1900 2134 1970 2187 de
2003 2137 2272 2188 creatura
2313 2133 2539 2201 mundi,
2573 2133 2644 2188 de
2672 2132 2907 2187 exordio
2941 2133 3171 2204 generis
3205 2133 3470 2200 humani,
3492 2134 3564 2190 de
3589 2134 3735 2190 divi-

311 2227 488 2281 sione
517 2232 708 2290 terra,
743 2225 813 2279 de
845 2225 1190 2278 confusione
1220 2222 1558 2291 linguarum
1590 2227 1646 2277 et
1676 2221 1962 2293 gentium,
2000 2237 2186 2294 usque
2218 2224 2286 2277 ad
2322 2224 2544 2278 exitum
2579 2223 2858 2278 scribitur
2888 2222 3284 2277 Hebraeorum.

389 2316 559 2369 Patet
589 2315 818 2367 Exonus
850 2315 983 2366 om
1018 2313 1214 2366 decem
1250 2310 1463 2382 plagis,
1491 2327 1625 2365 cum
1657 2311 1955 2382 decalogo,
1983 2327 2115 2366 cum
2153 2313 2416 2384 mysticis
2446 2312 2777 2382 divinisque
2810 2311 3135 2382 praeceptis.

385 2405 455 2459 In
489 2408 772 2474 Promptu
804 2407 896 2456 est
929 2402 1230 2456 Lavmcus
1263 2399 1431 2466 liber,
1466 2399 1524 2453 in
1560 2417 1675 2472 quo
1707 2400 1942 2472 singula
1974 2403 2284 2468 sacriﬁcia,
2316 2404 2432 2457 imo
2463 2400 2707 2473 singula
2753 2417 2899 2472 pene
2932 2401 3192 2472 syllaba,
3221 2405 3278 2456 et
3307 2405 3495 2457 vestes
3526 2407 3746 2469 Aaron,

308 2500 373 2549 et
409 2499 574 2548 totus
607 2493 748 2547 ordo
783 2491 1068 2546 Leviticus
1099 2490 1327 2561 spirant
1355 2488 1613 2544 caelestia
1644 2495 2032 2545 sacramenta.

381 2584 622 2638 Νωίειιι
671 2598 831 2641 vero.
864 2597 1059 2635 nonne
1108 2579 1290 2634 totius
1337 2579 1740 2650 arithmetica,
1774 2586 1833 2634 et
1861 2580 2179 2652 prophetia
2211 2581 2469 2652 Balaam,
2504 2587 2560 2637 et
2606 2582 3000 2653 quadraginta
3029 2581 3281 2636 duarum
3326 2597 3430 2653 per
3476 2599 3738 2638 eremum

313 2673 700 2729 mansionum
732 2671 1014 2743 mysteria
1045 2670 1392 2726 continent?

386 2763 902 2817 DEUTERONOMIUM
936 2776 1170 2830 quoque
1200 2760 1460 2813 secunda
1489 2758 1579 2813 lex
1610 2764 1666 2813 et
1694 2759 2039 2831 evangelica
2089 2761 2236 2831 legis
2287 2761 2704 2833 praﬁguratio,
2735 2777 2930 2815 nonne
2963 2761 3046 2815 sic
3077 2775 3146 2814 ea
3185 2759 3358 2814 habet
3389 2775 3517 2831 qua
3549 2763 3743 2833 priora

311 2857 484 2916 sunt,
517 2856 584 2905 ut
615 2854 808 2905 tamen
843 2865 990 2904 nova
1019 2849 1140 2903 sint
1166 2848 1368 2903 omnia
1397 2848 1468 2902 de
1498 2847 1812 2903 veteribus.
1847 2848 2164 2920 Hucusque
2196 2849 2442 2922 Moyses,
2471 2850 2778 2921 hucusque
2809 2849 3241 2904 Pentateuchus
3276 2866 3288 2903 :
3323 2849 3537 2920 quibus
3569 2851 3740 2921 quin-

313 2956 434 3012 que
469 2939 663 2994 verbis
688 2938 846 3010 loqui
881 2955 942 2994 se
973 2936 1118 2992 velle
1143 2936 1458 3007 Apostolus
1487 2936 1547 2992 in
1579 2937 1838 2994 Ecclesia
1869 2939 2172 3009 gloriatur.

387 3029 503 3084 Jos
534 3027 832 3099 exemplar
864 3027 1179 3099 patientia,
1213 3043 1340 3098 qua
1387 3044 1502 3082 non
1537 3029 1813 3100 mysteria
1843 3045 1949 3084 suo
1997 3044 2267 3084 sermone
2299 3028 2748 3099 complectitur?
2793 3030 2973 3086 Prosa
3020 3029 3249 3101 incipit,
3283 3043 3450 3084 versu
3501 3028 3744 3096 labitur,

319 3118 587 3190 pedestri
618 3132 887 3171 sermone
921 3117 1143 3183 ﬁnitur,
1176 3132 1498 3187 omnesque
1539 3116 1698 3189 leges
1731 3117 2074 3185 Dialectica,
2107 3118 2526 3188 propositione,
2561 3119 2989 3190 assumptione,
3017 3117 3481 3187 conﬁrmatione,
3505 3119 3746 3174 conclu-

313 3210 493 3263 sione
524 3207 899 3262 determinat.
935 3205 1179 3278 Singula
1227 3205 1287 3260 in
1335 3222 1401 3261 eo
1448 3208 1622 3261 verba
1667 3205 1838 3278 plena
1889 3210 2028 3262 sunt
2082 3206 2379 3261 sensibus.
2418 3208 2480 3262 Et
2511 3207 2600 3279 (ut
2633 3210 2699 3263 de
2730 3209 2956 3264 cateris
2987 3209 3219 3279 sileam)
3251 3208 3741 3263 resurrectionem

313 3312 641 3366 corporum
677 3297 761 3350 sic
791 3295 1123 3366 prophetat,
1156 3300 1220 3350 ut
1267 3295 1465 3350 nullus
1498 3296 1568 3350 de
1616 3311 1684 3350 ea
1707 3295 1794 3350 vel
1846 3295 2238 3365 manifestius,
2270 3296 2358 3350 vel
2389 3296 2618 3352 cautius
2667 3298 2969 3368 scripserit
2999 3313 3011 3352 :
3048 3297 3192 3364 Scio,
3227 3296 3437 3367 inquit,
3472 3295 3612 3367 quod
3644 3299 3744 3351 Ile-

314 3385 592 3454 demptor
618 3399 769 3438 meus
799 3385 950 3449 vivit,
981 3389 1036 3438 et
1069 3386 1129 3438 in
1157 3383 1456 3439 novissimo
1484 3384 1574 3438 die
1602 3387 1677 3439 de
1712 3389 1863 3439 terra
1893 3394 2242 3440 surrecturus
2291 3397 2443 3447 sum;
2473 3395 2528 3441 et
2575 3403 2802 3442 rursum
2852 3387 3237 3442 circumdabor
3263 3386 3408 3456 pette
3434 3401 3578 3453 mea,
3611 3396 3664 3440 et
3693 3389 3754 3440 in

312 3489 498 3529 carne
527 3487 655 3527 mea
685 3472 871 3528 videbo
899 3473 1096 3540 Deum,
1125 3488 1286 3543 quem
1313 3474 1533 3528 visurus
1559 3489 1681 3528 sum
1709 3489 1811 3543 ego
1839 3475 1973 3546 ipse,
2003 3478 2057 3530 et
2084 3475 2235 3530 oculi
2259 3473 2372 3529 mei
2399 3479 2747 3547 competturt
2775 3480 2924 3542 sunt,
2953 3485 3005 3531 et
3027 3492 3134 3532 non
3167 3475 3335 3530 otius.
3368 3476 3625 3546 Reposito
3675 3483 3751 3530 est

313 3563 441 3618 hac
469 3577 598 3632 spes
624 3576 745 3615 mea
773 3561 836 3615 in
865 3561 993 3616 sinu
1016 3576 1135 3616 meo
1161 3562 1280 3628 (Job
1310 3579 1430 3628 xxx,
1460 3563 1670 3632 25-27).

386 3601 437 3618 ,ν
469 3601 595 3632 ,μνη
628 3601 745 3615 ...νη
865 3601 993 3616 συ...
1019 3601 1133 3616 ...νυ
1162 3601 1277 3628 κων
1311 3601 1430 3628 ...,.,
1460 3601 1670 3632 W7...”

386 3650 638 3705 Veniam
699 3650 770 3705 ad
825 3650 1018 3704 stUM
1072 3649 1252 3719 Nave,
1301 3650 1403 3720 qui
1463 3655 1668 3721 typum
1729 3650 1961 3706 Domini
2020 3667 2134 3706 non
2195 3651 2382 3707 solum
2443 3655 2648 3724 gestis,
2679 3671 2884 3709 verum
2942 3656 3119 3710 etiam
3173 3653 3410 3708 nomine
3468 3654 3743 3723 praefert:
3803 3601 3895 3642 ⁸.

315 3741 539 3795 transit
599 3738 934 3805 Jordanem,
987 3738 1247 3794 hostium
1309 3756 1485 3809 regna
1537 3739 1844 3807 subvertit,
1896 3739 2104 3795 dividit
2153 3746 2371 3795 terram
2419 3742 2622 3797 victori
2682 3744 2916 3814 populo,
2972 3748 3028 3797 et
3085 3759 3183 3814 per
3231 3741 3493 3812 singulas
3544 3742 3740 3806 urbes,

311 3828 570 3895 viculos,
604 3834 855 3898 montes,
909 3827 1176 3895 ﬂumina,
1209 3832 1515 3895 torrentes,
1564 3833 1739 3899 atque
1791 3829 2063 3895 conﬁnia,
2106 3828 2374 3885 Ecclesia
2422 3831 2760 3902 calestique
2802 3832 3131 3887 Jerusalem
3182 3830 3515 3902 spiritualia
3563 3845 3741 3899 regna

313 3917 629 3973 describit.

389 4009 454 4062 In
487 4009 754 4062 JUDICUM
786 4007 955 4070 libro,
986 4010 1128 4078 quot
1157 4006 1449 4077 principes
1484 4007 1704 4078 pOpuli,
1741 4013 1826 4063 tot
1859 4010 2055 4078 ﬁgura
2087 4013 2246 4062 sunt.

391 4097 560 4150 Rura
597 4095 891 4160 Moabitis,
925 4097 1088 4149 Isaia
1121 4095 1310 4164 explet
1341 4095 1682 4150 vaticinium
1728 4097 1980 4152 dicentis
2011 4113 2024 4150 :
2059 4097 2262 4152 Emitte
2292 4113 2516 4168 agnum,
2552 4099 2798 4165 Domine,
2830 4100 3226 4154 dominatorem
3273 4103 3438 4154 terra
3479 4097 3551 4152 de
3580 4106 3740 4168 petra

312 4185 547 4249 deserti,
584 4185 650 4238 ad
677 4194 916 4240 montem
943 4185 1075 4253 ﬁlia
1109 4184 1240 4239 Sion
1271 4185 1402 4254 (Ita.
1435 4200 1552 4251 xvx,
1589 4186 1659 4255 1).

391 4275 638 4328 ΞΑΜυει
664 4273 722 4326 in
759 4273 881 4327 Heli
916 4279 1143 4328 mortuo
1175 4278 1234 4328 et
1279 4273 1340 4327 in
1386 4273 1576 4328 occiso
1624 4275 1762 4328 Saul
1810 4280 2063 4330 veterem
2114 4275 2304 4347 legem
2355 4275 2630 4332 abolitam
2685 4283 2972 4332 monstrat
3004 4278 3045 4344 (Ι
3078 4279 3204 4346 Reg.
3241 4293 3316 4345 1v,
3351 4276 3444 4342 18;
3481 4292 3635 4344 xxxx,
3668 4277 3721 4344 6)

305 4363 497 4418 Porro
533 4364 591 4416 in
623 4363 806 4417 Sadoc
838 4367 1012 4433 atque
1057 4362 1238 4418 David
1289 4362 1422 4418 novi
1480 4364 1789 4418 sacerdotii
1823 4364 2072 4435 novique
2113 4365 2345 4436 imperii
2393 4370 2763 4422 sacramenta
2812 4371 3065 4422 testatur
3095 4363 3167 4437 (II
3200 4368 3329 4434 Reg.
3361 4379 3484 4435 vui,
3515 4381 3607 4433 xv,
3640 4369 3729 4418 etc

305 4452 332 4506 Ι
366 4453 502 4521 Reg.
537 4468 656 4514 XVI,
690 4456 824 4515 etc.,
855 4453 1110 4522 passim).

387 4541 726 4605 MALAGHIM,
759 4541 815 4594 id
847 4545 959 4607 est,
992 4541 1203 4595 tertius
1255 4545 1311 4596 et
1360 4546 1608 4612 quartus
1652 4542 1876 4613 Regum
1927 4543 2095 4613 liber,
2130 4561 2162 4597 a
2195 4542 2505 4599 Salomone
2553 4559 2743 4616 usque
2793 4545 2862 4600 ad
2912 4542 3248 4599 Jechoniam
3283 4547 3341 4597 et
3372 4555 3403 4597 a
3432 4541 3742 4596 Jerohoam

307 4628 446 4683 ﬁlio
479 4627 670 4682 Nabat
701 4645 889 4699 usque
921 4629 990 4682 ad
1025 4628 1167 4683 Osee
1199 4629 1299 4699 qui
1329 4632 1541 4684 ductus
1576 4635 1665 4684 est
1694 4630 1752 4683 in
1788 4631 2075 4702 Assyrios,
2108 4648 2354 4702 regnum
2384 4632 2538 4687 Juda
2566 4637 2622 4687 et
2654 4649 2898 4703 regnum
2931 4631 3210 4686 describit
3241 4629 3435 4684 lsrael.
3471 4629 3526 4682 Si
3560 4629 3744 4683 histo-

307 4718 472 4772 riam
504 4717 813 4788 respicias,
841 4717 1017 4773 verba
1041 4717 1338 4788 simplicia
1367 4723 1534 4786 sunt;
1569 4719 1618 4774 si
1650 4719 1709 4774 in
1743 4719 1955 4776 litteris
1984 4736 2224 4776 sensum
2255 4719 2531 4776 latentem
2563 4722 2910 4793 inspexeris,
2943 4719 3210 4775 Ecclesia
3243 4719 3509 4790 paucitas
3541 4721 3596 4773 et
3628 4716 3748 4772 ha-

307 4807 646 4862 relicorum
681 4811 883 4862 contra
913 4805 1230 4863 Ecclesium
1263 4805 1417 4862 bella
1447 4814 1778 4862 narrantur.

399 4895 724 4950 Duodecim
755 4895 1054 4967 Propheta
1094 4895 1152 4951 in
1186 4896 1364 4952 unius
1395 4896 1713 4952 voluminis
1755 4899 2064 4968 angustias
2097 4899 2398 4966 coarctati,
2435 4899 2620 4955 multo
2652 4899 2809 4955 aliud
2856 4915 3033 4970 quam
3064 4901 3233 4953 sonet
3264 4898 3322 4952 in
3357 4896 3570 4963 littera,
3604 4911 3748 4966 pra-

309 4985 612 5056 ﬁgurant.

397 5071 558 5126 Osas
589 5071 793 5126 crebro
845 5073 1110 5127 nominat
1159 5072 1458 5144 Ephraim,
1492 5075 1846 5140 Samariam,
1876 5075 2118 5146 Joseph,
2149 5077 2394 5142 Jezrael,
2429 5081 2482 5131 et
2531 5092 2771 5130 uxorem
2823 5075 3219 5143 fornicariam,
3248 5079 3304 5128 et
3351 5069 3752 5128 fornicationis

310 5163 515 5225 ﬁlios,
547 5164 606 5214 et
637 5158 964 5215 adulteram
998 5161 1269 5218 cubiculo
1319 5162 1580 5218 clausam
1626 5163 1844 5230 mariti,
1879 5164 2065 5218 multo
2097 5169 2359 5235 tempore
2392 5165 2592 5218 sedere
2623 5165 2881 5231 viduam,
2913 5169 2971 5218 et
3021 5164 3131 5218 sub
3176 5166 3332 5217 veste
3382 5159 3612 5230 lugubri
3643 5156 3753 5210 viri

313 5253 398 5307 ad
445 5265 509 5304 se
542 5249 794 5304 reditum
829 5250 1172 5321 prastolari.

389 5340 550 5395 JosL
592 5339 749 5394 ﬁlius
799 5339 1040 5394 Phatuel
1091 5341 1373 5396 describit
1422 5347 1640 5397 terram
1693 5343 2004 5397 duodecim
2053 5344 2338 5408 tribuum,
2391 5360 2583 5411 eruca,
2618 5343 2860 5411 brucho,
2896 5341 3143 5409 locusta,
3178 5338 3445 5409 rubigius
3492 5338 3756 5389 vastante

311 5432 784 5496 consumptam;
818 5431 875 5481 et
905 5433 1036 5498 post
1065 5430 1426 5484 eversionem
1461 5429 1672 5498 prioris
1705 5430 1926 5501 pepuli,
1957 5432 2206 5486 effusum
2259 5431 2327 5485 iri
2373 5431 2655 5502 Spiritum
2688 5437 2962 5486 sanctum
2998 5444 3175 5498 super
3204 5441 3401 5480 servos
3433 5423 3529 5476 Dei
3564 5426 3620 5476 et
3653 5439 3759 5474 an-

307 5518 519 5581 cillas,
563 5517 620 5570 id
653 5520 762 5582 est,
793 5534 970 5587 super
1013 5523 1252 5572 centum
1304 5519 1513 5589 viginti
1561 5519 1927 5574 credentium
1979 5519 2238 5585 nomina,
2275 5525 2330 5573 et
2356 5521 2604 5574 effusum
2641 5519 2710 5572 iri
2745 5520 2801 5573 in
2837 5517 3132 5572 caenaculo
3183 5514 3336 5567 Sion.
3365 5512 3470 5574 Qui
3523 5515 3757 5565 centum

309 5606 536 5680 viginti
573 5607 648 5660 ab
683 5623 797 5660 uno
823 5623 1005 5676 usque
1028 5607 1097 5661 ad
1121 5608 1457 5679 quindecim
1484 5608 1763 5679 paulatim
1798 5617 1854 5663 et
1883 5626 1986 5681 per
2008 5609 2368 5665 incrementa
2395 5615 2725 5682 surgentes,
2751 5607 3088 5678 quindecim
3121 5602 3411 5674 graduum
3446 5615 3755 5656 numerum

309 5697 623 5765 ofﬁciunt,
654 5697 756 5766 qui
789 5696 848 5751 in
881 5697 1163 5767 psalterio
1194 5697 1439 5770 mystice
1467 5697 1865 5755 continentur.

399 5790 574 5841 Amos
605 5791 813 5857 pastor
839 5790 898 5841 et
915 5785 1182 5844 rusticus
1210 5792 1268 5843 et
1296 5788 1577 5843 ruborum
1610 5803 1779 5844 mora
1807 5788 2187 5859 distringcns,
2218 5789 2422 5860 paucis
2455 5788 2648 5843 verbis
2690 5785 2970 5859 explicari
3014 5799 3130 5838 non
3183 5786 3394 5854 potest.
3427 5781 3569 5848 Quis
3601 5778 3760 5835 enim
