4080 6186
400 321 502 375 175
1429 321 1488 372 S.
1528 316 1937 372 HIERONYBII
1975 320 2228 372 DIVINA
2264 317 2759 372 BlBLIO’l‘HECA.
3705 316 3805 372 176

393 444 568 516 digne
597 443 888 515 exprimat
915 442 1026 497 tria
1056 444 1157 497 aut
1185 444 1442 510 quatuor
1493 437 1713 495 scelera
1747 439 2034 506 Damasci,
2065 443 2122 495 et
2164 439 2348 506 Gazae,
2383 445 2441 494 et
2471 439 2626 512 Tyri,
2659 445 2716 494 et
2764 440 3058 505 Idumaeas,
3090 443 3148 495 et
3178 437 3431 494 filiorum
3465 443 3716 495 Ammon
3749 445 3807 496 et

391 533 578 602 Moab,
610 536 669 588 et
693 532 752 587 in
784 531 1036 603 septimo
1065 533 1122 584 et
1151 534 1350 584 octavo
1381 529 1568 600 gradu
1613 529 1782 584 Judae
1815 533 1872 583 et
1903 527 2123 585 Israel?
2151 529 2256 583 Hic
2303 528 2566 599 loquitur
2597 529 2666 584 ad
2700 545 2904 584 vaccas
2935 528 3210 601 pingues,
3241 545 3371 600 qua!
3402 533 3543 584 sunt
3591 529 3649 584 in
3697 529 3804 586 Sa-

395 622 590 678 mariae
623 627 842 684 monte,
874 625 931 675 et
959 620 1248 674 ruituram
1281 618 1525 673 domum
1559 617 1841 688 majorem
1875 616 2279 689 minoremque
2308 621 2577 672 testatur.
2613 620 2742 689 Ipse
2763 617 2952 673 cernit
2985 617 3247 674 fictorem
3281 615 3519 673 locusta
3548 622 3607 673 et
3637 622 3806 673 stan-

268 703 509 764 “‘tem
540 708 853 764 Dominum
887 722 1066 778 super
1095 722 1333 761 :nurum
1368 705 1539 760 litum
1567 685 2130 761 vel'adamantinum
2164 685 2528 760 et'uncinum
2562 685 2894 776 pomorum,
2921 704 3315 760 attrahentem
3352 703 3644 778 supplicia
3677 723 3808 777 pec-

393 798 690 854 catoribus
722 800 778 851 et
811 795 1024 850 famem
1059 795 1118 849 in
1154 800 1368 850 terram
1404 812 1416 850 :
1453 810 1566 850 non
1599 795 1813 849 famem
1847 794 2037 865 panis,
2071 810 2174 848 nec
2203 793 2362 847 sitim
2394 811 2576 864 aqum,
2610 795 2708 849 sed
2741 793 3018 848 audiendi
3052 794 3293 848 verbum
3325 793 3447 850 Dei.

464 889 694 950 Annus,
723 883 822 956 qui
855 885 1275 956 interpretatur
1305 884 1520 939 Servus
1552 881 1673 948 Dei,
1702 887 1979 954 personat
2009 885 2210 937 contra
2241 883 2420 937 Edom
2455 882 2843 950 sanguineum
2876 889 3293 952 terrenumque
3327 881 3662 951 hominem;
3693 884 3812 938 fra-

394 974 501 1029 tris
532 989 768 1046 quoque
796 973 976 1029 Jacob
1008 989 1240 1044 semper
1269 972 1550 1028 aemulum
1583 971 1754 1027 hasta
1786 971 2042 1043 percutit
2073 971 2342 1043 spiritali.

461 1064 661 1130 Jonas,
695 1061 968 1118 columba
998 1061 1417 1134 pulcherrima,
1447 1061 1752 1133 naufragio
1786 1078 1892 1116 suo
1926 1060 2258 1132 passionem
2293 1061 2516 1117 Domini
2548 1062 2945 1133 praeﬁgurans,
2973 1061 3264 1116 mundum
3299 1061 3370 1115 ad
3405 1060 3810 1132 paenitentiam

395 1158 644 1219 revocat,
675 1155 732 1207 et
761 1153 869 1207 sub
904 1151 1138 1206 nomine
1169 1151 1373 1206 Ninive
1403 1151 1680 1223 gentibus
1711 1149 1962 1206 salutem
1995 1150 2251 1206 nuntiat.

465 1242 761 1306 M1c1uus,
794 1241 864 1295 de
897 1241 1202 1304 Morasthi,
1261 1240 1516 1296 CODIBI‘BS
1570 1239 1805 1305 Christi,
1837 1239 2220 1295 vastationem
2270 1239 2760 1312 aununtiatﬁﬁlias
2810 1240 3077 1305 latronis,
3122 1245 3182 1296 et
3230 1239 3597 1296 obsidionem
3648 1239 3816 1310 ponit

394 1336 597 1387 contra
626 1347 752 1385 eam
789 1349 802 1388 :
837 1331 973 1400 quia
1005 1330 1302 1385 maxillam
1339 1330 1696 1401 percusserit
1717 1329 1941 1400 judicis
1972 1330 2172 1386 Israel.

464 1421 698 1486 NAHUM,
731 1418 1064 1474 consolator
1093 1419 1265 1488 orbis
1305 1419 1568 1490 increpat
1598 1419 1890 1474 civitatem
1913 1420 2294 1490 sanguinum,
2321 1425 2378 1475 et
2407 1425 2539 1490 post
2564 1419 2928 1476 eversionem
2960 1419 3122 1476 illius
3153 1418 3614 1491 loquitur:§Ecce
3641 1435 3816 1491 super

395 1513 606 1564 montes
634 1509 794 1579 pedes
823 1507 1277 1581 evangelisantis
1308 1514 1358 1563 et
1386 1510 1780 1563 annuntiantis
1805 1525 1995 1579 pacem
2023 1508 2184 1578 (Nah.
2221 1526 2258 1576 1,
2297 1509 2403 1579 15).
2424 1535 2440 1549 ο

465 1603 758 1665 ΗΑΒΑευε,
789 1602 1038 1653 luctator
1068 1598 1236 1652 fortis
1267 1602 1324 1652 et
1352 1597 1596 1668 rigidus,
1630 1601 1745 1652 stat
1775 1614 1950 1667 super
1978 1598 2306 1652 custodiam
2357 1614 2526 1654 suam
2561 1603 2618 1652 et
2658 1598 2787 1670 tigit
2817 1598 3060 1669 gradum
3093 1614 3270 1668 super
3301 1596 3713 1664 munitionem,
3745 1601 3814 1653 ut

392 1688 692 1746 Christum
724 1688 781 1741 in
817 1704 986 1742 cruce
1018 1686 1464 1758 contempletur,
1498 1690 1556 1741 et
1598 1687 1753 1740 dicat
1783 1703 1797 1740 :
1833 1685 2060 1759 Operuit
2087 1685 2247 1741 cavlas
2275 1687 2454 1757 gloria
2482 1690 2620 1756 eius,
2649 1697 2702 1743 ct
2751 1687 2933 1743 laudis
2961 1689 3077 1760 ejus
3105 1688 3271 1759 plena
3299 1695 3380 1743 est
3409 1695 3580 1743 terra.
3613 1687 3811 1759 Splen-

374 1778 498 1831 ‘dor
525 1777 643 1842 eius
672 1785 732 1830 ut
766 1776 866 1831 lux
895 1778 1020 1842 erit,
1041 1792 1252 1831 cornua
1285 1775 1346 1830 in
1373 1775 1631 1829 manibus
1661 1775 1778 1846 ejus
1799 1793 1817 1827 :
1848 1774 1930 1829 ibi
1958 1775 2275 1830 abscondita
2303 1784 2382 1830 est
2406 1775 2671 1846 fortitudo
2701 1777 2818 1846 eius
2846 1775 3068 1847 (Habac.
3103 1792 3188 1840 ιιι,
3219 1776 3274 1843 3,
3309 1776 3385 1847 4).

467 1866 809 1929 δοριιοΝιΑε,
843 1863 1173 1934 speculator
1217 1869 1273 1919 et
1317 1881 1663 1919 arcanorum
1717 1863 1813 1918 Dei
1863 1863 2148 1935 cognitor,
2182 1865 2348 1919 audit
2379 1863 2692 1920 clamorem
2744 1883 2777 1920 a
2831 1870 2997 1936 parta
3045 1864 3303 1920 Piscium
3352 1869 3409 1919 et
3459 1857 3747 1933 ejulatum
3782 1880 3816 1918 a

394 1953 679 2017 Secunda,
714 1959 770 2008 et
801 1955 1212 2008 contritionem
1246 1971 1277 2008 a
1308 1952 1576 2008 collibus.
1616 1951 1820 2007 Indicit
1851 1968 2080 2023 quoque
2110 1951 2400 2007 ululatum
2457 1951 2886 2008 habitatoribus
2936 1952 3093 2024 Pilae,
3127 1953 3264 2025 quia
3313 1951 3594 2008 conticuit
3623 1952 3817 2008 omnis

399 2041 652 2114 populus
683 2041 978 2110 Chanaan,
1008 2041 1401 2113 disperierunt
1432 2039 1686 2095 universi
1719 2041 1816 2112 qui
1847 2040 2091 2095 involuti
2124 2045 2291 2096 erant
2321 2047 2582 2113 argento.

467 2141 740 2206 Accaus,
773 2132 1011 2188 festivus
1042 2136 1099 2186 et
1128 2130 1319 2196 laetus,
1352 2129 1451 2200 qui
1483 2129 1796 2185 seminavit
1827 2131 1886 2185 in
1917 2129 2193 2202 lacrymis
2226 2135 2291 2184 ut
2321 2131 2378 2185 in
2413 2130 2628 2203 gaudio
2661 2135 2927 2198 meteret,
2962 2133 3327 2188 destructum
3359 2130 3646 2203 templum
3679 2128 3820 2186 tedi-

397 2227 552 2294 iicat,
585 2224 887 2293 Deumque
917 2220 1148 2274 Patrem
1181 2219 1407 2274 inducit
1435 2217 1770 2289 loquentem
1807 2235 1819 2272 :
1854 2218 2044 2275 Adhuc
2071 2236 2242 2274 unum
2283 2219 2578 2288 modicum,
2608 2225 2660 2275 et
2690 2236 2784 2291 ego
2813 2221 3376 2294 commovebo‘calum
3416 2227 3468 2276 et
3495 2221 3732 2287 terram,
3762 2221 3815 2274 et

396 2277 941 2378 mar-eietariitam,
975 2317 1025 2363 et
1057 2307 1274 2362 movebo
1305 2322 1491 2362 omnes
1512 2277 1722 2377 gentes,
1753 2309 1803 2362 et
1833 2309 2009 2362 veniet
2038 2307 2375 2363 desideratus
2402 2277 2613 2363 cunctis
2640 2277 2892 2376 gentibus
2923 2309 3079 2379 (Agg.
3112 2277 3190 2376 ιθ
3203 2308 3258 2373 7,
3289 2308 3368 2379 8).

466 2403 806 2465 chnamas,
839 2414 1067 2453 memor
1104 2395 1336 2451 Domini
1390 2395 1498 2462 sui,
1534 2395 1840 2467 multiplex
1869 2395 1927 2450 in
1963 2397 2288 2468 prophetia,
2319 2399 2518 2452 Iesum
2552 2398 2812 2453 vestibus
2843 2397 3100 2453 sordidis
3130 2397 3406 2452 indutum
3456 2400 3513 2452 et
3560 2395 3816 2468 lapidem

398 2491 701 2546 oculorum
735 2493 983 2558 septem,
1016 2483 1555 2556 candelabrumque
1587 2501 1828 2540 aureum
1870 2501 2004 2540 cum
2036 2485 2283 2541 totidem
2316 2486 2571 2541 lucernis
2601 2491 2745 2558 quot
2773 2485 2984 2552 oculis,
3016 2486 3164 2542 duas
3197 2502 3434 2558 quoque
3465 2484 3647 2540 olivas
3678 2501 3710 2538 a
3741 2483 3821 2540 si-

401 2579 606 2635 nistris
637 2576 928 2650 lampadis
951 2575 1134 2630 cernit
1163 2581 1220 2628 et
1250 2590 1283 2628 a
1311 2574 1528 2629 dextris
1555 2591 1568 2628 :
1594 2578 1658 2628 ut
1690 2579 1820 2645 post
1849 2590 2034 2646 equos
2068 2575 2288 2647 nigros,
2315 2575 2496 2642 rufos,
2527 2574 2712 2645 albos,
2747 2580 2804 2630 et
2829 2576 3046 2649 varios,
3069 2579 3127 2630 et
3149 2575 3468 2647 dissipatas
3500 2572 3820 2646 quadrigas

401 2686 470 2725 ex
499 2667 799 2740 Ephraim,
830 2670 887 2721 et
917 2681 1135 2736 equum
1166 2664 1237 2718 de
1266 2662 1616 2728 Jerusalem,
1651 2679 1968 2734 pauperem
2003 2679 2196 2736 regem
2231 2664 2580 2719 vaticinetur
2608 2669 2666 2719 et
2694 2665 2990 2735 praedicet,
3025 2665 3324 2720 sedentem
3355 2679 3536 2735 super
3566 2661 3818 2734 pullum,

402 2757 593 2812 ﬁlium
625 2755 804 2812 asina
835 2752 1190 2826 subjugalis.

476 2847 805 2902 Manacmas
835 2848 1057 2915 aperte,
1089 2847 1145 2897 et
1189 2841 1247 2896 in
1279 2842 1394 2898 {ine
1425 2841 1690 2897 omnium
1745 2843 2184 2914 prophetarum,
2218 2844 2290 2898 de
2320 2843 2646 2914 abjectione
2677 2843 2854 2900 Israel
2904 2848 2962 2899 et
3007 2843 3308 2900 vocatione
3354 2843 3618 2916 gentium
3655 2858 3667 2896 :
3705 2841 3818 2897 Non

403 2944 482 2991 est
508 2935 670 2998 mihi,
702 2933 782 2988 ait
812 2933 1062 2988 voluntas
1093 2933 1151 2985 in
1183 2931 1354 3001 vobis,
1385 2930 1519 2986 dicit
1547 2933 1814 2986 Dominus
1843 2934 2228 2994 exercituum;
2258 2941 2309 2988 et
2338 2950 2541 2988 munus
2585 2949 2695 2989 non
2741 2934 3038 3005 suscipiam
3067 2937 3132 2988 de
3161 2950 3329 2996 manu
3358 2941 3552 2988 vestra.
3586 2933 3663 2987 Ab
3692 2936 3821 2987 ortu

403 3023 554 3080 enim
576 3022 708 3079 solis
738 3037 906 3092 usque
937 3019 1005 3073 (ut
1035 3034 1282 3074 occasum
1310 3035 1580 3090 magnum
1623 3024 1704 3075 est
1751 3035 1946 3075 nomen
1978 3036 2158 3076 meum
2189 3023 2249 3076 in
2278 3021 2562 3090 gentibus:
2593 3025 2662 3077 et
2685 3023 2743 3076 in
2775 3020 2928 3077 omni
2977 3021 3090 3077 loco
3137 3022 3483 3092 sacriﬁcatur
3510 3029 3561 3076 et
3589 3017 3823 3092 ofertur

405 3113 624 3169 nomini
653 3126 774 3165 meo
804 3108 1009 3165 oblatio
1040 3109 1264 3163 munda
1293 3108 1543 3179 (Malach.
1579 3126 1620 3173 1,
1652 3109 1740 3178 10,
1775 3109 1884 3179 11).

476 3202 700 3266 ΙεΑιΑΜ,
731 3197 1053 3266 Jnaamum,
1090 3197 1446 3252 Ezncaxenaza
1477 3201 1535 3251 et
1564 3196 1864 3252 Damnum
1891 3197 2025 3269 quis
2072 3203 2265 3270 potest
2295 3198 2380 3254 vel
2431 3199 2773 3271 intelligere,
2805 3201 2892 3256 vel
2937 3200 3265 3272 exponere?
3294 3199 3552 3262 Quorum
3586 3197 3815 3270 primus

405 3307 519 3346 non
554 3289 922 3362 prophetiam
956 3286 1100 3341 mihi
1133 3286 1364 3341 videtur
1393 3290 1607 3352 texere,
1639 3287 1738 3340 sed
1773 3286 2182 3358 Evangelium;
2209 3318 2273 3328 --
2305 3289 2603 3344 secundus
2634 3289 2857 3361 virgam
2900 3306 3149 3345 nuceam
3179 3293 3238 3345 et
3267 3288 3441 3344 ollam
3475 3303 3818 3344 succensam

407 3395 442 3434 a
466 3378 611 3433 facie
659 3375 965 3448 Aquilonis
995 3376 1212 3446 (Jerem.
1249 3391 1288 3439 1,
1324 3375 1408 3439 11,
1451 3374 1557 3445 13),
1581 3379 1638 3430 et
1669 3377 1917 3446 pardum
1969 3376 2286 3448 spoliatum
2319 3377 2444 3434 suis
2475 3377 2770 3434 coloribus
2817 3383 2876 3434 et
2927 3377 3290 3450 quadruplex
3321 3376 3569 3434 diversis
3618 3376 3822 3433 metris

407 3467 582 3522 nectit
611 3465 1025 3538 alphabetum;
1055 3494 1122 3504 —
1151 3462 1359 3520 tertius
1392 3462 1682 3535 principia
1711 3469 1767 3519 et
1799 3464 1974 3520 finem
2008 3466 2190 3521 tantis
2237 3465 2412 3522 habet
2459 3467 2920 3524 obscuritatibus
2952 3466 3232 3536 involuta,
3270 3471 3333 3522 ut
3361 3467 3516 3539 apud
3550 3466 3826 3522 Hebreos

406 3558 531 3612 istae
565 3560 760 3628 partes
789 3570 924 3610 cum
957 3552 1192 3609 exordio
1221 3555 1512 3608 Geneseos
1543 3557 1678 3607 ante
1727 3569 1914 3608 annos
1963 3553 2202 3625 triginta
2236 3571 2347 3610 non
2382 3554 2680 3628 legantur;
2705 3587 2771 3596 —-
2803 3561 3052 3627 quartus
3081 3571 3237 3626 vero,
3271 3555 3372 3627 qui
3424 3560 3482 3610 et
3528 3559 3826 3610 extremus

409 3647 564 3702 inter
593 3650 847 3718 quatuor
889 3642 1224 3716 prophetas,
1258 3645 1587 3712 temporum
1641 3641 1914 3697 conscius
1944 3646 2002 3696 et
2030 3643 2210 3698 totius
2261 3644 2468 3699 mundi
2516 3642 2808 3720 φιλίστωρ,
2844 3644 3098 3717 lapidem
3154 3647 3460 3716 praecisum
3513 3645 3584 3700 de
3633 3646 3831 3700 monte

408 3736 537 3792 sine
571 3735 844 3791 manilius
876 3739 933 3788 et
966 3748 1144 3803 regna
1175 3730 1374 3786 omnia
1403 3731 1837 3786 subvertentem
1869 3732 2030 3802 (Dan.
2065 3749 2126 3802 ιι,
2158 3733 2270 3803 34),
2304 3732 2458 3788 claro
2489 3750 2756 3790 sermone
2787 3735 3150 3806 pronuntiat.

487 3825 691 3892 Dawn,
741 3821 1064 3878 Simonides
1113 3824 1333 3885 noster,
1384 3819 1693 3889 Pindarus,
1727 3823 1782 3874 et
1832 3819 2077 3890 Alcaeus,
2112 3820 2351 3877 Flaccus
2402 3839 2656 3895 quoque,
2688 3823 2974 3891 Catullus,
3007 3828 3182 3896 atque
3227 3828 3498 3892 Serenus,
3530 3820 3828 3878 Christum

415 3915 540 3988 lyra
572 3916 866 3987 personat,
896 3915 955 3967 et
982 3912 1042 3964 in
1076 3909 1438 3965 decachordo
1471 3908 1766 3980 psalterio,
1791 3911 1862 3964 ab
1896 3909 2096 3965 inferis
2127 3910 2340 3966 excitat
2368 3917 2790 3984 resurgentem.

483 4005 777 4070 SALOMON,
811 4000 1091 4072 paciﬁcus
1125 4003 1183 4053 et
1212 3995 1485 4053 amabilis
1517 3997 1762 4066 Domini,
1801 4015 1991 4055 mores
2022 3999 2284 4071 corrigit,
2318 4005 2587 4057 naturam
2619 4003 2806 4074 docet,
2836 4002 3152 4058 Ecclesiam
3177 4001 3381 4074 jungit
3411 4006 3471 4058 et
3499 3999 3825 4064 Christum,

411 4097 872 4163 sanctarumque
902 4088 1244 4160 nuptiarum
1277 4086 1447 4142 dulce
1477 4086 1636 4142 canit
1665 4087 2136 4159 epithalamium.

482 4185 728 4252 Esraza,
760 4180 821 4234 in
854 4176 1126 4234 Ecclesiae
1155 4180 1312 4247 typo,
1348 4175 1630 4248 populum
1663 4175 1873 4232 liberat
1903 4177 1973 4231 de
2005 4177 2262 4249 periculo
2292 4183 2348 4234 et
2378 4179 2680 4236 interfecto
2713 4186 2918 4250 Aman,
2953 4182 3053 4253 qui
3089 4181 3508 4252 interpretatur
3538 4177 3826 4250 iniquitas

411 4281 606 4343 partes
635 4268 882 4326 convivii
913 4270 968 4322 et
998 4266 1155 4320 diem
1187 4264 1472 4320 celebrem
1508 4264 1687 4320 mittit
1717 4265 1775 4320 in
1808 4270 2094 4336 posteros.

481 4360 967 4414 Paaaupounnon
1015 4353 1164 4409 liber
1212 4354 1269 4407 id
1320 4359 1430 4418 est,
1463 4355 1844 4410 Instrumenti
1888 4355 2110 4412 Veteris
2169 4354 2428 4429 ἐπιτομὴ,
2461 4362 2684 4428 tantus,
2717 4359 2852 4415 talis
2906 4364 3015 4424 est,
3050 4364 3115 4414 ut
3163 4360 3386 4430 absque
3438 4356 3539 4412 illo
3589 4355 3638 4412 si
3692 4354 3832 4426 quis

408 4448 715 4504 scientiam
745 4445 1180 4516 Scripturarum
1213 4441 1325 4497 sibi
1357 4441 1604 4497 voluerit
1650 4459 1944 4514 arrogare,
1980 4446 2241 4516 seipsum
2287 4445 2545 4502 irrideat.
2584 4452 2683 4503 Per
2711 4447 2946 4519 singula
2975 4447 3192 4519 quippe
3223 4443 3831 4515 nominajuncturas-

405 4554 516 4609 que
545 4536 855 4592 verborum
887 4537 944 4588 et
974 4531 1378 4603 praetermissa:
1411 4531 1469 4586 in
1500 4535 1723 4604 Regum
1781 4532 1948 4587 libris
1981 4537 2305 4605 tanguntur
2335 4535 2614 4607 historiae,
2647 4541 2704 4592 et
2737 4535 3198 4591 innumerabiles
3243 4533 3609 4604 explicantur
3638 4531 3826 4586 Evan-

404 4627 539 4699 gelii
571 4624 943 4697 quaestiones.

475 4717 698 4771 Esnaas
727 4717 785 4769 et
814 4712 1135 4781 NEHEMIAS,
1168 4713 1403 4782 adjutor
1432 4708 1722 4776 videlicet,
1754 4715 1811 4764 et
1841 4710 2176 4766 consolator
2204 4729 2236 4767 a
2267 4713 2534 4779 Domino,
2559 4711 2617 4766 in
2651 4729 2838 4767 unum
2865 4711 3139 4768 volumen
3171 4713 3566 4773 coarctantur,
3601 4708 3832 4764 instau-

401 4809 536 4860 rant
564 4801 872 4874 templum,
906 4818 1108 4858 muros
1137 4789 1764 4859 exstruunt‘civitatis;
1795 4801 2105 4871 omnisque
2131 4799 2231 4855 illa
2262 4801 2436 4856 turba
2480 4801 2680 4873 populi
2715 4799 3015 4856 redeuntis
3045 4801 3104 4855 in
3139 4799 3388 4872 patriam
3421 4802 3478 4852 et
3507 4796 3832 4869 descriptio

399 4893 795 4957 sacerdotum,
826 4891 1170 4957 Levitarum,
1207 4887 1441 4945 lsraelis
1491 4887 1943 4960 proselytorum,
1975 4905 2042 4944 ac
2072 4905 2175 4959 per
2204 4889 2475 4961 singulas
2510 4889 2762 4945 familias
2813 4905 3114 4945 murorum
3150 4905 3215 4944 ac
3245 4887 3501 4943 turrium
3529 4902 3705 4959 opera
3736 4885 3830 4940 di-

405 4979 548 5046 visa,
579 4977 737 5036 aliud
784 4977 842 5032 in
891 4977 1105 5033 cortice
1165 4977 1501 5049 praeferunt,
1533 4973 1692 5029 aliud
1726 4974 1977 5030 retinent
2026 4974 2083 5029 in
2137 4975 2410 5030 medulla.
2445 4975 2645 5032 Cernis
2679 4993 2769 5032 me
2800 4975 3242 5047 Scripturarum
3298 4989 3497 5030 amore
3557 4977 3824 5044 raptum,

399 5069 722 5126 excessisse
773 5068 1013 5123 modum
1060 5063 1343 5138 epistola,
1375 5069 1432 5121 et
1480 5069 1676 5119 tamen
1728 5079 1843 5118 non
1893 5063 2173 5136 implesse
2225 5066 2381 5136 quod
2432 5065 2608 5121 volui.
2643 5063 2988 5121 Audivimus
3033 5070 3266 5121 tantum
3299 5065 3436 5135 quid
3481 5077 3655 5118 nosse
3683 5060 3828 5133 quid

400 5173 614 5230 cupere
643 5157 980 5225 debeamus,
1019 5160 1079 5211 ut
1108 5158 1166 5210 et
1207 5171 1314 5211 nos
1345 5170 1578 5225 quoque
1628 5152 1930 5224 possimus
1959 5153 2154 5209 dicere
2186 5171 2200 5209 :
2233 5154 2578 5228 Concupivit
2605 5155 2806 5211 anima
2836 5170 2965 5210 mea
2995 5153 3330 5210 desiderare
3372 5149 3830 5224 justificationes

399 5253 534 5304 tuas
563 5246 624 5302 in
654 5245 815 5302 omni
861 5249 1124 5317 tempore
1155 5243 1326 5315 (Psal.
1361 5259 1556 5310 cxv111,
1586 5241 1700 5309 20).
1733 5243 2015 5298 Caaterum
2061 5241 2208 5297 illud
2242 5243 2608 5300 Socraticum
2641 5242 2922 5316 impletur
2949 5241 3009 5298 in
3043 5243 3234 5314 nobis,
3266 5241 3384 5299 Hoc
3414 5246 3643 5297 tantum
3678 5237 3828 5310 seio,

407 5336 564 5410 quod
597 5335 814 5392 nescio.

474 5431 734 5498 Tangam
766 5430 823 5480 et
855 5424 1075 5480 Novum
1108 5422 1356 5478 breviter
1384 5422 1852 5478 Testamentum.

479 5514 827 5581 Mammeos,
868 5511 1132 5579 Maacus,
1169 5509 1354 5566 Lucas
1394 5515 1450 5565 et
1487 5509 1766 5579 Joannes,
1797 5509 2086 5582 quadriga
2142 5509 2375 5566 Domini
2436 5513 2491 5565 et
2552 5526 2752 5566 verum
2804 5509 3144 5577 Cherubim,
3193 5509 3344 5580 quod
3407 5508 3832 5576 interpretatur

404 5601 660 5658 scientia:
695 5599 1030 5669 multitudo,
1065 5614 1165 5671 per
1195 5603 1381 5653 totum
1409 5613 1623 5668 corpus
1655 5595 1900 5652 osculati
1941 5601 2099 5664 sunt,
2135 5597 2399 5653 scintilla:
2432 5598 2710 5666 emicant,
2743 5599 3085 5656 discurrunt
3118 5597 3371 5669 fulgura,
3401 5595 3578 5667 pedes
3610 5592 3833 5650 habent

405 5696 614 5758 rectos,
637 5692 773 5747 etin
800 5689 1046 5745 sublime
1070 5689 1393 5753 tendentes,
1420 5691 1583 5757 terga
1605 5692 1860 5758 pennata
1882 5693 1938 5742 et
1967 5688 2177 5756 ubique
2201 5687 2531 5758 volitantia,
2554 5694 2757 5746 tenent
2785 5707 2848 5746 se
2874 5695 3080 5745 mutuo
3113 5687 3346 5758 sibique
3377 5683 3637 5758 perplexi
3667 5685 3834 5747 sunt,

406 5787 462 5834 et
493 5779 662 5849 quasi
696 5782 822 5833 rota
854 5778 911 5833 in
946 5783 1075 5834 rota
1106 5776 1438 5844 volvuntur,
1469 5781 1525 5830 et
1559 5781 1808 5846 pergunt
1839 5792 2192 5850 quocunque
2221 5793 2322 5833 eos
2353 5777 2529 5834 ﬂatus
2559 5777 2817 5850 Spiritus
2847 5777 3033 5834 sancti
3063 5774 3418 5847 perduxerit.
