4080 6186
271 360 378 414 177
1406 362 1783 416 ΡΒΕΡΑΤΙΟ
1823 364 1882 415 Ιδ

2082 361 2542 415 TATEUCHUM.
3587 371 3686 424 178

348 486 578 542 Paucos
607 483 920 557 Apostolus
951 486 1020 540 ad
1055 490 1279 558 septem
1313 487 1517 542 scribit
1547 485 1832 541 Ecclesiae
1867 503 1879 539 :
1915 489 2118 540 octava
2150 487 2330 546 enim,
2366 485 2434 538 ad
2473 490 2768 554 lli-:aaaos,
2795 504 2824 540 a
2858 486 3151 561 plerisque
3182 496 3342 547 extra
3374 509 3682 551 numerum

272 575 532 647 ponitur.
567 576 922 631 TIMOTHEUM
957 575 1197 631 instruit
1228 593 1294 631 ac
1320 575 1513 632 ΤιτυΜ
1543 580 1600 631 et
1629 579 2010 630 PHILEMONEM
2044 591 2146 646 pro
2181 573 2423 645 fugitivo
2457 576 2676 630 famulo
2707 576 3075 648 deprecatur.
3110 581 3299 651 Super
3327 600 3443 655 quo
3476 585 3685 640 melius

271 672 464 720 tacere
496 668 638 736 puto
663 681 840 736 quam
871 681 1059 736 pauca
1089 665 1369 721 scribere.

345 757 530 808 Acrus
560 759 987 809 Arosronoauu
1019 753 1237 808 nudam
1268 754 1506 824 quidem
1529 769 1742 809 sonare
1774 753 2046 808 videntur
2075 751 2385 807 historiam
2418 756 2475 806 et
2506 754 2802 808 nascentis
2840 753 3110 811 Ecclesiae
3131 755 3442 815 infantiam
3475 765 3689 830 texere;

271 843 375 897 sed
408 843 456 897 si
494 842 832 897 noverimus
862 842 1209 914 scriptorem
1244 858 1446 897 eorum
1481 847 1697 898 Lucam
1731 859 1859 897 esse
1892 841 2186 896 medicum
2216 840 2444 912 (Coloss.
2473 858 2536 905 ιι,
2596 842 2704 910 14),
2755 843 2923 913 cujus
2957 843 3086 899 laus
3130 851 3219 900 est
3264 847 3323 901 in
3361 848 3688 922 Evangelia,

272 931 821 986 animadvertemus
851 930 1068 1002 pariter
1091 931 1291 987 omnia
1322 931 1495 987 verba
1527 930 1687 986 illius
1719 931 1930 986 anima
1957 929 2285 1000 languentis
2316 946 2444 985 esse
2478 929 2852 985 medicinam.

339 1022 619 1089 Jacoeus,
651 1025 906 1086 Peravs,
934 1036 1206 1089 JOANNES,
1235 1036 1421 1088 JUDAS,
1455 1024 1676 1092 septem
1712 1018 2002 1090 Epistolas
2033 1019 2366 1083 ediderunt,
2403 1024 2519 1072 tam
2560 1018 2839 1091 mysticae
2873 1037 3047 1091 quam
3089 1024 3440 1094 succinctas,
3474 1032 3531 1082 et
3557 1029 3688 1083 bre-

268 1125 370 1165 ves
401 1111 622 1182 pariter
653 1125 720 1163 ac
749 1109 955 1180 longas
987 1125 1000 1163 :
1037 1110 1239 1164 breves
1272 1108 1331 1164 in
1364 1109 1578 1174 verbis,
1610 1109 1818 1180 longas
1851 1107 1908 1162 in
1943 1107 2254 1162 sententiis
2287 1123 2298 1160 :
2330 1111 2392 1161 ut
2423 1123 2591 1161 rarus
2623 1108 2700 1162 sit
2745 1108 2847 1180 qui
2901 1125 3015 1164 non
3077 1111 3133 1164 in
3186 1128 3386 1169 earum
3440 1114 3690 1172 lectione

269 1201 571 1254 cacutiat.

341 1293 729 1345 APOCALYPSIS
755 1289 996 1344 Jomms
1028 1293 1106 1344 tot
1140 1291 1317 1344 habet
1347 1293 1714 1344 sacramenta
1745 1292 1888 1358 quot
1909 1289 2103 1343 verba.
2131 1288 2346 1343 Parum
2377 1287 2496 1341 dixi
2529 1292 2584 1342 et
2606 1305 2710 1359 pro
2743 1290 2951 1344 merito
2985 1289 3304 1348 voluminis
3337 1295 3464 1348 laus
3495 1298 3688 1352 omnis

268 1379 520 1434 inferior
549 1383 660 1434 est.
696 1379 755 1433 ln
788 1378 981 1433 verbis
999 1377 1252 1450 singulis
1277 1376 1635 1449 multiplices
1654 1377 1839 1432 latent
1857 1375 2281 1448 intelligentia.
2300 1376 2411 1431 Oro
2430 1381 2507 1446 te,
2533 1377 2713 1432 frater
2762 1377 3132 1449 charissime,
3157 1380 3308 1436 inter
3329 1381 3450 1438 hac
3476 1383 3684 1450 vivere,

266 1468 386 1524 ista
408 1466 702 1532 meditari,
725 1466 871 1522 nihil
894 1466 1054 1522 aliud
1078 1483 1274 1536 nosse,
1299 1464 1447 1522 nihil
1471 1465 1973 1538 quarere.Nonne
2001 1465 2108 1520 tibi
2125 1466 2496 1535 videturjam
2521 1465 2616 1520 hic
2638 1465 2695 1520 iu
2719 1467 2892 1522 tenris
2915 1468 3077 1540 regni
3110 1469 3362 1526 caelestis
3383 1471 3688 1528 habitacu-

272 1558 440 1612 lum?
470 1557 616 1612 Nolo
642 1557 956 1612 offenderis
987 1557 1046 1612 in
1077 1556 1398 1627 Scripturis
1430 1556 1652 1611 sanctis
1682 1555 2078 1627 simplicitate,
2113 1555 2352 1626 etquasi
2375 1554 2598 1610 vilitate
2616 1555 2948 1628 verborum,
2970 1575 3096 1630 qua
3117 1560 3208 1615 vel
3241 1560 3380 1616 vitio
3405 1561 3688 1633 interpre-

270 1653 426 1717 tum,
452 1646 540 1701 vel
565 1645 638 1701 de
679 1645 996 1712 industria,
1019 1643 1102 1700 sic
1128 1644 1356 1717 prolata
1379 1649 1542 1711 sunt,
1567 1649 1632 1699 ut
1662 1645 1945 1699 rusticam
1979 1643 2318 1698 concionem
2360 1643 2590 1699 facilius
2631 1643 3015 1716 instruerent,
3049 1652 3108 1702 et
3128 1647 3186 1702 in
3222 1665 3338 1704 una
3365 1651 3688 1723 eademque

270 1735 570 1791 sententia
599 1734 768 1791 aliter
797 1733 1205 1806 doctus,alite_r
1235 1732 1465 1788 audiret
1488 1733 1781 1788 indoctus.
1805 1732 1928 1787 Non
1953 1747 2086 1786 sum
2117 1735 2236 1786 tam
2271 1729 2542 1802 petulans
2564 1736 2620 1786 et
2643 1731 2843 1797 hebes,
2869 1738 2934 1788 ut
2956 1733 3075 1789 hac
3101 1751 3193 1791 me
3219 1753 3392 1793 nosse
3412 1737 3691 1810 pollicear

272 1831 328 1880 et
361 1840 568 1879 eorum
605 1824 830 1878 fructus
856 1839 1061 1894 capere
1093 1839 1345 1895 quorum
1369 1822 1595 1878 radices
1615 1822 1677 1877 in
1700 1821 1841 1878 coelo
1864 1822 1987 1876 ﬁxa
2009 1823 2185 1888 sunt;
2213 1819 2312 1875 sed
2336 1817 2480 1875 velle
2505 1821 2710 1876 fateor.
2758 1822 2995 1877 Sedenti
3038 1839 3132 1879 me
3154 1827 3396 1896 praefero
3433 1844 3446 1882 :
3492 1827 3687 1899 magi-

273 1917 472 1969 strum
501 1929 777 1978 renuens,
811 1911 1087 1967 comitem
1119 1911 1396 1984 spondeo.
1436 1911 1659 1966 Petenti
1690 1911 1886 1976 datur,
1918 1909 2178 1981 pulsanti
2212 1909 2489 1979 aperitur,
2513 1925 2782 1980 quarens
2817 1910 3059 1966 invenit.
3085 1913 3390 1970 Discamus
3421 1915 3480 1970 in
3512 1915 3684 1972 terris

273 2019 530 2074 quorum
565 2001 811 2058 scientia
843 2001 1012 2058 nobis
1043 2004 1372 2073 perseveret
1400 1999 1460 2056 in
1483 2000 1648 2056 calo.
1673 1999 1869 2055 Obviis
1892 2003 1946 2055 te
1969 1998 2244 2054 manibus
2275 1998 2655 2070 excipiam,et
2677 2000 2978 2072 (utinepte
3007 2001 3225 2071 aliquid
3257 2019 3322 2058 ac
3355 2003 3425 2058 de
3448 2004 3685 2060 Herma-

268 2109 429 2164 gora
455 2090 794 2146 tumiditate
823 2089 1106 2160 eil'utiam)
1139 2089 1427 2160 quidquid
1457 2088 1780 2160 quaeieris,
1803 2091 1996 2143 tecum
2030 2086 2177 2142 scire
2209 2087 2481 2143 conabor.
2534 2087 2725 2142 Habes
2775 2087 2869 2142 hic
2916 2090 3394 2146 amantissimum
3437 2093 3523 2146 tui
3571 2093 3689 2148 fra-

267 2186 421 2237 trem
459 2179 799 2249 Eusebium,
832 2179 930 2250 qui
962 2179 1295 2234 litterarum
1327 2187 1562 2234 tuarum
1594 2177 1741 2232 mihi
1771 2176 2022 2248 gratiam
2053 2174 2397 2247 duplicavit,
2445 2176 2702 2231 referens
2751 2176 3119 2233 honestatem
3152 2194 3385 2234 morum
3429 2185 3688 2252 tuorum,

263 2275 674 2341 contemptum
707 2267 927 2336 saculi,
961 2268 1136 2324 fidem
1169 2267 1463 2335 amicitia,
1497 2283 1759 2322 amorem
1811 2267 2050 2322 Christi.
2115 2265 2260 2322 Nam
2296 2265 2668 2336 prudentiam
2723 2271 2781 2322 et
2831 2266 3050 2338 eloquii
3095 2274 3462 2325 venustatem
3513 2270 3691 2327 etiam

272 2360 505 2432 absque
536 2356 637 2412 illo
667 2357 798 2429 ipsa
827 2356 1074 2428 epistola
1098 2357 1459 2428 praferebat.
1496 2356 1754 2426 Festina,
1787 2372 1984 2428 quaso
2015 2361 2092 2424 te,
2123 2359 2181 2409 et
2213 2353 2488 2410 haerentis
2520 2354 2578 2408 in
2613 2354 2735 2410 salo
2769 2355 3048 2411 navicula
3083 2357 3283 2413 funem
3319 2359 3512 2430 magis
3544 2377 3694 2431 pra-

269 2450 402 2505 cide
433 2464 614 2519 quam
645 2447 823 2502 solve.
856 2446 1038 2502 Nemo
1071 2445 1515 2501 renuntiaturus
1549 2444 1758 2500 saculo
1792 2446 1935 2500 bene
1967 2449 2158 2516 potest
2186 2445 2437 2498 vendere
2469 2461 2598 2516 quae
2619 2446 2974 2516 contempsit
2996 2451 3062 2502 ut
3077 2449 3698 2521 venderet.Quidquid

273 2539 331 2593 in
368 2543 650 2610 sumptus
680 2538 751 2592 de
782 2544 878 2591 tuo
910 2536 1138 2605 tuleris,
1173 2553 1275 2608 pro
1299 2535 1460 2590 lucro
1485 2541 1782 2606 computa.
1808 2534 2370 2604 Antiquumdictum
2393 2538 2504 2602 est,
2538 2536 2718 2588 Avaro
2737 2538 2860 2588 tam
2906 2535 3071 2590 deest
3115 2537 3272 2608 quod
3311 2535 3487 2593 habet
3514 2554 3697 2608 quam

265 2629 419 2699 quod
457 2643 573 2682 non
605 2626 805 2682 habet.
835 2624 1102 2681 Credenti
1131 2631 1292 2681 totus
1326 2625 1590 2680 mundus
1626 2625 1961 2679 divitiarum
1987 2629 2074 2678 est
2097 2641 2110 2677 :
2135 2622 2390 2678 infidelis
2413 2630 2608 2678 autem
2633 2624 2809 2678 etiam
2832 2623 3002 2679 obolo
3027 2624 3266 2696 indiget.
3296 2626 3390 2681 Sic
3413 2627 3702 2696 vivamus,

271 2725 565 2790 tanquam
593 2714 739 2771 nihil
763 2715 1067 2782 habentes,
1101 2717 1157 2770 et
1187 2715 1387 2770 omnia
1422 2713 1792 2787 possidentes
1822 2714 1894 2785 (11
1925 2717 2050 2770 Cor.
2085 2729 2160 2777 vr,
2211 2713 2317 2783 10).
2370 2712 2576 2768 Victus
2609 2718 2666 2768 et
2700 2713 2946 2768 vestitus
2977 2713 3189 2768 divitia
3213 2714 3688 2773 Christianorum

272 2811 441 2862 sunt.
479 2805 538 2860 Si
575 2804 754 2859 habes
787 2803 846 2858 in
879 2808 1164 2876 potestate
1187 2820 1308 2858 rem
1327 2808 1514 2872 tuam,
1548 2803 1730 2858 vende
1759 2820 1773 2870 ;
1804 2804 1851 2858 si
1887 2819 2000 2856 non
2036 2802 2238 2864 habes.
2263 2802 2496 2872 projice.
2531 2799 2778 2855 Tollenti
2815 2802 3098 2870 tunicam,
3146 2807 3202 2856 et
3235 2802 3479 2873 pallium
3508 2804 3688 2859 relin-

277 2897 593 2968 quendum
624 2899 715 2948 est
742 2891 956 2964 (Matth.
990 2909 1043 2948 v.
1079 2892 1188 2960 40).
1212 2891 1442 2948 Scilicet
1472 2892 1583 2946 nisi
1614 2897 1701 2960 tu,
1734 2907 1964 2962 semper
1995 2889 2411 2958 recrastinans,
2444 2894 2500 2944 ct
2529 2889 2680 2943 diem
2716 2890 2787 2944 de
2820 2889 2914 2944 die
2943 2889 3205 2960 trahens,
3238 2895 3410 2946 caute
3439 2897 3497 2948 et
3525 2894 3697 2964 pede-

282 2984 500 3039 tentim
523 2988 659 3037 tuas
682 2979 1195 3054 possessiunculas
1227 2981 1579 3046 vendideris,
1605 2997 1719 3036 non
1752 2980 1928 3035 habet
1957 2979 2227 3034 Christus
2260 2979 2413 3033 unde
2446 2978 2563 3032 alat
2594 2993 2882 3049 pauperes
2912 2995 3071 3034 suos.
3108 2978 3316 3035 Totum
3365 2980 3481 3036 Deo
3514 2981 3698 3050 dedit,

283 3076 386 3146 qui
441 3073 706 3143 seipsum
738 3071 972 3126 obtulit.
1003 3070 1270 3142 Apoetoli
1303 3086 1508 3125 navem
1541 3073 1775 3124 tantum
1809 3073 1865 3123 et
1894 3069 2041 3123 retia
2081 3066 2449 3138 reliquerunt
2481 3066 2685 3134 (Matth.
2721 3082 2796 3136 IV,
2826 3066 2926 3132 20;
2961 3068 3089 3121 Luc.
3121 3083 3180 3134 v,
3212 3069 3320 3138 11).
3356 3067 3548 3124 Vidua
3579 3070 3696 3123 duo

282 3181 400 3218 ara
432 3161 596 3217 misit
625 3162 684 3216 in
713 3159 1218 3233 ga20phylacium,
1252 3164 1311 3214 et
1340 3160 1645 3231 prat'ertur
1675 3157 1852 3214 Croesi
1885 3157 2108 3212 divitiis
2156 3157 2310 3228 (Luc.
2339 3173 2456 3225 xxI,
2486 3159 2541 3227 2,
2569 3157 2645 3227 3).
2682 3154 2872 3211 Facile
2902 3156 3224 3212 contemnit
3256 3157 3472 3228 omnia,
3508 3157 3608 3229 qui
3640 3174 3701 3214 se

277 3269 520 3324 semper
550 3251 770 3322 cogitat
802 3265 932 3306 esse
965 3250 1338 3305 moriturum.

954 3495 1089 3612 S.
1178 3491 1901 3612 BUSEBH
1987 3492 3042 3611 HIBRONYMI

1428 3678 2002 3745 STRIDONENSIS
2054 3677 2576 3759 PRESBYTERI,

582 3831 1511 4000 DIVIME
1665 3829 3435 4001 BIBLIOTHECAB

1440 4088 1890 4212 PARS
1995 4088 2594 4238 PRIMA,

282 4279 441 4351 Qua
490 4277 928 4358 complectitur
968 4281 1286 4341 Canonem
1327 4277 1662 4358 Hebraica
1686 4274 1990 4358 veritatis,
2025 4293 2167 4335 cum
2215 4274 2722 4358 annotationibus
2751 4272 3202 4358 marginalibus
3243 4271 3487 4334 Hebrai
3527 4271 3730 4349 cujus-

799 4358 942 4418 dam
975 4361 1086 4438 qui
1115 4365 1400 4437 tempore
1431 4357 1670 4418 Rabaui
1704 4357 1901 4416 Mauri
1929 4356 1991 4415 in
2025 4357 2286 4416 scientia
2319 4356 2495 4432 Legis
2535 4355 3058 4415 celebratissimus
3087 4354 3226 4414 fuit.

1101 4598 1552 4712 OBDO
1632 4596 2316 4733 PRIMUS,
2397 4597 2917 4708 LEGIS.

525 4875 1178 4970 PBzEFATIO
1254 4875 1346 4968 s.
1419 4835 2128 4967 HIERONYMI
2199 4866 2328 4966 IN
2399 4873 3485 4988 PENTATEUCHUM‘,

1683 5029 1796 5094 AD
1845 5026 2358 5094 DESIDERIUM.

279 3375 716 3403 Ξ

721 3371 3704 3400 Μ

351 5273 658 5332 Desiderii
681 5274 703 5308 ³
742 5273 856 5329 mei
888 5272 1247 5328 desideratas
1278 5270 1470 5341 accepi
1506 5269 1812 5340 epistolas,
1860 5270 1959 5343 qui
1990 5273 2038 5340 Α
2075 5275 2174 5325 tus
2199 5273 2544 5334 estnomen,
2573 5267 2936 5324 obsecrantis
2985 5268 3146 5340 (Dan.
3183 5285 3260 5336 IX,
3291 5267 3403 5336 23),
3437 5269 3500 5320 ut
3528 5269 3722 5319 trans-

279 5366 559 5438 qnodam
587 5363 871 5435 praesagio
906 5361 1296 5428 futurorum‘,
1328 5375 1461 5413 cum
1518 5357 1753 5413 Daniele
1784 5359 1954 5414 sorti-
2066 5359 2251 5414 latum
2309 5359 2370 5414 in
2431 5357 2698 5414 Latinam
2730 5356 2996 5429 linguam
3047 5358 3118 5413 de
3169 5357 3408 5412 Hebrao
3452 5370 3719 5410 sermone

355 5497 374 5528 ¹
421 5488 744 5559 Exegimus
771 5488 925 5543 hanc
950 5485 1257 5559 epistolam
1281 5483 1353 5537 ad
1378 5488 1496 5559 t_res
1517 5500 1662 5539 mss.
1685 5484 1912 5559 codices
1939 5501 1952 5559 ε
2137 5485 2159 5518 ³
2189 5483 2293 5539 Hic
2324 5482 2425 5538 ille
2454 5481 2792 5538 Deeiderius
2836 5481 3088 5544 videtur,
3123 5481 3193 5534 ad
3244 5495 3416 5559 quem
3466 5479 3715 5559 epistola

277 5577 488 5618 unum
527 5551 762 5633 collegii
795 5551 1183 5633 RomaniPP:
1218 5557 1343 5610 Soc.
1379 5555 1541 5633 .lesu,
1575 5561 1656 5633 et_
1677 5555 1824 5633 duos
1855 5555 1954 5626 qui
2139 5628 2156 5633 _
2191 5626 2230 5633 ῃ
2288 5628 2303 5633 _
2433 5626 2454 5633 _
2667 5625 2680 5633 _
2710 5625 2723 5633 _
3163 5620 3198 5633 η
3248 5551 3334 5633 in
3369 5557 3571 5633 nostra

276 5650 460 5690 nunc
488 5620 1596 5699 suntV‘aticanaqbibliotheca,a|terum
1624 5620 1952 5699 Palatinum
2138 5628 2158 5661 ³
2191 5626 2401 5681 Iisdem
2428 5626 2545 5681 fere
2566 5625 2759 5681 verbis
2787 5640 2920 5680 eum
2955 5620 3266 5693 compellat
3294 5621 3356 5699 in_
3389 5623 3562 5699 modo
3593 5621 3712 5678 lau-

1551 5698 1662 5752 sub
1690 5715 1747 5753 n.
1780 5699 1815 5752 3
3325 5693 3464 5751 data
3493 5695 3566 5750 ad
