4080 6186
348 380 451 438 179
1378 385 1437 437 S.
1479 383 1890 438 HIERONYMI
1927 383 2180 435 DIVINA
2216 382 2721 439 BIBLIOTHECA.
3655 384 3754 438 180

344 508 867 575 Pentateueheum,
891 514 1229 563 nostrorum
1252 505 1999 567 auribustraderem.Peri.
2028 506 2082 572 Α
2114 510 2310 561 mento
2342 506 2615 583 legimus,
2648 524 2774 580 qure
2800 506 2860 562 in
2892 507 3110 562 nostris
3142 507 3445 563 codicibus
3478 524 3592 567 non
3652 508 3759 566 ha.

352 598 621 657 culosnm
667 612 815 670 Opus
860 602 1035 666 certe,
1086 601 1143 652 et
1195 596 1654 653 obtrectatorum
1690 611 1957 651 meorum
1982 594 1999 627 ¹
2114 593 2344 662 bentur;
2380 599 2443 649 ut
2459 600 2548 651 est
2576 594 2719 651 illud
2749 614 2762 651 :
2789 598 2870 651 Ea:
2897 599 3128 669 At‘gypto
3155 601 3350 653 vocavi
3361 596 3552 668 ﬁlium
3582 617 3765 655 meum

353 689 670 746 latratibus
694 696 923 761 patens,
955 687 1058 758 qui
1085 704 1178 742 me
1211 691 1479 743 asserunt
1520 687 1581 741 in
1623 686 2006 757 Septuaginta
2114 682 2319 755 (Matth.
2372 701 2434 751 ιι,
2489 684 2576 755 15)
2599 703 2623 749 ;
2674 691 2731 740 et
2765 702 2779 741 :
2812 688 3091 756 Quoniam
3131 686 3436 742 Namrazus
3473 688 3767 745 vocabitur

357 781 748 851 Interpretum
773 775 1249 850 suggillationem
1274 793 1423 831 nova
1451 792 1554 848 pro
1579 775 1875 830 veteribus
1904 790 2003 829 cu-
2114 772 2273 839 (ibid.
2330 772 2462 844 23);
2514 778 2570 828 et
2613 789 2627 827 :
2687 775 2956 830 Videbunt
3015 777 3076 831 in
3108 792 3267 849 quem
3325 788 3766 851 compunxerunt

360 871 496 925 dere
521 909 535 936 ,
565 868 648 923 ita
677 866 984 939 ingenium
1022 864 1191 937 quasi
1234 864 1434 921 vinum
1466 864 1779 939 probantes
1796 864 1838 933 ’ς
1872 879 2005 918 cum
2115 860 2294 931 (lacn.
2324 878 2440 917 xIx.
2474 863 2603 935 37);
2655 868 2713 918 et
2734 884 2753 919 .-
2785 864 3047 923 Flumina
3079 865 3144 921 de
3200 874 3388 921 ventre
3432 868 3555 939 ejus
3594 870 3769 939 ﬂuent

360 975 465 1031 ego
498 955 825 1028 saepissime
856 959 1107 1011 testatus
1141 954 1278 1020 sim,
1310 971 1403 1011 me
1432 970 1536 1025 pro
1556 951 1708 1011 virili
1743 950 2011 1026 portione
2118 965 2297 1022 aqua?
2326 952 2460 1006 viva
2486 952 2668 1023 (Joan.
2703 970 2801 1023 vn,
2833 954 2955 1024 38);
2990 957 3046 1009 et
3072 970 3084 1008 :
3117 954 3254 1023 Quae
3276 971 3373 1010 nec
3402 956 3590 1011 oculus
3606 956 3764 1025 vidit,

359 1046 420 1103 in
467 1043 848 1102 tabernaculo
881 1042 985 1098 Dei
1034 1042 1237 1098 offerre
1268 1058 1394 1114 qua:
1418 1040 1638 1115 possim
1661 1043 1702 1108 ³,
1738 1057 1842 1096 nec
1872 1056 2011 1113 opes

365 1136 609 1191 alterius
660 1133 910 1188 aliorum
958 1136 1304 1203 paupertate
1348 1131 1571 1185 foedari.
1617 1130 1778 1196 Quod
1812 1134 1877 1185 ut
1906 1147 2010 1184 au-

361 1226 584 1293 derem,
636 1222 905 1294 Origenis
936 1237 1030 1275 me
1063 1221 1325 1275 studium
1360 1220 1711 1290 provocavit,
1743 1218 1842 1290 qui
1891 1219 2011 1273 edi-

358 1314 502 1369 tioni
551 1312 809 1382 antiquis
885 1310 1326 1365 translationem
1405 1308 1825 1365 Theodotionis
1899 1309 2004 1363 miv

358 1402 533 1467 seuit,
630 1400 908 1455 asterisco
999 1401 1087 1471 ᾗὲ,
1165 1402 1223 1454 et
1298 1398 1514 1453 obelo‘
1604 1405 1697 1467 +,
1769 1398 1827 1453 id
1906 1402 2013 1467 est,

366 1491 539 1548 stella
595 1493 652 1544 et
710 1506 845 1544 veru
878 1489 900 1523 ⁸
956 1505 1106 1559 opus
1164 1496 1335 1543 omne
1406 1487 1828 1559 distinguens:
1872 1488 2014 1542 dum

365 1583 469 1635 aut
498 1579 839 1635 illucescere
861 1580 882 1613 ⁸
913 1578 1052 1632 facit
1083 1594 1207 1649 quae
1240 1577 1437 1632 minus
1468 1582 1602 1632 ante
1632 1577 1883 1647 fuerant,
1917 1581 2018 1633 aut

365 1669 663 1741 superﬂua
686 1683 932 1741 quaeque
954 1667 1214 1739 jugulat,
1248 1674 1301 1723 et
1330 1666 1622 1721 confodit:
1646 1666 2017 1739 maximeque

367 1775 495 1831 quea
552 1757 1087 1829 evangelistarum"
1128 1761 1188 1811 et
1249 1754 1647 1830 apostolorum
1699 1757 2016 1811 auctoritas

2123 1056 2221 1095 nec
2250 1040 2406 1095 auris
2437 1041 2670 1109 audivit,
2704 1058 2803 1098 nec
2832 1044 2890 1097 in
2911 1059 3006 1099 cor
3049 1043 3295 1099 hominis
3341 1044 3704 1101 ascenderunt
3723 1047 3766 1120 ⁸,

2121 1144 2246 1199 quae
2269 1129 2615 1201 praeparavit
2645 1135 2791 1186 Deus
2835 1130 3199 1203 diligentibus
3253 1150 3308 1188 se
3360 1134 3406 1205 (Ι
3437 1135 3559 1189 Cor.
3593 1152 3658 1203 ιι,
3687 1134 3766 1207 9),

2122 1222 2179 1272 et
2237 1218 2421 1273 multa
2452 1218 2566 1274 alia
2597 1236 2722 1291 quae
2757 1222 3055 1292 proprium
3082 1219 3360 1299 σύνταγμα
3409 1223 3765 1279 desiderant.

2127 1306 2557 1379 interrogemus
2619 1324 2752 1377 ergo
2805 1326 2925 1375 eos,
2984 1310 3080 1365 ubi
3116 1309 3236 1365 haec
3268 1310 3481 1381 scripta
3512 1312 3634 1367 sint
3666 1330 3679 1368 :
3713 1316 3772 1371 et

2126 1411 2259 1450 cum
2294 1396 2483 1451 dicere
2516 1414 2631 1451 non
2663 1399 2979 1469 potuerint,
3012 1400 3083 1454 de
3114 1398 3279 1455 libris
3303 1399 3603 1457 Hebraicis
3634 1418 3769 1473 pro-

2126 1484 2405 1539 feramus.
2425 1485 2688 1540 Primum
2714 1485 3118 1542 testimonium
3144 1492 3233 1543 est
3256 1487 3313 1542 in
3342 1492 3487 1545 Osee
3518 1491 3659 1561 (cap.
3693 1507 3770 1557 ιιι,

2125 1589 2265 1639 vers,
2287 1573 2359 1643 1),
2393 1575 2714 1631 secundum
2753 1576 2808 1630 in
2844 1575 2994 1631 Isaia
3024 1578 3164 1649 (cap.
3196 1594 3297 1645 xu,
3352 1592 3495 1633 vers.
3553 1579 3625 1650 1),
3657 1583 3776 1633 ter-

2125 1662 2274 1717 tium
2307 1661 2365 1717 in
2398 1663 2677 1719 Zacharia
2719 1665 2861 1737 (cap.
2915 1682 3017 1736 x11,
3048 1682 3188 1721 vers.
3244 1667 3329 1735 10,
3382 1672 3658 1739 quartum
3711 1667 3773 1722 in

2124 1751 2456 1807 Proverbiis
2500 1752 2640 1824 (cap.
2671 1770 2810 1823 XVII,
2856 1771 2996 1811 vers.
3046 1754 3122 1827 4).
3183 1756 3463 1829 quintum
3504 1772 3666 1827 reque
3716 1756 3775 1811 in

366 1846 762 1922 promulgavit
792 1864 805 1901 :
839 1847 899 1902 in
933 1846 1151 1918 quibus
1214 1845 1403 1901 multa
1461 1846 1530 1901 de
1588 1845 1782 1901 Veteri
1813 1846 2013 1901 Testa-
2047 1877 2093 1943 Β
2128 1841 2278 1896 Isaia
2309 1843 2452 1913 (cap.
2490 1859 2637 1911 wa,
2672 1860 2814 1899 vers.
2850 1845 2922 1915 4),
2985 1844 3142 1907 Quod
3196 1844 3367 1899 multi
3415 1845 3774 1918 ignorantes,

368 1955 479 2011 sub
511 1972 571 2009 n.
598 1954 651 2019 3,
681 1953 930 2008 alterum
960 1952 1321 2009 Urbinatem.
1359 1951 1418 2006 In
1443 1952 1535 2007 his
1566 1953 1860 2021 Prologus,
1895 1952 2017 2008 sive

368 2027 641 2097 Praefatio
680 2024 743 2079 in
774 2024 1203 2097 Pentateuchum
1254 2023 1605 2097 inscribitur
1636 2039 1649 2078 :
1682 2027 1835 2095 quod
1870 2024 2017 2095 ipse-

366 2095 911 2165 met/Hieronymus
930 2095 1037 2149 hac
1068 2096 1197 2166 ipsa
1230 2096 1569 2166 praefatione
1592 2096 1808 2163 innuit,
1833 2112 2019 2165 quan-

370 2113 489 2153 met
516 2113 911 2165 hieronymus
930 2113 1037 2149 nae
1068 2113 1084 2148 ι
1132 2113 1197 2151 sa
1230 2113 1569 2166 praetauone
1592 2113 1808 2163 innuit,
1833 2113 2019 2165 quan-

370 2185 548 2241 quam
581 2168 683 2225 lib.
712 2184 754 2223 ιι
774 2175 961 2224 contra
990 2113 1285 2241 [iu/iitum,
1304 2184 1361 2241 n.
1397 2168 1488 2241 25,
1518 2167 1812 2241 Prologum
1844 2170 2021 2241 iuGe-

363 2238 545 2297 nesim
574 2244 741 2311 vocat
784 2254 1037 2311 eumque
1085 2240 1156 2295 ab
1207 2238 1375 2294 initio
1421 2240 1493 2295 ad
1550 2240 1725 2297 linem
1778 2239 2023 2297 totidem

368 2311 565 2368 verbis
598 2310 862 2381 replicat.

369 2403 570 2471 nostra
626 2398 964 2454 resensione
995 2398 1062 2452 47
1093 2398 1164 2453 ab
1188 2400 1537 2471 Hieronymo
1560 2400 1843 2471 dataiest.
1877 2401 2027 2471 Quo-

368 2477 466 2526 tus
494 2470 590 2526 ille
621 2476 992 2541 quantusque
1026 2471 1222 2537 fuerit,
1260 2488 1329 2526 ex
1353 2470 1555 2526 eadem
1583 2470 1898 2540 intelliges.
1922 2470 2021 2525 ubi

370 2543 628 2599 scientiis
659 2557 725 2596 ac
756 2543 1011 2614 pietatis,
1047 2544 1299 2597 maxime
1332 2558 1467 2597 vero
1499 2541 1847 2614 eloquentiae
1894 2542 2026 2596 lau-

373 2614 549 2670 dibus
577 2614 833 2671 elfertur.
866 2612 1045 2669 Nobis
1074 2615 1245 2671 etiam
1280 2614 1594 2682 aliquando
1616 2612 1788 2673 'visus
1809 2618 1897 2670 est
1920 2618 2031 2669 Bo-

376 2703 484 2745 mae
512 2685 926 2757 in_-presbyteri
958 2686 1143 2756 gradu
1182 2687 1463 2743 meruisse
1498 2702 1510 2739 :
1554 2685 1716 2756 isque
1748 2686 1898 2742 idem
1931 2701 2022 2739 es-

377 2774 459 2824 se,
492 2755 587 2829 cui
608 2755 673 2811 et
697 2756 766 2829 S.
785 2755 1072 2810 Paulinus
1103 2757 1274 2829 epist.
1311 2759 1378 2813 43
1410 2762 1465 2813 et
1512 2755 1756 2813 Severus
1787 2761 1843 2813 S.
1878 2757 2025 2813 Mar-

379 2829 487 2885 tini
522 2827 717 2883 Vitam
754 2828 1073 2897 inscripsit.

377 2915 514 2970 data
546 2914 615 2970 ad
647 2913 919 2969 eumdem
952 2914 1123 2985 epist.
1162 2933 1175 2970 :
1216 2935 1237 2964 α
1270 2919 1389 2971 Ηοο
1449 2916 1704 2971 nominis
1752 2913 2028 2970 vaticinio

379 2988 441 3042 in
473 2991 531 3041 te
585 2986 1062 3059 praedestinatum
1089 2992 1179 3059 est
1209 3002 1223 3053 ;
1280 2987 1534 3059 legimus
1572 2987 1728 3059 enim
1763 2991 2029 3059 sanetum

384 3073 622 3129 quoque
657 3056 949 3119 Danielem
980 3056 1806 3127 appellatumvdesideriorum
1839 3058 2030 3114 virum

383 3128 1159 3206 (’Dan'._1x,_2_3)et_amicum
1206 3129 1331 3199 Dei,
1383 3130 1518 3206 quia
1576 3130 1855 3204 mysteria
1901 3132 2032 3202 ejus

386 3201 539 3256 scire
571 3200 944 3255 desideravit.

459 3286 944 3362 *_Ill_ud_meorum
973 3286 1034 3341 in
1068 3286 1306 3344 laudata
1336 3293 1539 3345 contra
1569 3289 1849 3344 Ruﬁnum
1896 3291 2039 3362 Apo-

387 3359 635 3464 logiers.
666 3359 983 3464 Pateqnon
1016 3362 1302 3464 agnoscit.

520 3434 635 3502 Eos
664 3432 856 3501 carpit
885 3433 987 3502 qui
1037 3431 1220 3487 libros
1251 3431 1422 3488 annis
1452 3432 1747 3488 aestimant
1768 3447 1885 3486 non
1918 3431 2045 3493 suis

398 3501 647 3557 meritis.
667 3502 815 3575 Vina
833 3501 990 3559 enim
1013 3507 1182 3560 aetate
1199 3502 1479 3575 exqulisit
1502 3504 1894 3563 aredduntur:
1911 3502 2045 3575 libri

399 3590 517 3645 non
549 3576 706 3645 item.
749 3574 866 3629 Hoc
888 3591 1069 3631 sensu
1103 3575 1174 3630 ad
1226 3574 1614 3645 Augustinum
1676 3574 1888 3638 aiebat,
1922 3574 2045 3644 epi-

400 3643 531 3699 stol.
564 3644 635 3698 89
667 3662 680 3700 :
722 3662 744 3691 ι
785 3645 953 3701 Bibat
984 3648 1187 3703 vinum
1240 3643 1405 3703 vetus
1444 3663 1579 3705 cum
1627 3647 1932 3712 suavitate,
1961 3643 2046 3703 iet

400 3720 601 3772 nostra
632 3722 830 3771 musta
860 3723 1216 3773 contemnat.
1253 3742 1281 3769 »
1312 3722 1493 3773 Msa'r.

470 3787 493 3821 ⁸
528 3789 608 3842 ita
656 3804 840 3846 canon
874 3790 1237 3847 Memmianas
1284 3788 1673 3859 bibliothecae,
1706 3788 1805 3859 qui
1847 3792 2044 3843 tamen

397 3860 609 3913 retinet
634 3859 692 3913 in
726 3862 986 3925 margine
1014 3861 1325 3919 lectionem
1356 3860 1622 3927 alteram,
1673 3875 1918 3930 nempe,
1949 3875 2045 3930 pro

395 3929 503 4005 vili
516 3933 767 3998 portione
787 3955 801 3997 ε
823 3938 887 3989 ut
904 3931 1214 4005 legendum
1237 3933 1459 4004 putavit
1483 3932 1683 4005 Haimo
1699 3929 2042 4005 monechus,

403 4002 988 4072 quicommentarios
1021 4006 1205 4060 edidit
1231 4002 1289 4059 in
1335 4004 1629 4069 Genesim,
1652 4007 1709 4057 et
1740 4005 1795 4056 in
1830 4002 2043 4055 Dente-

401 4074 767 4145 ronomium,
796 4090 942 4144 quos
990 4076 1175 4132 habeo
1204 4076 1259 4130 in
1294 4076 1492 4131 codice
1526 4091 1634 4129 ms.
1671 4072 2039 4145 perantiquo.

396 4144 502 4219 llic
532 4146 716 4219 igitur
741 4147 993 4219 scriptor
1024 4147 1240 4217 prologi
1274 4147 1580 4219 praesentis
1610 4144 1845 4215 singula
1867 4144 2044 4219 verba

397 4215 538 4288 dum
563 4215 885 4288 explicaret
914 4218 997 4274 sic
1025 4215 1099 4274 de
1132 4219 1232 4275 illa
1263 4215 1513 4273 lectione
1561 4233 1892 4272 sermonem
1933 4216 2039 4270 ha-

391 4285 695 4361 buitzpro
754 4287 868 4361 vili,
909 4291 1192 4360 portione,
1252 4307 1352 4344 seu
1414 4293 1753 4361 paupertate
1785 4303 1932 4361 mea.
1979 4288 2038 4361 In

392 4356 506 4432 alia
535 4360 688 4432 enim
724 4356 1060 4427 praefatione
1089 4362 1230 4417 dicit
1259 4356 1502 4432 quod—in
1534 4356 1909 4432 tabernaculo
1944 4359 2039 4413 Dei

390 4427 489 4482 alii
520 4429 795 4484 offerrent
826 4447 1060 4497 aurum,
1116 4427 1341 4488 ladides
1389 4431 1734 4503 onychinos.
1768 4431 2034 4503 byssum,

390 4516 633 4573 coccum
666 4505 1072 4573 etpurpuram
1124 4504 1320 4573 (Exod.
1373 4502 1541 4571 xxxv,
1589 4504 1692 4569 5):
1729 4502 1841 4557 sibi
1900 4517 2034 4573 vero

392 4571 741 4648 _s_ullleer_e_si
769 4571 979 4648 saltem
1014 4571 1164 4645 pilos
1196 4574 1739 4648 caprarumtoﬂ‘erat
1771 4572 1928 4637 (Ibid.
1953 4572 2031 4643 6).

389 4642 551 4697 Hanc
582 4642 725 4698 dicit
752 4644 928 4699 vilem
962 4642 1289 4717 portionem
1338 4646 1724 4717 humiliandot
1769 4662 1852 4717 se,
1886 4642 2041 4717 cum

388 4718 587 4769 tamen
622 4731 836 4785 magna
869 4714 993 4786 ipse
1034 4719 1270 4774 olferret
1299 4720 1357 4771 in
1392 4714 1766 4772 tabernaculo
1799 4714 2041 4779 Dei,hoc

391 4791 481 4859 est
509 4786 566 4859 in
601 4787 874 4842 Ecclesia.
912 4809 939 4837 ››
978 4790 1249 4845 Praefatio
1300 4807 1477 4859 quam
1512 4790 1622 4841 isto
1677 4786 1803 4859 loco
1839 4787 2042 4859 Haimo

394 4856 614 4931 citavit,
643 4863 734 4913 est
765 4861 1041 4931 prologue
1065 4856 1341 4921 Galeatus
1364 4859 1529 4919 libris
1560 4858 1894 4931 Samuel‘et
1915 4858 2032 4913 Ma-

394 4876 614 4923 cuavu,
643 4876 734 4913 eet

390 4926 609 4983 lachim
644 4876 799 4999 prwii

395 5216 1030 5301 et‘pretiososlapidee
1074 5226 1129 5301 et
1174 5216 1535 5301 purpure‘mj
1588 5232 1690 5301 me

383 5428 600 5515 miano,
628 5438 688 5515 et
708 5430 841 5512 aliis
869 5431 1403 5515 quibusdamurnss.
1438 5430 1896 5515 antiquioribus.
1921 5443 2022 5513 pro

386 5502 541 5555 virili
568 5501 839 5571 portione,
864 5500 983 5557 sive
1013 5520 1110 5572 pro
1139 5502 1298 5559 virili
1324 5506 1500 5572 parte,
1537 5500 1598 5554 ut
1630 5503 1910 5568 scriptum
1945 5500 2033 5554 in-

388 5572 477 5646 fra
507 5572 765 5646 invenies
798 5575 1137 5645 praefatione
1170 5577 1226 5631 in
1258 5574 1458 5645 Josue,
1495 5572 1591 5627 ubi
1616 5590 1676 5628 se
1709 5574 1902 5646 ipsum
1936 5589 2028 5628 cx-

386 5641 566 5712 plicat
597 5641 825 5700 Hieron.
866 5646 1050 5702 MART.

458 5743 529 5793 _~-~
561 5713 757 5800 Nostri
782 5733 985 5800 omnes
1032 5717 1261 5800 codices
1291 5734 1397 5800 pro
1582 5716 1784 5787 legunt
1833 5715 2035 5800 sicque

387 5780 529 5839 olim
562 5783 779 5840 lectum
804 5787 973 5858 vulgo
991 5795 1079 5846 est
1117 5806 1130 5845 :
1163 5795 1219 5846 et
1247 5780 1389 5844 vilia
1416 5780 1669 5859 quideni
1707 5803 1771 5843 se
1810 5802 1914 5857 pro
1940 5780 2031 5842 vi-

806 4929 1159 4999 xusiQuare
1191 4934 1345 4987 idem
1381 4931 1790 5000 Hieronymus,
1841 4929 1942 4984 lib.
1998 4944 2038 4983 ιι

386 4999 677 5071 Apologia:
733 5003 999 5057 adversus
1055 5006 1332 5073 Rufinum,
1369 5003 1460 5057 his
1501 4999 1693 5055 verbis
1743 5002 1871 5070 ejus
1925 5000 2039 5054 im—

385 5072 658 5145 peritiam
694 5075 988 5141 redarguit
1024 5093 1036 5131 :
1070 5100 1096 5126 u
1126 5076 1271 5130 Vidn
1304 5078 1524 5145 quanto
1557 5078 1759 5145 contra
1788 5076 2037 5140 Septua-

390 5144 553 5214 ginta
578 5148 926 5215 Interpretes
948 5158 1201 5203 lumeam
1218 5143 1626 5217 sup‘ercilio,ut
1647 5143 1780 5199 illos
1803 5159 2039 5210 aurum,

395 5222 453 5268 et
492 5216 1030 5268 nretiososlanides
1074 5226 1129 5268 et
1174 5233 1535 5268 nurnurarn:
1598 5232 1690 5268 me
1756 5213 1935 5268 uelles
1984 5218 2041 5268 et

1795 5229 1935 5270 81188
1984 5229 2013 5268 Θ

395 5232 453 5270 et
492 5232 1030 5289 pretiososlapiaes
1074 5232 1129 5277 et
1174 5233 1535 5297 purpuram;
1598 5232 1690 5270 me
1756 5232 1935 5286 penes
1984 5232 2039 5268 et

395 5285 547 5357 pilos
576 5303 889 5356 caprarum
921 5290 976 5342 in
1013 5290 1384 5345 tabernaculo
1415 5287 1514 5343 Dei
1547 5287 1829 5342 obtulisse
1862 5285 2039 5355 proﬂ-

390 5363 537 5415 tcar.
573 5380 601 5409 υ
638 5360 906 5427 Legimus
936 5364 1132 5416 tamen
1166 5362 1261 5417 hic
1296 5361 1407 5415 loci
1436 5376 1567 5414 cum
1602 5376 1821 5413 canone
1854 5358 2036 5412 Mem-

2128 1948 2281 2023 rium
2315 1950 2607 2023 tenuitate
2637 1951 2859 2019 offerre,
2893 1952 3187 2009 excusarit
3224 1952 3638 2023 Hieronymus.
3664 1951 3774 2008 Ve-

2128 2020 2252 2096 rior:
2277 2024 2471 2075 tamen
2506 2021 2795 2096 impressa
2825 2030 2913 2079 est
2941 2024 3133 2096 lectio,
3162 2041 3334 2096 quam
3360 2020 3567 2096 probat
3596 2024 3774 2080 etiam

2130 2092 2189 2146 in
2223 2092 2674 2149 Commentariis
2721 2095 2780 2149 in
2831 2092 3195 2150 Ezechielerri
3240 2095 3279 2151 Ι.
3320 2092 3455 2151 xxiv
3488 2112 3501 2151 :
3537 2119 3563 2145 ‹‹
3600 2096 3659 2151 In
3692 2101 3777 2151 ta-

2130 2164 2448 2239 bernaculo
2479 2182 2715 2237 quoque
2741 2166 2962 2221 factum
2989 2168 3262 2239 legimus,
3288 2172 3352 2222 ut
3377 2184 3478 2239 pro
3499 2167 3780 2239 varietate

2134 2236 2511 2319 virium‘(hoe
2561 2236 2767 2319 nempe
2814 2248 2921 2307 est,
2955 2236 3243 2319 pro'virtli
3273 2236 3462 2311 parte)
3491 2238 3645 2319 alius
3676 2255 3780 2319 aut

2133 2324 2289 2382 rum,
2323 2306 2474 2364 alius
2506 2306 2841 2382 argentum,
2875 2306 3135 2381 coccum,
3169 2306 3452 2382 hys—sum,
3482 2316 3592 2367 etc.
3629 2327 3643 2366 :
3676 2309 3775 2382 alii

2133 2378 2317 2448 pelles
2347 2387 2400 2434 et
2460 2378 2771 2451 caprarum
2824 2378 3072 2438 efferant
3103 2378 3274 2456 pilos,
3320 2402 3345 2433 ιι
3404 2389 3514 2438 etc.
3565 2381 3779 2454 (Επειδὴ.

2133 2467 2341 2505 xxxvii.
2382 2452 2590 2505 16-18).

2133 2467 2343 2518 xxxvii,
2382 2458 2590 2518 16-18).

2207 2523 2228 2556 δ
2258 2521 2416 2577 Alias
2450 2524 2713 2579 Obelisco.
2748 2524 2900 2578 Audi
2943 2524 3069 2594 jam
3101 2524 3430 2581 Isodorum:
3467 2547 3495 2575 «
3528 2524 3771 2590 Obelus,

2137 2593 2195 2648 id
2254 2598 2342 2648 est
2374 2595 2624 2668 __virgula
2674 2598 2902 2668 iacens,
2935 2593 3252 2668 apponitur
3306 2597 3384 2668 in
3425 2597 3637 2668 verbis,
3676 2602 3779 2651 aut

2138 2664 2462 2750 sententiis,
2492 2664 2788 2750 superflue
2814 2664 3060 2750 iteratis,
3091 2667 3349 2750 siveubi
3377 2667 3552 2750 lectio
3588 2666 3788 2738 aliqua

2138 2736 2391 2791 falsitate
2424 2736 2621 2793 notata
2650 2743 2760 2804 est,
2796 2742 2859 2793 ut
2891 2736 3059 2809 quasi
3093 2738 3561 2812 sagittajugulet
3589 2736 3765 2863 super

2138 2823 2343 2863 vacua.
2377 2813 2433 2862 et
2470 2809 2613 2863 falsa
2641 2810 2970 2863 confodiat:
3009 2810 3226 2863 sagitta
3246 2827 3401 2863 enim
3442 2808 3635 2863 Graace
3689 2802 3765 2862 ϐε

2136 2823 2343 2881 vacua,
2377 2813 2433 2881 et
2470 2808 2970 2881 lalsaiconl'odiat:
3009 2808 3226 2881 sagit-ta
3246 2808 3427 2881 enim'
3442 2808 3635 2865 Grazce
3656 2808 3785 2881 66e-

2138 2875 2235 2939 λὸς
2288 2880 2581 2957 dicitur._-
2618 2875 3217 2957 Hesychio_dicuntur
3263 2877 3456 2957 paedor.
3505 2880 3785 2957 neglegit-

2141 2969 2292 3031 pavet
2345 2952 2790 3031 toic'__'0ttﬁp_ou
2831 2952 3358 3031 ραςίχοις,ᾐν’ξτσιὶιίθ
3383 2952 3776 3031 υᾷνιςίὁιζε-Ηρ-

2138 3024 2592 3147 iappositae.
2626 3025 2768 3081 Vide
2795 3024 2843 3080 si
2876 3024 3037 3081 lubet
3053 3029 3110 3081 et
3137 3025 3318 3081 Cicer.
3342 3026 3514 3098 epist.
3539 3026 3608 3081 ad
3628 3026 3787 3083 Dola-

2178 3110 2369 3148 etlam.

2214 3165 2235 3198 δ
2266 3164 2458 3220 Canon
2493 3166 2903 3233 Memmianus,
2950 3167 3191 3239 stellaet
3221 3167 3476 3239 virgula;
3524 3167 3583 3223 in
3626 3183 3781 3222 mar-

2066 3236 2110 3303 C
2147 3235 2280 3308 gine
2312 3243 2504 3292 autem
2538 3243 2700 3292 notat
2727 3240 2867 3293 alibi
2895 3254 3046 3295 veru.
3077 3237 3194 3294 Hoc
3227 3235 3401 3295 modo
3446 3235 3790 3295 innumeras

2149 3307 2441 3370 variantes
2470 3308 2748 3369 lectiones
2780 3313 3118 3367 observatas
3149 3309 3357 3366 retinet
3377 3311 3534 3367 idem
3586 3327 3790 3367 manu-

2152 3380 2407 3453 scriptus
2429 3382 2607 3435 codex
2632 3381 3042 3453 Memmianus,
3072 3398 3189 3453 quo
3221 3381 3416 3438 nescio
3438 3400 3512 3438 an
3545 3382 3621 3437 sit
3650 3398 3790 3453 prae-

2153 3450 2403 3507 stantior
2433 3452 2490 3507 in
2521 3453 2660 3511 orbe
2690 3450 3039 3511 Christiano.
3075 3450 3258 3510 MART.

2222 3522 2244 3558 ⁸
2273 3522 2540 3597 Nuperus
2564 3523 2953 3597 quiestionutn
2980 3524 3561 3597 Hieronymianarum
3593 3528 3799 3597 auctor

2155 3595 2455 3666 contendit
2486 3612 2590 3666 pro
2620 3595 2935 3651 illucescere
2984 3597 3178 3662 verbo,
3201 3595 3307 3650 hic
3359 3596 3799 3651 rescribendum

2153 3663 2405 3721 illustria
2440 3682 2454 3723 ι
2487 3663 2984 3739 quemadmodum
3018 3669 3078 3722 in
3102 3667 3367 3739 Apologia
3407 3676 3604 3723 contra
3628 3668 3799 3739 Ruﬁ-

2152 3754 2289 3791 num
2318 3742 2594 3792 Erasmus
2623 3743 2680 3792 et
2708 3738 3000 3794 Victorius
3031 3738 3409 3794 excuderunt.
3444 3739 3555 3794 Sed
3590 3738 3796 3793 viden-

2158 3812 2251 3881 lur
2283 3808 2363 3862 illi
2398 3814 2661 3865 mutasse
2691 3825 2820 3866 eam
2852 3826 3048 3881 vocem
3078 3827 3146 3865 ex
3178 3811 3437 3881 ingenio,
3469 3815 3535 3865 ut
3562 3809 3798 3880 elegan-

2153 3878 2274 3953 tius
2305 3896 2405 3953 pro
2437 3881 2689 3953 arbitrio,
2710 3898 2815 3941 suo
2848 3880 3124 3953 legerent.
3146 3878 3362 3942 Caetera
3392 3882 3545 3939 enim
3578 3878 3800 3951 Optime

2153 3949 2347 4013 habet,
2386 3956 2591 4021 estque
2624 3952 2694 4006 ad
2735 3949 2998 4007 omnium
3029 3969 3172 4007 mss.
3207 3954 3404 4019 fidem,
3438 3949 3750 4008 illucescere
3781 3970 3799 4005 :

2153 4026 2327 4149 atque
2358 4020 2526 4105 illudi,
2560 4024 2827 4092 illustria,
2859 4028 3018 4078 textu
3051 4023 3199 4078 nihil
3230 4030 3451 4106 mutato
3493 4024 3802 4105 commode

2153 4109 2219 4147 su
2270 4092 2617 4149 Intellimtur
2669 4099 2801 4149 post
2848 4111 3047 4149 vocem
3094 4098 3335 4149 fuerant.
3396 4096 3451 4149 id
3502 4101 3611 4149 est.
3664 4099 3796 4149 facit

2151 4092 2617 4167 subintelligitur
2668 4099 2801 4165 post
2848 4111 3047 4151 vocem
3091 4098 3336 4167 fuerant,
3396 4096 3451 4149 id
3490 4101 3611 4167 est.
3656 4096 3796 4167 facit

2150 4164 2485 4220 illucescere’
2502 4180 2627 4236 quae
2655 4164 2836 4221 minus
2865 4170 2992 4239 ante
3019 4164 3575 4239 fueranuillustria).
3597 4166 3796 4239 Hiero-

2153 4251 2327 4298 nymo
2358 4242 2552 4311 autem
2584 4237 2993 4311 non‘insolens
3023 4238 3303 4311 loquendi
3326 4237 3543 4295 modus
3564 4238 3662 4311 hic
3682 4243 3794 4304 est,

2150 4322 2319 4375 quem
2354 4307 2656 4365 simillimo
2689 4309 3015 4382 iisdemque
3047 4307 3163 4365 fere
3192 4309 3382 4365 verbis
3412 4310 3677 4382 exemplo
3708 4326 3796 4364 as-

2150 4394 2364 4453 seram.
2399 4382 2608 4453 Scribit
2640 4398 2849 4452 nempe
2880 4380 2937 4435 in
2990 4382 3329 4453 praefatione
3369 4381 3438 4435 ad
3492 4380 3744 4453 Paralip.
3780 4395 3792 4434 :

2145 4450 2440 4574 ἔπιεν-ἰδοὺ
2460 4450 2931 4525 αι’δίργιαηδζᾳιιδε
2960 4450 3149 4507 minus
3168 4461 3299 4506 ante
3326 4454 3576 4522 fuerant,
3606 4452 3662 4506 id
3686 4450 3796 4518 est,

2176 4523 2454 4574 esianata.

2176 4523 2454 4588 'esignata.

2075 4599 2121 4667 D
2161 4662 2184 4667 Α
2213 4592 2243 4667 ,⁷
2279 4593 2663 4667 Bestituimus
2706 4594 2777 4649 ad
2822 4592 3067 4667 Palatini
3102 4596 3276 4667 atque
3321 4591 3564 4667 alterius
3601 4590 3797 4667 _cod_ici

2152 4662 2350 4731 ﬁdem,
2378 4671 2541 4718 tuum
2577 4664 2645 4718 ad
2680 4680 2832 4720 eam.
2855 4681 2982 4735 quae
3006 4665 3062 4717 in
3093 4662 3371 4734 Apologia
3401 4664 3572 4717 durat
3601 4662 3796 4718 lectio-

2154 4750 2308 4797 nem,
2341 4736 2697 4806 maximeque
2726 4751 2851 4806 quae
2899 4737 3381 4806 er-angelistarum,
3430 4738 3566 4806 etc.,
3618 4751 3794 4790 sensu

2153 4822 2309 4859 nunc
2341 4809 2573 4867 demum
2602 4805 2906 4877 perspicuo
2930 4822 2995 4861 ac
3019 4805 3343 4867 verissimo.
3370 4810 3490 4865 Hoc
3513 4805 3792 4865 nimirum

2150 4876 2231 4951 ait
2278 4876 2686 4951 Hieronymus,
2720 4878 2791 4951 Ut
2823 4877 2987 4951 hanc
3014 4877 3553 4951 interpretationem
3582 4894 3651 4931 ex
3680 4881 3798 4931 He-

2150 4946 2302 5002 braeo
2351 4946 2716 5022 aggrederer.
2760 4948 3014 5017 Origenis
3043 4963 3147 5022 tne
3175 4948 3426 5002 studium
3459 4951 3796 5022 provocavit,

2146 5018 2509 5092 maximeque
2542 5038 2626 5085 ea,
2668 5036 2793 5090 quae
2821 5018 3295 5091 evangelistarum
3324 5027 3375 5074 et
3412 5019 3795 5092 apostolorum

2147 5089 2443 5147 auctoritas
2500 5094 2893 5161 promulgavit.
2954 5089 3090 5159 etc.,
3152 5107 3278 5160 quea
3336 5090 3544 5145 deinde
3592 5089 3800 5145 recitat

2146 5163 2502 5219 testimonia.
2542 5164 2770 5219 Veteres
2800 5162 3106 5225 editiones,
3131 5160 3187 5217 in
3221 5161 3438 5232 quibus
3470 5166 3592 5216 erat
3610 5165 3797 5215 maxi-

2146 5251 2336 5307 meque
2365 5238 2857 5307 erangelislarum,
2903 5238 2959 5290 et
3009 5232 3383 5307 Martianteus
3440 5233 3796 5307 rescribens,

2144 5301 2388 5367 mafvime
2415 5301 2542 5380 quae
2569 5305 3194 5380 evangelistarumtaut
3216 5304 3470 5380 nullum,
3500 5307 3599 5360 aut
3621 5301 3798 5377 plane

2147 5376 2467 5442 falsum,ét
2492 5378 2551 5433 S.
2594 5377 2860 5432 Doctoris
2909 5376 3088 5431 menti
3150 5376 3506 5431 contrarium
3560 5376 3800 5430 sensum

2146 5454 2418 5515 reddunt,
2450 5456 2515 5505 ut
2543 5450 2838 5505 videretur
2868 5448 3086 5520 dixisse
3118 5448 3187 5503 de
3217 5446 3485 5520 Origene,
3519 5448 3670 5520 quod
3708 5448 3797 5501 in-

2145 5528 2234 5580 ter
2259 5520 2872 5593 superfluajugularit
2931 5518 3182 5593 maxime
3226 5517 3352 5590 quae
3394 5517 3795 5593 evangelista-

2145 5611 2274 5650 rum
2307 5588 2364 5649 et
2396 5588 2795 5665 apostolorum
2829 5591 3145 5649 auctoritas
3178 5588 3591 5662 promulgavrt,
3624 5596 3679 5647 et
3729 5590 3793 5647 in

2141 5666 2405 5723 versione
2440 5664 2513 5724 ex
2544 5664 2688 5723 LXX
2721 5680 2834 5719 non
2858 5666 3043 5718 erant.

2213 5739 2233 5773 ⁸
2259 5736 2411 5795 Alibi
2442 5723 2706 5807 ascendit,
2729 5736 2901 5807 juxta
2930 5733 3194 5789 Graecum
3227 5723 3417 5800 ἀνέϐη.
