4080 6186
366 341 470 395 183

1403 345 1462 397 S.
1507 342 1915 394 HIERONYMI
1953 341 2209 394 DIVINA
2246 342 2741 396 BIBLIOTHECA.

3675 341 3772 395 184

364 466 590 521 Domini
626 467 780 538 quod
806 463 1622 537 possumus,laboramus.llli
1643 464 2010 536 interpretati
2041 467 2094 531 Α
2123 463 2260 534 quid
2293 464 2697 535 imperitorum
2729 465 2958 520 animos
2981 471 3181 521 contra
3205 482 3296 520 me
3319 466 3628 521 concitas?
3659 466 3777 521 Sic-

362 559 502 609 sunt
549 559 683 610 ante
731 555 1046 609 adventum
1098 553 1337 624 Christi,
1369 557 1426 609 et
1463 553 1619 625 quod
1652 553 2010 619 nesciebant,

360 642 558 697 dubiis
589 641 883 714 protulere
919 642 1250 698 sententiis.
1286 643 1400 699 Nos
1431 647 1564 714 post
1593 642 1926 714 passionem
1959 646 2016 697 et

360 731 848 787 resurrectionem
898 731 1048 801 ejus,
1087 748 1200 786 non
1248 736 1367 786 tam
1420 731 1785 804 prophetiam
1832 747 2010 803 quam

359 821 664 877 historiam
698 819 1037 876 scribimus.
1061 820 1244 876 Aliter
1274 821 1429 876 enim
1462 820 1682 888 audita,
1701 820 1869 876 aliter
1887 820 2014 874 visa

357 913 686 965 narrantur.
730 909 894 973 Quod
955 909 1168 965 melius
1226 909 1633 980 intelligimus,
1685 910 1897 965 melius
1954 912 2011 963 et

355 996 728 1070 proferimus.
758 997 909 1052 Audi
959 998 1164 1069 igitUr,
1195 997 1441 1066 aemula;
1494 998 1869 1065 obtrectator,
1903 1013 2012 1052 au-

349 1086 546 1164 sculta
577 1102 591 1143 :
641 1104 758 1143 non
792 1087 1031 1153 damno,
1064 1104 1179 1143 non
1209 1087 1569 1160 reprehendo
1600 1086 2006 1159 Septuaginta,

353 1176 456 1232 sed
489 1176 851 1232 conﬁdenter
881 1176 1111 1232 cunctis
1141 1176 1262 1232 illis
1293 1175 1590 1248 apostolos
1620 1176 1875 1247 praefero.
1905 1175 2012 1231 Per

353 1267 604 1321 istorum
627 1281 693 1320 es
717 1265 860 1320 mihi
883 1265 1152 1321 Christus
1176 1270 1349 1322 sonat
1369 1266 1409 1330 ¹,
1429 1281 1577 1337 quos
1607 1269 1742 1321 ante
1763 1265 2008 1336 prophe-

356 1359 445 1410 tas
496 1354 648 1409 inter
696 1353 988 1425 spiritalia
1019 1354 1374 1410 charismata
1400 1353 1620 1425 positos
1651 1353 1778 1426 lego
1810 1356 1858 1426 (I
1883 1357 2008 1410 Cor.

2125 555 2224 608 ubi
2272 555 2331 609 in
2377 553 2761 610 translatione
2819 554 2927 610 tibi
2974 554 3172 610 videor
3219 569 3438 625 errare,
3481 553 3777 626 interroga

2123 643 2413 707 Hebraeos,
2447 644 2812 699 diversarum
2862 644 3096 699 urbium
3151 644 3464 714 magistros
3511 644 3774 701 consule.

2124 733 2283 797 Quod
2309 731 2394 787 illi
2417 731 2634 788 habent
2655 733 2728 788 de
2746 731 3000 798 Christo,
3021 733 3105 788 tui
3129 733 3361 788 codices
3383 749 3498 788 non
3531 733 3774 789 habent.

2121 819 2292 876 Aliud
2316 826 2426 888 est,
2446 821 2496 876 si
2520 827 2723 878 contra
2751 838 2812 876 se
2848 826 3048 892 postea
3078 823 3150 877 ab
3181 821 3468 893 apostolis
3491 827 3778 893 usurpata

2122 911 2484 978 testimonia,
2543 911 2936 982 probaverunt
2985 912 3028 979 ⁸,
3077 914 3136 967 et
3183 911 3578 967 emendatiora
3636 916 3780 968 sunt

2122 998 2478 1071 exemplaria
2529 999 2734 1055 Latina
2790 1015 2965 1071 quam
3027 998 3258 1066 Graeca,
3324 1003 3523 1055 Greca
3593 1016 3774 1071 quam

2122 1087 2379 1143 Hebrzea.
2407 1090 2625 1142 Verum
2672 1087 2794 1144 haec
2835 1091 3035 1143 contra
3064 1087 3319 1143 invidos.
3355 1088 3516 1145 Nunc
3548 1092 3603 1143 te
3637 1104 3776 1160 pre-

2119 1193 2238 1244 cor,
2267 1176 2524 1232 Desideri
2549 1176 2913 1243 charissime,
2939 1181 3003 1232 ut
3032 1177 3175 1249 quia
3194 1177 3216 1211 ⁸
3246 1181 3475 1233 tantum
3500 1193 3649 1249 opus
3677 1193 3773 1232 me

2119 1265 2315 1320 subire
2373 1265 2582 1332 fecisti,
2614 1270 2671 1321 et
2701 1282 2734 1321 a
2764 1265 2974 1322 Genesi
3023 1266 3329 1321 exordium
3378 1281 3604 1338 capere,
3638 1283 3774 1322 ora-

2118 1354 2380 1410 tionibus
2419 1355 2635 1426 juves:
2687 1372 2802 1427 quo
2852 1354 3073 1424 possim
3125 1355 3329 1410 eodem
3383 1355 3595 1426 spiritu
3657 1373 3774 1426 quo

2121 1443 2322 1516 scripti
2373 1449 2514 1500 sunt
2556 1443 2709 1514 libri,
2740 1444 2801 1498 in
2833 1443 3108 1499 Latinum
3157 1459 3256 1500 eos
3298 1445 3617 1500 transferre
3651 1461 3775 1500 ser-

2122 1549 2376 1590 monem.

355 1459 457 1507 xu,
485 1443 592 1509 28;
647 1443 837 1514 Ephes.
871 1459 953 1512 ιν,
985 1443 1075 1514 11)
1111 1461 1125 1498 :
1178 1444 1234 1498 in
1286 1444 1504 1516 quibus
1553 1443 1832 1499 ultimum
1864 1459 2009 1512 pene

354 1531 601 1601 gradum
634 1530 984 1604 interpretes
1015 1536 1237 1588 tenent.
1271 1532 1414 1596 Quid
1456 1533 1640 1589 livore
1669 1533 2011 1604 torqueris?

428 1677 443 1710 ¹
480 1674 675 1748 Minus
708 1680 879 1748 recte;
889 1674 1194 1748 legebatur
1224 1679 1414 1742 antea,
1447 1678 1556 1730 Per
1585 1676 1829 1732 illorum.
1863 1676 2008 1732 Mss.
2123 1681 2279 1732 runt.
2313 1677 2375 1732 Id
2405 1676 2800 1748 profectoest,
2834 1675 2988 1746 quod
3022 1675 3218 1748 omnis
3248 1675 3610 1748 S._Doctoris
3634 1693 3776 1733 con-

356 1747 542 1820 nostri
576 1763 710 1802 cum
741 1746 1036 1820 Apologia:
1060 1746 1310 1820 lectione
1341 1749 1652 1820 castigant.
1716 1819 1745 1820 η
1784 1819 1789 1820 ί
2121 1753 2314 1804 textus
2336 1746 2609 1820 intendit;
2633 1746 2845 1818 vixque
2870 1746 3376 1820 egogdubito,quin
3400 1748 3685 1820 scriptum
3703 1749 3774 1804 ab

427 1818 448 1850 ²
469 1819 948 1904 Imo‘econtrario
956 1819 1366 1904 inferendum
1382 1819 1618 1874 videtur
1647 1819 2009 1904 mihi,7_-epro_o
2043 1838 2094 1904 B
2123 1819 2394 1904 eofuerit
2426 1820 2536 1904 hoc
2566 1835 2776 1904 sensu,
2800 1818 3278 1900 rapi-aliaverunt;
3332 1818 3772 1904 minorlautem

355 1887 618 1943 baverunt
645 1907 665 1944 :
715 1889 772 1944 id
814 1895 926 1956 est,
956 1891 1185 1945 Hebraei
1243 1896 1444 1945 contra
1494 1907 1556 1945 se
1605 1887 1895 1961 usurpata
1937 1893 2008 1946 ab
2044 1887 2094 1904 ⁵’
2125 1891 2381 1948 editores
2411 1896 2470 1946 et
2498 1892 2732 1946 criticos
2762 1887 2878 1944 huc
2908 1889 3175 1945 animum
3206 1906 3321 1944 non
3352 1890 3690 1948 advertisse.

356 1961 636 2033 apostolis
686 1961 1028 2017 testimonia
1050 1963 1428 2033 rejecerunt,
1457 1962 1697 2032 suisque
1726 1978 1756 2017 e
1788 1962 2007 2018 codici-
2194 1962 2216 1996 ⁸
2249 1962 2409 2019 Unus
2441 1961 2685 2018 Palatio.
2709 1965 2769 2016 ut
2798 1963 2915 2032 qui,
2935 1978 3039 2033 pro
3068 1963 3223 2032 quia,
3246 1977 3410 2032 asque
3441 1962 3607 2018 bene.

354 2031 468 2086 bus
498 2031 585 2086 vel
616 2037 946 2103 eraserunt,
978 2031 1067 2088 vel
1117 2032 1366 2089 subdola
1421 2031 1669 2089 lectione
1718 2034 2013 2092 adultera-

726 2349 1132 2445 TITULI
1201 2351 1534 2447 LIBRI
1605 2353 2172 2472 BRESITH,
2261 2355 2386 2450 ID
2473 2355 2697 2450 EST
2759 2351 3381 2450 GENESIS‘.

350 2722 393 2776 Ι.
426 2721 504 2778 De
527 2721 816 2778 creatione
849 2721 1078 2791 mundi,
1111 2726 1170 2778 et
1198 2720 1588 2792 plasmatione
1620 2722 1900 2780 hominis.
1922 2729 2005 2780 De
2112 2724 2264 2783 VIII.
2288 2725 2396 2782 Ubi
2423 2727 2712 2783 Abraham
2746 2726 2887 2782 dicit
2918 2727 3073 2798 quod
3107 2727 3330 2798 absque
3360 2725 3562 2782 liberis
3592 2727 3686 2792 sit,
3710 2733 3765 2783 et

418 2811 833 2868 interdictione
863 2810 1188 2880 arboris,et
1203 2811 1678 2893 praevaricatione
1695 2815 1754 2868 et
1775 2818 2005 2869 senten-
2183 2815 2564 2871 vernaculum
2617 2816 2854 2886 adoptat
2883 2814 3194 2880 heredem,
3229 2819 3406 2886 atque
3435 2816 3506 2870 ad
3539 2832 3760 2871 annum

418 2900 500 2957 tia
528 2900 651 2958 Dei.
2185 2903 2350 2958 audit
2379 2905 2449 2958 de
2479 2907 2644 2958 utero
2676 2905 2803 2974 ejus
2830 2904 3093 2959 futurum
3116 2902 3201 2957 illi
3225 2919 3353 2958 esse
3375 2903 3768 2959 haeredem.Et

349 2990 421 3047 II.
453 2989 696 3046 Tunicis
746 2989 992 3061 pelliciis
1036 2989 1311 3046 indutum
1344 2991 1530 3045 Adam
1563 2993 1622 3046 et
1651 3007 1912 3059 uxorem,
1947 2997 2004 3047 et
2184 2992 2470 3048 sacrificio
2501 2992 2696 3048 oblato
2731 3009 2968 3046 rursum
3002 2992 3060 3047 in
3095 2998 3248 3047 terra
3281 3009 3394 3047 non
3428 3009 3536 3047 sua
3564 3009 3764 3048 semen

417 3079 743 3135 custodiam
776 3076 917 3149 ligni
947 3077 1100 3149 vita,
1125 3081 1184 3134 et
1199 3078 1567 3134 nativitatem
1589 3079 1732 3135 Cain
1755 3083 1812 3134 et
1835 3080 1999 3136 Abel.
2049 3150 2073 3154 Α
2185 3082 2312 3152 ejus
2347 3081 2717 3154 peregrinum
2754 3081 3098 3154 pronuntiat
3129 3083 3417 3151 futurum,
3449 3086 3506 3136 et
3557 3086 3770 3152 quarta

415 3173 496 3225 De
527 3166 874 3223 muneribus
905 3183 1130 3234 eorum,
1150 3172 1209 3223 et
1239 3167 1553 3239 parricidio
1586 3168 1724 3224 Cain
1757 3167 1818 3222 in
1839 3169 2000 3236 Abel,
2036 3150 2079 3217 (ἶ
2187 3172 2560 3242 generatione
2578 3176 2814 3226 auctum
2840 3170 3771 3242 conscendere,etterraspromis-

412 3260 470 3313 et
496 3255 811 3328 Catalogus
843 3255 971 3311 vita;
1004 3255 1265 3312 Patrum.

341 3344 440 3401 III.
473 3347 759 3416 Corrupta
780 3347 937 3400 terra
955 3360 1057 3416 per
1073 3344 1087 3398 i
1103 3344 1521 3400 mmunditiam
1553 3344 1885 3402 hominum.
1905 3352 2000 3402 Do-

413 3434 612 3490 minus
643 3435 716 3489 ad
747 3433 868 3489 Noe
899 3432 1044 3490 dicit
1073 3438 1139 3488 ut
1165 3449 1363 3489 arcam
1396 3433 1636 3489 sibimet
1666 3434 1998 3503 fabricaret,

411 3530 468 3580 et
500 3526 786 3581 universa
813 3523 1009 3580 carnis
1041 3523 1359 3580 seminario
1390 3524 1997 3593 reservato,diluvium

410 3613 840 3686 superinducit.

340 3702 436 3759 IV.
469 3702 588 3758 Noe
633 3701 883 3758 aedificat
930 3701 1113 3757 altare
1161 3700 1432 3769 Domino,
1463 3707 1521 3757 et
1547 3701 1831 3758 Dominus
1867 3720 1997 3775 pro-

410 3793 594 3848 mittit
614 3808 797 3864 super
819 3795 1036 3847 terram
1061 3791 1216 3847 ultra
1239 3792 1640 3864 diluviiaquas
1655 3809 1770 3848 non
1789 3793 1998 3850 missu-

408 3897 562 3937 rum.
594 3881 841 3952 Signum
873 3879 1103 3936 foederis
1135 3896 1332 3936 arcum
1364 3880 1609 3953 ponitin
1635 3881 1874 3952 nube,et
1898 3879 1994 3938 ubi

411 3969 528 4024 Noe
549 3968 777 4024 vineam
805 3967 1314 4040 plantat,redactis
1332 3968 1622 4023 fructibus
1646 3969 1992 4040 inebriatur,

407 4062 585 4130 atque
614 4058 893 4126 nudatus,
926 4057 1256 4112 nuditatem
1291 4057 1475 4127 patris
1505 4055 1685 4112 Cham
1713 4057 1894 4130 impie
1917 4059 1992 4112 ri-

407 4147 576 4216 dens,
597 4147 814 4218 jugum
847 4144 1148 4201 servitutis
1177 4145 1446 4201 incurrit.

333 4235 402 4290 V.
433 4235 745 4306 Catalogus
766 4235 1023 4290 ﬁliorum
1050 4234 1169 4291 Noe
1195 4235 1698 4306 quemadmodum
1723 4234 1994 4292 dissemi-

406 4325 526 4379 nati
559 4327 699 4379 sunt
741 4339 920 4394 super
962 4339 1195 4379 omnem
1227 4327 1468 4379 terram.
1501 4323 1582 4379 De
1608 4324 1993 4381 aediﬁcatione

404 4411 587 4467 turris
641 4414 699 4466 et
754 4409 1098 4466 confusione
1156 4409 1521 4483 linguarum,
1575 4415 1634 4466 et
1683 4412 1990 4467 nativitate

401 4499 670 4556 Abrahae.

331 4589 425 4645 VI.
463 4588 615 4644 Dicit
657 4587 812 4643 Deus
838 4587 912 4642 ad
941 4587 1261 4654 Abraham,
1294 4587 1569 4660 egredere
1601 4588 1672 4643 de
1703 4592 1858 4644 terra
1886 4594 1987 4644 tua

404 4684 463 4736 et
491 4681 563 4735 de
594 4677 939 4750 cognatione
972 4681 1096 4733 tua.
1133 4677 1439 4734 Descendit
1470 4677 1528 4732 in
1561 4679 1897 4750 )Egyptum,
1930 4683 1988 4733 et

402 4773 606 4824 Saram
639 4783 876 4823 uxorem
901 4783 1069 4823 suam
1094 4782 1355 4823 sororem
1377 4767 1539 4823 visus
1558 4772 1648 4822 est
1669 4767 1990 4839 appellare,

406 4863 463 4914 et
496 4865 728 4931 propter
765 4873 894 4912 eam
944 4855 1260 4928 ﬂagellavit
1293 4855 1574 4912 Dominus
1603 4856 1987 4914 Pharaonem.

404 4952 473 5000 Et
503 4947 855 5002 divisionem
889 4945 997 5000 Lot
1027 4950 1084 5000 et
1115 4945 1432 5001 Abraham.

331 5037 452 5092 VII.
470 5036 653 5107 Reges
667 5034 928 5107 gentium
944 5035 1280 5107 congregati
1296 5039 1500 5090 contra
1512 5033 1825 5089 Sodomam
1845 5036 1991 5090 inire

262 5111 264 5113 i
402 5129 722 5181 certamen.
750 5125 859 5178 Lot
887 5123 1592 5196 depraadatumAbraham
1626 5138 1757 5177 cum
1784 5140 1990 5178 verna-

400 5212 550 5269 culis
582 5213 708 5269 suis
739 5228 855 5268 una
889 5227 1023 5267 cum
1052 5213 1249 5282 praeda
1281 5217 1530 5266 revocat.
1567 5217 1646 5266 De
1682 5210 1985 5267 Melchise-

399 5304 504 5360 dec
535 5301 824 5358 sacriﬁcio
855 5300 1034 5356 futuri
1068 5301 1352 5372 temporis
1385 5305 1768 5372 praesagante.

403 5477 418 5508 ¹
446 5472 661 5528 Horum
681 5469 990 5543 titulorum
1008 5472 1215 5528 seriem
1231 5471 1661 5543 descripsimus
1682 5485 1752 5524 ex
1764 5485 1982 5526 canone

330 5544 703 5609 Memmiano,
727 5542 898 5614 longo
919 5544 1063 5599 satis
1096 5549 1356 5615 tempore
1388 5542 1519 5615 pest
1548 5543 1769 5615 editum
1797 5543 1983 5615 Gene-

332 5633 460 5670 sms
505 5615 744 5684 librum,
787 5613 962 5686 quem
1024 5613 1311 5672 habemus
1363 5614 1634 5669 mutilum
1686 5613 1980 5682 prioribus

331 5692 555 5758 septem
605 5688 707 5758 vel
737 5685 864 5741 octo
913 5685 1065 5744 foliis
1117 5689 1176 5743 in
1227 5687 1542 5758 exemplari
1600 5692 1796 5741 nostro
1829 5688 1979 5758 san-

332 5755 735 5812 Gérmanensi.
757 5758 906 5813 Hinc
935 5760 1180 5832 contigit
1203 5765 1270 5816 ut
1289 5755 1514 5833 priores
1542 5773 1816 5812 numeros
1838 5756 1977 5812 titu-

2185 3260 2392 3327 sionis,
2425 3259 2732 3315 exstinctis
2762 3259 3064 3330 gentibus,
3097 3256 3418 3330 possidere.

2114 3368 2207 3438 IX.
2234 3367 2377 3422 Sara
2409 3366 2590 3422 sterili
2622 3370 3019 3437 permanente,
3052 3365 3183 3436 ejus
3212 3363 3480 3421 oratione
3510 3365 3580 3418 ad
3615 3368 3772 3435 Agar

2183 3457 2485 3528 ingressus
2530 3461 2634 3512 est.
2671 3459 2748 3510 De
2798 3455 2936 3526 fuga
2983 3460 3139 3527 Agar
3171 3457 3227 3510 et
3255 3453 3621 3527 apparitione
3661 3469 3768 3508 an-

2181 3545 2292 3616 geli
2328 3546 2398 3599 ad
2431 3561 2580 3600 eam.
2617 3549 2692 3600 De
2723 3542 3220 3615 promissionibus
3250 3544 3322 3598 ad
3358 3541 3650 3597 Abraham
3684 3543 3768 3598 fa-

2179 3636 2312 3700 ctis,
2344 3639 2400 3689 et
2429 3633 2752 3689 mutatione
2785 3631 3042 3688 nominis
3072 3632 3223 3701 ejus.

2105 3741 2169 3795 Χ.
2206 3740 2309 3797 Ubi
2351 3739 2594 3794 Abrahze
2644 3736 2978 3809 praecipitur
3027 3740 3089 3790 ut
3141 3735 3405 3807 seipsum
3457 3739 3513 3788 et
3554 3751 3760 3790 omnes

2178 3827 2474 3884 masculos
2487 3829 2621 3885 dom
2634 3843 2700 3880 us
2714 3843 2830 3881 suae
2844 3824 3290 3881 circumcisione
3305 3825 3647 3896 signaret,et
3662 3825 3757 3879 im-

2175 3919 2498 3974 mutatione
2529 3916 2785 3972 nominis
2816 3915 3002 3984 Sarai,
3023 3920 3081 3970 et
3110 3916 3267 3986 quod
3301 3913 3389 3968 illi
3421 3915 3760 3970 centenario

2175 4008 2611 4079 promitteretur
2643 4006 2977 4060 nasciturus
2999 4020 3066 4059 ex
3091 4003 3485 4073 nonagenaria
3505 4003 3684 4059 filius.

2104 4113 2196 4170 Χῐ.
2230 4117 2291 4169 In
2323 4113 2473 4168 valle
2502 4112 2761 4167 Mambre
2812 4112 2870 4166 in
2922 4111 3111 4166 tribus
3163 4110 3303 4166 viris
3357 4109 3606 4166 Abrahae
3656 4127 3761 4181 ap-

2174 4204 2363 4275 paruit
2398 4202 2570 4257 Deus.

2101 4293 2223 4348 XII.
2270 4293 2378 4346 Ubi
2434 4291 2716 4344 Dominus
2763 4291 2835 4345 de
2892 4290 3134 4344 interitu
3185 4290 3572 4345 Sodomorum
3625 4306 3761 4344 cum

2171 4381 2456 4436 Abraham
2485 4379 2876 4450 colloquitur:
2906 4384 2963 4434 et
2984 4380 3276 4450 gradatim
3300 4380 3371 4433 de
3398 4380 3763 4446 numeroju-

2169 4475 2394 4525 storum
2432 4469 2714 4523 Abraham
2754 4468 3095 4538 interrogat,
3115 4472 3172 4520 et
3200 4466 3271 4521 de
3301 4466 3627 4522 salvatione
3651 4466 3761 4521 Lot

2168 4562 2342 4629 atque
2373 4559 2672 4613 eversione
2702 4556 2936 4610 illarum
2969 4555 3299 4609 civitatum.

2095 4665 2244 4720 XIII.
2271 4665 2374 4721 Ubi
2407 4666 2510 4718 Lot
2539 4661 2756 4718 mansit
2785 4663 2842 4716 in
2879 4666 3170 4724 monte,et
3201 4661 3271 4714 de
3303 4664 3587 4732 conceptu
3614 4661 3760 4717 dua-

2175 4770 2303 4807 rum
2333 4753 2588 4808 ﬁliarum
2616 4753 2746 4821 ejus
2775 4765 2839 4804 ex
2869 4765 2952 4803 eo.

2101 4842 2243 4897 XIV.
2275 4840 2570 4895 Abraham
2601 4840 3007 4910 peregrinatus
3031 4837 3285 4903 Geraris,
3319 4843 3376 4892 et
3412 4836 3750 4894 Abimelech

2173 4946 2388 5002 regem,
2422 4928 2659 5000 quando
2691 4928 2893 4983 Saram
2926 4926 3162 4993 tulerat,
3191 4931 3248 4983 et
3296 4927 3619 4983 admonitio
3653 4927 3756 4982 Dei

2173 5021 2319 5074 facta
2350 5023 2441 5074 est
2470 5019 2542 5074 ad
2574 5033 2706 5073 eum
2741 5035 2810 5073 ne
2841 5018 3203 5087 contingeret
3232 5032 3388 5072 eam.

2097 5127 2218 5182 XV.
2244 5125 2348 5182 Ubi
2386 5125 2528 5179 Sara
2558 5124 2826 5196 concepit
2856 5129 2913 5179 et
2943 5123 3167 5196 peperit
3198 5122 3387 5178 filium
3421 5139 3758 5196 nonagena-

2170 5216 2254 5271 ria
2303 5216 2463 5270 Isaac
2513 5213 2847 5270 centenario
2898 5213 3216 5281 Abraham,
3267 5218 3325 5269 et
3371 5214 3514 5269 Sara
3560 5214 3748 5271 dicit:

2168 5306 2324 5376 Ejice
2355 5304 2624 5359 ancillam
2659 5309 2716 5358 et
2745 5301 2929 5358 filium
2963 5304 3110 5372 ejus.
3148 5304 3573 5374 Etjuramento
3609 5305 3754 5359 Abi-

2093 5474 2280 5530 lorum
2317 5489 2746 5545 apponere-mus
2776 5473 3090 5545 divinando
3120 5473 3179 5528 in
3213 5474 3361 5545 libro
3388 5472 3652 5538 Genesis,
3686 5481 3748 5530 et

2092 5548 2172 5601 ita
2201 5547 2257 5600 in
2291 5544 2593 5600 nonnullis
2612 5544 2755 5601 locis
2777 5544 3130 5601 falleremur.
3156 5544 3390 5601 Nullum
3416 5545 3597 5614 igitur
3616 5560 3739 5602 mo-

2091 5624 2218 5673 veat
2246 5619 2447 5688 dispar
2475 5617 2788 5688 aliquando
2821 5633 3102 5674 numerus
3151 5616 3494 5689 marginalia
3521 5619 3592 5672 ab
3625 5616 3739 5673 ista

2089 5689 2401 5762 titulorum
2466 5689 2754 5762 congerie,
2815 5689 2954 5760 quia
3010 5705 3247 5746 causam
3299 5688 3522 5744 erroris
3575 5689 3738 5743 indi-

2055 5769 2059 5772 ’
2088 5778 2313 5818 camus.
2348 5761 2534 5818 MART.
