4080 6186
271 327 370 379 185
1683 328 1882 382 LIBEF

2069 329 2264 384 IESIS.
3580 324 3680 379 186

340 449 562 505 mciech
597 467 730 505 cum
771 450 1087 518 Abraham,
1119 457 1175 505 et
1207 451 1276 505 de
1304 466 1540 506 nemore
1575 450 1836 523 plantalo
1865 451 1919 504 in
1951 456 2006 518 Α
2039 453 2226 507 XXX.
2259 455 2570 526 Catalogus
2615 453 3057 526 generationum
3091 452 3190 522 qui
3246 467 3314 506 ex
3360 450 3543 506 Jacob
3575 456 3683 510 orti

336 541 641 596 Bersabee.
2101 548 2261 596 sunt.
2293 544 2370 598 De
2404 543 2803 615 segregatione
2830 543 3109 596 virorum.

264 630 415 686 XVI.
457 629 729 685 Tentavit
777 635 935 684 Deus
986 628 1281 684 Abraham
1335 634 1398 684 ut
1446 630 1680 684 ofterret
1730 627 1916 683 ﬁlium
2027 629 2239 685 XXXI.
2273 633 2486 704 Ioseph
2531 649 2645 702 prae
2695 632 2917 686 caeteris
2952 629 3090 684 filiis
3123 647 3156 684 a
3187 635 3346 700 patre
3391 633 3680 707 diligitur.

329 736 526 785 suum,
561 724 619 774 et
649 719 965 790 promissio
1006 718 1158 774 facta
1212 723 1301 774 est
1347 718 1823 774 benedictionum
1857 717 1914 771 in
2102 726 2177 774 De
2211 722 2456 776 somniis
2508 723 2637 791 ejus
2683 726 2739 775 et
2788 721 2884 774 ubi
2938 719 3146 774 fratres
3195 737 3336 775 suos
3389 723 3449 776 in
3501 729 3676 794 pastu

335 807 560 864 semine
589 808 744 878 ejus.
2098 809 2292 864 ovium
2326 815 2640 882 occupatos
2677 808 2895 875 visitat,
2925 808 3067 863 etin
3121 814 3292 880 puteo
3341 810 3678 883 deponitur,

265 896 445 952 XVII.
480 897 557 951 De
591 902 779 951 morte
807 899 958 952 Sarze
990 902 1047 951 et
1089 897 1386 968 emptione
1419 898 1542 968 agri
1572 897 1830 969 Ephron,
1863 903 1919 952 et
2097 902 2153 952 et
2185 898 2498 955 lsmaelitis
2530 897 2991 970 negotiatoribus
3027 897 3394 953 distrahitur.

332 987 628 1057 spelunca
660 986 938 1058 duplicis.
2027 986 2242 1041 XXXII.
2274 988 2456 1042 Iudas
2504 987 2574 1042 ad
2626 986 2825 1041 Hiram
2877 984 3289 1040 Odollamitem
3345 989 3671 1060 descendit,

262 1076 464 1131 XVIII.
507 1080 750 1131 Servum
801 1077 1084 1147 adjurans
1135 1075 1338 1148 dirigit
1383 1075 1678 1131 Abraham
1730 1080 1794 1131 ut
1847 1077 1917 1130 de
2098 1079 2275 1147 atque
2320 1077 2455 1131 inde
2495 1076 2662 1132 duxit
2709 1091 2971 1140 uxorem,
3003 1078 3058 1128 et
3102 1073 3221 1128 filio
3271 1092 3377 1131 suo
3425 1077 3676 1134 Thamar

327 1165 680 1237 cognatione
725 1166 855 1233 ejus
905 1182 1144 1221 uxorem
1195 1165 1482 1237 acciperet
1532 1165 1714 1233 Isaac,
1750 1170 1806 1220 et
1847 1167 1916 1220 de
2097 1165 2488 1238 accepit,quee
2519 1163 2786 1236 sequenti
2819 1163 3132 1232 tradita,et
3161 1167 3410 1236 utroque
3436 1167 3676 1222 viduata

324 1253 748 1325 conjunctione
782 1255 913 1325 ejus
943 1259 999 1310 et
1035 1255 1316 1310 Rebecca.
2097 1253 2157 1308 in
2186 1255 2359 1309 domo
2391 1255 2575 1325 patris
2607 1253 2781 1324 sedit,
2804 1270 2870 1308 ac
2903 1268 3102 1308 socero
3127 1251 3428 1308 fetandum
3461 1271 3674 1327 corpus

259 1345 412 1399 XIX.
447 1342 738 1398 Abraham
787 1340 1056 1398 Ceturam
1109 1343 1276 1398 duxit
1325 1359 1586 1398 uxorem.
1620 1350 1701 1398 De
1751 1343 1916 1398 obitu
2099 1343 2300 1398 fraude
2329 1343 2601 1414 subjecit.

325 1434 462 1502 ejus
484 1436 544 1486 et
563 1430 890 1503 sepultura.
924 1433 998 1486 De
1020 1436 1307 1503 conceptu
1333 1432 1626 1497 Rebeccae,
1645 1438 1701 1487 et
1721 1437 1912 1503 partu.
2023 1431 2292 1487 XXXIII.
2325 1431 2544 1503 Joseph
2575 1431 2635 1486 in
2664 1431 2976 1503 ngyptum
3026 1429 3372 1485 distrahitur
3397 1435 3573 1503 atque
3604 1433 3676 1486 ab

327 1525 410 1576 De
441 1518 748 1591 pulmento
777 1521 978 1587 Jacob,
1003 1525 1061 1576 et
1083 1521 1486 1577 benedictione
1519 1521 1913 1594 primitiarum
2093 1521 2362 1593 Egyptia
2391 1521 2632 1577 domina
2681 1521 3004 1587 adamatur,
3038 1517 3135 1575 ille
3182 1525 3415 1576 recusat
3447 1520 3676 1576 adulte-

324 1610 510 1664 Esau.
2097 1611 2273 1667 rium.

256 1697 369 1752 XX.
411 1697 520 1752 Ubi
581 1698 746 1754 Isaac
802 1699 1228 1769 peregninatus
1285 1703 1375 1754 est
1435 1699 1495 1754 in
1555 1699 1810 1764 Geraris,
1861 1704 1919 1754 et
2022 1701 2286 1758 XXXIV.
2321 1701 2444 1756 Duo
2475 1700 2752 1771 eunuchi,
2787 1699 3130 1772 praepositus
3169 1701 3585 1772 pincernarum
3613 1719 3678 1757 ac

325 1786 653 1842 Rebeccam
699 1789 1010 1859 conjugem
1067 1803 1229 1842 suam
1281 1788 1423 1842 dicit
1477 1803 1605 1843 esse
1652 1804 1911 1843 sororem
1948 1826 1995 1890 Β
2099 1790 2384 1861 pistorum
2417 1790 2474 1844 in
2517 1805 2749 1846 carcere
2795 1791 3094 1844 somnium
3127 1790 3347 1859 vident,
3373 1795 3550 1862 atque
3579 1792 3678 1847 Jo-

327 1882 512 1943 atque
554 1877 612 1931 ia
660 1875 762 1931 illa
789 1881 942 1931 terra
972 1875 1141 1944 Sevit,
1175 1881 1232 1931 et
1279 1867 1618 1947 centuplum
1669 1876 1914 1932 invenit.
1951 1867 1995 1890 υ
2095 1880 2240 1950 seph
2290 1879 2826 1951 interpretationem
2883 1878 3293 1945 sciscitantur,
3344 1883 3401 1934 et
3448 1879 3675 1935 Pharao

331 1963 444 2019 Ubi
471 1964 766 2020 Palaestini
806 1965 1133 2021 invidentes
1165 1965 1215 2020 ei
1249 1969 1456 2036 puteos
1491 1982 1638 2038 quos
1673 1966 1916 2035 fuderat,
2091 1968 2388 2025 somnium
2417 1968 2570 2024 videt
2600 1972 2777 2039 atque
2797 1967 3016 2040 Joseph
3040 1984 3342 2038 praesagus
3367 1968 3554 2023 factus
3586 1974 3675 2024 est

331 2054 682 2109 obruerunt.
1075 2126 1080 2128 _
2094 2058 2450 2125 futurorum,

260 2143 420 2197 XXI.
454 2143 745 2214 Apparuit
775 2143 933 2199 Deus
965 2145 1037 2199 ad
1079 2146 1241 2200 Isaac
1282 2149 1490 2216 sponte
1533 2143 1912 2217 impleturum
2018 2146 2232 2202 XXXV.
2274 2147 2511 2218 Ioseph,
2563 2150 2849 2218 potestate
2906 2150 3144 2217 accepta
3199 2150 3368 2200 terrae
3419 2147 3668 2219 Egypti,

320 2248 387 2286 se
419 2233 578 2302 quod
624 2232 925 2304 pollicitus
972 2238 1062 2289 est
1111 2233 1378 2290 Abrahw.
1409 2235 1600 2305 Atque
1648 2232 1729 2289 ibi
1779 2251 1910 2290 cum
2089 2241 2311 2308 septem
2346 2253 2636 2292 annorum
2666 2236 3049 2305 fertilitatem,
3079 2234 3376 2306 regalibus
3409 2236 3672 2291 recondit

319 2318 564 2374 Amalec
598 2321 787 2376 fcedus
820 2321 973 2376 iniit.
2088 2325 2144 2379 in
2180 2325 2425 2391 horreis,
2460 2341 2525 2380 ac
2565 2325 2737 2380 famis
2787 2329 3050 2396 tempore
3081 2324 3326 2379 totidem
3377 2340 3665 2380 annorum

249 2407 418 2462 XXII.
453 2408 536 2463 De
568 2413 866 2466 senectute
895 2411 1078 2478 Isaac,
1111 2414 1167 2466 et
1209 2411 1308 2466 ubi
1344 2410 1524 2467 Jacob
1553 2409 1908 2468 benedictio-
2088 2415 2224 2470 dum
2269 2415 2583 2482 frumenta
2639 2414 2940 2483 distrahit,
2993 2430 3026 2468 a
3076 2413 3356 2468 fratribus
3408 2414 3668 2469 secundo

317 2513 458 2552 nem
491 2498 793 2570 subripuit
824 2498 997 2555 Esau.
2087 2504 2489 2558 remeantibus
2546 2501 3006 2574 recognoscitur,
3059 2506 3116 2556 et
3173 2500 3522 2558 muneribus
3563 2502 3668 2556 da-

254 2585 475 2640 XXIII.
512 2586 676 2642 Isaac
705 2588 926 2642 vocavit
952 2588 1154 2658 Jacob,
1184 2593 1242 2644 et
1279 2591 1555 2661 praecepit
1583 2590 1634 2646 ei
1666 2607 1739 2645 ne
1769 2607 1908 2646 con-
2084 2591 2181 2657 tis,
2214 2595 2280 2646 ut
2314 2594 2535 2662 patrem
2565 2590 2924 2660 deponerent
2966 2589 3256 2657 hortatur,
3291 2605 3355 2644 ac
3398 2588 3667 2644 vehicula

318 2675 534 2745 jugem
569 2674 957 2731 Chananaam
1005 2677 1313 2750 acciperet,
1340 2679 1441 2734 sed
1477 2679 1547 2734 ad
1580 2684 1908 2751 Mesopota-
2085 2678 2306 2749 dirigit.

319 2762 509 2817 mism
541 2770 826 2836 pergeret,
860 2770 917 2820 et
947 2766 1016 2820 ad
1067 2767 1255 2822 Laban
1308 2768 1661 2824 avunculum
1711 2785 1906 2836 suum,
2012 2767 2264 2822 XXXVI.
2300 2767 2515 2821 Nuntio
2568 2765 2768 2820 audito
2816 2765 2997 2820 Jacob
3046 2765 3311 2836 gaudens
3361 2764 3552 2836 pergit
3602 2765 3661 2820 in

312 2856 374 2905 et
406 2853 562 2907 Esau
598 2853 955 2910 Chananaeas
985 2857 1208 2928 accepit
1238 2873 1470 2914 uxores.
2080 2859 2414 2928 Egyptum,
2431 2871 2496 2910 ac
2518 2854 2757 2910 nuntios
2779 2853 2981 2925 dirigit
3002 2855 3073 2908 ad
3095 2853 3334 2925 Joseph,
3350 2856 3408 2908 et
3428 2852 3656 2909 obviam

239 2939 449 3005 XXIV,
485 2941 670 2996 Jacob
721 2945 1016 3013 profectus
1047 2945 1322 3000 dormivit
1369 2945 1428 3001 in
1478 2946 1698 3016 Bethel,
1733 2951 1907 3020 atque
2081 2945 2232 3017 patri
2264 2960 2512 3016 pergens
2535 2942 2900 3015 amplexatus
2923 2957 3056 2997 eum
3080 2941 3256 3012 ﬂevit,
3280 2942 3489 2997 fratres
3515 2957 3656 2997 suos

308 3030 452 3084 inde
492 3031 650 3085 venit
678 3031 962 3099 Charran,
991 3034 1088 3089 ubi
1124 3035 1361 3090 servivit
1383 3036 1601 3103 Laban,
1626 3053 1730 3108 pro
1762 3037 1904 3092 ﬁlia-
2083 3040 2425 3106 patremque
2456 3049 2652 3088 coram
2698 3032 2998 3087 Pharaone
3026 3030 3252 3098 statuit,
3287 3047 3350 3086 ac
3382 3031 3541 3086 dedit
3569 3031 3654 3088 eis

304 3120 424 3174 bus
455 3120 606 3187 suis,
641 3127 700 3175 et
727 3121 799 3176 de
829 3122 1240 3192 conjunctione
1271 3140 1496 3182 eorum.
2081 3128 2293 3178 terram
2325 3126 2532 3189 Gesen,
2566 3126 2624 3178 et
2652 3121 2845 3177 omnis
2877 3125 3032 3176 terra
3056 3121 3284 3193 Egypti
3314 3119 3488 3175 famis
3521 3134 3652 3190 ege~

239 3207 414 3263 XXV.
449 3208 636 3264 Jacob
684 3208 833 3264 filios
863 3211 932 3265 de
965 3211 1062 3266 Lia
1090 3217 1146 3266 et
1177 3211 1392 3268 Rachel
1423 3218 1600 3286 atque
1651 3219 1893 3287 utraque
1923 3193 1967 3257 C
2079 3217 2228 3268 state
2259 3216 2458 3267 coacta
2507 3228 2609 3282 pro
2657 3215 2897 3282 argento
2945 3209 3124 3280 venit,
3157 3215 3217 3264 et
3263 3208 3470 3280 quinta
3518 3225 3652 3280 pars

302 3297 541 3352 famula
571 3299 853 3371 suscepit.
886 3303 953 3354 Et
983 3301 1055 3356 de
1087 3305 1256 3373 pastu
1287 3317 1555 3373 gregum.
2074 3302 2246 3358 solvit
2276 3300 2584 3356 Pharaoni.

233 3385 446 3441 XXVI.
486 3386 693 3441 Varias
711 3387 904 3460 virgas
935 3389 1099 3460 ponit
1125 3390 1307 3445 Jacob
1341 3391 1398 3445 in
1431 3391 1722 3459 lancibus,
1744 3399 1801 3449 et
1822 3394 1891 3449 de
2001 3391 2261 3447 XXXVII.
2321 3396 2403 3446 De
2434 3388 2778 3462 egritudine
2798 3388 2978 3444 Jacob
2999 3391 3058 3444 et
3078 3387 3481 3444 benedictione
3502 3387 3648 3443 duo-

293 3475 709 3546 assumptione
739 3477 869 3546 ejus
900 3493 1032 3532 cum
1079 3478 1254 3534 vellet
1299 3480 1548 3552 patriam
1581 3482 1890 3553 repedare,
2072 3497 2201 3536 rum
2235 3479 2489 3535 filiorum
2520 3477 2761 3549 Joseph,
2795 3482 2852 3533 et
2881 3480 3106 3548 partem
3138 3491 3317 3532 unam
3347 3481 3508 3531 extra
3541 3477 3652 3530 fra-

297 3580 364 3618 ac
388 3564 803 3635 persecutione
821 3565 1462 3638 Laban,etjuramento
1482 3574 1887 3642 utrorumque.
2074 3577 2192 3626 tres
2223 3587 2365 3627 suos
2395 3569 2559 3626 dedit
2577 3569 2756 3625 Jacob
2785 3567 3004 3640 Joseph
3039 3566 3159 3623 tilio
3181 3583 3285 3623 suo
3307 3582 3482 3638 quam
3513 3566 3650 3621 tulit

233 3649 461 3706 XXVII.
500 3651 898 3710 Proficiscenti
929 3654 1109 3711 Jacob
1141 3657 1371 3712 obviam
1422 3658 1660 3714 fuerunt
1699 3660 1891 3732 angeli
2073 3661 2142 3714 de
2174 3677 2352 3715 manu
2386 3658 2734 3714 Amorrhaai.

299 3741 424 3808 Dei,
450 3745 513 3794 et
531 3739 760 3812 legatos
789 3759 856 3797 ac
892 3759 1136 3798 munera
1167 3745 1350 3800 mittit
1373 3746 1440 3800 ad
1468 3747 1618 3802 Esau
1654 3748 1888 3804 fratrem
2001 3747 2308 3804 XXXVIII.
2339 3747 2520 3802 Jacob
2552 3747 2798 3802 vicinior
2821 3747 2983 3802 obitu
3017 3744 3170 3800 filios
3201 3748 3478 3800 convocat
3507 3761 3646 3799 suos

299 3845 503 3895 suum,
536 3835 594 3884 et
625 3831 695 3884 de
733 3830 892 3886 lucta
921 3833 1049 3900 ejus
1080 3848 1212 3887 cum
1257 3834 1487 3905 angelo,
1519 3842 1576 3891 et
1606 3836 1888 3892 immuta-
2069 3843 2128 3893 et
2178 3837 2426 3910 propriis
2479 3835 2986 3892 benedictionibus
3035 3837 3326 3899 minuerat,
3358 3837 3416 3887 et
3464 3832 3644 3886 futuri

303 3918 469 3974 tione
504 3918 783 3990 nominis,
816 3925 882 3974 ut
911 3921 1083 3976 Israel
1113 3927 1434 3978 vocaretur.
2070 3927 2352 3998 temporis
2370 3929 2737 3982 sacramenta
2755 3928 3056 3995 praasagat.
3074 3928 3156 3978 Ne
3173 3924 3230 3977 in
3249 3921 3644 3993 Egyptiorum

231 4005 468 4062 XXVIII.
502 4006 733 4063 Sichem
766 4007 922 4063 filius
970 4011 1207 4066 Emmor
1255 4011 1460 4067 Dinam
1495 4013 1676 4069 ﬁliam
1708 4015 1887 4070 Jacob
2071 4015 2357 4088 sepulcris
2400 4019 2711 4087 poneretur
2756 4018 2813 4069 et
2866 4013 3018 4067 ﬁlios
3068 4011 3361 4073 hortatur,
3394 4013 3460 4063 ut
3512 4025 3642 4063 eum

301 4095 523 4165 rapuit,
556 4099 615 4149 et
643 4097 714 4150 de
754 4095 974 4152 ultione
1021 4098 1317 4169 pudicitiae
1349 4101 1496 4170 ejus.
1532 4100 1612 4157 De
1663 4104 1886 4173 profec-
2069 4103 2420 4160 collocarent
2449 4103 2508 4157 in
2543 4102 2812 4174 sepulcro
2836 4101 3146 4170 majorum.
3171 4103 3398 4153 Emisso
3430 4097 3640 4168 spiritu

296 4183 458 4238 tione
489 4184 697 4251 Jacob,
729 4189 786 4240 et
814 4186 885 4240 de
916 4187 1238 4257 abjectione
1270 4189 1584 4258 idolorum,
1613 4207 1744 4262 quae
1775 4194 1885 4247 sub
2067 4194 2435 4250 aromatibus
2467 4196 2704 4246 curatur
2724 4195 2901 4262 atque
2931 4190 3060 4259 ejus
3089 4203 3302 4258 corpus
3325 4187 3396 4241 ad
3427 4190 3640 4240 terram

298 4272 707 4327 terebinthum
741 4275 958 4329 obruit.

2065 4283 2341 4340 Chanaan
2373 4283 2735 4352 deportatur,
2768 4286 2826 4334 et
2854 4280 3063 4333 fratres
3099 4293 3169 4331 ne
3200 4276 3270 4330 ab
3301 4274 3519 4346 Joseph
3553 4276 3638 4328 vi-

227 4360 442 4416 XXIX.
481 4364 670 4416 Verno
700 4366 960 4434 tempore
992 4363 1051 4418 in
1083 4364 1381 4437 Euphrata
1411 4369 1745 4438 parturiens
1778 4370 1884 4424 Ra-
2065 4371 2471 4426 eissitudinem
2515 4368 2755 4424 sceleris
2787 4367 3132 4439 reciperent,
3166 4365 3517 4436 deprecatur
3545 4364 3642 4418 Io-

291 4449 424 4505 chel
443 4451 718 4514 decessit,
739 4456 796 4506 et
812 4452 1043 4524 sepulta
1062 4454 1228 4509 estin
1254 4455 1654 4512 Beth-Lehem.
1676 4459 1877 4513 Ruben
2066 4461 2208 4532 seph
2239 4461 2495 4514 moriens
2541 4460 2748 4513 fratres
2779 4473 2918 4513 suos
2959 4457 3298 4525 juramento
3347 4453 3642 4508 constrin~

295 4538 628 4593 concubuit
656 4555 782 4594 cum
817 4541 1144 4596 concubina
1172 4545 1358 4614 patris
1389 4545 1504 4616 sui,
1527 4550 1586 4602 et
1607 4547 1770 4603 Isaac
1802 4565 1891 4603 se-
1921 4548 1966 4612 D
2069 4564 2235 4620 gens,
2277 4553 2341 4602 ut
2389 4563 2520 4600 cum
2583 4545 2700 4600 illis
2749 4544 3004 4600 visitatio
3054 4543 3253 4596 divina
3299 4538 3637 4611 respexerit,

292 4631 537 4683 nectute
569 4629 870 4685 confectus
899 4631 1064 4686 obiit.
2068 4639 2197 4708 ejus
2226 4651 2426 4692 secum
2459 4652 2595 4691 ossa
2623 4638 2942 4707 portarent.

1082 4971 1390 5032 BREVES
1433 4973 1639 5034 LIBRI
1682 4974 2044 5046 BRESITH,
2094 4975 2172 5034 ID
2218 4975 2366 5035 EST
2411 4973 2768 5035 GENESIS.

211 5124 252 5177 Ι.
287 5122 371 5179 De
403 5123 560 5179 lucis
581 5126 837 5195 exordio,
861 5131 915 5182 et
937 5126 1224 5184 divisione
1255 5131 1625 5187 tenebrarum
1660 5149 1694 5188 a
1725 5132 1875 5200 luce,
2059 5137 2114 5188 et
2144 5135 2357 5204 quarta
2387 5131 2502 5188 die.

282 5219 340 5267 et
373 5213 476 5266 die
508 5214 724 5284 prima.
1986 5225 2055 5276 V.
2090 5223 2168 5278 De
2201 5220 2510 5294 reptilibus
2543 5225 2600 5275 et
2632 5219 2988 5285 volatilibus,
3019 5221 3076 5274 et
3105 5217 3199 5273 die
3229 5214 3455 5289 quinta.

211 5301 277 5356 II.
316 5302 400 5358 De
433 5302 724 5358 divisione
754 5321 1066 5376 aquarum,
1101 5308 1567 5379 etjfirmamentc
1597 5310 1750 5367 inter
1779 5327 1878 5368 eas
1984 5310 2078 5368 VI.
2119 5313 2192 5366 De
2216 5309 2506 5380 jumentis
2535 5314 2594 5364 et
2612 5308 2818 5363 bestiis
2839 5313 3025 5376 terrm,
3049 5311 3106 5362 et
3131 5304 3424 5362 creatione
3454 5301 3635 5357 homi-

284 5393 469 5455 farto,
503 5396 563 5446 et
593 5394 857 5447 secunda
886 5394 1001 5450 die.
2059 5402 2173 5466 nis,
2201 5405 2259 5454 et
2289 5404 2452 5454 sexta
2484 5398 2598 5452 die.

216 5479 311 5536 III.
347 5481 432 5534 De
462 5483 917 5552 congregatione
963 5500 1249 5555 aquarum
1303 5489 1412 5542 sub
1462 5488 1628 5558 cmlo,
1650 5493 1708 5544 et
1747 5505 1877 5561 ger-
1986 5491 2108 5546 VII.
2147 5495 2221 5544 De
2253 5488 2713 5544 sanctificatione
2744 5486 2857 5542 diei
2887 5485 3145 5558 septimi,
3177 5487 3234 5538 et
3262 5480 3552 5554 paradiso,
3576 5483 3634 5536 et

288 5568 452 5623 mine
485 5575 678 5638 terrae,
711 5573 769 5624 et
800 5570 976 5626 tertia
1005 5573 1119 5628 die.
2058 5582 2130 5637 de
2163 5579 2507 5636 ﬂuminibus
2538 5579 2688 5650 ejus,
2722 5581 2778 5633 et
2807 5575 3041 5633 homine
3073 5573 3152 5629 ibi
3181 5572 3388 5644 posito.

219 5657 308 5712 IV.
345 5661 421 5713 De
452 5657 852 5714 luminaribus
881 5659 1006 5716 οωῐί
1041 5667 1095 5718 et
1127 5664 1412 5721 divisione
1433 5665 1542 5722 diei
1577 5673 1636 5723 et
1666 5668 1877 5742 noctis,
1986 5671 2137 5726 VIII.
2173 5670 2253 5725 De
2283 5670 2470 5724 Adam
2504 5667 2601 5723 ubi
2636 5667 2877 5722 nomina
2915 5662 3314 5720 animantibus
3344 5659 3633 5716 universis
