4080 6186
357 353 460 408 I87
1389 350 1448 402 s.
1488 310 1894 404 HIERONYMI
1932 352 2185 405 mvma
2219 353 2717 407 BIBLIOTHECA.
3658 350 3757 405 188

426 476 731 550 imposuit,
765 479 821 531 et
858 477 930 531 de
978 472 1224 529 muliere
1270 471 1565 543 quomodo
1615 472 1769 528 facta
1812 472 1908 542 sit,
1940 476 1999 528 et
2025 477 2081 541 Α
2109 474 2285 530 ΧΧΧ.
2317 475 2399 531 De
2428 476 2581 531 Esau
2605 476 2704 530 ubi
2726 474 2987 531 vendidit
3013 473 3403 547 primogenita
3424 491 3534 529 sua
3551 475 3753 546 Jacob,

428 566 896 640 transgressione
924 577 1147 618 eorum.
2185 570 2240 620 et
2272 567 2341 621 de
2372 566 2867 637 promissionibus
2914 563 3014 620 Dei
3045 565 3105 619 in
3137 564 3392 633 Geraris,
3425 567 3481 619 et
3531 564 3630 619 ubi
3663 580 3757 620 se-

358 658 448 712 IX.
482 661 560 711 De
601 656 857 724 irrogata
904 653 963 707 in
1011 667 1111 706 eos
1141 667 1175 705 a
1204 649 1454 706 Domino
1503 651 1814 716 sententia,
1846 654 1904 707 et
1932 651 2003 706 de
2185 654 2430 709 minavit
2458 658 2515 710 et
2543 655 2767 709 invenit
2794 652 3159 724 centuplum.

428 744 671 808 tunicis,
700 747 756 797 et
787 742 856 797 de
885 739 1201 795 Cherubim
1235 739 1507 795 ﬂammeo
1537 739 1731 812 gladio
1760 743 1801 794 ί.
2114 742 2308 799 XXXI.
2343 744 2423 799 De
2463 743 2854 815 promissione
2904 747 3068 799 Isaac
3098 747 3150 797 et
3183 742 3488 809 Bersabee,
3522 742 3622 797 ubi
3669 760 3752 799 ss-

359 834 426 891 X.
460 840 539 889 De
568 832 706 888 Cain
740 835 799 887 et
839 829 1002 899 Abel,
1034 834 1092 885 et
1122 828 1530 885 maledictione
1559 828 1660 885 Dei
1711 830 1767 884 in
1819 828 2000 899 parri-
2186 834 2377 889 eundo
2422 832 2692 911 apparuit
2727 833 2779 888 ei
2827 833 3133 903 Dominus,
3166 837 3223 887 et
3267 832 3339 887 de
3388 837 3557 904 pacto
3607 832 3761 905 regis

428 923 610 978 cidas.
2185 922 2514 979 Abimelech
2564 940 2698 981 cum
2753 922 2938 990 Isaac,
2971 927 3027 977 et
3057 923 3129 977 de
3169 923 3322 978 Esau
3372 926 3432 977 et
3481 921 3761 977 uxoribus

354 1012 447 1068 XI.
484 1013 560 1067 De
590 1010 727 1067 Seth
759 1010 860 1081 qui
901 1011 1039 1065 Adae
1066 1010 1088 1043 ³
1137 1012 1310 1065 natus
1364 1012 1453 1064 est
1498 1025 1601 1081 pro
1651 1008 1816 1079 Abel,
1848 1013 1905 1065 et
1932 1009 2003 1064 de
2186 1013 2337 1081 ejus.

426 1100 800 1174 generatione
829 1099 956 1171 ejus
987 1114 1175 1173 usque
1204 1098 1275 1152 ad
1308 1097 1448 1153 Noe.
2117 1101 2347 1158 XXXII.
2381 1102 2461 1157 De
2510 1103 2764 1158 caecitate
2811 1103 2995 1168 Isaac,
3026 1105 3084 1156 et
3114 1101 3407 1172 quomodo
3454 1115 3559 1172 pro
3607 1100 3760 1156 Esau

358 1191 481 1247 XII.
513 1190 593 1245 De
625 1187 988 1261 gigantibus,
1019 1191 1078 1243 et
1106 1187 1245 1254 Noe,
1278 1190 1336 1241 et
1365 1202 1517 1257 arca,
1551 1190 1609 1241 et
1634 1186 1871 1243 diluvio.
2187 1191 2485 1247 benedixit
2510 1192 2707 1247 Jacob.

357 1279 506 1335 XIII.
544 1279 618 1333 De
650 1294 889 1349 egressu
921 1277 1041 1333 Noe
1094 1276 1165 1331 de
1213 1292 1366 1343 arca,
1401 1279 1457 1331 et
1506 1277 1578 1332 de
1622 1276 2005 1334 aediﬁcatione
2115 1279 2384 1336 XXXIII.
2423 1283 2495 1337 De
2526 1282 2657 1336 odio
2690 1282 2837 1337 Esau
2889 1279 3040 1335 circa
3083 1279 3289 1347 Jacob,
3321 1282 3378 1332 et
3416 1278 3555 1350 fuga
3581 1277 3762 1334 Jacob

431 1368 636 1424 altaris
664 1368 707 1421 ³.
2187 1369 2260 1422 ad
2310 1370 2528 1437 Laban,
2562 1374 2620 1425 et
2649 1370 2719 1425 de
2751 1368 2982 1425 somnio
3031 1371 3089 1423 et
3132 1366 3310 1435 scala,
3343 1374 3398 1421 et
3428 1365 3673 1439 angelis,
3707 1372 3765 1423 et

356 1458 500 1514 XIV.
530 1463 613 1512 De
646 1455 911 1511 nuditate
939 1456 1078 1523 Noe,
1111 1459 1168 1510 et
1198 1454 1607 1511 maledictione
1636 1454 1931 1512 Chanaan.
2188 1458 2504 1515 Dominum
2532 1460 2679 1514 vidit
2707 1458 3039 1531 loquentem
3069 1457 3140 1512 ad
3172 1472 3254 1511 se.

357 1547 475 1604 XV.
508 1546 590 1601 De
627 1544 1107 1618 generationibus
1136 1543 1317 1599 trium
1370 1543 1624 1600 filiorum
1674 1549 1814 1616 Noe,
1847 1551 1905 1601 et
1934 1547 2005 1601 de
2117 1546 2353 1602 XXXIV.
2388 1551 2465 1601 De
2486 1547 2724 1602 servitio
2744 1546 2923 1602 Jacob
2949 1562 3051 1617 pro
3076 1544 3378 1612 uxoribus,
3398 1546 3456 1599 et
3479 1548 3762 1617 conceptu

429 1636 706 1692 Nemrod.
2189 1636 2380 1692 ovium
2428 1654 2530 1708 pro
2577 1626 2856 1692 varietate
2884 1635 3204 1706 virgarum,
3236 1639 3296 1689 et
3338 1634 3410 1689 de
3457 1634 3764 1690 nativitate

360 1724 513 1782 XVI.
546 1728 624 1780 De
654 1724 1035 1780 aedificatione
1065 1722 1267 1778 Turris
1306 1726 1365 1779 et
1403 1722 1746 1779 confusione
1773 1722 2005 1795 lingua-
2189 1726 2443 1782 ﬁliorum
2473 1726 2675 1781 Jacob.

432 1831 588 1886 rum,
620 1818 679 1869 et
706 1814 777 1869 de
807 1813 1082 1886 progenie
1126 1817 1259 1868 Sem
1306 1829 1494 1884 usque
1524 1815 1596 1869 ad
1627 1813 1919 1869 Abraham
1951 1818 2008 1869 et
2036 1847 2086 1912 Β
2116 1815 2351 1872 XXXV.
2384 1821 2463 1872 De
2493 1815 2845 1887 profectione
2886 1815 3065 1871 Jacob
3115 1815 3187 1869 de
3235 1812 3677 1884 Mesopotamia,
3710 1816 3767 1912 et

432 1907 555 1959 Lot.
2038 1901 2084 1912 ”
2190 1905 2261 1960 de
2283 1906 2481 1978 jurgio
2512 1907 2641 1977 ejus
2684 1921 2817 1961 cum
2859 1905 3055 1960 Laban
3088 1907 3146 1958 et
3176 1906 3367 1975 pacto,
3394 1906 3452 1958 et
3499 1902 3569 1957 de
3614 1901 3767 1956 divi-

360 1993 525 2054 XVII.
560 1999 638 2048 De
669 1992 1001 2066 egressione
1048 1992 1285 2047 Abrahae
1317 1992 1387 2047 de
1414 1996 1576 2047 terra
1606 1990 2008 2047 Chaldworum
2191 1995 2357 2050 sione
2404 1994 2847 2067 angelorum,‘et
2894 1992 3324 2062 colluctatione,
3355 1995 3413 2047 et
3461 1991 3765 2063 pacatione

432 2082 493 2137 in
528 2084 717 2137 Haran
753 2080 1183 2152 Mesopotamiae
1214 2098 1348 2135 cum
1383 2081 1661 2136 fratribus
1692 2081 1838 2136 suis.
2189 2086 2372 2141 Jacob
2404 2101 2539 2141 cum
2572 2089 2745 2140 Esau.

362 2172 555 2228 XVIII.
589 2171 669 2226 De
698 2171 798 2226 Dei
833 2170 1223 2242 promissione
1250 2172 1321 2225 ad
1354 2170 1668 2239 Abraham,
1692 2174 1749 2225 et
1774 2171 1845 2225 de
1877 2186 2008 2242 pro-
2122 2175 2376 2230 XXXVI.
2412 2178 2486 2229 De
2519 2174 2881 2229 habitatione
2905 2173 3086 2228 Jacob
3115 2173 3172 2227 in
3206 2171 3539 2241 Sichem,et
3562 2175 3766 2242 stupro

435 2261 682 2316 fectione
712 2260 840 2330 ejus
881 2260 938 2314 in
972 2264 1187 2316 terram
1219 2260 1515 2329 Chanaan,
1548 2264 1604 2314 et
1646 2259 1742 2314 ubi
1774 2259 1825 2315 ei
1855 2265 2010 2315 Deus
2190 2263 2248 2318 in
2285 2263 2513 2333 Dinam,
2537 2268 2593 2317 et
2613 2262 3011 2318 interfectione
3043 2262 3232 2327 urbis,
3256 2265 3313 2316 et
3340 2261 3411 2315 de
3432 2258 3603 2315 idolis
3632 2260 3766 2315 abs-

439 2350 697 2405 secundo
728 2349 1023 2422 apparuit.
2190 2351 2446 2407 conditis
2477 2353 2587 2406 sub
2623 2350 2973 2407 terebintho.

368 2438 509 2495 XIX.
539 2439 619 2493 De
650 2438 921 2510 ingressu
972 2439 1220 2494 Abrahae
1250 2439 1309 2493 in
1354 2438 1679 2510 Egyptum,
1710 2455 1777 2493 ac
1820 2439 2010 2495 reditu
2119 2440 2390 2497 XXXVII.
2422 2444 2499 2494 De
2531 2440 2720 2495 reditu
2751 2439 2931 2496 Jacob
2976 2440 3037 2495 in
3082 2427 3303 2511 Bethel,
3335 2438 3395 2494 in
3429 2454 3544 2510 quo
3576 2438 3768 2493 denuo

437 2530 565 2600 ejus
595 2527 655 2583 in
691 2527 911 2595 Betbel,
936 2535 989 2583 et
1015 2528 1085 2583 de
1116 2527 1379 2584 discessu
1418 2531 1537 2595 Lot',
1567 2531 1623 2583 et
1652 2526 2011 2584 habitatione
2192 2529 2466 2602 apparuit
2507 2530 2559 2585 ei
2610 2529 2764 2584 Deus
2806 2534 2863 2585 et
2905 2529 3132 2584 vocavit
3179 2544 3304 2584 eum
3356 2525 3557 2594 Israel,
3590 2527 3648 2582 et
3695 2526 3766 2581 de

439 2618 568 2689 ejus
597 2618 656 2672 in
687 2618 976 2674 Sodomis.
2191 2619 2446 2691 Ephrata
2492 2619 2593 2674 ubi
2644 2617 2882 2684 Rachel,
2937 2618 3093 2673 edito
3141 2616 3470 2689 Benjamin,
3521 2616 3665 2671 obiit
3709 2620 3767 2671 et

364 2706 474 2763 XX.
507 2706 587 2763 De
620 2706 715 2763 Dei
758 2706 1150 2778 promissione
1199 2707 1370 2762 tertio
1402 2707 1473 2762 ad
1504 2706 1821 2772 Abraham,
1852 2710 1911 2763 et
1941 2708 2012 2763 de
2191 2708 2421 2780 sepulta
2450 2713 2569 2778 est;
2600 2715 2659 2763 et
2704 2708 2802 2764 ubi
2851 2708 3057 2763 Ruben
3102 2707 3173 2762 ad
3224 2705 3610 2762 concubinam
3659 2722 3760 2777 pa-

437 2796 714 2851 trecentis
744 2796 944 2851 decem
976 2800 1034 2851 et
1062 2800 1190 2851 octo
1215 2796 1600 2867 vernaculis‘,
1624 2797 1793 2851 caesis
1824 2795 2010 2851 bosti-
2191 2800 2300 2854 tris
2349 2797 2441 2853 sui
2490 2797 2795 2870 ingressus
2843 2802 2960 2864 est,
3015 2802 3074 2852 et
3123 2795 3463 2852 nominibus
3516 2793 3767 2866 patriar—

437 2886 568 2952 bus,
601 2891 656 2939 et
683 2889 952 2941 revocato
983 2885 1108 2940 Lot.
2192 2889 2459 2954 charum,
2502 2892 2559 2942 et
2611 2887 2683 2942 de
2740 2886 2903 2941 obitu
2952 2887 3133 2955 Isaac,
3178 2889 3233 2940 et
3290 2884 3770 2957 generationibus

364 2974 502 3031 XXI.
536 2978 611 3029 De
641 2973 742 3033 Dei
782 2973 1170 3045 promissione
1224 2978 1433 3045 quarta
1479 2975 1549 3029 ad
1600 2973 1921 3043 Abraham,
1949 2972 2011 3028 in
2192 2977 2366 3033 Esau.

437 3063 694 3132 Hebron,
726 3066 782 3117 et
812 3063 883 3117 de
914 3063 1406 3134 praenuntiatione
1436 3063 1536 3118 Dei
1568 3064 1723 3134 quod
1759 3063 2009 3134 peregri-
2122 3066 2417 3121 XXXVIII.
2450 3071 2530 3121 De
2555 3063 2771 3135 Joseph
2804 3068 2857 3119 et
2890 3064 3141 3119 somniis
3172 3064 3322 3135 ejus,
3354 3067 3411 3118 et
3439 3061 3775 3118 venditione

441 3156 680 3206 naretur
709 3167 907 3205 semen
942 3151 1091 3223 ejus,
1125 3156 1179 3205 et
1211 3151 1281 3206 de
1313 3151 1615 3205 nativitate
1647 3150 1878 3206 Ismael.
2048 3215 2084 3227 Α
2196 3157 2324 3226 ejus
2357 3154 2414 3209 in
2445 3155 2779 3227 Egyptum,
2803 3157 2860 3209 et
2889 3154 2961 3208 de
2990 3154 3166 3219 Juda,
3190 3158 3248 3207 et
3268 3168 3395 3224 quae
3423 3153 3494 3208 de
3523 3151 3783 3207 Thamar

367 3239 541 3295 XXII.
575 3238 655 3294 De
684 3215 1085 3310 promissione
1100 3239 1201 3295 Dei
1254 3240 1461 3311 quinta
1509 3240 1579 3294 ad
1631 3239 1923 3295 Abraham
1956 3244 2012 3296 et
2042 3215 2085 3282 Ο
2199 3215 2665 3300 memorantur“.

442 3330 513 3384 de
558 3329 973 3384 immutatione
1025 3329 1329 3393 nominum
1387 3328 1683 3384 Abraham
1733 3333 1791 3384 et
1840 3329 2016 3387 Sam.
2127 3332 2389 3388 XXXIX.
2430 3334 2505 3388 De
2531 3331 2746 3404 Joseph
2782 3332 2853 3386 ab
2885 3331 3156 3387 eunucho
3188 3335 3384 3403 empto
3410 3335 3469 3386 et
3498 3324 3563 3413 in.
3589 3345 3785 3384 carce-

443 3417 523 3473 De
548 3422 717 3488 pacto
748 3416 1232 3474 circumclsionis.
2204 3439 2321 3477 rem
2362 3421 2562 3487 misso,
2594 3425 2651 3476 et
2682 3422 2753 3475 de
2783 3420 3033 3475 somniis
3067 3419 3412 3475 Pharaonis.

372 3505 563 3562 XXIII.
608 3506 688 3560 De
747 3506 992 3561 Domino
1049 3507 1346 3577 quomodo
1391 3506 1451 3560 in
1501 3506 1693 3562 tribus
1749 3508 2023 3579 apparuit
2128 3511 2252 3567 XL.
2287 3510 2366 3565 De
2413 3509 2630 3582 Josepb
2690 3509 2902 3565 educto
2957 3510 3026 3565 de
3086 3525 3338 3569 carcere.
3372 3496 3430 3564 et
3488 3507 3785 3580 quomodo

442 3594 690 3650 Abrahae
730 3595 790 3649 in
835 3594 1097 3650 convalle
1151 3595 1431 3665 Mambre,
1482 3596 1581 3650 ubi
1632 3595 1942 3669 pollicetur
1970 3598 2019 3653 ei
2164 3640 2173 3649 .
2203 3600 2500 3656 somnium
2535 3599 2654 3673 regi
2688 3598 2979 3665 edisserit,
3003 3602 3060 3654 et
3083 3599 3361 3653 dominus
3392 3596 3618 3673 Egypti
3648 3612 3788 3651 con-

432 3684 609 3761 ‘Isaac
642 3684 1034 3760 nasciturum,
1065 3688 1122 3740 et
1150 3685 1220 3740 de
1251 3684 1929 3758 quinquaginta‘justis
1959 3687 2018 3741 in
2205 3690 2447 3745 stitutus
2479 3692 2584 3758 est,
2618 3692 2677 3743 et
2706 3687 2778 3742 de
2811 3704 2987 3743 uxore
3019 3688 3144 3757 ejus
3187 3703 3253 3741 ac
3294 3686 3528 3741 duobus
3560 3683 3784 3739 liberis.

448 3773 740 3830 Sodomis.
1288 3826 1291 3827 ν
2133 3777 2274 3832 XLI.
2308 3777 2388 3832 De
2436 3777 2712 3832 fratribus
2754 3775 2993 3847 .loseph,
3027 3775 3321 3846 quomodo
3354 3773 3789 3829 descenderunt

371 3862 563 3919 XXIV.
606 3862 687 3918 De
737 3862 1115 3919 subversione
1170 3864 1582 3927 Sodomorum.
1632 3866 1690 3919 et
1736 3868 2019 3936 conceptu
2206 3867 2264 3920 in
2296 3869 2630 3939 Egyptum,
2653 3865 2802 3920 etde
2834 3864 3021 3919 reditu
3045 3880 3271 3930 eorum,
3296 3861 3495 3918 relicto
3523 3862 3791 3931 Simeon,

444 3952 703 4009 ﬁliarum
736 3952 842 4007 Lot
872 3954 942 4008 de
970 3958 1149 4027 patre.
2206 3960 2262 4009 et
2293 3956 2543 4027 pecunia
2574 3959 2804 4027 reperta
2833 3954 2889 4008 in
2923 3953 3130 4010 saccis.

371 4041 529 4099 XXV.
562 4042 641 4097 De
664 4040 1019 4119 profectione
1041 4042 1291 4097 Abrahae
1309 4041 1370 4097 in
1390 4042 1623 4107 Gerara,
1644 4045 1701 4097 et
1719 4056 1847 4114 qua:
1869 4044 2023 4116 apud
2135 4044 2302 4100 XLII.
2328 4045 2409 4100 De
2440 4044 2697 4099 secunda
2730 4043 2978 4098 fratrum
3010 4041 3227 4115 Joseph
3262 4040 3619 4115 profectione
3650 4055 3790 4095 cum

446 4147 580 4187 eum
610 4130 793 4205 gessit
825 4129 1157 4186 Abimelech
1188 4148 1287 4187 rex
1318 4130 1785 4187 Palwstinorum.
2207 4133 2512 4205 Beniamin
2545 4133 2603 4188 in
2638 4133 2975 4205 .Egyptum,
3007 4137 3063 4187 et
3094 4132 3394 4204 agnitione
3428 4135 3651 4186 mutua.

378 4219 570 4279 XXVI.
600 4220 680 4274 De
730 4219 1031 4283 nativitate
1081 4221 1262 4290 Isaac,
1304 4224 1361 4274 et
1407 4221 1479 4274 de
1532 4219 1669 4274 ludo
1717 4220 1846 4290 ejus
1892 4236 2023 4277 cum
2137 4223 2330 4280 XLIII.
2364 4223 2442 4278 De
2474 4222 2860 4277 subventione
2892 4227 2949 4276 et
2992 4221 3338 4275 muneribus
3371 4238 3402 4274 a
3431 4216 3640 4291 Ioseph
3674 4217 3803 4271 fra-

450 4308 681 4376 Ismael,
714 4313 771 4363 et
801 4309 871 4363 de
911 4307 1252 4379 expulsione
1299 4311 1453 4379 Agar
1502 4324 1631 4363 cum
1683 4308 1928 4380 Fillo,et
1957 4310 2028 4366 de
2210 4312 2401 4368 tribus
2435 4311 2610 4372 datis.
2642 4316 2701 4365 et
2746 4312 2816 4365 de
2865 4310 3227 4382 profectione
3256 4309 3437 4365 Jacob
3466 4324 3599 4363 cum
3632 4305 3803 4361 omni

451 4400 719 4469 pactione
750 4395 1088 4451 Abimelech
1122 4413 1217 4452 rex
1250 4396 1712 4453 Palmstinorum.
2213 4403 2384 4456 domo
2418 4417 2524 4455 sua
2557 4400 2616 4454 in
2650 4404 2988 4472 Egyptum.

379 4486 605 4542 XXVII.
640 4491 717 4541 De
767 4488 930 4540 Isaac
963 4486 1060 4541 ubi
1102 4486 1443 4541 immolatur
1488 4505 1521 4542 a
1568 4494 1752 4559 patre,
1786 4494 1841 4544 et
1872 4491 2027 4561 quod
2140 4492 2329 4547 XLIV.
2368 4496 2443 4545 De
2476 4491 2747 4561 ingressu
2773 4489 2953 4544 Jacob
2981 4488 3048 4541 ad
3081 4486 3539 4553 Pharaonem,et
3568 4484 3638 4537 de
3674 4499 3811 4555 pos-

452 4575 720 4630 Bathueli
748 4575 1006 4630 Rebecca
1040 4575 1114 4630 sit
1148 4581 1300 4644 nata,
1335 4582 1390 4630 et
1420 4581 1489 4631 de
1525 4577 1682 4632 obitu
1715 4583 1887 4633 Sane.
2065 4584 2112 4650 D
2217 4581 2480 4636 sessione
2513 4579 2793 4633 sibi'data
2815 4577 2871 4631 in
2906 4581 3057 4630 terra
3093 4578 3329 4629 Gessen.

383 4665 645 4721 XXVIII.
680 4665 759 4720 De
790 4665 1069 4735 Rebecca,
1102 4666 1392 4735 quomodo
1421 4665 1667 4721 Abrahae
1700 4683 1902 4722 servus
1934 4684 2035 4739 pe-
2146 4671 2310 4725 XLV.
2347 4670 2425 4723 De
2455 4667 2703 4738 caligine
2741 4664 3045 4719 oculorum
3077 4663 3274 4727 Jacob,
3310 4668 3366 4715 et
3397 4660 3810 4717 benedictione

454 4755 592 4808 titor
617 4756 898 4809 accedens
930 4758 1222 4829 acceptam
1251 4756 1452 4831 jungit
1483 4754 1664 4809 Isaac.
2216 4759 2275 4813 in
2329 4758 2465 4812 {iliis
2514 4755 2755 4826 Joseph,
2788 4759 2845 4809 et
2875 4753 3282 4809 benedictione
3334 4749 3586 4804 filiorum
3618 4749 3808 4804 Jacob

383 4841 581 4897 XXIX.
616 4843 697 4898 De
729 4842 1026 4897 Abraham
1051 4843 1146 4897 ubi
1173 4843 1483 4898 Cethuram
1518 4843 1740 4915 accepit
1773 4860 2034 4910 uxorem,
2218 4847 2549 4901 duodecim.

459 4936 512 4986 et
547 4932 615 4987 de
647 4931 808 4986 obitu
840 4932 1082 4986 Abrahae
1119 4948 1131 4986 :
1166 4936 1221 4986 et
1251 4933 1321 4985 de
1354 4932 1628 5003 progenie
1660 4932 1947 4999 Ismaelis,
1981 4938 2038 4987 et
2146 4935 2347 4995 XLVI.
2383 4934 2462 4989 De
2494 4933 2651 4989 obitu
2677 4932 2855 4987 Jacob
2888 4936 2944 4987 et
2971 4929 3273 5001 sepultura
3300 4928 3429 4999 ejus
3453 4927 3509 4982 in
3548 4927 3806 4993 Hebron,

459 5021 531 5074 de
562 5026 845 5091 conceptu
875 5024 932 5075 et
962 5025 1132 5091 partu
1173 5021 1464 5076 Rebeccae.
2218 5030 2275 5080 et
2305 5025 2375 5079 de
2403 5032 2585 5077 morte
2614 5021 2853 5091 Joseph.

461 5167 478 5199 ¹
515 5162 816 5223 Palatinus
848 5164 1046 5231 codex,
1079 5180 1330 5234 quocum
1386 5163 1490 5218 hos
1534 5163 1735 5219 breves
1784 5164 2033 5219 contuli-
2219 5168 2237 5201 ‘
2266 5167 2509 5221 Auctius
2542 5163 2637 5219 hic
2671 5167 2759 5218 est
2813 5178 2930 5217 uno
2980 5160 3153 5217 verbo
3182 5174 3418 5232 pergens
3454 5155 3575 5214 Pal.
3609 5172 3811 5212 exem-

388 5235 747 5311 mus,_verba
776 5236 1035 5311 ﬂammeo
1065 5235 1535 5311 gladioi‘gnorat.
2147 5240 2309 5311 pler.
2672 5307 2684 5311 _
2884 5307 2892 5311 _
3023 5304 3033 5311 _
3111 5302 3147 5311 ﬁ
3198 5303 3208 5311 _
3264 5304 3297 5311 ν,
3429 5302 3443 5311 _
3524 5300 3537 5311 ,

454 5307 476 5343 ³
512 5308 670 5361 Idem
702 5301 915 5361 nomen
954 5301 1085 5361 Adé
1115 5301 1358 5378 respuit.
2148 5301 2165 5311 ³
2217 5312 2238 5345 ⁸
2267 5309 2560 5365 Numerus
2587 5307 2989 5377 quinquaginta
3021 5304 3079 5378 in
3111 5302 3379 5378 P_alatino
3413 5301 3795 5378 desideratur

455 5378 480 5450 ξ
510 5378 637 5432 Haec
688 5395 942 5450 quoque,
991 5385 1045 5433 et
1092 5382 1159 5432 de
1204 5375 1583 5450 aediﬁcatione
1629 5379 1851 5450 altaris,
1884 5383 2037 5437 tacet
2218 5382 2238 5415 ο
2275 5380 2531 5450 Denique
2563 5375 2782 5450 etista,
2810 5382 2863 5431 et
2890 5393 3008 5448 quae
3036 5377 3103 5433 de
3136 5375 3370 5433 Thamar
3400 5377 3815 5431 memorantur.

388 5447 505 5506 Pal.
539 5466 652 5507 me.
706 5447 722 5449 “
824 5447 842 5450 “
1038 5514 1049 5527 ί
1326 5447 1333 5450 ⁷
1837 5447 1845 5450 ⁷
2147 5454 2366 5513 absunt
2396 5447 2723 5505 a'Palatino
2762 5466 2877 5504 me.
