4080 6186
245 332 339 388 189
1655 333 1870 386 LIBER
1906 333 2230 388 GENEBIS.
3546 337 3650 391 190

1051 617 1454 680 CAPITULA
1498 618 1710 680 LIBRI
1758 620 2118 690 BRESITH,
2167 624 2246 680 ID
2293 621 2433 680 EST
2479 621 2822 681 GENESIS.

245 945 284 998 Ι.
315 943 395 998 De
429 943 520 996 die
554 941 764 1013 primo,
799 941 858 995 in
892 957 1003 1011 quo
1036 939 1134 996 lux
1157 941 1309 995 facta
1338 945 1445 996 est.
1914 943 1968 1007 Α
1999 939 2252 996 XXXIII.
2287 939 2394 994 Ubi
2423 940 2585 995 visus
2618 943 2703 995 est
2733 939 3021 995 Dominus
3045 940 3373 1007 Abrahae,et
3400 941 3643 996 benedi-

245 1031 309 1086 II.
342 1029 427 1084 De
458 1029 554 1084 die
583 1031 863 1097 secundo,
899 1030 956 1082 in
988 1046 1103 1100 quo
1134 1029 1344 1084 crelum
1377 1032 1593 1083 factum
1625 1033 1732 1082 est.
2067 1029 2151 1084 xit
2197 1046 2352 1095 eum,
2400 1033 2456 1084 et
2503 1028 2647 1083 dixit
2699 1029 2749 1082 ei
2783 1046 2796 1084 :
2832 1027 3212 1099 Peregrinum
3274 1029 3382 1084 erit
3439 1047 3642 1088 semen

244 1122 334 1175 III.
371 1119 454 1174 De
484 1119 579 1174 die
610 1117 802 1182 tertio,
838 1118 894 1172 in
930 1135 1044 1192 quo
1076 1123 1230 1172 terra
1255 1124 1312 1174 et
1346 1135 1530 1172 mare.
2067 1123 2260 1183 tuum,
2293 1123 2350 1173 et
2379 1118 2583 1189 genuit
2607 1117 2657 1172 ei
2691 1120 2843 1189 Agar
2870 1117 3200 1173 Ismaelem.

242 1209 329 1266 IV.
364 1214 443 1264 De
476 1210 568 1263 die
600 1214 833 1280 quarto,
867 1209 924 1262 in
957 1226 1070 1280 quo
1104 1209 1210 1278 sol,
1244 1214 1297 1264 et
1328 1209 1488 1280 luna,
1523 1214 1580 1263 et
1612 1207 1812 1263 stellae.
1997 1207 2235 1262 XXXIV.
2271 1207 2446 1262 Visus
2477 1212 2566 1262 est
2598 1207 2878 1261 Dominus
2908 1205 3173 1274 Abrahae,
3201 1211 3258 1261 et
3289 1206 3448 1262 dedit
3478 1205 3529 1262 ei
3559 1208 3639 1263 si-

238 1298 301 1351 V.
325 1305 412 1354 De
434 1299 529 1352 die
559 1298 779 1369 quinto,
813 1298 870 1352 in
906 1314 1019 1369 quo
1052 1298 1312 1368 repentia
1344 1300 1401 1353 in
1444 1298 1608 1364 mari,
1644 1302 1700 1354 et
1728 1297 1886 1353 vola-
2069 1313 2251 1368 gnum
2284 1295 2770 1364 circumcisionis,
2802 1299 2858 1350 et
2889 1296 2960 1350 de
2991 1298 3173 1350 Isaac.

309 1388 438 1441 tilia
464 1387 614 1442 caeli.

2008 1404 2213 1458 XXXV.
2248 1403 2412 1459 Visus
2461 1407 2550 1457 est
2596 1401 2880 1458 Dominus
2929 1402 3336 1470 Abrahae,cum
3378 1401 3486 1456 iret
3513 1419 3641 1473 per-

238 1476 325 1532 VI.
358 1477 442 1532 De
474 1477 568 1530 die
599 1480 781 1540 sexto,
815 1476 872 1530 in
908 1493 1022 1547 quo
1064 1477 1469 1549 quadrupedis
1501 1483 1558 1532 et
1585 1481 1886 1547 serpentes
2069 1495 2203 1549 dere
2232 1493 2584 1548 Sodomitae_

305 1570 360 1620 et
396 1566 598 1620 bestiis
628 1570 684 1619 et
714 1565 912 1620 omnia
941 1582 1166 1639 pecora,
1199 1571 1256 1620 et
1288 1566 1568 1637 repentia,
1601 1571 1656 1620 et
1687 1565 1882 1620 homo.

2008 1584 2244 1640 XXXVI.
2279 1582 2578 1640 Venerunt
2607 1583 2722 1638 duo
2754 1580 2945 1653 angeli
2975 1579 3035 1636 in
3066 1581 3351 1650 Sodomis,
3386 1585 3442 1636 et
3472 1598 3643 1638 man-

240 1655 354 1708 VII.
393 1655 478 1709 De
512 1655 602 1709 die
631 1654 905 1725 septimo,
937 1656 993 1708 in
1037 1672 1153 1726 quo
1186 1655 1490 1726 requievit,
1523 1655 1681 1710 omni
1715 1671 1885 1727 opere
2069 1677 2275 1728 serunt
2305 1672 2458 1742 apud
2493 1673 2617 1726 μοι,

308 1750 744 1811 εοῐιευωωδὶο,
777 1744 951 1799 Πθαει
1998 1762 2276 1817 XXXVII.
2312 1761 2463 1816 Pluit
2481 1761 2764 1816 Dominus
2792 1761 2987 1831 ignem
3022 1765 3079 1815 et
3103 1760 3354 1832 sulphur
3385 1761 3455 1816 de
3473 1761 3642 1832 ccalo,

245 1834 381 1888 VIII.
423 1834 501 1888 De
535 1833 641 1887 hoc
667 1833 814 1888 libro
863 1832 921 1887 in
953 1850 1067 1905 quo
1101 1835 1374 1890 universa
1404 1850 1530 1905 quae
1565 1833 1713 1888 facta
1748 1838 1888 1888 sunt
2074 1856 2132 1906 et
2162 1851 2368 1906 evertit
2398 1851 2735 1915 Sodoma“),
2768 1854 2824 1904 et
2854 1850 2985 1904 ωίω
3021 1851 3120 1905 μοι
3149 1854 3541 1920 concepewnt
3572 1851 3642 1905 de

308 1923 472 1992 dicit,
509 1927 564 1977 et
592 1924 664 1977 de
694 1927 948 1994 quatuor
976 1924 1343 1978 ﬂuminibus.
2066 1945 2229 2012 patre
2260 1957 2388 1996 suo,

243 2012 326 2068 IX.
369 2014 446 2067 De
479 2012 718 2067 homine
749 2013 935 2084 posito
965 2013 1022 2066 in
1051 2013 1346 2084 paradiso,
1381 2018 1435 2069 et
1484 2012 1582 2068 ubi
1631 2029 1885 2086 praecep-

2008 2029 2290 2085 XXXVIII.
2325 2030 2579 2084 Locutus
2610 2032 2698 2084 est
2739 2027 3026 2083 Dominus
3073 2028 3141 2082 ad
3179 2026 3504 2084 Abimelecb
3538 2043 3641 2100 pro

305 2105 437 2154 tum
485 2101 583 2156 dat
631 2101 911 2156 Dominus
950 2103 1104 2171 Adae,
1139 2107 1195 2156 et
1225 2103 1455 2158 cunctis
1487 2103 1887 2158 animantibus
2068 2121 2232 2174 Sara.

303 2191 491 2245 Adam
526 2191 810 2263 ίωροευίῖ
860 2191 1118 2259 nomina:
1152 2195 1209 2246 et
1256 2191 1327 2245 de
1367 2191 1610 2246 munere
1641 2193 1886 2248 formata
1995 2207 2255 2265 XXXIX.
2288 2209 2429 2264 Sara
2476 2204 2700 2277 peperit
2731 2204 2942 2276 ﬁlium,
2974 2207 3032 2258 et
3059 2203 3284 2259 vocavit
3312 2219 3443 2259 eum
3478 2206 3640 2273 pater

303 2282 376 2335 de
411 2284 573 2335 οοείει
602 2282 751 2349 ejus.
1585 2313 1588 2317 ι
1919 2329 1966 2393 Β
2068 2296 2197 2364 ejus
2230 2295 2410 2349 Isaac.

340 2370 451 2393 vva:
489 2370 718 2393 --.1----ει
753 2386 987 2393 --_--__
1022 2369 1326 2393 _.-_i:-_-__
1999 2383 2070 2393 η-
2149 2385 2210 2393 _.
2258 2383 2292 2393 ._
2333 2385 2365 2393 Α

238 2373 304 2424 Χ.
340 2370 452 2424 Ubi
487 2370 721 2424 seduxit
750 2386 989 2440 serpens
1022 2369 1355 2424 mulierem.
1919 2369 1966 2393 ”
1999 2383 2111 2439 XL,
2147 2383 2303 2440 Dixit
2331 2385 2474 2444 Sara
2521 2383 2594 2444 ad
2643 2383 2936 2444 Abraham
2973 2401 2985 2438 :
3020 2383 3237 2453 projice
3288 2381 3558 2438 ancillam
3586 2388 3644 2437 et

234 2457 324 2512 ΧῙ·
361 2458 472 2512 Ubi
510 2459 948 2530 interrogant-"1‘
969 2462 1036 2513 de
1065 2467 1461 2531 transgressu-
2072 2473 2258 2527 tilium
2291 2474 2441 2543 ejus,
2475 2478 2532 2527 et
2563 2474 2621 2526 in
2661 2471 2945 2528 Bersabee
2993 2471 3224 2526 locutus
3264 2477 3352 2526 est
3400 2471 3643 2542 angelus

235 2548 438 2602 XII.Ed
455 2552 711 2602 ucuntur
733 2549 802 2604 de
826 2548 1195 2620 paradiso,ne
1217 2554 1456 2603 sumant
1473 2549 1715 2622 deligno
1736 2551 1886 2606 vitae.
2073 2562 2302 2616 Domini
2334 2563 2404 2616 ad
2437 2565 2610 2635 Agar,

237 2637 381 2692 ΧΙΙΙ.
422 2636 552 2690 Νειῐὶ
589 2642 727 2691 sunt
759 2637 894 2690 Adae
929 2637 1029 2690 ﬁlii
1062 2637 1222 2706 Cain,
1253 2641 1308 2694 et
1337 2639 1498 2694 Abel-
1997 2651 2149 2706 XLI.
2182 2651 2538 2714 Juraverunt
2583 2650 2823 2706 invicem
2871 2650 3166 2705 Abraham
3197 2653 3254 2704 et
3282 2649 3641 2707 Abimelech.

235 2723 387 2778 XIV.
423 2726 565 2780 Cain
599 2725 809 2779 occidit
840 2726 1075 2780 fratrem
1110 2743 1307 2781 suum.

237 2813 350 2867 XV.
392 2814 534 2867 Ada:
562 2819 734 2868 natus
766 2821 853 2869 est
884 2815 1020 2870 Seth
1057 2833 1159 2886 pro
1192 2816 1349 2871 Abel.

238 2903 391 2958 XVI.
425 2908 512 2957 De
542 2904 1016 2974 generationibus
1045 2903 1373 2976 hominum.

240 2990 415 3047 XVII.
451 2991 647 3046 Enoch
682 2991 899 3061 placuit
929 2991 1067 3057 Deo,
1099 2996 1157 3047 et
1186 2992 1488 3048 transtulit
1518 2992 1685 3049 illum
1716 2998 1888 3062 Deus,

307 3086 372 3134 et
405 3081 479 3134 de
508 3080 851 3148 Mathusale,
882 3085 937 3135 et
967 3081 1104 3136 Noe.

237 3167 433 3224 XVIII.
469 3171 835 3240 Acceperunt
866 3170 979 3224 sibi
1025 3187 1232 3225 uxores
1281 3170 1384 3226 ﬁlii
1433 3171 1555 3237 Dei,
1597 3177 1654 3229 et
1705 3173 1891 3230 iratus

304 3263 394 3313 est
428 3258 612 3312 Deus.

235 3347 382 3402 XIX.
419 3348 545 3402 Noe
578 3347 799 3418 placuit
829 3348 964 3419 Deo,
999 3353 1056 3403 et
1078 3351 1354 3420 praecepit
1381 3349 1430 3405 ei
1459 3349 1611 3406 Deus
1644 3355 1708 3406 ut
1737 3353 1887 3408 face-

302 3442 388 3492 ret
422 3453 625 3492 arcam
638 3477 650 3490 .

230 3526 345 3580 XX.
379 3529 699 3596 Ingressus
731 3530 820 3581 est
850 3526 967 3582 Noe
997 3526 1055 3581 in
1089 3545 1308 3596 arcam,
1340 3534 1397 3584 et
1424 3530 1638 3584 factum
1679 3536 1769 3586 est
1801 3532 1886 3587 di-

293 3617 551 3669 luvium.

1997 2759 2171 2813 XLII.
2205 2759 2361 2814 Deus
2387 2759 2630 2814 tentavit
2655 2758 2948 2813 Abraham
2980 2758 3037 2812 in
3071 2760 3254 2824 Isaac,
3278 2762 3336 2814 et
3365 2758 3435 2813 de
3465 2773 3644 2830 gene-

2074 2849 2402 2905 rationibus
2431 2847 2648 2906 Nahor.

1997 2938 2195 2993 XLIII.
2230 2936 2515 2993 Defuncta
2545 2941 2634 2992 est
2660 2941 2822 3003 Sara,
2855 2941 2914 2992 et
2954 2937 3098 2991 emit
3129 2935 3322 2991 locum
3352 2935 3646 2992 Abraham

2071 3027 2140 3080 ad
2172 3026 2507 3097 sepulcrum
2540 3027 2611 3081 ab
2645 3025 2898 3097 Ephron.

1998 3133 2188 3189 XLIV.
2222 3132 2500 3204 Praecepit
2529 3132 2823 3190 Abraham
2857 3134 3106 3200 servo,et
3132 3130 3427 3202 profectus
3457 3135 3566 3197 est,
3593 3135 3650 3186 et

2070 3223 2313 3278 adduxit
2345 3222 2690 3288 Rebeccam,
2723 3226 2778 3277 et
2806 3220 3102 3276 Abraham
3132 3220 3448 3276 Cethuram
3481 3221 3645 3276 duxit

2072 3328 2332 3370 uxorem.

1996 3403 2164 3458 XLV.
2200 3403 2349 3460 Vixit
2406 3401 2697 3459 Abraham
2752 3399 2924 3456 annis
2982 3407 3216 3456 centum
3274 3398 3646 3471 septuaginta

2069 3493 2346 3563 quinque,
2381 3496 2437 3546 et
2466 3491 2629 3547 obiit.

1995 3581 2186 3637 XLVI.
2221 3589 2298 3636 De
2329 3580 2805 3653 generationibus
2837 3579 3070 3648 Ismael,
3102 3582 3160 3634 et
3189 3577 3352 3634 obitu
3385 3578 3534 3650 ejus.

228 3703 356 3757 XXI.
395 3705 762 3759 Memoratus
812 3709 901 3759 est
954 3707 1233 3761 Dominus
1281 3706 1419 3774 Noe,
1453 3712 1510 3763 et
1548 3723 1748 3764 eorum
1782 3711 1881 3781 qui
1914 3689 1956 3755 C
2246 3673 2320 3781 of
2347 3669 2822 3781 ἓθηθνᾶίίοΑηίδυδ
2855 3671 3035 3726 Isaac-

296 3809 431 3847 cum
468 3792 575 3848 ίιιο
607 3799 795 3863 erant,
831 3799 885 3848 et
919 3795 1134 3850 siccata
1166 3801 1253 3850 est
1282 3812 1453 3866 aqua.
1797 3775 1815 3781 ’
1992 3777 2240 3832 XLVIII.
2280 3779 2449 3834 Facta
2497 3783 2585 3834 est
2629 3778 2852 3846 fames;
2903 3781 2960 3832 et
3007 3776 3172 3832 visus
3202 3780 3310 3866 est
3361 3775 3640 3831 Dominus

231 3879 396 3936 XXII.
432 3885 607 3936 Anno
638 3885 1064 3938 sexcentesimo
1095 3889 1152 3939 et
1181 3901 1298 3939 uno
1329 3865 1460 3940 vitai
1491 3886 1608 3941 Noe
1636 3887 1772 3943 exiit
1812 3889 1882 3942 de

2064 3871 2247 3936 Isaac,
2278 3874 2336 3925 et
2362 3869 2506 3925 dixit
2537 3868 2622 3924 ei:
2656 3867 2784 3923 Noli
2815 3867 3164 3924 descendere
3196 3865 3253 3922 in
3285 3865 3596 3936 Egyptum
3621 3883 3640 3918 :
3669 3945 3671 3948 m

299 3987 433 4025 arca
469 3972 619 4041 ipse,
651 3978 709 4026 et
738 3973 837 4042 qui
869 3979 1034 4028 erant
1064 3990 1199 4028 cum
1231 3991 1318 4030 θο,
2063 3963 2122 4012 et
2165 3957 2451 4014 habitavit
2497 3958 2556 4014 in
2605 3957 2862 4026 Geraris,
2897 3955 2994 4011 ubi
3049 3953 3364 4042 seminavit
3408 3958 3463 4008 et
3505 3952 3639 4010 fecit

234 4057 432 4113 XXIII.
472 4041 774 4114 Benedixit
796 4052 1079 4117 Dominus
1111 4063 1226 4117 Noe
1257 4067 1314 4118 et
1346 4063 1498 4118 filios
1527 4064 1672 4134 ejus.

2064 4046 2426 4116 centuplum,
2458 4045 2760 4116 etjuravit
2791 4061 2922 4098 cum
2959 4041 3317 4099 Abimelech.

230 4148 416 4202 xxw.
470 4149 690 4203 Statuit
740 4151 1024 4206 Dominus
1081 4153 1369 4207 diluvium
1430 4131 1673 4209 minime
1726 4155 1882 4210 futu-
1989 4135 2174 4190 XLIX-
2209 4135 2413 4192 Senuit
2445 4136 2628 4200 Isaac,
2660 4138 2716 4189 et
2764 4132 3059 4190 benedixit
3104 4131 3284 4187 Jacob
3316 4147 3418 4201 pro
3466 4131 3634 4198 Esau].

297 4255 453 4292 rum.
2062 4241 2112 4279 ei
2147 4224 2414 4280 nescivit.

227 4325 384 4380 XXV.
423 4327 507 4381 De
537 4328 730 4382 tribus
776 4328 908 4382 ﬁliis
959 4335 1094 4399 Noe,
1135 4330 1292 4396 Sem,
1326 4331 1532 4400 Cham,
1564 4336 1620 4387 et
1644 4331 1878 4402 Japhet,

2008 4313 2051 4367 Δ.
2089 4313 2319 4368 Dimisit
2352 4314 2512 4367 Isaac
2543 4313 2721 4368 Jacob
2755 4311 2940 4365 ﬁlium
2975 4326 3171 4378 suum,
3198 4312 3261 4363 ut
3291 4309 3400 4362 iret
3425 4307 3484 4364 in
3515 4311 3630 4363 Me-

291 4420 346 4468 et
373 4415 448 4469 de
484 4415 612 4486 ipso
639 4417 737 4470 ubi
772 4416 1096 4473 inebriatus
1127 4424 1233 4474 est.

2061 4419 2123 4457 so
2133 4402 2470 4473 potamiam.

220 4504 416 4558 xxvp
462 4485 534 4560 ne
567 4508 1043 4575 generationibus
1079 4508 1194 4564 Noe
1229 4513 1286 4563 et
1315 4509 1568 4564 mimum
1603 4510 1751 4579 dum
1989 4491 2074 4546 LI.
2109 4491 2266 4544 Vidit
2293 4491 2474 4546 Jacob
2505 4491 2740 4552 visum;
2781 4493 2838 4544 et
2870 4489 3151 4544 Dominus
3183 4487 3414 4544 locutus
3444 4489 3533 4542 est
3562 4485 3633 4542 ad

219 4591 445 4647 XXVII.
487 4595 561 4647 De
613 4595 1024 4650 commistione
1067 4595 1428 4667 linguarum,
1462 4603 1518 4652 et
1550 4603 1709 4652 turre
1740 4616 1877 4654 con-
2055 4598 2213 4647 eum:
2247 4586 2302 4635 et
2333 4581 2628 4635 benedix“
2659 4597 2815 4634 θυω-

288 4683 570 4746 ςυεῑοιιίε,
605 4690 660 4736 εει
689 4685 759 4737 de
791 4665 1269 4755 generationibus
1294 4693 1446 4741 εθτη,
1987 4671 2100 4725 LII.
2135 4669 2302 4724 Venit
2344 4671 2523 4724 Jacob
2574 4669 2632 4724 in
2679 4670 2970 4724 Orientem
3003 4671 3060 4724 et
3090 4666 3314 4738 accepit
3345 4666 3496 4722 ﬁlias
3530 4665 3633 4722 La-

216 4769 463 4825 XXVIII.
500 4771 578 4825 De
611 4774 1086 4842 generationibus
1118 4775 1306 4829 Thare
1340 4775 1522 4845 patris
1559 4776 1870 4832 Abraham.
2060 4760 2171 4812 ba“
2205 4760 2313 4814 Sibi
2351 4775 2577 4813 υῖονθεο

216 4857 476 4914 Χχχῐχ,
515 4860 669 4914 Dixit
708 4862 990 4917 Dominus
1041 4864 1110 4918 ad
1145 4844 1461 4931 Abrahhm,
1497 4866 1590 4918 Exi
1620 4866 1690 4920 de
1719 4871 1877 4922 terra
1986 4847 2133 4902 LIII.
2169 4847 2396 4918 Peperit
2429 4848 2530 4902 Lia
2560 4846 2739 4902 Jacob
2770 4845 2893 4902 viro
2943 4863 3049 4904 suo
3087 4844 3235 4900 ﬁlios
3269 4847 3538 4915 quatuor,
3572 4846 3630 4900 et

283 4955 411 5002 tua.
2059 4938 2308 4991 cessavit
2339 4954 2371 4991 a
2404 4941 2595 5008 partu.

210 5036 380 5092 XXX.
424 5036 534 5092 Ubi
567 5039 726 5093 visus
773 5044 861 5095 est
890 5040 1169 5096 Dominus
1227 5042 1379 5097 Deus
1411 5043 1652 5097 Abrahae
1686 5045 1755 5098 ad
1793 5044 1872 5098 lo-

2008 5026 2126 5080 .IV.
2162 5026 2373 5081 Rachel
2407 5026 2568 5080 dedit
2597 5025 2775 5080 Jacob
2808 5024 3080 5080 ancillam
3114 5041 3283 5078 suam
3318 5022 3537 5090 Balam,
3572 5023 3628 5075 et

281 5143 421 5180 cum
460 5125 717 5186 Sichem.
751 5131 1049 5192 Quomodo
1092 5130 1149 5184 in
1201 5132 1442 5205 Egypto
1495 5133 1706 5203 posito,
1739 5132 1872 5187 tulit
2054 5115 2276 5187 P3P?“it
2306 5115 2357 5170 ei
2388 5116 2532 5169 ἀυοδ
2563 5115 2736 5172 ῧίίοεο
3357 5163 3359 5165 ι
3555 5189 3559 5193 ,

280 5218 513 5270 Pharao
547 5216 711 5273 Sarai
744 5216 801 5272 in
838 5236 1075 5276 uxorem
1108 5222 1242 5278 sibi.
1984 5224 2095 5279 LV.
2126 5225 2192 5279 Et
2227 5224 2320 5279 Lia
2366 5225 2526 5282 dedit
2571 5225 2750 5279 Jacob
2784 5223 3058 5278 ancillam
3090 5239 3282 5290 suam,
3314 5224 3370 5276 et
3400 5219 3624 5290 peperit

210 5302 412 5359 XXXI.
456 5306 530 5360 De
565 5307 955 5376 promissione
986 5310 1226 5364 Abrahae
1258 5315 1313 5364 et
1343 5310 1549 5366 semini
1585 5313 1734 5379 ejus.
2053 5313 2103 5367 ei
2135 5315 2279 5368 duos
2311 5313 2484 5378 filios,
2519 5320 2575 5368 et
2605 5316 2674 5368 de
2725 5313 3129 5385 mandragoris
3163 5328 3176 5366 :
3213 5321 3264 5365 et
3299 5311 3425 5379 ipsa
3456 5323 3624 5378 pepe-

209 5393 435 5450 XXXII.
472 5393 580 5450 Ubi
625 5403 1035 5468 pugnaverunt
1083 5415 1246 5470 reges
1290 5406 1543 5471 quatuor
1591 5401 1870 5456 adversus
2052 5403 2126 5456 rit
2161 5402 2309 5460 ﬁlios
2341 5405 2488 5458 duos
2521 5414 2571 5458 et
2610 5404 2830 5458 Dinam.

283 5486 576 5554 quinque,
609 5490 666 5538 et
716 5493 998 5556 ceperunt
1024 5487 1145 5556 Lot,
1179 5493 1233 5544 et
1264 5505 1494 5544 omnem
1538 5491 1868 5564 equitatum
1985 5492 2115 5546 LVI.
2151 5497 2501 5550 Memoratus
2550 5499 2638 5550 est
2687 5493 2973 5550 Dominus
3024 5490 3258 5559 Rachel,
3301 5497 3356 5544 et
3402 5486 3625 5559 ρθρθνίι

279 5571 708 5639 Sodomorum,
737 5580 792 5630 et
819 5574 1238 5632 Melchisedech
1262 5579 1474 5634 obtulit
1503 5581 1747 5636 Abrahae
1779 5583 1874 5638 de-
2050 5582 2286 5651 Ioseph,
2319 5587 2375 5638 et
2426 5584 2632 5639 statuit
2680 5583 2859 5642 Jacob
2909 5599 3042 5640 cum
3092 5581 3285 5636 Laban
3317 5579 3388 5634 de
3416 5576 3623 5634 ovibus

280 5659 492 5716 cimas.
2049 5670 2250 5726 variis.
