4080 6186
121 5374 130 5383 ο

87 5459 96 5466 ς

35 5599 40 5606 .

33 5781 38 5788 Δ

33 5821 44 5828 ι

31 5841 42 5868 ‘1
199 5847 204 5850 .

37 5871 106 5886 ιν.

135 5901 244 5932 ⁴-”“ο

239 5957 264 5974 θ’

397 326 494 380 191
1468 339 1524 388 S.
1566 335 1977 390 HIERONYMI
2014 337 2270 390 DIVINA
2305 338 2799 393 BIBLIOTHECA.

3704 341 3809 396 192

393 452 559 508 LVII.
598 455 747 509 Dixit
798 455 1083 511 Dominus
1133 458 1202 511 ad
1233 458 1416 514 Jacob
1452 477 1463 514 :
1500 464 1804 516 Revertere
1835 463 1892 516 in
1922 467 2040 516 ter-
2069 465 2122 528 Α
2221 463 2461 535 Joseph,
2503 469 2561 518 et
2611 465 2799 520 factus
2830 470 2921 520 est
2950 465 3227 521 dominus
3262 472 3426 522 terra;
3472 469 3715 540 (Egypti,
3749 474 3807 524 et

463 559 589 598 ram
623 545 805 615 patris
836 546 946 610 tui,
979 550 1035 600 et
1063 552 1415 604 consecutus
1446 555 1536 605 est
1565 567 1700 606 eum
1736 550 1952 620 Laban,
1985 556 2043 607 et

455 634 806 703 juraverunt
836 632 1106 689 invicem.

390 720 583 778 LVIII.
615 721 774 775 Vidit
799 721 979 777 Jacob
1010 728 1203 779 castra
1233 725 1357 792 Dei,
1390 735 1441 782 el
1492 729 1652 783 misit
1699 729 1936 784 nuntios
1969 729 2040 784 ad

464 810 700 864 fratrem
729 825 929 877 suum,
963 816 1018 866 et
1049 810 1306 869 luctatus
1335 819 1428 870 est
1457 832 1589 871 cum
1619 816 1847 889 angelo.

389 897 522 954 LIX.
580 896 753 952 Venit
791 899 971 954 Jacob
1019 900 1080 956 in
1130 901 1420 959 civitatem
1473 905 1893 978 Sichimorum,
1943 907 2041 961 ubi

458 988 800 1044 occiderunt
832 989 932 1044 filii
963 991 1092 1062 ejus
1131 1009 1335 1050 omnes
1368 995 1772 1052 inhabitantes
1804 1001 2044 1068 propter

461 1079 673 1135 Dinan.

393 1169 510 1225 LX.
546 1170 699 1224 Dixit
727 1167 1012 1226 Dominus
1043 1173 1110 1226 ad
1162 1173 1340 1228 Jacob
1373 1191 1386 1229 :
1428 1177 1688 1230 Ascende
1739 1176 1799 1231 in
1851 1175 2041 1232 locum

463 1258 680 1327 Bethel,
715 1264 772 1313 et
802 1260 1018 1329 abjecit
1050 1261 1246 1317 omnia
1278 1261 1452 1319 idola.

394 1348 529 1402 LXI.
560 1347 734 1401 Visus
765 1353 854 1402 est
900 1348 1188 1405 Dominus
1240 1351 1352 1422 ipsi
1405 1353 1606 1418 Jacob,
1641 1358 1698 1408 et
1747 1354 2046 1409 benedixit

461 1451 614 1502 eum,
650 1440 708 1490 et
739 1438 1178 1508 cognominavit
1203 1455 1336 1494 eum
1372 1441 1572 1495 Israel.

391 1525 557 1579 LXII.
591 1524 696 1580 Ubi
729 1528 953 1597 peperit
983 1528 1197 1582 Rachel
1231 1529 1562 1599 Beniamin,
1587 1535 1646 1585 et
1681 1536 1911 1587 mortua
1933 1536 2043 1595 est,

463 1619 520 1670 et
549 1615 621 1670 de
651 1616 1125 1684 generationibus
1153 1617 1351 1684 Jacob,
1383 1624 1440 1672 et
1469 1619 1632 1674 obitu
1668 1619 1831 1676 Isaac
1864 1620 2047 1692 patris

469 1719 619 1774 ejus.

397 1793 600 1848 LXIII.
635 1792 716 1848 De
745 1797 1225 1864 generationibus
1254 1798 1429 1853 Esau.

394 1881 583 1938 LXIV.
619 1886 693 1937 De
725 1881 1092 1954 principibus
1123 1886 1296 1941 Esau.

396 1969 552 2024 LXV.
587 1971 695 2036 Qui
727 1978 1118 2043 regnaverunt
1167 1975 1224 2028 in
1258 1975 1436 2030 Edom
1487 1975 1835 2046 priusquam
1885 1978 2044 2031 esset

463 2074 562 2115 rex
594 2059 652 2113 in
689 2060 889 2118 Israel.

396 2147 581 2202 LXVI.
617 2147 696 2202 De
726 2148 942 2220 Joseph
973 2154 1026 2204 et
1059 2151 1307 2207 somniis
1336 2153 1484 2222 ejus.

397 2235 608 2291 LXVII.
660 2235 769 2291 Ubi
819 2238 1040 2295 missus
1089 2244 1178 2295 est
1225 2240 1284 2296 in
1330 2245 1598 2312 puteum,
1631 2245 1685 2296 et
1729 2241 2047 2296 distractus

471 2325 810 2382 Ismaelitis.

395 2412 635 2469 LXVIII.
675 2417 748 2470 De
791 2416 946 2471 Juda
993 2422 1051 2473 et
1097 2417 1358 2474 Thamar
1388 2434 1568 2475 uxore
1597 2418 1700 2474 filii
1735 2420 1885 2491 ejus,
1919 2435 2046 2493 quae

471 2508 597 2559 erat
624 2503 823 2560 vidua.

396 2591 571 2648 LXIX.
609 2592 689 2648 De
718 2593 936 2666 Joseph
971 2599 1029 2650 et
1063 2612 1241 2652 uxore
1270 2597 1605 2669 Putiphare.

396 2681 560 2738 LXX.
595 2681 676 2736 De
706 2682 795 2737 his
825 2685 926 2754 qui
958 2685 1016 2739 in
1051 2702 1282 2741 carcere
1314 2687 1545 2742 somnia
1573 2685 1927 2754 viderunt,et
1958 2686 2046 2741 in-

464 2771 803 2842 terpretavit
831 2789 899 2828 ea
916 2772 1155 2846 Joseph.

397 2859 601 2916 LXXI.
654 2861 956 2918 Somnium
1017 2863 1361 2933 Pharaonis,
1429 2864 1582 2937 quod
1643 2865 2047 2937 interpretavit

2221 553 2343 606 nati
2377 557 2515 608 sunt
2544 552 2597 608 ei
2627 554 2744 608 duo
2777 553 2903 608 filii.

2153 640 2366 696 LXXII.
2401 640 2510 697 Ubi
2542 642 2702 697 misit
2729 642 2910 698 Jacob
2947 642 3096 698 filios
3124 661 3264 699 suos
3299 644 3354 698 in
3389 646 3808 718 ASgyptum,et

2224 730 2491 801 cognovit
2521 746 2621 786 eos
2673 731 2916 804 Joseph,
2948 738 3006 788 et
3039 750 3223 788 unum
3258 750 3324 788 ex
3375 735 3520 806 ipsis
3569 735 3809 792 reclusit

2225 837 2409 889 usque
2441 821 2581 874 dum
2605 819 2829 876 veniret
2856 822 2984 892 ejus
3020 821 3194 878 frater
3225 822 3552 893 Benjamin.

2152 908 2404 964 LXXIII.
2438 908 2687 964 Invaluit
2717 910 2986 976 fames,et
3016 916 3301 965 venerunt
3331 912 3399 965 ad
3434 912 3648 983 Joseph
3685 914 3809 968 fra-

2225 1001 2346 1051 tres
2378 997 2468 1051 sui
2515 1013 2645 1052 cum
2697 997 3028 1068 Benjamin,
3059 1004 3117 1052 et
3166 1001 3466 1055 mandavit
3513 1002 3662 1072 patri
3697 1019 3804 1057 suo

2226 1086 2424 1140 venire
2454 1086 2524 1141 ad
2555 1102 2634 1141 se.

2156 1173 2388 1230 LXXIV.
2421 1173 2595 1230 Visus
2627 1179 2716 1230 est
2745 1174 3025 1230 Dominus
3071 1175 3270 1245 Jacob,
3303 1181 3360 1231 et
3390 1177 3537 1232 dixit
3569 1177 3618 1233 ei
3651 1197 3664 1234 :
3698 1178 3809 1234 De-

2231 1263 2445 1318 scende
2477 1263 2533 1318 in
2564 1264 2876 1336 [Egyptum
2895 1305 2907 1320 .

2156 1352 2377 1409 LXXV.
2408 1352 2657 1408 Nomina
2689 1353 2938 1408 ﬁliorum
2968 1353 3272 1426 Israel,qui
3309 1355 3556 1427 ingressi
3589 1356 3807 1411 suntin

2229 1443 2474 1513 [Egyth
2486 1458 2538 1494 m
2550 1483 2561 1494 .

2156 1530 2390 1585 LXXVI.
2430 1529 2537 1584 Ubi
2570 1531 2725 1585 venit
2750 1531 2968 1602 Joseph
2991 1532 3220 1587 obviam
3263 1531 3462 1588 Israeli
3497 1533 3646 1606 patri
3677 1550 3804 1589 suo.

2159 1619 2437 1675 LXXVII.
2467 1620 2771 1675 Nuntiavit
2800 1620 3017 1692 Joseph
3053 1620 3364 1687 Pharaoni,
3396 1622 3674 1694 quoniam
3705 1639 3810 1678 ve-

2230 1707 2318 1763 nit
2351 1713 2516 1779 pater
2545 1709 2695 1778 ejus.

2078 1834 2124 1897 B
2157 1783 2452 1852 LXXVIII.
2503 1797 2660 1852 Dixit
2697 1797 2914 1853 Pharao
2955 1799 3025 1853 ad
3057 1799 3294 1870 Joseph,
3329 1803 3394 1854 ut
3425 1797 3664 1871 eligeret
3694 1804 3812 1855 ter-

2226 1902 2350 1940 ram
2381 1885 2440 1940 in
2474 1902 2594 1956 qua
2624 1886 2918 1942 habitaret
2945 1892 3106 1958 pater
3138 1888 3293 1958 ejus.

2157 1973 2400 2030 LXXIX.
2439 1974 2730 2030 Habitavit
2784 1975 2959 2030 Israel
3011 1975 3070 2031 in
3119 1977 3386 2049 Egypto,
3425 1981 3483 2032 et
3513 1978 3664 2033 dixit
3696 1977 3812 2033 filio

2229 2080 2335 2118 suo
2360 2063 2579 2135 Joseph
2615 2080 2684 2118 ne
2716 2064 2991 2135 sepeliret
3022 2072 3179 2119 eum‘
3202 2065 3344 2133 illic,
3377 2071 3434 2121 et
3463 2065 3605 2122 vixit
3633 2066 3812 2122 Jacob

2226 2151 2400 2207 annis
2431 2157 2668 2207 centum
2697 2153 3088 2224 quadraginta
3117 2159 3363 2225 septem.

2157 2241 2368 2297 LXXX.
2421 2241 2761 2297 Inﬁrmatus
2802 2241 2982 2298 Jacob
3031 2242 3331 2298 benedixit
3391 2243 3542 2299 ﬁlios
3590 2245 3803 2316 Ioseph

2228 2329 2471 2386 alternis
2505 2330 2795 2386 manibus.

2156 2419 2400 2476 LXXXI.
2429 2419 2666 2474 Vocavit
2684 2420 2863 2476 Jacob
2894 2437 3100 2477 omnes
3132 2420 3283 2477 filios
3318 2427 3545 2492 suos,et
3565 2422 3809 2480 dixiteis

2226 2526 2355 2580 quas
2391 2513 2636 2566 ventura
2663 2510 2942 2565 essentin
2980 2511 3315 2566 novissimis
3351 2511 3581 2578 diebus,
3612 2517 3670 2567 et
3707 2511 3804 2566 de-

2224 2599 2481 2666 functus,
2515 2597 2784 2653 sublatus
2815 2602 2873 2652 et
2919 2599 3187 2669 sepultus
3233 2604 3323 2655 est
3372 2599 3432 2654 in
3483 2604 3640 2655 terra
3669 2617 3804 2658 sua.

2157 2686 2427 2742 LXXXII.
2451 2685 2609 2740 Vixit
2637 2687 2852 2759 Joseph
2882 2689 3053 2743 annis
3076 2693 3310 2743 centum
3342 2689 3626 2756 decem,et
3647 2690 3812 2761 adju-

2229 2775 2376 2830 ravit
2410 2777 2617 2831 fratres
2647 2792 2787 2832 suos
2810 2779 3035 2846 ut,cum
3065 2777 3448 2832 visitarentur
3467 2795 3501 2833 a
3531 2778 3798 2846 Domino,

2226 2864 2502 2920 tollerent
2531 2881 2732 2921 secum
2765 2881 2897 2921 ossa
2929 2866 3061 2936 ejus
3091 2867 3148 2921 in
3181 2871 3395 2922 terram
3429 2883 3618 2923 suam.

1421 3169 1815 3231 CAPITULA
1858 3171 1944 3230 IN
1990 3169 2295 3230 LlRRUM
2341 3169 2782 3231 GENESEOS.

1489 3333 1570 3387 Ex
1604 3331 1880 3387 Vaticano
1901 3329 2107 3386 Codice
2140 3346 2247 3386 ms.
2281 3330 2719 3402 antiquissimo.

393 3620 441 3674 Ι.
475 3615 582 3672 Ubi
616 3615 715 3671 lux
747 3616 935 3688 primo
967 3617 1089 3671 ﬁeri
1121 3617 1381 3687 jubetur.

395 3705 471 3762 II.
504 3705 963 3761 Firmamentum
998 3706 1090 3762 die
1122 3707 1380 3762 secundo
1413 3705 1570 3763 facit.

393 3795 494 3850 III.
529 3793 634 3851 Ubi
663 3810 828 3866 aqua
861 3811 892 3849 a
921 3799 1079 3850 terra
1109 3795 1368 3866 separari
1395 3795 1698 3866 jubentur.

393 3884 494 3940 IV.
538 3881 641 3938 Ubi
673 3886 828 3938 terra
859 3883 1458 3955 germinarejubetur
1487 3884 1580 3940 die
1610 3883 1803 3940 tertio.

390 3970 460 4026 V.
487 3970 595 4027 Ubi
626 3970 945 4028 luminaria
975 3971 1096 4027 ﬁeri
1124 3972 1411 4043 jubentur
1439 3973 1534 4028 die
1559 3976 1794 4044 quarto.

391 4058 488 4117 VI.
526 4059 839 4116 Luminare
873 4060 1110 4116 factum.

394 4149 519 4206 VII.
553 4149 660 4206 Ubi
692 4167 761 4206 ex
790 4149 960 4221 aquis
992 4149 1273 4206 animalia
1295 4150 1584 4222 jubentur
1613 4150 1707 4206 die
1746 4150 1970 4221 quinta.

397 4237 542 4294 VIII.
589 4237 695 4294 Ubi
745 4237 1026 4294 animalia
1073 4238 1442 4294 benedicitur
1495 4237 1637 4312 [lege
1687 4240 2040 4296 benedicun-

469 4327 611 4398 tur].

397 4417 495 4472 IX.
525 4419 609 4472 De
656 4421 812 4472 terra
860 4416 1136 4473 animalia
1182 4417 1426 4489 produci
1471 4418 1717 4491 jubetur
1761 4417 1902 4492 [lege
1945 4419 2043 4491 ju-

467 4504 704 4577 bentur]
737 4505 830 4561 die
861 4511 1041 4562 sexto.

391 4594 455 4650 X.
491 4592 595 4650 Ubi
633 4598 783 4650 Deus
815 4594 1111 4650 hominem
1145 4595 1272 4650 ﬁeri
1297 4595 1489 4666 jubet.

392 4681 500 4740 XI.
528 4682 636 4739 Ubi
667 4684 852 4738 Adam
883 4683 1074 4739 factus
1105 4683 1490 4740 benedicitur.

394 4769 517 4826 XII.
551 4769 660 4827 Ubi
691 4771 877 4827 Adam
910 4788 1179 4828 escarum
1212 4773 1429 4845 accipit
1458 4777 1828 4845 potestatem.

391 4861 548 4916 XIII.
577 4859 750 4916 Urbis
781 4860 941 4933 [Lege
970 4861 1160 4928 Orbis]
1195 4863 1652 4919 consummatio.

392 4948 542 5006 XIV.
577 4949 1001 5021 Recapitulatio
1032 4951 1366 5006 creationis.

2077 3618 2119 3684 C
2155 3617 2280 3673 XV.
2316 3618 2497 3672 Adam
2531 3617 2600 3674 de
2628 3616 2770 3673 limo
2803 3617 3012 3674 factus.

2153 3705 2299 3762 XVI.
2332 3705 2650 3762 Paradisus
2687 3705 2899 3762 factus.

2159 3794 2334 3852 XVII.
2373 3799 2447 3850 De
2478 3794 2846 3851 ﬂuminibus.

2157 3883 2352 3940 XVIII.
2387 3889 2743 3956 Przeceptum
2773 3885 2908 3940 Adae
2942 3885 2998 3940 in
3032 3886 3326 3958 paradiso.

2157 3973 2294 4029 XIX.
2329 3972 2436 4028 Ubi
2467 3974 2654 4029 Adam
2689 3973 2928 4030 nomina
2959 3974 3269 4047 pecoribus
3301 3974 3572 4045 imponit.

2157 4063 2289 4118 XX.
2319 4061 2397 4117 De
2429 4061 2673 4118 muliere
2704 4064 2873 4120 facta.
3241 4059 3266 4078 ⁸

2157 4150 2302 4207 XXI.
2337 4151 2417 4207 De
2446 4156 2734 4224 serpente.

2155 4240 2326 4296 XXII.
2365 4239 2472 4296 Ubi
2505 4258 2567 4297 se
2597 4242 2786 4298 nudos
2814 4242 3090 4298 viderunt
3119 4243 3305 4299 Adam
3338 4247 3396 4298 et
3425 4246 3556 4299 Eva.

2155 4329 2352 4386 XXIII.
2389 4331 2489 4388 Ubi
2540 4330 2826 4387 Dominus
2870 4333 2944 4388 ad
2977 4332 3162 4388 Adam
3209 4332 3267 4387 in
3300 4332 3574 4404 paradiso
3609 4331 3806 4403 loqui-

2227 4423 2345 4474 tur.

2155 4507 2354 4565 XXIV.
2387 4508 2685 4565 Sententia
2715 4509 2776 4564 in
2807 4513 3165 4580 serpentem.

2155 4598 2329 4654 XXV.
2362 4598 2466 4655 Ubi
2499 4599 2685 4653 Adam
2715 4615 2784 4653 ex
2817 4599 3088 4670 paradiso
3120 4597 3458 4670 expellitur.

2155 4686 2340 4742 XXVI.
2369 4685 2802 4758 Primogenitus
2831 4685 2964 4741 Adae
2996 4685 3164 4741 Kain.

2155 4775 2382 4830 XXVII.
2414 4774 2593 4830 Habet
2626 4777 2823 4830 natus.

2154 4863 2408 4920 XXVIII.
2441 4863 2807 4919 Sacriﬁcium
2837 4863 2978 4920 Kain
3009 4868 3066 4919 et
3095 4862 3290 4919 Habel.

2154 4953 2346 5009 XXIX.
2380 4951 2486 5009 Ubi
2519 4953 2664 5009 Kain
2698 4954 2933 5009 fratrem
2965 4951 3198 5010 occidit.

463 5091 719 5167 {Seriem
743 5091 912 5167 istam
937 5091 1329 5167 capitulorum
1364 5092 1574 5167 retinet
1595 5094 2045 5167 antiquissimus
2079 5091 2112 5096 ⁷
2156 5110 2286 5152 esse
2317 5095 2388 5150 ab
2441 5096 2727 5167 scriptore
2767 5111 2875 5150 ms.
2909 5094 3132 5167 codicis
3175 5093 3444 5150 Vaticani
3485 5092 3808 5165 capitulum

389 5163 572 5237 codex
602 5163 1043 5237 manuscriptus
1073 5164 1370 5237 Vaticana:-
1402 5163 1898 5237 bibliothecaa,qui
1932 5167 2043 5221 fuit

388 5235 531 5291 olim
573 5235 936 5292 celeberrimi
992 5236 1330 5292 monasterii
1379 5238 1685 5292 l’arfensis.
1719 5235 2043 5294 Nonnullos

389 5305 744 5379 sustulimus
770 5307 1131 5364 solmcismos
1153 5314 1211 5364 et
1233 5307 1627 5363 barbarismos
1648 5310 2042 5379 exscriptoris,

389 5379 530 5449 quia
559 5377 793 5435 tolerari
828 5398 939 5435 non
976 5385 1312 5450 potuerunt.
1333 5383 1556 5451 Cretera
1583 5386 1646 5433 ut
1676 5377 1954 5451 leguntur
1985 5381 2039 5434 in

389 5453 791 5522 manuscripto
821 5469 955 5506 cum
978 5449 1242 5522 propriis
1287 5450 1442 5502 vitiis
1473 5449 1838 5522 exhibemus,
1873 5450 2044 5506 lecto-

391 5537 513 5577 rem
549 5531 846 5594 rogantes,
866 5536 938 5578 ne
970 5521 1245 5594 confessa,
1269 5527 1460 5574 errata
1482 5521 1857 5594 librariorum
1891 5529 2042 5578 vete-

389 5608 524 5665 rum
557 5591 940 5665 typograpbis
983 5593 1201 5665 nostris
1235 5591 1508 5665 imputet,
1541 5593 1627 5648 vel
1663 5594 1832 5649 nobis
1864 5595 2044 5661 hujus

388 5662 1070 5722 volum'iniSeditoribus.
1090 5662 1419 5720 Notandum
1435 5668 1731 5720 estautem
1753 5665 2042 5723 omissum

2151 5167 2532 5234 ultimum,in
2564 5165 2683 5237 quo
2716 5183 2848 5237 pars
2881 5166 3091 5221 ultima
3120 5165 3255 5220 libri
3286 5169 3577 5221 Geneseos
3601 5181 3810 5237 reprae-

2153 5239 2370 5294 sentari
2402 5235 2658 5293 debet‘in
2694 5235 2850 5293 hunc
2895 5245 2998 5292 aut
3027 5237 3280 5293 similem
3315 5239 3555 5293 modum
3589 5253 3602 5290 :
3641 5235 3808 5292 «’Uhi

2150 5309 2366 5379 Joseph
2401 5309 2544 5363 vixit
2589 5326 2775 5364 annos
2809 5316 3044 5365 centum
3085 5317 3143 5364 et
3173 5311 3398 5375 decem,
3432 5314 3490 5364 et
3519 5309 3813 5377 adjuravit

2155 5383 2361 5449 fratres
2390 5397 2552 5446 suos,
2588 5387 2651 5435 ut
2676 5397 2809 5435 cum
2861 5382 3264 5449 visitarentur,
3291 5380 3564 5435 tollerent
3606 5395 3806 5433 secum

2153 5469 2289 5508 ossa
2319 5448 2446 5521 ejus
2480 5453 2536 5506 in
2589 5459 2802 5506 terram
2863 5470 3053 5508 suam.
3091 5474 3118 5503 »
3149 5448 3295 5507 Nam
3337 5451 3486 5506 liber
3514 5449 3810 5506 Geneseos

2154 5541 2268 5578 non
2294 5523 2539 5596 explicit
2570 5523 2627 5579 in
2662 5524 2916 5596 capitulo
2955 5541 3097 5592 οων,
3131 5524 3228 5578 ubi
3262 5523 3442 5577 Jacob
3474 5521 3627 5576 filios
3652 5536 3811 5596 suos

2154 5591 2461 5649 duodecim
2517 5591 2826 5663 benedicit,
2881 5597 2981 5650 sed
3033 5591 3116 5660 in,
3166 5601 3350 5649 morte
3393 5599 3453 5648 et
3503 5591 3811 5665 sepultura

2152 5665 2394 5738 Joseph,
2430 5667 2532 5723 filii
2561 5668 2764 5723 Jacob.
2796 5671 2974 5722 Mm'r.
