4080 6186
33 82 320 119 T“

246 283 356 337 193

240 409 412 464 XXX.
451 408 557 464 Ubi
593 409 739 463 Kain
771 409 829 462 in
865 414 1016 463 terra
1048 405 1440 462 maledicitur.
1486 396 1492 399 ’

242 497 442 554 XXXI.
477 496 871 553 Commoratio
921 496 1066 552 Kain
1099 514 1133 550 a
1165 496 1308 551 facie
1355 495 1473 562 Dei,
1507 502 1558 550 et
1592 496 1661 550 de
1694 511 1905 567 genere

244 605 487 730 Χὲὲὲιῗ
518 679 601 728 De
635 673 776 728 ﬁliis
807 673 1057 729 Lamech
1091 674 1189 746 qui
1221 673 1608 729 ostenderunt
1643 677 1683 726 ί.

248 763 513 818 XXXIII.
549 763 627 818 De
661 763 903 818 musica
931 763 1078 818 artis
1108 762 1367 818 vindicta
1397 761 1652 818 Lamach
1686 763 1725 816 ³.

249 851 504 907 XXXIV.
540 851 647 907 Ubi
679 852 871 908 Adam
902 868 1108 908 rursus
1141 851 1292 907 ﬁlios
1325 851 1606 922 suscepit.

1673 283 1891 336 LIBER
1929 283 2254 337 GENESIS.

3566 287 3667 340 194

1936 410 1988 473 Α
2023 407 2271 463 LXXIII.
2306 406 2414 462 Ubi
2447 413 2699 477 quatuor
2729 425 2890 480 reges
2922 409 3204 465 adversus
3233 412 3544 468 Sodomam
3578 429 3674 468 ve-

2087 497 2284 551 niunt.

2014 583 2256 640 LXXIV.
2292 583 2396 639 Ubi
2432 584 2721 640 Abraham
2755 586 3004 656 praedam
3039 603 3169 642 cum
3207 591 3307 643 Lot
3337 591 3592 645 reduxit.

2017 671 2224 728 LXXV.
2260 673 2338 728 De
2371 672 2819 729 Melchisedech.

2019 762 2247 818 LXXVI.
2285 763 2392 818 Ubi
2423 762 2578 818 Deus
2608 763 2777 818 tertio
2809 765 2970 819 visus
3001 773 3089 820 est
3117 767 3445 833 Abrahae,et
3471 768 3662 825 ﬁlium

2090 853 2408 925 promittit.

245 941 468 997 XXXV.
503 941 930 1014 Decapitulatio
982 941 1128 1012 [lege
1178 940 1626 1012 Recapitulatio]
1677 940 1908 996 fabricae
2019 942 3082 1010 LXXVII.AbrahamcrediditDeo,et
3102 951 3438 1016 reputatum
3457 947 3670 1003 estilli.

323 1033 486 1085 Adae.

243 1118 502 1175 XXXVI.
541 1116 645 1174 Ubi
679 1118 868 1174 Adam
901 1119 1175 1174 moritur.

242 1207 519 1264 XXXVII.
554 1207 752 1262 Enoch
787 1208 887 1262 ubi
917 1206 1242 1264 translatus
1277 1213 1389 1264 est.

241 1295 685 1353 XXXVIII.Ubi
720 1295 823 1351 ﬁlii
838 1296 937 1352 Dei
954 1296 1104 1353 ﬁlias
1128 1297 1434 1354 hominum
1459 1297 1910 1370 concupierunt.

2020 1031 2311 1086 LXXVIII.
2345 1031 2638 1087 Abraham
2675 1048 2774 1102 per
2804 1033 2975 1103 signa
3006 1034 3318 1090 sacriﬁcat.

2020 1120 2258 1176 LXXIX.
2272 1125 2708 1178 Destamentum
2720 1121 2857 1193 [lege
2873 1121 3662 1194 TestamentumjAbraham.

2023 1209 2224 1265 LXXX.
2257 1209 2363 1264 Ubi
2397 1209 2563 1265 Sarai
2597 1209 2746 1266 risit.

2023 1297 2264 1354 LXXXI.
2298 1298 2406 1354 Ubi
2436 1301 2590 1369 Agar
2622 1298 2786 1370 fugit.

243 1386 510 1444 XXXIX.
530 1385 641 1440 Ubi
673 1386 862 1442 iratus
893 1385 1175 1444 Dominus
1198 1387 1376 1444 vitam
1394 1387 1699 1444 hominum
1721 1385 1779 1442 in
1803 1403 1912 1442 cxx
2022 1387 2270 1443 LXXXII.
2308 1387 2413 1444 Ubi
2462 1387 2744 1442 Dominus
2792 1388 3085 1445 Abraham
3139 1395 3359 1461 patrem
3405 1391 3671 1462 gentium

326 1493 518 1531 annos
551 1475 850 1532 terminat.

249 1565 369 1621 XL.
401 1571 486 1620 De
515 1565 879 1637 gigantibus.

253 1654 396 1709 XLI.
432 1653 542 1709 Ubi
575 1653 873 1710 hominem
898 1659 1055 1710 Deus
1088 1653 1281 1712 delere
1315 1655 1598 1712 minatur.

255 1743 428 1799 XLII.
466 1742 886 1799 Generationes
909 1743 1079 1799 Novas
1110 1743 1252 1816 [lege
1281 1744 1443 1816 Noe].

257 1832 455 1888 XLIII.
492 1831 601 1887 Ubi
631 1836 781 1887 Deus
811 1849 1006 1888 arcam
1038 1833 1162 1889 ﬁeri
1186 1835 1377 1904 jubet.

257 1919 458 1976 XLIV.
494 1919 602 1975 Ubi
634 1920 753 1976 Noe
782 1922 842 1977 in
873 1938 1006 1977 arca
1035 1921 1284 1978 introiit.

256 2010 426 2065 XLV.
468 2008 576 2066 Ubi
609 2009 896 2066 diluvium
928 2010 1144 2066 factum
1184 2016 1294 2066 est.

255 2099 451 2155 XLVI.
482 2098 591 2154 Ubi
621 2115 828 2155 corvus
859 2098 1204 2155 dimittitur.

255 2186 617 2243 XLVII.Ubi
651 2187 723 2243 de
751 2191 901 2243 Arca
929 2187 1385 2258 exirejubentur
1403 2187 1522 2245 Noe
1553 2192 1611 2243 et
1639 2186 1743 2242 ﬁlii
1767 2188 1916 2259 ejus.

254 2276 518 2332 XLVIII.
552 2275 660 2331 Ubi
694 2275 980 2333 Dominus
1011 2275 1320 2350 pollicetur
1341 2277 1466 2348 jam
1501 2292 1618 2332 non
1650 2277 1918 2332 extermi-

332 2381 482 2421 nare
516 2365 839 2421 hominem.

257 2454 470 2510 XLIX.
503 2453 615 2510 Ubi
640 2454 759 2510 Noe
791 2454 943 2510 ﬁlios
975 2453 1291 2511 benedicit.

262 2543 485 2609 L.Quia
518 2543 766 2615 sanguis
787 2543 982 2599 anima
1001 2545 1165 2611 sit,et
1182 2546 1312 2600 ideo
1331 2545 1402 2600 ab
1426 2561 1527 2600 esu
1555 2543 1917 2616 prohibetur.

262 2633 350 2688 LI.
391 2633 476 2688 De
507 2650 642 2688 arca
675 2634 815 2706 [lege
843 2637 1002 2705 arcu]
1035 2634 1092 2688 in
1126 2635 1278 2690 nube
1310 2634 1366 2688 in
1401 2634 1658 2706 signum.

261 2723 379 2778 LII.
418 2723 583 2786 Quod
615 2723 759 2777 Kam
793 2731 952 2794 pater
997 2727 1405 2779 Kananeorum
1457 2723 1597 2795 [lege
1645 2722 1917 2778 Cham....

335 2811 830 2884 Chananaeorum]
863 2811 962 2867 sit.

259 2901 414 2957 LIII.
451 2902 616 2965 Quod
640 2901 760 2957 Noe
786 2901 920 2956 vino
952 2901 1298 2966 inebriatur,
1323 2906 1378 2957 et
1409 2920 1441 2956 a
1474 2901 1591 2956 ﬁlio
1622 2901 1920 2956 irridetur.

261 2991 407 3046 LIV.
445 2990 865 3046 Generationes
898 2988 1151 3045 ﬁliorum
1185 2993 1339 3057 Noe;
1374 2989 1606 3045 initium
1641 3006 1919 3046 novarum

339 3079 713 3151 linguarum.

2094 1475 2364 1548 pollicetu
2377 1494 2422 1531 r.

2025 1565 2330 1621 LXXXIII.
2367 1565 2474 1621 Ubi
2507 1583 2641 1622 eum
2675 1571 2826 1622 Deus
2857 1567 3198 1624 circumcidi
3221 1569 3414 1639 jubet.

2026 1653 2325 1710 LXXXIV.
2361 1653 2468 1710 Ubi
2493 1655 2781 1710 Abraham
2816 1673 2918 1727 pro
2955 1656 3205 1712 llismael
3241 1663 3423 1730 rogat.

1945 1781 1996 1846 B
2317 1742 2424 1798 Ubi
2453 1743 2742 1843 Abraham
2777 1760 2981 1800 omnes
3007 1761 3148 1801 suos
3177 1745 3569 1803 circumcidit.

2028 1831 2314 1887 LXXXVI.
2351 1833 2454 1887 Ubi
2493 1832 2776 1888 Dominus
2824 1841 2956 1889 cum
2989 1835 3220 1890 duobus
3248 1837 3406 1892 venit
3439 1837 3550 1894 sub
3585 1853 3679 1893 ar-

2100 1921 2239 1976 bore
2271 1921 2556 1977 Mambre.

2029 2009 2360 2066 LXXXVII.
2405 2009 2507 2067 Ubi
2537 2009 2829 2066 Abraham
2861 2011 2933 2065 de
2963 2012 3232 2068 Sodomis
3265 2013 3605 2088 interrogat.

2030 2099 2385 2155 LXXXVIII.
2420 2099 2528 2155 Ubi
2564 2104 2664 2156 Lot
2691 2101 2930 2172 angelos
2960 2099 3216 2173 hospitio
3246 2103 3515 2175 suscipit.

2031 2187 2308 2244 LXXXIX
2366 2189 2473 2245 Lot
2493 2189 2564 2245 ad
2597 2205 2868 2262 generos.

2029 2275 2139 2333 XC.
2177 2277 2279 2333 Ubi
2312 2277 2443 2332 ﬁliae
2477 2282 2580 2334 Lot
2610 2279 2680 2332 ad
2715 2283 2938 2350 patrem
2971 2277 3286 2335 inlrarunt.

2028 2366 2168 2422 XCI.
2205 2366 2310 2422 Ubi
2341 2365 2636 2422 Abraham
2671 2383 2909 2423 uxorem
2941 2384 3107 2423 suam
3143 2369 3370 2426 vocavit
3397 2387 3682 2427 sororem.

2030 2455 2201 2512 XCII.
2235 2455 2533 2512 Abraham
2563 2455 2748 2511 tilium
2778 2473 2952 2512 suum
2982 2459 3259 2529 suscepit.

2031 2543 2227 2602 XCIII.
2267 2543 2375 2599 Ubi
2409 2543 2564 2601 Deus
2590 2545 2662 2600 ad
2693 2545 2846 2617 Agar
2875 2543 3158 2616 loquitur.

2030 2632 2218 2690 XCIV.
2252 2631 2359 2689 Ubi
2392 2632 2728 2690 Abimelech
2761 2634 2832 2689 ad
2859 2633 3172 2690 Abraham.

2031 2720 2193 2778 XCV.
2229 2719 2337 2776 Ubi
2367 2721 2522 2775 Deus
2552 2725 2743 2777 tentat
2770 2721 3062 2777 Abraham
3096 2722 3167 2777 de
3199 2721 3340 2779 ﬁlio.

2029 2809 2228 2866 XCVI.
2262 2809 2532 2865 Rebecca
2562 2824 2770 2882 genus.

2030 2899 2244 2954 XCVII.
2275 2897 2382 2954 Ubi
2413 2898 2588 2953 Sarra
2620 2897 2886 2953 moritur.

2033 2989 2274 3044 XCVIII.
2311 2986 2421 3042 Ubi
2455 2986 2750 3042 Abraham
2785 2987 2856 3042 de
2889 3004 3064 3043 uxore
3098 2987 3201 3043 ﬁlii
3233 2991 3626 3047 commendat.

2034 3077 2216 3133 XCIX.
2249 3076 2329 3133 De
2358 3076 2616 3132 Cethura
2646 3093 2825 3132 uxore
2852 3075 3120 3133 Abrahae.

263 3168 384 3223 LV.
418 3148 503 3224 De
538 3167 854 3223 Nembrotb
887 3167 1252 3240 gigante.qui
1288 3167 1444 3240 prior
1473 3173 1605 3240 post
1633 3167 1920 3223 diluvium
1953 3148 1998 3215 C
2036 3167 2093 3222 C.
2129 3165 2236 3221 Ubi
2268 3170 2540 3221 mortuus
2567 3169 2656 3222 est
2684 3164 3005 3220 Abraham.

339 3255 633 3329 regnavit.

267 3345 407 3402 LVI.
446 3345 559 3401 Ubi
595 3350 776 3401 Assur
805 3345 1069 3401 Ninivem
1103 3347 1427 3402 constituit.

269 3435 419 3491 LVII
451 3434 582 3488 Filii
619 3439 868 3489 Kanaam
886 3435 1026 3508 [lege
1057 3436 1355 3506 Chanaan]
1371 3435 1564 3506 Sydon
1597 3439 1654 3490 et
1685 3435 1926 3508 Getbey.

271 3524 474 3580 LVIII.
507 3523 637 3577 Filii
670 3524 822 3578 Sem.

273 3613 420 3670 LIX.
459 3611 758 3668 Habitatio
787 3612 1042 3668 ﬁliorum
1075 3613 1232 3669 Sem.

273 3703 388 3758 LX.
421 3703 874 3757 Consummatio
896 3701 1153 3758 ﬁliorum
1185 3702 1324 3758 Noe.

283 3790 428 3845 LXI.
468 3789 548 3844 De
582 3794 761 3844 turre.

282 3882 453 3935 LXII.
490 3879 602 3934 Ubi
650 3879 935 3934 Dominus
984 3880 1282 3936 descendit
1326 3881 1518 3936 videre
1550 3880 1844 3936 civitatem
1879 3884 1937 3934 et

351 3974 612 4022 turrem.

283 4056 478 4113 LXIII.
513 4056 825 4113 Generatio
855 4059 1012 4114 Sem.

280 4146 483 4200 LXIV.
520 4151 599 4200 De
626 4145 790 4201 Sarai
821 4145 1028 4202 sterili.

280 4233 459 4289 LXV.
489 4233 827 4290 Translatio
858 4234 1104 4291 Abraha
1135 4235 1193 4291 in
1225 4237 1530 4293 Cbarram.

281 4323 484 4378 LXVI.
519 4323 625 4378 Ubi
656 4323 898 4380 Abrabe
927 4324 998 4379 de
1028 4331 1183 4380 terra
1212 4327 1367 4380 exire
1391 4327 1654 4398 jubetur.

284 4413 500 4467 LXVII.
537 4411 641 4467 Ubi
673 4413 961 4468 Dominus
994 4414 1248 4485 primum
1280 4415 1526 4470 Abrahae
1557 4414 1852 4487 apparuit.

2036 3255 2126 3312 Cl.
2163 3255 2371 3310 Ismael
2405 3253 2736 3328 progenies.

2035 3343 2157 3401 Cll.
2192 3344 2272 3400 De
2304 3343 2486 3400 lente.

2035 3434 2178 3492 CIII.
2215 3432 2418 3490 Isaach
2451 3431 2778 3505 progenies.

2037 3524 2168 3580 CIV.
2202 3522 2310 3579 Ubi
2340 3522 2501 3578 visus
2533 3521 2689 3577 Deus
2723 3521 2792 3576 ad
2827 3521 3057 3578 Isaach.

2038 3612 2150 3668 CV.
2183 3611 2289 3668 Ubi
2324 3610 2527 3669 Isaach
2558 3627 2816 3666 sororem
2846 3627 3009 3666 suam
3037 3612 3203 3666 duxit
3235 3629 3494 3669 uxorem.

2039 3701 2174 3758 CVI.
2208 3700 2317 3757 Ubi
2346 3699 2551 3757 Isaach
2582 3698 2922 3771 centuplum
2957 3699 3169 3772 redigit
3197 3699 3556 3757 Abimelech.

2039 3789 2206 3846 CVII.
2236 3789 2316 3844 De
2346 3789 2542 3860 puteis
2573 3787 2799 3844 Isaach.

2040 3878 2234 3935 CVIII.
2266 3877 2372 3934 Ubi
2407 3877 2607 3934 Isaach
2639 3884 2813 3934 Aram
2845 3877 3094 3932 aediﬁcat
3127 3877 3386 3933 Domino.

2044 3967 2181 4023 CIX.
2213 3966 2322 4022 Ubi
2355 3967 2557 4023 Isaach
2591 3965 2853 4038 increpat
2881 3965 3240 4021 Abimelech.

2045 4061 2158 4112 CX.
2191 4056 2299 4111 Ubi
2332 4062 2544 4126 puteus
2577 4053 2778 4111 Isaach
2810 4054 3065 4110 siccavit.

2047 4143 2185 4200 CXI.
2217 4148 2340 4199 Vox
2370 4145 2543 4199 Esau.

2048 4234 2208 4289 CXII.
2244 4233 2349 4288 Ubi
2379 4233 2555 4288 Jacob
2586 4231 2798 4302 accipit
2827 4230 3292 4288 benedictionem
3326 4233 3498 4288 Esau.

2048 4322 2240 4378 CXIII.
2272 4321 2454 4377 Jacob
2485 4321 2708 4392 accepit
2751 4321 3092 4376 mandatum
3126 4338 3160 4377 a
3191 4328 3352 4392 patre
3384 4339 3456 4378 ne
3485 4321 3696 4378 alieni-

2118 4429 2329 4484 genam
2363 4427 2602 4466 uxorem
2635 4409 2867 4465 habeat.

282 4500 538 4556 LXVIII.
561 4500 666 4556 Ubi
700 4502 995 4557 Abraham
1027 4503 1085 4557 in
1116 4503 1424 4576 )Egyptum
1460 4509 1695 4576 propter
1725 4505 1938 4560 famem
1972 4515 2018 4580 ι)
2050 4500 2242 4558 CXIV.
2279 4500 2386 4557 Ubi
2418 4501 2571 4555 Esau
2593 4498 2772 4554 aliam
2806 4515 3045 4553 uxorem
3077 4499 3317 4571 accepit.

358 4589 693 4644 descendit.

283 4676 494 4734 LXIX.
522 4676 628 4732 Ubi
659 4679 818 4734 Sarai
851 4677 970 4751 regi
995 4680 1066 4735 de
1098 4680 1339 4752 1Egypto
1370 4680 1781 4737 introducitur.

276 4765 474 4820 LXX.
504 4765 812 4823 Contentio
844 4767 994 4822 inter
1027 4771 1290 4838 pastores
1322 4769 1562 4825 Abrahae
1595 4775 1651 4825 et
1682 4771 1804 4827 Lot.

281 4853 494 4910 LXXI.
526 4852 631 4910 Ubi
663 4855 956 4912 Abraham
1011 4857 1159 4913 Deus
1207 4862 1265 4912 et
1313 4858 1534 4914 semine
1582 4860 1712 4930 ejus
1761 4861 1943 4917 totius

353 4951 523 4998 terra
552 4945 924 5015 promittitur
952 4945 992 5001 ³.

276 5033 507 5090 LXXII.
540 5031 650 5088 Ubi
703 5034 992 5092 Abraham
1045 5051 1321 5106 quercum
1365 5035 1627 5093 Mambre
1675 5055 1943 5097 reversus

352 5127 477 5178 est.

355 5307 372 5338 ¹
412 5300 801 5378 Μαιςὶαηᾶξυε
831 5302 1170 5378 suspicatur
1209 5302 1545 5378 legendum,
1578 5308 1678 5376 qui
1704 5308 1944 5378 alenda-

279 5381 444 5438 ητα,
478 5372 592 5438 vel,
627 5374 729 5444 qui
759 5372 1133 5441 ostenderunt,
1165 5372 1439 5444 subaudi;
1473 5372 1642 5433 artes.
1667 5372 1791 5434 Non
1823 5398 1943 5436 cer-

277 5445 522 5521 tissima
553 5444 780 5521 aliquot
809 5447 1137 5502 scribarum
1192 5448 1407 5503 menda
1435 5465 1616 5520 supra
1645 5455 1818 5521 atque
1849 5453 1945 5508 in-

276 5526 371 5572 tta
405 5519 573 5571 taciti
606 5519 992 5573 castigamus.

349 5591 372 5623 ²
409 5587 574 5644 Idem
603 5587 858 5661 suppIeti
878 5589 1071 5660 jubet,
1102 5591 1437 5661 inventione,
1469 5599 1522 5646 et
1552 5590 1624 5648 de
1658 5609 1672 5648 :
1700 5595 1942 5665 paucio-

2049 4591 2207 4648 CXV.
2239 4589 2348 4646 Ubi
2375 4589 2556 4645 Jacob
2579 4587 2831 4658 lapidem
2865 4587 2937 4643 ad
2969 4593 3147 4659 caput
3176 4589 3394 4659 posuit.

2048 4679 2236 4735 CXVI.
2269 4678 2377 4735 Ubi
2405 4678 2586 4734 Jacob
2618 4676 2873 4748 lapidem
2909 4676 3092 4741 unxit,
3114 4681 3171 4732 et
3201 4682 3396 4732 votum
3435 4678 3586 4734 fecit.

2048 4768 2260 4824 CXVII.
2295 4766 2401 4823 Ubi
2428 4767 2610 4822 Jacob
2642 4767 2712 4820 ad
2749 4771 2988 4838 puteum
3021 4781 3154 4820 oves
3186 4765 3516 4837 adaquavit.

2049 4855 2293 4912 CXVIII.
2327 4855 2434 4912 Ubi
2464 4855 2642 4911 Jacob
2675 4870 2780 4926 pro
2812 4870 2989 4910 uxore
3019 4854 3215 4910 servit.

2050 4944 2233 5001 CXIX.
2267 4943 2348 5000 De
2380 4942 2790 5015 mandragoris
2822 4941 2949 4999 ﬁlii.

2052 5031 2336 5089 CXX.Ubi
2363 5031 2545 5086 Jacob
2575 5046 2710 5086 cum
2740 5046 2942 5085 socero
2975 5031 3046 5085 de
3077 5032 3340 5087 mercede
3363 5029 3698 5102 paciscitur.

2058 5121 2238 5179 CXXI.
2270 5120 2352 5177 De
2381 5118 2564 5191 virgis
2588 5117 2769 5174 Jacob
2797 5118 2998 5174 variis.

2055 5304 2220 5360 ribus
2251 5302 2496 5371 scribas,
2527 5303 2662 5366 arte,
2701 5303 2810 5355 etc.

2127 5377 2147 5410 ³
2176 5376 2328 5430 Satis
2383 5367 2528 5428 bene
2559 5371 2861 5426 emendari
2893 5376 3114 5426 textum
3149 5387 3214 5424 ac
3246 5369 3507 5440 suppleri
3535 5367 3705 5440 jubet

2051 5446 2426 5502 Martianasus
2465 5462 2477 5499 ε
2515 5444 2613 5501 Ubi
2642 5441 2925 5498 Abraham
2960 5447 3101 5498 Deus
3143 5437 3398 5511 apparei,
3425 5444 3475 5496 et
3503 5437 3710 5495 semini

2052 5519 2170 5589 ejus
2203 5521 2368 5574 totius
2397 5521 2564 5572 terra
2592 5515 2856 5585 possessio
2880 5511 3256 5584 promittitur.
