4080 6186
305 337 414 390 197

1729 338 1944 392 LlBEB
1981 339 2303 392 GENESIS.

3623 347 3724 400 198

303 463 913 534 congregationesque
959 479 1246 536 aquarum
1293 462 1611 535 appellavit
1657 463 1860 519 Maria.
1897 464 1964 517 Et
1995 473 2046 537 Α
2077 467 2386 528 terram,et
2412 463 2683 519 universa
2711 464 2866 536 ligna
2886 483 3015 537 qum
3045 468 3263 523 habent
3293 470 3348 524 in
3387 471 3719 541 semetipsis

304 553 451 607 vidit
490 558 640 608 Deus
689 553 844 622 quod
895 558 1049 608 esset
1097 554 1338 608 bonum.
1374 554 1439 607 Et
1487 552 1611 608 ait:
1665 553 1964 608 Germinet
2072 557 2392 606 sementem
2425 554 2653 623 generis
2684 555 2795 624 sui,
2827 560 2891 610 ut
2930 557 3047 612 sint
3093 560 3258 614 vobis
3307 559 3366 614 in
3415 577 3631 625 escam,
3666 566 3723 617 et

309 648 469 698 terra
529 642 771 696 herbam
825 643 1108 697 virentem
1165 649 1223 697 et
1282 644 1583 699 facientem
1636 657 1855 712 semen,
1907 648 1964 698 et

311 732 537 801 lignum
556 732 908 802 pomiferum
925 731 1142 786 faciens
1159 735 1410 786 fructum
1423 733 1589 802 juxta
1603 749 1707 804 gen
1720 750 1786 788 us
1801 750 1965 788 suum

311 822 487 889 cujus
501 835 701 874 semen
719 821 775 873 in
791 821 1106 892 semetipso
1121 823 1196 876 sit
1209 838 1385 893 super
1398 827 1634 876 terram.
1655 823 1721 876 Et
1743 823 1892 877 factu
1905 839 1962 877 m

310 917 404 963 est
453 909 556 964 ita.
589 909 655 963 Et
703 910 944 980 protulit
978 916 1131 966 terra
1163 911 1404 966 herbam
1453 913 1758 978 virentem,
1793 916 1850 966 et
1882 914 1964 967 fe-

311 1004 538 1053 rentem
565 997 754 1070 [Vulg.
783 1000 1110 1071 facientem]
1136 1015 1333 1055 semen
1361 1002 1534 1070 juxta
1553 1016 1742 1071 genus
1765 1016 1966 1071 suum,

308 1088 664 1158 lignumque
683 1088 898 1144 faciens
915 1089 1257 1154 fructum,et
1271 1090 1493 1144 habens
1511 1091 1968 1161 unumquodque

309 1191 517 1230 semen
547 1177 734 1246 (Vulg.
760 1177 1102 1247 sementem]
1139 1179 1466 1233 secundum
1489 1179 1742 1250 speciem
1776 1195 1969 1234 suam.

311 1265 384 1318 Et
441 1265 588 1319 vidit
641 1270 795 1321 Deus
857 1267 1016 1337 quod
1080 1273 1236 1322 esset
1301 1268 1546 1322 bonum.
1608 1268 1972 1338 Factumque

310 1360 403 1409 est
455 1371 693 1425 vespere
742 1359 799 1410 et
843 1373 1035 1422 mane,
1068 1357 1192 1412 dies
1246 1356 1472 1411 tertius.
1508 1356 1594 1429 [Β.
1631 1356 1723 1427 IV,
1755 1360 1815 1412 Ο.
1853 1361 1974 1445 1V.]

308 1442 470 1498 Dixit
503 1450 697 1498 autem
732 1450 925 1500 Deus:
982 1445 1149 1501 Fiant
1181 1445 1490 1501 luminaria
1519 1447 1574 1500 in
1609 1442 1976 1502 ﬁrmamento

309 1531 466 1598 cmli,
539 1538 607 1588 ut
673 1533 857 1604 [Vulg].
929 1534 1006 1606 et]
1063 1534 1326 1589 dividant
1372 1535 1524 1590 diem
1589 1553 1653 1590 ac
1720 1543 1973 1605 noctem,

309 1627 370 1675 et
402 1621 525 1677 sint
563 1621 624 1676 in
677 1623 866 1695 signa,
895 1629 952 1678 et
983 1629 1265 1695 tempore,
1298 1630 1356 1679 et.
1403 1625 1525 1680 dies
1574 1631 1630 1680 et
1677 1643 1886 1691 annos,
1919 1632 1977 1682 et

310 1711 509 1779 (Vulg.
537 1716 622 1778 ut]
651 1711 888 1768 luceant
909 1713 969 1766 in
997 1714 1367 1768 ﬁrmamento
1388 1714 1538 1783 cceli,
1565 1721 1617 1769 et
1641 1715 1976 1770 illuminent

311 1808 558 1858 terram.
581 1805 647 1858 Et
671 1805 888 1859 factum
912 1811 1001 1860 est
1019 1806 1117 1860 ita.
1144 1807 1419 1878 Fecitque
1450 1807 1601 1862 Deus
1622 1808 1738 1862 duo
1764 1823 1976 1880 magna
2007 1839 2052 1904 Β

313 1891 676 1948 luminaria:
713 1893 1001 1950 luminare
1032 1896 1327 1965 majus,ut
1358 1902 1633 1967 praaesset
1655 1897 1862 1964 diei,et
1884 1897 1973 1952 lu-

313 1983 541 2036 minare
576 1984 797 2049 minus,
829 1990 892 2038 ut
924 1989 1200 2056 praeesset
1232 1986 1408 2051 nocti,
1443 1991 1501 2041 et
1530 1985 1751 2041 stellas.
1776 1987 1844 2041 Et
1875 2003 1974 2058 po-

322 2071 446 2126 suit
477 2088 542 2126 ea
579 2074 726 2128 Deus
755 2073 815 2127 in
843 2075 1216 2129 ﬁrmamento
1247 2076 1398 2141 cceli,
1424 2080 1488 2129 ut
1519 2076 1783 2131 lucerent
1803 2092 1980 2148 super

311 2166 559 2226 terram,
585 2166 640 2216 et
671 2168 988 2233 praeessent
1012 2164 1125 2218 diei
1152 2179 1214 2218 ac
1240 2165 1415 2232 nocti,
1441 2169 1496 2218 et
1525 2166 1849 2220 dividerent
1881 2165 1976 2219 lu-

310 2265 437 2304 cem
474 2267 540 2304 ac
572 2252 867 2306 tenebras.
904 2253 976 2306 Et
1005 2253 1146 2308 vidit
1177 2253 1333 2308 Deus
1365 2255 1513 2323 quod
1547 2260 1700 2309 esset
1732 2255 1973 2312 bonum.

309 2339 377 2393 Et
400 2339 623 2393 factum
657 2346 746 2395 est
777 2357 1012 2412 vespere
1039 2347 1095 2396 et
1119 2359 1311 2410 mane,
1338 2343 1459 2398 dies
1491 2350 1754 2414 quartus.
1791 2345 1870 2416 [B.
1905 2344 1977 2408 V,

310 2430 371 2482 C.
407 2428 504 2499 V.]
543 2430 693 2483 Dixit
722 2431 899 2484 etiam
935 2431 1087 2485 Deus
1125 2449 1136 2486 :
1191 2431 1510 2487 Producant
1565 2451 1725 2504 aquae
1772 2433 1977 2505 reptile

314 2519 527 2572 animae
551 2520 824 2584 viventis,
850 2525 908 2574 et
938 2520 1170 2575 volatile
1194 2538 1371 2592 super
1404 2529 1618 2578 terram
1643 2525 1751 2579 sub
1777 2525 1976 2578 ﬁrma-

315 2613 512 2661 mento
537 2607 1038 2680 cceli.Creavitque
1065 2614 1212 2664 Deus
1237 2615 1359 2665 cete
1385 2613 1650 2682 grandia,
1671 2617 1973 2667 etomnem

313 2697 582 2751 animam
607 2697 894 2752 viventem
919 2702 1093 2769 atque
1115 2700 1659 2771 motabilem,quam
1686 2703 1976 2772 produxe-

312 2792 452 2839 rant
479 2801 647 2856 aquae
675 2786 734 2841 in
768 2787 991 2858 species
1023 2805 1180 2855 suas,
1215 2793 1272 2844 et
1301 2806 1471 2845 omne
1501 2790 1730 2846 volatile
1761 2808 1972 2847 secun-

312 2876 462 2929 dum
487 2891 677 2945 genus
710 2892 904 2930 suum.
924 2877 989 2931 Et
1012 2877 1157 2932 vidit
1191 2879 1340 2933 Deus
1372 2879 1525 2949 quod
1549 2885 1704 2934 esset
1729 2882 1970 2935 bonum.

313 2965 736 3036 benedixitque
776 2965 880 3030 eis,
915 2967 1152 3021 dicens:
1203 2967 1479 3036 Crescite,
1514 2975 1569 3023 et
1617 2969 1973 3039 multiplica-

315 3054 488 3120 mini,
507 3058 566 3108 et
595 3053 810 3125 replete
834 3072 1016 3126 aquas
1044 3056 1263 3111 maris:
1298 3074 1550 3129 avesque
1574 3057 1970 3129 multiplicen-

310 3149 411 3197 tur
445 3157 623 3214 super
653 3148 888 3199 terram.
924 3146 991 3200 Et
1019 3146 1236 3201 factum
1281 3151 1370 3201 est
1423 3163 1657 3220 vespere
1690 3155 1745 3202 et
1776 3165 1968 3216 mane,

2075 640 2300 694 cunctis
2327 643 2729 698 animantibus
2753 647 3224 718 terrae,omnique
3245 649 3467 705 volucri
3491 651 3641 723 cmli,
3663 657 3720 706 et

2075 729 2365 784 universis
2395 747 2518 800 ques
2551 738 2860 787 moventur
2888 735 2945 788 in
2977 741 3150 803 terra,
3194 743 3249 791 et
3277 737 3334 792 in
3367 740 3586 809 quibus
3630 746 3720 795 est

2077 818 2273 874 anima
2300 819 2519 886 vivens,
2546 826 2609 874 ut
2629 821 2882 877 habeant
2914 825 2984 877 ad
3018 828 3387 882 vescendum.
3409 829 3477 882 Et
3501 831 3718 886 factum

2078 914 2166 963 est
2188 908 2285 963 ita.
2311 909 2583 980 Viditque
2607 916 2759 965 Deus
2789 917 2998 968 cuncta
3031 930 3156 985 quae
3189 917 3324 972 fecit
3352 917 3539 990 [Vulg.
3576 921 3727 976 fece-

2077 998 2208 1068 rat],
2239 1001 2296 1052 et
2326 1003 2493 1054 erant
2519 998 2682 1054 valde
2714 999 2885 1057 bona.
2920 1001 2988 1056 Et
3034 1003 3251 1059 factum
3280 1010 3372 1060 est
3399 1023 3636 1078 vespere
3669 1014 3725 1064 et

2077 1101 2267 1153 mane,
2299 1088 2423 1142 dies
2456 1094 2673 1144 sextus.

2153 1178 2238 1246 [B.
2265 1176 2393 1244 VII,
2426 1177 2486 1233 Ο.
2518 1179 2642 1244 Vll,
2678 1180 2805 1250 Cap.
2834 1181 2929 1250 11.]
2957 1181 3140 1252 Igitur
3170 1185 3407 1254 perfecti
3439 1191 3577 1241 sunt
3597 1189 3725 1243 coeli

2083 1270 2140 1319 et
2157 1270 2395 1332 terra,et
2411 1268 2603 1322 omnis
2625 1275 3106 1325 ornatuseorum.
3123 1271 3559 1346 Complevitque
3574 1277 3726 1332 Deus

2085 1352 2178 1407 die
2201 1355 2450 1425 septimo
2471 1372 2616 1426 Opus
2639 1374 2812 1412 suum
2838 1359 2991 1429 quod
3019 1359 3317 1425 fecerat,et
3337 1363 3620 1433 requievit
3637 1366 3728 1421 die

2086 1443 2338 1514 septimo
2360 1445 2432 1499 ab
2456 1446 2726 1502 universo
2749 1463 2920 1518 opere
2943 1449 3094 1518 quod
3120 1453 3473 1520 patrarat.Et
3495 1454 3732 1508 benedi-

2085 1533 2168 1588 xit
2198 1534 2310 1588 diei
2343 1535 2613 1606 septimo,
2637 1541 2695 1591 et
2711 1537 3097 1593 sanctiﬁcavit
3123 1537 3289 1594 illum
3316 1557 3331 1596 :
3360 1542 3500 1612 quia
3522 1543 3580 1598 in
3604 1544 3730 1614 ipso

2087 1628 2414 1678 cessaverat
2444 1625 2516 1679 ab
2548 1627 2704 1679 omni
2740 1643 2910 1696 opere
2931 1644 3036 1682 suo
3059 1629 3212 1698 quod
3245 1631 3462 1686 creavit
3490 1631 3645 1687 Deus
3669 1637 3735 1688 ut

2087 1712 2316 1767 faceret.
2345 1713 2427 1780 [0.
2455 1713 2766 1783 VlII.]Istee
2797 1715 3201 1786 generationes
3232 1717 3410 1789 [ναις.
3445 1721 3734 1777 interserit

2086 1801 2246 1871 sunt]
2276 1800 2405 1855 coeli
2435 1806 2492 1856 et
2522 1807 2706 1869 terris,
2740 1805 2974 1873 quando
3005 1809 3200 1860 creata
3228 1812 3368 1862 sunt
3396 1808 3455 1864 in
3487 1809 3732 1882 die,quo

2086 1893 2220 1947 fecit
2252 1892 2538 1949 Dominus
2569 1894 2724 1950 Deus
2755 1895 2966 1950 caelum
2986 1899 3274 1951 etterram
3301 1913 3313 1952 :
3347 1902 3405 1953 et
3434 1915 3607 1955 omne
3629 1901 3737 1955 vir-

2084 1982 2317 2053 gultum
2349 1983 2470 2054 agri
2506 1991 2814 2054 antequam
2845 1985 3094 2040 oriretur
3116 1987 3173 2040 in
3196 1991 3735 2062 terra,omnemque

2086 2071 2328 2126 herbam
2348 2073 2602 2143 regionis
2627 2073 2974 2144 priusquam
2997 2077 3354 2145 germinaret
3377 2095 3389 2131 :
3427 2095 3540 2133 non
3573 2080 3732 2134 enim

2086 2160 2312 2232 pluerat
2343 2163 2621 2217 Dominus
2655 2167 2804 2217 Deus
2825 2180 3003 2234 super
3031 2168 3267 2231 terram,
3299 2170 3354 2221 et
3393 2166 3570 2223 homo
3620 2185 3734 2224 non

2087 2254 2209 2303 erat
2239 2249 2337 2320 qui
2369 2255 2710 2322 operaretur
2733 2255 2984 2320 terram;
3027 2255 3126 2308 sed
3163 2253 3292 2309 fons
3323 2257 3675 2311 ascendebat
3707 2274 3736 2313 e

2087 2344 2260 2404 terra,
2284 2339 2536 2411 irrigans
2554 2341 2884 2395 universam
2910 2342 3277 2412 superﬁciem
3295 2347 3478 2398 terrae.
3506 2346 3736 2402 Forma-

2085 2428 2168 2480 vit
2197 2427 2379 2499 igitur
2408 2429 2693 2484 Dominus
2721 2435 2870 2484 Deus
2892 2429 3187 2485 hominem
3213 2433 3284 2486 de
3307 2431 3444 2488 limo
3476 2439 3659 2503 terrae,
3682 2439 3739 2490 et

2085 2515 2395 2588 inspiravit
2427 2518 2484 2572 in
2520 2518 2723 2574 faciem
2757 2520 2884 2588 ejus
2916 2519 3276 2590 spiraculum
3300 2522 3525 2588 vitae,“
3549 2524 3739 2579 lactus

2086 2609 2172 2659 est
2203 2605 2378 2660 homo
2410 2607 2467 2660 in
2500 2606 2759 2661 animam
2793 2609 3106 2663 viventem.
3140 2609 3510 2667 Plantaverat
3540 2617 3736 2668 autem

2084 2693 2368 2749 Dominus
2390 2700 2543 2750 Deus
2567 2697 2912 2750 Paradisum
2946 2696 3266 2768 voluptatis
3288 2717 3322 2753 ο.
3345 2700 3655 2772 principio,
3679 2703 3736 2756 in

2084 2799 2196 2853 quo
2230 2785 2424 2854 posuit
2445 2785 2743 2839 hominem
2770 2801 2945 2855 quem
2969 2787 3739 2860 formaverat.Produxitque

2080 2873 2369 2928 Dominus
2386 2873 2537 2928 Deus
2551 2875 2621 2927 de
2634 2873 2812 2928 humo
2828 2890 2998 2928 omne
3012 2873 3237 2945 lignum
3253 2875 3567 2946 pulchrum
3582 2878 3736 2948 visu,

2083 2967 2140 3016 et
2160 2962 2231 3016 ad
2254 2963 2606 3017 vescendum
2632 2978 2838 3017 suave:
2866 2961 3093 3034 lignum
3117 2963 3292 3019 etiam
3316 2965 3443 3020 vita
3461 2966 3518 3020 in
3544 2967 3736 3022 medio

2083 3050 2361 3121 paradisi,
2387 3051 2732 3122 lignumque
2753 3051 3006 3106 scientias
3021 3052 3159 3107 boni
3176 3058 3232 3107 et
3252 3053 3409 3108 mali.
3437 3053 3501 3109 Et
3523 3055 3736 3111 ﬂuvius

2083 3141 2491 3212 egrediebatur
2511 3141 2584 3196 de
2606 3141 2730 3196 loco
2750 3141 3068 3213 voluptatis
3091 3143 3162 3196 ad
3185 3142 3548 3214 irrigandum
3574 3162 3740 3216 para-

310 3232 439 3285 dies
472 3213 734 3302 quintus,
775 3234 858 3305 [3,
893 3233 986 3301 V1,
1022 3236 1081 3290 ρ,
1120 3236 1238 3306 VL]
1284 3235 1439 3290 Dixit
1489 3213 1720 3308 duoque
1775 3238 1922 3292 Deus
2004 3213 2046 3279 C
2085 3230 2304 3296 disum,
2327 3231 2426 3301 qui
2449 3231 2584 3285 inde
2605 3230 2966 3286 dividiturin
2991 3236 3245 3302 quatuor
3265 3213 3489 3304 capita:
3512 3213 3736 3290 Nomen

315 3323 608 3375 Producat
637 3327 793 3377 terra
822 3323 1078 3378 animam
1106 3325 1395 3380 viventem
1419 3325 1473 3379 in
1504 3342 1714 3397 genere
1737 3327 1973 3397 suo,ju-

317 3416 612 3474 menta,et
632 3412 881 3482 reptilia,
897 3417 954 3468 et
975 3414 1194 3469 bestias
1214 3420 1380 3469 terrae
1403 3417 1728 3470 secundum
1754 3416 1976 3487 species

315 3515 482 3554 suae.
509 3501 870 3571 Factumque
894 3507 979 3557 est
1000 3503 1100 3557 ita.
1125 3503 1194 3557 Et
1215 3503 1348 3558 fecit
1378 3502 1532 3559 Dens
1565 3505 1782 3559 bestias
1816 3510 1978 3560 terra:

307 3590 485 3659 juxta
517 3588 743 3658 species
766 3607 930 3660 suas,
953 3595 1010 3646 et
1029 3593 1296 3660 jumenla
1317 3597 1374 3648 et
1394 3610 1568 3648 omne
1592 3594 1795 3665 reptile
1817 3601 1978 3649 terrae

315 3677 378 3730 in
411 3693 632 3748 genere
665 3694 793 3733 suo.
823 3680 891 3734 Et
914 3680 1060 3735 vidit
1090 3681 1246 3736 Deus
1273 3682 1426 3753 quod
1461 3688 1618 3737 esset
1648 3683 1893 3749 bonum,
1926 3687 1982 3738 et

317 3765 400 3818 ait
427 3781 442 3818 :
477 3765 790 3822 Faciamus
812 3767 1106 3823 hominem
1133 3769 1204 3824 ad
1225 3769 1545 3842 imaginem
1569 3774 1624 3824 et
1646 3769 1980 3826 similitudi-

315 3869 455 3908 nem
484 3858 1048 3928 nostram,etprazsit
1069 3858 1330 3929 piscibus
1352 3863 1552 3928 maris,
1569 3864 1625 3915 et
1649 3859 1984 3916 volatilibus

312 3941 470 4006 caeli,
491 3950 554 3998 et
581 3945 808 4006 bestiis.
837 3946 1236 4018 universasque
1269 3954 1456 4016 terrae,
1481 3952 1759 4021 omnique
1790 3947 1984 4022 reptili

311 4034 473 4102 quod
505 4038 774 4088 movetur
795 4035 853 4088 in
876 4041 1031 4091 terra
1077 4037 1143 4090 Et
1165 4038 1383 4092 creavit
1402 4044 1559 4093 Deus
1583 4038 1876 4093 hominem
1911 4040 1983 4094 ad

311 4120 642 4190 imaginem
677 4139 846 4178 suam
883 4139 895 4177 :
955 4126 1023 4179 ad
1061 4125 1376 4197 imaginem
1411 4128 1509 4182 Dei
1545 4130 1763 4181 creavit
1791 4127 1984 4204 illum,

316 4209 657 4264 masculum
681 4216 735 4265 et
760 4211 1034 4268 feminam
1061 4216 1279 4271 creavit
1301 4216 1846 4286 eos.Benedixitque
1869 4215 1986 4272 illis

313 4297 499 4360 Deus,
525 4303 582 4354 et
613 4299 729 4353 ait:
764 4302 1040 4372 Crescite,
1066 4307 1121 4357 et
1154 4301 1660 4374 multiplicamini,
1685 4309 1741 4358 et
1771 4304 1986 4376 replete

315 4393 564 4454 terrain,
593 4391 650 4441 et
680 4389 951 4457 subjicite
1003 4408 1154 4458 eam,
1187 4397 1244 4447 et
1293 4392 1678 4448 dominamini
1721 4394 1986 4464 piscibus

315 4475 601 4538 maris,et
629 4475 963 4533 volatilibus
995 4480 1145 4546 cceli,
1166 4485 1222 4535 et
1262 4480 1552 4536 universis
1586 4482 1987 4536 animantibus

314 4579 451 4635 quae
484 4570 798 4620 moventur
829 4584 1006 4638 super
1039 4577 1277 4625 terram.
1302 4570 1574 4640 Dixitque
1607 4570 1760 4624 Deus
1790 4587 1803 4625 :
1840 4571 1980 4626 Ecce
2011 4597 2058 4660 Β

312 4653 456 4707 dedi
478 4653 644 4709 vobis
671 4671 897 4711 omnem
926 4656 1168 4713 herbam
1202 4657 1536 4715 ail‘erentem
1570 4676 1770 4714 semen
1804 4677 1982 4732 super

396 4795 578 4874 {lion
614 4798 790 4866 Evila,
825 4802 926 4854 sed
978 4801 1182 4874 Evilat,
1214 4807 1269 4858 et
1301 4803 1509 4858 Eveilal
1559 4802 1776 4873 legitur
1823 4803 1981 4874 apud

498 4864 863 4946 Interpretes.
880 4873 938 4926 In
965 4864 1234 4946 plurimis
1248 4891 1480 4946 quoque
1500 4864 1723 4929 Latinis
1743 4864 1982 4946 mesico-

313 4938 562 5017 d_ic_i_bu_s
594 4938 870 5017 mendose
911 4938 1196 5014 scriptum
1251 4938 1577 5017 reperimus
1627 4945 1860 5012 llevilal,
1894 4945 1980 5000 vel

312 5007 572 5088 Evilath.
607 5017 677 5088 _At
707 5007 1067 5088 exploratum
1102 5007 1343 5071 omnino
1376 5018 1544 5072 nobis
1574 5024 1664 5072 est
1699 5007 1979 5088 Hierony-

318 5098 490 5134 mum
511 5080 717 5158 legisse
737 5080 1000 5154 E'vz'lamt
1017 5105 1121 5143 nos
1149 5089 1780 5158 emendavimusjuxta
1804 5080 1979 5142 ﬁde'm

315 5152 750 5224 exemplarium
813 5152 1054 5214 canonis
1116 5163 1409 5215 llebraicm
1459 5152 1721 5215 veritatis
1770 5177 1783 5215 :
1848 5177 1980 5215 nam

315 5226 394 5278 de
431 5225 542 5279 hoc
578 5229 809 5283 nomine
841 5230 1024 5297 Evila,
1058 5233 1290 5287 abunde
1320 5233 1577 5294 disserit,
1614 5233 1712 5287 lib.
1745 5234 1810 5286 de
1851 5233 1982 5287 locis

313 5297 650 5374 Hebraicis.
687 5301 857 5356 Favet
906 5319 1139 5374 quoque
1180 5305 1576 5359 emendationi
1631 5311 1841 5358 nostra;
1877 5319 1983 5357 vox

315 5370 496 5463 ζιῆτἹἾ
530 5386 721 5463 h_lwz'lli
752 5391 810 5444 in
843 5370 1147 5463 Hebraico,
1179 5410 1353 5462 quam
1386 5399 1609 5448 veteres
1641 5395 1804 5448 Evila
1833 5393 1983 5463 lege-

317 5458 489 5534 bant.
546 5458 818 5534 Eamdem
870 5458 1143 5534 denique
1175 5458 1387 5520 retinet
1434 5464 1740 5519 lectionem
1790 5458 1982 5519 textus

233 5603 240 5610 ν
316 5529 1051 5610 Hebraeo-Samaritanus}
1101 5553 1164 5590 ac
1193 5537 1382 5591 versio
1411 5538 1588 5590 etiam
1625 5537 1761 5590 LXX
1795 5539 1982 5590 Inter-

317 5608 560 5727 gﬁtum
593 5603 818 5674 aliquot
846 5605 906 5660 in
937 5608 1105 5675 locis,
1140 5613 1278 5677 puta
1309 5610 1514 5663 Genes.
1550 5624 1676 5679 cap.
1701 5626 1736 5662 x
1765 5613 1821 5663 et
1849 5625 1978 5662 xxv.

425 5689 521 5727 ar.

425 5689 521 5728 ET.

2083 3318 2184 3373 uni
2216 3319 2472 3374 Phison:
2528 3320 2653 3390 ipse
2694 3325 2784 3374 est
2833 3320 2933 3390 qui
2983 3321 3192 3376 circuit
3238 3337 3474 3377 omnem
3517 3328 3734 3379 terram

2083 3408 2244 3462 Evila
2263 3408 2410 3473 ‘,ubi
2435 3410 2698 3464 nascitur
2713 3409 3023 3463 aurum.Et
3037 3425 3244 3464 aurum
3268 3416 3435 3466 terra
3458 3410 3622 3467 illius
3641 3430 3737 3485 op-

2083 3497 2299 3552 timum
2348 3502 2436 3553 est
2471 3516 2484 3554 :
2534 3497 2734 3568 ibique
2779 3497 3074 3553 invenitur
3109 3499 3394 3555 bdellium
3426 3501 3469 3567 ²,
3502 3506 3558 3556 et
3588 3501 3740 3574 lapis

2085 3587 2432 3659 onychinus.
2457 3588 2526 3642 Et
2550 3603 2760 3642 nomen
2784 3586 2942 3641 ﬂuvii
2965 3589 3204 3643 secundi
3229 3587 3375 3645 Gion
3407 3589 3594 3662 [ναις.
3626 3591 3738 3648 Ge-

2087 3678 2262 3747 hon]:
2297 3677 2422 3748 ipse
2443 3682 2532 3732 est
2553 3677 2652 3746 qui
2675 3675 2882 3730 circuit
2906 3693 3141 3731 omnem
3168 3682 3383 3733 terram
3411 3678 3737 3751 (Ethiopian.

2088 3767 2310 3821 Nomen
2336 3782 2469 3820 vero
2502 3765 2764 3820 ﬂuminis
2796 3765 2975 3831 tertii,
2997 3767 3190 3837 Tigris
3216 3783 3229 3821 :
3263 3767 3389 3838 ipse
3419 3769 3579 3823 vadit
3609 3785 3742 3824 con-

2089 3861 2182 3910 tra
2208 3854 2496 3927 Assyrios.
2531 3854 2763 3908 Fluvius
2795 3859 2989 3909 autem
3023 3865 3288 3926 quartus,
3319 3857 3444 3927 ipse
3492 3862 3581 3912 est
3626 3858 3740 3912 Eu-

2091 3943 2439 4017 phrates.[C.
2459 3943 2752 4014 IX.]Tulit
2773 3961 2908 4015 ergo
2932 3944 3220 3999 Dominus
3249 3947 3397 4000 Deus
3416 3945 3738 4016 hominem,

2091 4039 2143 4090 et
2176 4032 2374 4105 posuit
2403 4050 2536 4088 eum
2567 4033 2622 4086 in
2647 4033 2916 4104 paradiso
2949 4033 3282 4104 voluptatis,
3310 4038 3373 4088 ut
3403 4040 3743 4104 operaretur

2092 4132 2146 4178 et
2168 4123 2488 4178 custodiret
2517 4121 2717 4176 illum:
2745 4122 3129 4193 praecepitque
3151 4122 3200 4175 ei
3226 4122 3452 4177 dicens:
3477 4124 3555 4177 Ex
3577 4125 3736 4179 omni

2090 4212 2250 4285 ligno
2301 4211 2556 4284 paradisi
2605 4211 2890 4266 comede:
2943 4211 3014 4265 de
3064 4210 3222 4281 ligno
3256 4217 3450 4266 autem
3483 4212 3738 4267 scientias

2092 4302 2228 4358 boni
2261 4306 2316 4355 et
2346 4300 2485 4355 mali
2518 4315 2589 4354 ne
2621 4300 2931 4366 comedas;
2985 4299 3042 4352 in
3076 4315 3428 4372 quocunque
3457 4299 3613 4356 enim
3646 4301 3741 4355 die

2092 4389 2416 4446 comederis
2446 4405 2513 4443 ex
2543 4405 2630 4457 eo,
2656 4393 2840 4442 morte
2868 4387 3153 4443 morieris.
3182 4387 3336 4443 Dixit
3364 4407 3596 4461 quoque
3624 4390 3738 4444 Do-

2095 4480 2293 4534 minus
2327 4485 2474 4534 Deus
2501 4495 2514 4533 :
2548 4478 2671 4532 Non
2697 4482 2781 4532 est
2802 4478 3018 4531 bonum
3041 4493 3170 4533 esse
3194 4479 3491 4534 hominem
3514 4479 3736 4534 solum:

2092 4567 2378 4622 faciamus
2417 4567 2438 4599 ³
2475 4567 2525 4620 ei
2577 4565 2936 4634 adjutorium
2986 4566 3179 4620 simile
3227 4568 3318 4622 sui
3369 4569 3542 4639 [Vulg.
3580 4568 3737 4639 sibi].

2090 4658 2173 4728 [Β.
2207 4655 2382 4726 νΙιι.]
2414 4656 2697 4711 Formatis
2728 4654 2930 4726 igitur,
2953 4655 3236 4711 Dominus
3268 4661 3440 4725 Deus,
3467 4659 3536 4712 de
3559 4657 3740 4714 humo

2161 4831 2228 4841 —
2261 4799 2422 4855 Unus
2457 4797 2702 4854 Palatin.
2725 4797 2968 4853 Evilath.
3004 4798 3295 4869 Impressa
3329 4799 3496 4855 lectio
3528 4801 3598 4854 ad
3630 4805 3740 4856 He-

2090 4873 2313 4928 braeum
2357 4875 2604 4938 textum,
2635 4874 2692 4925 et
2740 4871 2996 4925 melioris
3027 4875 3173 4926 notae
3207 4872 3742 4944 manuscriptorum

2091 4950 2182 5000 est
2213 4944 2408 4998 ﬁdem.

2163 5017 2184 5049 ²
2203 5019 2350 5069 Ante
2367 5013 2785 5083 Hieronymum
2806 5011 3073 5082 legebant
3094 5013 3200 5067 hoc
3221 5014 3348 5068 loco
3372 5014 3555 5069 Latini
3571 5013 3741 5083 juxta

2093 5085 2235 5140 LXX
2265 5086 2799 5154 interpretationem
2835 5101 2847 5138 :
2895 5085 2979 5136 Ibi
3017 5088 3094 5138 est
3121 5085 3488 5140 carbunculus
3515 5090 3568 5139 et
3595 5085 3740 5150 lapis

2088 5158 2380 5228 prasinus,-
2403 5157 2525 5219 sed,
2552 5156 2744 5226 inquit
2761 5155 3168 5228 Hieronymus,
3184 5156 3288 5228 lib:
3310 5160 3520 5228 Qumst.
3539 5156 3705 5228 ljlebr.
3723 5196 3737 5221 ,

2093 5221 2191 5297 'pro
2221 5229 2557 5284 carbunculo
2587 5221 2855 5300 iet-lapide
2896 5221 3137 5296 prasino,
3176 5223 3430 5300 βδέλλιον
3463 5237 3511 5282 el
3544 5221 3735 5300 ὄνυχα.

2092 5301 2197 5370 alii
2215 5301 2648 5355 transtulerunt.
2664 5299 3063 5369 Hujusitaque
3087 5298 3740 5370 interpretationisalios

2094 5367 2227 5428 ante
2257 5389 2318 5427 se
2349 5372 2611 5443 agnoscit
2643 5376 2936 5443 auctores,
2967 5367 3114 5440 quos
3147 5367 3345 5441 postea
3383 5387 3451 5425 ex
3499 5371 3738 5424 Hebraeo

2091 5449 2322 5500 vertens
2353 5441 2477 5514 ipse
2509 5449 2748 5497 secutus
2781 5446 2887 5496 est.
2919 5441 3107 5496 MART.

2164 5565 2230 5573 ——
2259 5534 2506 5587 Videtur
2533 5528 2799 5586 Βδέλλιον
2834 5536 2889 5585 et
2920 5527 3108 5590 λίθους
3139 5523 3340 5602 ὄνυχας
3387 5530 3457 5584 ab
3505 5527 3736 5600 Aquila.

2091 5608 2443 5678 Symmacho
2473 5609 2530 5658 et
2561 5604 2959 5678 Theodotione
2978 5601 3301 5678 accepisse.

2163 5680 2184 5713 ³
2207 5680 2272 5732 In
2294 5677 2530 5733 Hebraao
2561 5674 2844 5732 hodierno
2875 5673 3160 5745 scriptum
3184 5677 3273 5729 est
3291 5683 3460 5739 nam:
3481 5677 3634 5741 Eae,
3651 5676 3740 5744 fa-
