4080 6186
238 332 332 386 201

219 463 320 539 .est
349 459 520 530 quasi
549 477 703 519 unus
733 481 801 522 ex
835 469 1022 539 nobis,
1047 475 1238 533 sciens
1273 480 1491 542 bonum
1523 492 1578 544 et
1610 493 1832 550 malum

237 564 392 604 nunc
426 567 563 619 ergo
595 569 665 608 ne
698 555 844 613 forte
878 561 1070 618 mittat
1111 583 1348 627 manum
1384 591 1571 648 suam,
1604 587 1659 636 et
1689 593 1888 641 sumat

237 638 411 693 etiam
445 640 516 696 de
547 640 707 714 ligno
738 647 890 717 vitae,
923 657 978 705 et
1009 658 1299 728 comedat,
1332 667 1388 717 et
1418 638 1571 723 vivat
1606 670 1664 725 in

237 742 399 783 num.
436 729 505 785 Et
535 732 737 789 emisit
780 751 916 792 eum
959 744 1248 803 Dominus
1283 750 1442 809 Deus
1492 759 1562 812 de
1613 763 1884 829 paradiso

243 817 580 890 voluptatis,
624 828 686 878 ut
725 841 1066 897 operaretur
1095 839 1333 910 terram,
1366 843 1436 898 de
1465 862 1578 916 qua
1606 817 1882 922 sumptus

231 911 330 960 est.
368 906 658 980 Ejicitque
686 913 900 983 Adam,
933 922 990 972 et
1020 906 1329 982 collocavit
1372 906 1510 988 ante
1538 906 1879 1005 paradisum

232 993 884 1066 voluptatisCherubim
919 1011 973 1061 et
1004 1007 1343 1071 ﬂammeum
1394 993 1654 1090 gladium
1705 993 1880 1100 atqu—6

226 1084 581 1156 versatilem,
607 1090 678 1143 ad
713 1095 1158 1154 custodiendam
1194 1103 1345 1159 viam
1379 1084 1522 1180 ligni
1545 1115 1695 1168 vitai.

292 1173 376 1243 [Β.
412 1174 483 1241 Χ,
533 1176 592 1232 C.
639 1178 784 1245 XIII,
829 1182 957 1254 Cap.
1010 1186 1123 1259 IV.]
1182 1192 1361 1250 Adam
1420 1173 1552 1255 vero
1609 1205 1877 1275 cognovit

224 1262 401 1318 Evam
435 1281 675 1322 uxorem
707 1285 898 1338 suam,
931 1290 1058 1345 qua:
1091 1283 1357 1353 concepit
1377 1290 1433 1340 et
1453 1293 1686 1361 peperit
1709 1293 1872 1363 Cain,

219 1355 418 1412 dicens
453 1376 467 1414 :
507 1360 740 1416 Possedi
771 1364 1070 1424 hominem
1103 1387 1207 1442 per
1237 1373 1439 1433 Deum.
1496 1380 1872 1457 Rursumque

217 1447 442 1516 peperit
506 1448 742 1505 fratrem
775 1453 904 1523 ejus
933 1457 1096 1513 Abel.
1129 1461 1261 1517 Fuit
1282 1472 1478 1522 autem
1505 1471 1647 1526 Abel
1671 1447 1872 1544 pastor

215 1536 503 1604 ovium,et
521 1539 660 1594 Cain
677 1541 947 1613 agricola.
976 1546 1215 1605 Factum
1231 1558 1320 1608 est
1340 1561 1536 1613 autem
1557 1536 1688 1630 post
1710 1563 1866 1619 mul-

216 1629 299 1679 tos
331 1625 462 1681 dies
497 1632 560 1682 ut
590 1630 821 1686 offerret
854 1632 991 1689 Cain
1024 1637 1095 1692 de
1125 1639 1414 1699 fructibus
1458 1625 1624 1704 terra)
1657 1667 1862 1710 mune.

215 1729 273 1767 ra
319 1713 598 1772 Domino.
651 1720 794 1775 Abel
829 1738 1060 1796 quoque
1102 1728 1318 1788 obtulit
1350 1734 1419 1789 de
1451 1737 1864 1810 primogenitis

213 1804 406 1874 gregis
437 1806 554 1871 sui,
587 1813 643 1862 et
672 1809 743 1865 de
771 1810 1046 1884 adipibus
1081 1833 1310 1892 eorum,
1360 1829 1418 1878 et
1448 1804 1702 1898 respexit
1750 1831 1860 1888 Do-

213 1891 409 1948 minus
440 1895 517 1950 ad
546 1897 714 1966 Abel,
750 1905 808 1956 et
839 1903 909 1957 ad
942 1919 1189 1962 munera
1220 1913 1268 1979 ej
1282 1891 1370 1967 us.
1406 1915 1491 1969 Ad
1535 1891 1676 1974 Dain
1702 1936 1860 1990 vero,

212 1987 263 2035 et
290 1983 367 2037 ad
420 2000 670 2042 munera
701 1987 861 2046 illius
910 2009 1025 2048 non
1075 1999 1375 2068 respexit:
1411 2002 1718 2078 iratusque
1775 1983 1864 2066 est

211 2072 343 2126 Cain
381 2072 779 2146 vehementer,
806 2083 863 2135 et
893 2082 1148 2140 concidit
1179 2087 1374 2145 vultus
1408 2092 1556 2163 ejus.
1589 2072 1864 2171 Dixitque

213 2159 500 2218 Dominus
529 2165 602 2218 ad
627 2181 760 2223 eum
791 2185 805 2222 :
840 2171 1028 2233 Quare
1060 2173 1245 2232 iratus
1275 2194 1338 2234 es
1361 2179 1388 2234 ‘2
1418 2187 1475 2237 et
1518 2200 1623 2239 cur
1668 2189 1860 2244 conci-

209 2250 292 2305 :iit
324 2252 512 2308 facies
542 2258 689 2309 tua?
720 2261 917 2316 Nonne
949 2259 998 2315 si
1031 2263 1175 2318 bene
1206 2268 1412 2338 egeris,
1446 2273 1735 2346 recipies?
1767 2277 1861 2334 sin

211 2344 410 2395 autem
447 2342 626 2408 male,
658 2346 857 2401 statim
907 2347 966 2403 in
1001 2350 1227 2408 foribus
1277 2342 1583 2427 peccatum
1633 2365 1863 2420 aderit?

208 2430 303 2483 sed
334 2431 451 2485 sub
483 2435 540 2486 te
569 2434 682 2488 erit
713 2439 1011 2508 appetitus
1043 2442 1194 2511 ejus,
1245 2451 1302 2500 et
1351 2456 1410 2502 tu
1460 2451 1864 2513 dominaberis

210 2517 369 2574 illius
399 2520 490 2590 [C.
525 2521 700 2595 XIV.)
728 2526 1004 2599 Dixitque
1035 2529 1175 2586 Cain
1210 2535 1281 2588 ad
1317 2537 1457 2593 Abel
1491 2540 1729 2598 fratrem
1763 2563 1864 2600 su-

213 2623 346 2663 um:
380 2610 772 2682 Egrediamur
802 2617 1018 2673 foras’.
1069 2619 1332 2694 Cumque
1381 2636 1579 2685 essent
1609 2636 1665 2685 in
1701 2651 1840 2705 agro

207 2702 582 2755 consurrexit
613 2702 752 2757 Cain
786 2705 1072 2763 adversus
1103 2711 1242 2766 Abel
1288 2714 1527 2772 fratrem
1560 2702 1767 2790 suum,
1809 2729 1866 2780 et

215 2787 521 2842 interfecit
552 2790 710 2845 eum.
745 2792 815 2847 Et
854 2793 936 2848 ait
964 2795 1246 2856 Dominus
1297 2803 1368 2856 ad
1401 2804 1541 2861 Cain
1579 2825 1592 2862 :
1629 2787 1751 2864 Ubii
1776 2816 1865 2867 est

211 2877 352 2930 Abel
391 2877 576 2932 frater
609 2883 746 2936 tuus
771 2883 793 2935 Ρ
822 2883 929 2947 Qui
963 2890 1288 2958 respondit,
1320 2891 1548 2950 Nescio.
1575 2897 1727 2954 Num
1761 2916 1864 2955 cu-

211 2972 299 3020 tos
331 2966 538 3022 fratris
572 2970 686 3024 mei
729 2973 943 3027 sum’?
988 2976 1253 3048 Dixitque
1281 2981 1352 3035 ad
1382 2998 1517 3038 eum
1553 3003 1566 3040 :
1600 2986 1746 3050 Quid
1784 2992 1862 3046 fe-

208 3055 338 3108 cisti
363 3057 392 3108 ’ἔ
443 3074 553 3111 vox
607 3061 915 3131 sanguinis
966 3063 1162 3121 fratris
1192 3068 1277 3122 tui
1328 3071 1538 3128 clamat
1568 3077 1640 3131 ad
1672 3095 1764 3133 me
1794 3081 1866 3136 de

207 3150 382 3199 terra.
401 3145 572 3201 Nunc
594 3147 1262 3218 igiturmaledictuseris
1285 3175 1462 3231 super
1487 3169 1858 3240 terramquae

207 3236 441 3303 aperuit
461 3251 530 3290 os
549 3253 744 3304 suum,
763 3244 1448 3317 etsuscepitsanguinem
1466 3252 1664 3309 fratris
1681 3257 1761 3310 tui
1790 3259 1859 3312 de
1891 3239 1934 3307 (ἶ

209 3339 386 3378 manu
421 3329 548 3380 tua.
583 3328 725 3382 Cum
748 3337 1024 3400 operatus
1047 3333 1226 3390 fueris
1246 3354 1398 3406 eam,
1425 3357 1538 3396 non
1563 3344 1728 3400 dabit
1758 3347 1861 3401 tibi

209 3413 433 3469 fructus
468 3431 646 3473 suos:
669 3433 852 3490 vagus
884 3425 940 3476 et
961 3424 1242 3494 profugus
1267 3429 1381 3483 eris
1413 3447 1591 3502 super
1622 3439 1860 3492 terram.

211 3500 456 3572 Dixique
469 3505 616 3560 Cain
641 3507 710 3562 ad
734 3506 1047 3566 Dominum
1067 3529 1079 3566 :
1098 3513 1285 3585 Major
1306 3523 1390 3573 est
1411 3500 1698 3592 iniquitas
1711 3540 1860 3596 mea,

213 3609 386 3662 quam
410 3600 479 3648 ut
503 3595 730 3651 veniam
751 3601 1148 3657 merear.Ecce
1171 3604 1335 3674 ejicis
1360 3625 1452 3664 me
1473 3610 1647 3668 hodie
1668 3630 1702 3668 a
1721 3614 1864 3670 facie

215 3687 468 3748 ωτι-ιρι
491 3701 522 3738 a
541 3685 686 3739 facie
712 3691 811 3742 tua
831 3690 1173 3762 abscondar,
1197 3699 1254 3749 et
1273 3712 1370 3752 ero
1394 3714 1576 3770 vagus
1593 3707 1652 3757 et
1671 3705 1864 3774 profu-

214 3786 320 3840 gus
344 3775 401 3826 in
424 3778 826 3832 terra:omnis
864 3778 1044 3850 igitur
1066 3783 1166 3853 qui
1210 3783 1486 3843 invenirit
1519 3807 1610 3846 me
1641 3794 1866 3850 occidet

218 3876 325 3916 me.
359 3863 638 3934 Dixitque
655 3865 705 3920 ei
729 3865 1052 3923 Dominus:
1081 3871 1466 3946 Nequaquam
1497 3884 1580 3935 ita
1609 3881 1726 3950 fiet,
1761 3883 1860 3938 sed

217 3951 404 4006 omnis
418 3951 526 4023 qui
541 3953 970 4012 occideritCain
984 3959 1281 4031 septulum
1301 3966 1598 4035 punietur.
1629 3971 1862 4027 Posuit-

220 4054 324 4110 que
337 4041 550 4096 Dumin
562 4059 631 4097 us
651 4043 792 4099 Cain
814 4045 1052 4118 signum
1070 4049 1110 4119 ⁸,
1136 4055 1197 4106 ut
1221 4069 1333 4108 non
1356 4072 1492 4111 eum
1513 4057 1865 4117 interﬁceret

216 4129 402 4185 omnis
428 4133 531 4202 qui
556 4130 874 4190 invenisset
894 4152 1048 4192 eum.
1072 4138 1474 4216 Egressusque
1503 4147 1640 4203 Cain
1664 4166 1697 4205 a
1718 4149 1864 4206 facie

217 4219 442 4273 Domini
483 4219 767 4277 habitavit
797 4222 854 4278 in
898 4228 1053 4281 terra
1082 4229 1367 4303 profugus
1415 4235 1487 4289 ad
1519 4237 1862 4294 orientalem

220 4308 448 4379 plagam
487 4309 689 4366 Edem.
719 4310 998 4384 Cognovit
1028 4322 1223 4374 autem
1251 4320 1390 4378 Cain
1417 4341 1652 4382 uxorem
1670 4345 1862 4398 suam,

218 4412 340 4466 qua:
370 4399 645 4468 concepit
667 4406 723 4455 et
740 4402 964 4472 peperit
992 4405 1211 4475 Enoch,
1235 4413 1294 4465 et
1318 4412 1627 4470 aediﬁcavit
1665 4416 1862 4473 civita-

221 4487 708 4558 tem,vocavitque
730 4507 964 4547 nomem
982 4495 1112 4564 ejus
1133 4512 1201 4552 ex
1232 4501 1470 4556 nomine
1493 4503 1596 4557 ﬁlii
1636 4505 1724 4560 sui
1748 4507 1862 4562 En-

218 4574 344 4628 ocb.
371 4581 553 4630 Porro
583 4577 775 4634 Enoch
801 4582 1004 4652 genuit
1036 4583 1184 4653 lrad,
1212 4587 1337 4643 lrad
1364 4591 1566 4660 genuit
1593 4594 1862 4665 Maujael,

1662 369 1880 426 LIBER
1920 372 2242 436 GENESIS.

3551 413 3661 470 202

1917 501 1966 566 Α
2003 501 2118 605 fuit
2145 509 2708 576 paterhabitantium
2729 518 2787 574 in
2810 525 3079 581 tentoriis
3112 532 3290 601 atque
3319 540 3646 605 pastorum.

1999 589 2069 646 Et
2101 609 2312 651 nomen
2349 601 2546 658 fratris
2574 606 2704 676 ejus
2734 608 3080 684 Jubal:ipse
3112 589 3222 673 fuit
3240 589 3650 692 patercan—e—n-l

1997 681 2143 737 tium
2178 685 2407 744 cithara
2431 698 2487 745 et
2504 699 2911 765 organo.8ella
2940 681 3170 777 queque
3190 681 3396 780 genuit
3413 681 3644 776 Thubal

1995 770 2266 846 Cain,qui
2293 778 2403 833 fuit
2429 781 2739 840 malleator
2761 800 2817 842 et
2839 770 2999 846 faber
3015 770 3307 854 incuncta
3329 807 3650 874 operaaaris

1993 865 2049 915 et
2073 863 2230 920 ferri.
2268 866 2443 923 Soror
2473 887 2607 928 vero
2640 874 2869 933 Thubal
2902 881 3062 948 Cain,
3089 888 3325 944 Noema.
3359 863 3636 968 Dixitque

1991 951 2243 1012 Lamech
2295 961 2575 1018 uxcribus
2606 967 2751 1033 suis,
2786 971 2919 1026 Adae
2951 979 3008 1028 et
3048 974 3210 1032 Sellae
3245 995 3258 1032 :
3289 983 3501 1040 Audite

1989 1057 2114 1098 cem
2149 1062 2335 1102 meam
2386 1067 2593 1108 uxores
2625 1054 2897 1126 Lamech,
2948 1065 3272 1122 auscultate
3302 1087 3632 1132 sermonem

1989 1147 2184 1189 meum
2222 1152 2234 1189 :
2271 1141 2545 1207 quoniam
2578 1146 2760 1200 occidi
2796 1149 2986 1205 virum
3037 1154 3095 1207 in
3145 1157 3358 1214 vulnus
3408 1178 3635 1236 meum,

1985 1224 2042 1275 et
2084 1223 2590 1286 adolescentulum
2627 1233 2685 1288 in
2718 1236 2960 1294 livorem
3014 1258 3232 1302 meum.
3281 1223 3631 1323 Septuplum

1987 1307 2128 1366 ultio
2157 1312 2395 1371 dabitur
2424 1319 2494 1374 de
2527 1319 2664 1376 Cain
2701 1340 2714 1378 :
2749 1326 2820 1381 de
2851 1327 3099 1386 Lamech
3129 1349 3261 1390 vero
3293 1307 3631 1412 septuagies

1981 1401 2216 1469 septies.
2254 1403 2338 1474 [Β.
2375 1407 2470 1463 XI.
2512 1413 2574 1466 C.
2614 1411 2756 1484 XV.]
2817 1419 3097 1487 Cognovit
3153 1401 3386 1496 quoque
3445 1401 3640 1488 adhuc

1979 1487 2174 1558 [Vulg].
2209 1496 2314 1548 (ac.
2349 1496 2565 1569 adhuc]
2595 1503 2778 1558 Adam
2814 1521 3053 1564 uxorem
3089 1487 3375 1578 suam,'et
3423 1534 3636 1590 perpe-

1977 1577 2053 1631 rit
2082 1578 2294 1650 filium,
2327 1589 2668 1660 vocavitque
2719 1609 2951 1651 nomem
3003 1599 3132 1668 ejus
3181 1603 3341 1673 Seth,
3376 1577 3580 1666 diceris
3619 1625 3634 1666 :

1975 1664 2176 1721 Posuit
2198 1669 2337 1724 mihi
2358 1672 2509 1729 Deus
2539 1694 2738 1734 semen
2771 1681 2930 1738 aliud
2957 1664 3060 1754 pro
3076 1688 3238 1756 Abel,
3262 1664 3439 1762 quem
3472 1664 3625 1751 occis

1975 1753 2062 1809 dit
2090 1759 2249 1815 Cain.
2286 1761 2394 1817 Sed
2421 1768 2478 1818 et
2510 1765 2645 1821 Seth
2681 1778 2853 1827 natus
2882 1753 2972 1827 est
3000 1774 3160 1832 filius
3189 1753 3366 1847 quem
3403 1784 3631 1840 vocavit

1893 1868 1940 1934 Β
1974 1843 2126 1901 Enos
2161 1863 2174 1900 :
2211 1848 2320 1905 ista
2352 1853 2529 1923 cmpit
2560 1856 2830 1914 invocare
2861 1878 3072 1918 nomen
3096 1868 3348 1926 Domini.

2047 1934 2128 2027 _[(‘..
2179 1937 2506 2027 ΧΑνιηοαρ.
2569 1943 2659 2016 V.]
2717 1946 2821 2003 Hic
2878 1955 2968 2005 est
3013 1951 3160 2009 liber
3214 1961 3617 2027 generationis

1970 2020 2182 2077 Adam.
2217 2024 2279 2079 In
2311 2025 2406 2081 die
2428 2043 2545 2098 qua
2566 2033 2780 2090 ereavit
2799 2034 2954 2092 Deus
2972 2020 3296 2111 hominem,
3319 2046 3392 2102 ad
3415 2048 3628 2105 simili-

1971 2109 2238 2168 tudinem
2292 2115 2388 2170 Dei
2442 2119 2576 2174 l'ecit
2622 2119 2812 2178 illum.
2867 2124 3196 2186 Masculum
3232 2109 3291 2188 et
3337 2134 3621 2194 feminam

1972 2201 2190 2256 creavit
2220 2219 2344 2270 eos,
2366 2210 2424 2260 et
2442 2207 2739 2267 benedixit
2760 2211 2900 2281 illis,
2925 2221 2980 2270 et
3009 2220 3233 2276 vocavit
3275 2239 3487 2281 nomen
3519 2243 3624 2283 eo-

1972 2303 2102 2344 rum
2133 2292 2342 2363 Adam,
2393 2295 2450 2350 in
2491 2297 2584 2352 die
2615 2317 2730 2370 quo
2779 2304 2956 2359 creati
3007 2313 3166 2364 sunt.
3225 2309 3377 2367 Vixit
3423 2318 3621 2371 autem

1972 2377 2158 2434 Adam
2183 2386 2412 2438 centum
2437 2386 2671 2457 triginta
2693 2390 2886 2462 annis,
2908 2399 2965 2448 et
2981 2397 3271 2467 genuitad
3297 2400 3621 2474 imaginem

1974 2471 2031 2522 et
2053 2468 2502 2529 similitudinem
2528 2483 3429 2561 suam,vocavitquenomenejus
3447 2492 3610 2549 Seth.

1974 2556 2044 2611 Et
2067 2557 2202 2612 facti
2225 2568 2363 2616 sunt
2383 2563 2508 2619 dies
2528 2566 2730 2632 Adam,
2763 2576 3074 2643 postquam
3107 2556 3499 2648 genuit'Seth,
3525 2599 3621 2638 oc-

1851 2679 1866 2705 ,
1972 2645 2224 2716 tingenti
2265 2651 2400 2706 anni
2427 2669 2440 2706 :
2464 2655 2785 2728 genuitque
2833 2659 2986 2718 filios
3008 2645 3257 2723 etﬁlias.
3291 2671 3358 2724 Et
3389 2645 3610 2727 factum

1974 2739 2257 2792 estomne
2309 2744 2542 2812 tempus
2575 2747 2728 2816 quod
2762 2747 2902 2803 vixit
2940 2751 3128 2808 Adam
3168 2756 3307 2811 anni
3341 2761 3622 2832 nongenti

1975 2824 2301 2895 triginta,et
2324 2837 2591 2888 mortuus
2614 2839 2722 2891 est.
2749 2836 2916 2893 Vixit.
2943 2856 3176 2912 quoque
3215 2845 3351 2901 Seth
3386 2824 3624 2906 centum

1975 2913 2237 2986 quinque
2266 2919 2458 2988 annis,
2484 2927 2542 2975 et
2570 2925 2776 2992 genuit
2807 2926 2981 2984 Enos.
3010 2928 3285 3004 Vixitque
3307 2934 3445 2990 Seth
3470 2943 3627 3007 post-

1975 3018 2149 3072 quam
2173 3008 2378 3076 genuit
2403 3008 3171 3089 Enos,octingentisseptem
3195 3024 3624 3096 annis,genuit-

1974 3107 2087 3162 que
2106 3092 2257 3149 filios
2281 3101 2337 3150 et
2377 3098 2548 3154 tilias.
2601 3101 2668 3156 Et
2715 3103 2851 3158 facti
2900 3111 3042 3162 sunt
3087 3124 3293 3166 omnes
3330 3092 3456 3169 dies
3481 3115 3619 3172 Seth

1978 3187 2402 3252 nongentorum
2431 3187 2735 3244 duodecim
2769 3209 3080 3260 annorum,
3112 3203 3170 3252 et
3203 3204 3471 3257 mortuus
3503 3209 3617 3259 est.

1975 3268 2129 3324 Vixit
2161 3288 2290 3327 vero
2312 3274 2465 3330 Enos
2497 3279 2816 3350 nonaginta
2858 3299 3027 3340 annis
3049 3291 3106 3340 et
3140 3289 3343 3358 genuit
3369 3292 3615 3349 Cainan.

1973 3363 2112 3413 Post
2137 3363 2308 3430 cujus
2330 3367 2522 3419 ortum
2539 3366 2678 3421 vixit
2699 3370 3050 3436 octingentis
3067 3376 3406 3446 quindecim
3423 3381 3618 3450 annis,

1975 3451 2031 3500 et
2059 3450 2262 3516 genuit
2305 3451 2458 3508 ﬁlios
2488 3459 2545 3508 et
2574 3453 2749 3512 tilias.
2785 3459 3063 3532 Factiquc
3085 3471 3226 3528 sunt
3256 3483 3462 3524 omnes
3492 3470 3617 3526 dies

1974 3537 2126 3592 Enos
2169 3547 2596 3612 nongentarum
2636 3545 2896 3618 quinque
2927 3567 3216 3610 annorum
3257 3562 3314 3611 et
3351 3564 3623 3615 mortuus

1973 3628 2246 3682 est.Vixit
2259 3645 2492 3701 quoque
2510 3633 2728 3689 Cainan
2744 3641 3122 3710 septuaginta
3136 3645 3332 3708 annis,
3347 3652 3520 3718 etgen
3534 3649 3622 3704 uit

1973 3713 2254 3771 Malaleel.
2275 3721 2343 3771 Et
2363 3719 2500 3774 vivit
2522 3721 2739 3777 Cainan
2773 3731 3085 3798 postquam
3103 3733 3308 3800 genuit
3333 3713 3616 3802 Malaleel,

1973 3803 2320 3876 octingentis
2365 3810 2757 3882 quadraginta
2800 3816 2974 3871 annis
3030 3821 3349 3892 genuitque
3380 3823 3532 3880 ﬁlios
3563 3829 3621 3880 et

1971 3891 2145 3949 ﬁlias.
2179 3895 2247 3950 Et
2276 3896 2412 3952 facti
2443 3905 2582 3954 sunt
2606 3918 2809 3959 omnes
2841 3903 2932 3959 dei
2965 3906 3182 3964 Cainan
3215 3891 3494 3982 nongenti
3527 3913 3623 3968 de-

1973 3998 2096 4036 cem
2128 3984 2292 4054 anni,
2323 3989 2380 4041 et
2425 3993 2695 4045 mortuus
2743 3999 2852 4047 est.
2902 3994 3062 4050 Vixit
3108 4003 3303 4053 autem
3353 3999 3617 4056 Malaleel

1972 4074 2277 4144 sexaginta
2308 4076 2568 4148 quinque
2609 4081 2800 4147 annis,
2834 4087 2891 4136 et
2919 4085 3122 4154 genuit
3151 4085 3346 4143 Jared.
3371 4087 3439 4142 Et
3467 4087 3613 4144 vixit

1968 4160 2230 4217 Malaleel
2246 4169 2558 4235 postquam
2573 4183 2682 4236 gen
2693 4168 2816 4223 uitJ
2823 4172 2982 4237 ared,
2997 4175 3350 4245 octingentis
3366 4176 3608 4247 triginta

1971 4251 2167 4320 annis,
2190 4258 2247 4307 et
2265 4255 2469 4323 genuit
2488 4255 2639 4311 ﬁlios
2657 4264 2715 4312 et
2735 4265 2790 4313 et
2813 4259 2980 4316 tilias.
3006 4267 3073 4316 Et
3095 4264 3228 4318 facti
3250 4271 3390 4320 sunt
3405 4281 3612 4322 omnes

1973 4338 2098 4393 dies
2119 4339 2379 4396 Malaleel
2402 4342 2721 4414 octingenti
2752 4350 3074 4420 nonaginta
3090 4353 3349 4423 quinque
3368 4356 3530 4424 anni,
3561 4359 3620 4411 et

1974 4433 2245 4482 mortuus
2267 4431 2654 4502 est.Vixitque
2673 4434 2846 4491 Jared
2871 4446 3108 4494 centum
3141 4443 3444 4513 sexaginta
3468 4446 3616 4500 duo-

1972 4515 2085 4570 bus
2135 4518 2330 4584 annis,
2363 4531 2416 4573 et
2448 4522 2653 4590 genuit
2699 4525 2912 4581 Enoch.
2946 4532 3016 4583 Et
3058 4529 3198 4584 vixit
3243 4531 3418 4586 Jared
3459 4536 3618 4604 post-

1899 4620 1943 4683 ί)
1977 4621 2153 4674 quam
2185 4608 2390 4677 genuit
2421 4609 2612 4664 Enoch
2648 4613 2998 4684 octingentis
3029 4619 3220 4686 annis,
3247 4623 3305 4673 et
3333 4620 3536 4690 genuit
3559 4619 3624 4673 fi-

218 4671 272 4719 et
318 4666 572 4732 Maujael
631 4671 834 4739 genuit
877 4672 1228 4748 Mathusael,
1278 4679 1606 4739 Mathusael
1664 4687 1866 4757 genuit
1899 4666 1941 4683 υ
1973 4666 2084 4749 lios
2115 4666 2375 4751 etiilias.
2410 4701 2475 4751 Et
2505 4699 2640 4753 facti
2673 4666 3044 4759 suntuomnes
3089 4666 3220 4762 dies
3244 4666 3418 4762 Jarced
3472 4725 3623 4763 non-

224 4753 495 4811 Lamech.
529 4756 637 4820 Qui
673 4761 891 4829 accepit
919 4762 1065 4819 duas
1089 4782 1318 4840 uxores,
1347 4787 1555 4828 nomen
1589 4774 1690 4828 uni
1721 4776 1866 4841 Ada,

221 4849 275 4898 et
306 4861 526 4899 nomen
561 4845 729 4902 alteri
758 4849 928 4905 Sella.
976 4852 1308 4928 Genuitque
1345 4861 1469 4916 Ada
1517 4862 1713 4933 Jabal,
1765 4863 1870 4935 qui

291 5043 306 5073 ί
339 5038 568 5130 Delsu'pt
599 5042 771 5130 verba
800 5043 920 5130 haec
949 5045 1182 5130 in_Heb_.
1209 5053 1545 5125 exemplari,
1577 5061 1634 5112 et
1663 5075 1870 5130 super-

223 5108 339 5164 ﬂua
367 5112 445 5165 ab
477 5111 1128 5202 Hieronzdeclarantur.
1160 5108 1594 5202 Locum‘tamen
1631 5108 1870 5202 propter

222 5187 821 5267 vestutatemfetinet
854 5189 912 5267 in
945 5207 1062 5267 sua,
1083 5195 1367 5267 versione,
1399 5205 1462 5252 ut
1511 5187 1684 5256 ﬁdem
1739 5187 1875 5260 facit

223 5253 607 5340 phrasis‘ipsi
638 5257 987 5340 familiaris;
1022 5253 1394 5340 Eg_rediamu'r
1412 5271 1563 5340 foras
1596 5290 1608 5328 :
1645 5290 1780 5329 nam
1814 5276 1872 5332 in

224 5326 394 5378 veteri
459 5326 710 5398 Vulgata
765 5329 991 5404 legebat
1024 5351 1036 5390 :
1065 5326 1439 5396 Transeamus
1490 5343 1549 5397 in
1595 5361 1870 5418 campum.

227 5399 390 5418 ιι---

227 5399 408 5451 MART.

291 5467 878 5558 —Vide._Quarstione_s
911 5476 1159 5533 Hebraic.
1195 5480 1252 5536 in
1285 5481 1436 5558 hunc
1471 5483 1875 5558 locum,quem

227 5541 458 5629 tametsi
509 5541 610 5629 ibi.
650 5545 1015 5629 superfluum
1049 5555 1410 5625 pronuntiet,
1442 5571 1510 5610 ex
1543 5541 1876 5629 Aquila—ta“-

233 5626 355 5666 men
384 5613 484 5668 hic
512 5613 748 5671 videtur
777 5613 1112 5676 retinuisse.

296 5682 318 5717 ³
346 5687 412 5741 In
447 5683 679 5758 aliquot
725 5704 870 5746 mss.
917 5691 1205 5764 scriptum
1256 5698 1364 5766 est,
1396 5697 1658 5773 Nunquid
1705 5707 1880 5762 custos

552 5807 817 5872 Panos.
861 5810 1181 5878 XXXVIII.

1976 4782 2131 4849 genti
2153 4783 2453 4855 sexaginta
2473 4786 2588 4840 duo
2614 4789 2776 4858 anni,
2799 4794 2857 4844 et
2877 4797 3144 4849 mortuus
3166 4800 3272 4850 est.
3306 4797 3389 4867 [C.
3424 4796 3620 4867 XVll.]

1981 4869 2154 4926 Porro
2195 4871 2390 4927 Enoch
2419 4874 2559 4928 vixit
2591 4879 2892 4948 sexaginta
2931 4881 3190 4954 quinque
3213 4884 3406 4953 annis,
3439 4893 3497 4940 et
3519 4900 3625 4955 ge-

1978 5070 2177 5195 ﬁr‘iigs
2235 5072 2346 5126 mei
2399 5088 2522 5127 sum
2579 5076 2724 5144 ego?
2779 5077 2935 5147 quod
2993 5077 3244 5136 habetur
3290 5083 3442 5152 apud
3491 5081 3632 5138 LXX

2052 5211 2372 5267 —Palatin.
2407 5230 2551 5269 mss.
2584 5217 2871 5288 nunquid;
2922 5219 3043 5276 allii
3091 5223 3316 5280 addunt
3347 5228 3627 5295 praeterea

1981 5297 2098 5350 ego.
2439 5303 2446 5311 ·
3497 5366 3506 5376 .

1991 5352 2472 5446 “Af-Aliternmss.‘
2499 5356 2692 5440 plures
2724 5360 2893 5415 codd.
2921 5362 3020 5446 qui
3068 5365 3301 5446 legunt,
3339 5367 3633 5446 Posugtque

1987 5425 2250 5480 Dominus
2284 5425 2420 5481 Cain
2453 5425 2513 5482 in
2559 5432 2803 5499 signum,
2837 5425 3055 5499 sed-in,
3082 5425 3336 5491 librariis
3363 5425 3629 5490 additum

1989 5501 2114 5595 est;
2150 5497 2206 5550 in
2240 5499 2478 5578 Hebraeo
2509 5490 2667 5595 enim
2699 5490 2912 5595 legitur
2954 5490 3076 5595 νηί)
3134 5508 3353 5574 Lecain,
3414 5507 3472 5562 id
3523 5510 3636 5575 est,

1992 5568 2180 5634 Caino,
2217 5572 2355 5636 sive,
2381 5588 2544 5642 super
2567 5573 2722 5628 Cain.
2755 5568 2944 5630 MART.

2063 5643 2271 5720 r-Cod.
2319 5644 2590 5712 Urbinas,
2621 5645 2683 5700 in
2743 5646 2902 5714 Cain,
2936 5646 3176 5720 propius
3208 5649 3280 5706 ad
3325 5649 3638 5707 Hebraeum

1993 5695 2119 5802 ιώ.

3283 5842 3320 5908 7
