4080 6186
212 361 320 416 205

1648 361 1864 416 LIBER
1903 358 2226 415 GENESIS.

3528 365 3635 420 206

210 485 950 558 omniaqummandaverat
968 484 1020 540 ei
1048 483 1622 557 Dominus.Eratque
1645 502 1884 541 sexcen-
1909 484 1961 550 Α
1986 484 2391 552 jumentorum
2443 501 2568 556 quas
2615 490 2782 542 erant
2825 501 2960 542 cum
3009 503 3075 542 eo
3105 487 3164 542 in
3207 505 3360 556 arca,
3391 490 3638 546 adduxit

211 585 406 632 torum
443 592 734 630 annorum
765 576 1003 644 quando
1024 573 1226 628 diluvii
1261 591 1425 646 aqua).
1451 577 1880 631 inumlaverunt

215 682 396 737 super
418 673 659 720 terram.
699 663 785 734 [Ο.
812 663 958 734 XX.)
992 664 1058 718 Et
1085 664 1390 735 ingressus
1423 671 1512 720 est
1541 670 1656 720 Noe
1687 671 1744 720 et
1776 665 1880 718 filii

213 760 363 826 ejus,
415 772 566 809 uxor
599 755 731 824 ejus
779 759 838 808 et
889 770 1096 809 uxores
1143 753 1396 808 filiorum
1449 759 1577 824 ejus
1623 772 1754 810 cum
1787 771 1874 820 eo,

217 850 273 902 in
303 860 500 898 arcam
559 849 797 915 propter
853 859 1038 913 aquas
1091 843 1319 898 diluvii.
1364 849 1444 898 De
1474 844 1877 899 animantibus

216 951 452 1007 quoque
479 933 718 988 mundis
739 938 796 988 et
821 931 1165 995 immundis.
1190 939 1245 987 et
1267 933 1338 988 de
1359 933 1715 1001 volucribus,
1735 939 1792 988 et
1811 950 1879 987 ex

217 1024 375 1080 omni
399 1024 559 1094 quod
579 1028 849 1077 m0vetur
868 1022 1427 1093 super.terram,duo
1448 1032 1501 1077 et
1524 1025 1639 1078 duo
1663 1023 1880 1092 ingres-

214 1132 279 1170 sa
308 1119 457 1169 sunt
488 1113 558 1167 ad
585 1112 702 1167 Noe
734 1112 790 1166 in
817 1127 1036 1178 arcam,
1066 1111 1365 1166 masculus
1387 1119 1446 1166 et
1469 1112 1879 1178 femina,sicut

213 1208 574 1276 praeceperat
618 1201 774 1256 Deus
805 1201 945 1256 Noe.
978 1201 1243 1273 Cumque
1267 1201 1620 1257 transissent
1651 1209 1875 1275 septem

213 1296 362 1361 dies,
417 1308 588 1363 aqua:
644 1289 854 1345 diluvii
913 1291 1352 1346 inundat-erunt
1407 1306 1585 1362 super
1632 1296 1875 1347 terram.

217 1391 382 1439 Anno
434 1380 864 1437 sexcentesimo
890 1379 1017 1434 vitae
1067 1378 1206 1445 Noe,
1244 1395 1440 1435 mense
1486 1382 1763 1446 secundo,
1791 1397 1880 1436 se-

214 1473 407 1545 ptimo
439 1473 667 1526 decimo
699 1469 794 1524 die
827 1469 1071 1539 mensis,
1106 1469 1267 1540 rupti
1300 1478 1440 1524 sunt
1462 1487 1665 1526 omnes
1691 1472 1876 1526 fontes

215 1563 419 1633 abyssi
483 1575 731 1630 magnae,
791 1564 847 1614 et
903 1562 1209 1614 cataracta:
1267 1558 1396 1614 coeli
1454 1564 1666 1632 apertas
1713 1566 1874 1631 sunt,

214 1656 274 1706 et
333 1651 492 1706 facta
543 1653 631 1705 est
706 1647 901 1720 pluvia
959 1665 1139 1720 super
1208 1652 1427 1705 terram
1487 1649 1878 1722 quadraginta

217 1741 433 1796 diebus
467 1743 526 1795 et
582 1737 971 1810 quadraginta
1027 1737 1319 1794 noctibus.
1369 1742 1450 1808 In,
1483 1739 1729 1796 articulo
1763 1739 1876 1795 diei

1994 573 2266 644 spiritum
2301 591 2476 644 super
2505 581 2804 640 terram,et
2833 577 3161 632 imminutae
3186 584 3324 634 sunt
3353 597 3536 652 aquae.
3570 582 3635 636 Et

1991 662 2177 718 clausi
2226 670 2363 718 sunt
2413 668 2602 733 fontes
2646 666 2863 738 abyssi,
2912 671 2970 721 et
3017 673 3319 724 cataractae
3366 670 3533 726 cmli:
3575 675 3634 726 et

1991 752 2296 824 prohibita:
2331 759 2470 808 sunt
2521 753 2728 824 pluvia:
2759 757 2830 809 de
2868 754 3029 811 cmlo.
3083 757 3464 831 Reversaeque
3495 763 3636 816 sunt

1991 858 2150 910 aquae
2182 843 2252 896 de
2301 849 2450 898 terra
2500 850 2705 899 euntes
2751 848 2808 900 et
2848 847 3195 913 redeuntes;
3229 854 3287 902 et
3334 854 3636 920 cmperunt

1991 932 2175 986 minui
2210 937 2340 1004 post
2387 939 2617 988 centum
2667 934 3098 1007 quinquaginta
3125 936 3272 993 dies.
3306 937 3632 1009 Requievit-

1989 1038 2101 1091 que
2132 1039 2264 1076 arca
2297 1039 2496 1077 mense
2549 1023 2820 1094 septimo,
2871 1024 3148 1079 vicesima
3197 1027 3448 1097 septima
3495 1028 3631 1083 diel

1989 1111 2233 1175 mensis,
2283 1128 2461 1183 super
2510 1117 2740 1166 montes
2799 1112 3106 1168 Armeniae.
3168 1117 3240 1168 At
3288 1129 3422 1169 vero
3468 1131 3630 1186 aquae

1986 1200 2142 1255 ibant
2169 1205 2225 1254 et
2241 1200 2654 1256 decrescebant
2676 1217 2865 1273 usque
2895 1202 2964 1256 ad
2999 1201 3292 1257 decimum
3327 1219 3625 1260 mensem:

1985 1289 2210 1344 decimo
2233 1290 2387 1345 enim
2415 1291 2834 1362 mense,prima
2854 1290 2947 1344 die
2971 1291 3212 1356 mensis,
3234 1297 3635 1362 apparuerunt

1987 1379 2295 1434 cacumina
2339 1381 2650 1434 montium.
2697 1382 2957 1449 Cumque
2998 1380 3350 1436 transissent
3379 1382 3632 1452 quadra-

1985 1468 2146 1540 ginta
2177 1469 2322 1537 dies,
2383 1469 2654 1541 aperiens
2702 1469 2820 1524 Nne
2871 1470 3190 1526 fenestram
3240 1486 3407 1539 arcis,
3451 1487 3631 1543 quam

1985 1560 2218 1629 fecerat,
2252 1558 2479 1614 dimisit
2526 1576 2804 1614 corvum:
2859 1561 2959 1630 qui
3000 1559 3425 1633 egrediebatur,
3458 1567 3515 1617 et
3544 1577 3633 1618 re-

1984 1649 2376 1716 vertebatur”,
2407 1648 2590 1704 donec
2615 1649 2985 1705 siccarentur
3008 1666 3172 1722 aqua:
3195 1666 3372 1721 super
3390 1655 3630 1708 terram.

1987 1737 2188 1792 Emisit
2215 1753 2449 1809 quoque
2498 1738 2833 1794 columbam
2887 1747 3016 1811 post
3046 1755 3202 1807 eum,
3235 1743 3300 1794 ut
3331 1740 3551 1797 videret
3583 1741 3632 1796 si

218 1831 382 1886 illius
446 1829 756 1901 ingressus
814 1843 904 1883 esc
953 1827 1092 1891 Noe,
1153 1833 1208 1883 et
1265 1828 1419 1895 Sem,
1481 1833 1537 1884 et
1586 1829 1788 1897 Cham,
1821 1832 1877 1885 et
1907 1828 2105 1922 Bjam
2157 1831 2490 1883 cessassent
2540 1845 2704 1900 aqua:
2757 1844 2934 1900 super
2983 1829 3192 1885 faciem
3259 1833 3444 1885 terrae.
3494 1833 3631 1895 Quae

211 1919 504 1992 Japhetb,
559 1917 666 1972 ﬁlii
725 1919 876 1988 ejus,
937 1933 1082 1972 uxor
1133 1917 1314 1986 illius,
1375 1921 1432 1973 et
1489 1922 1608 1974 tres
1668 1934 1877 1976 uxores

213 2009 484 2063 ﬁliorum
534 2008 663 2076 ejus
711 2021 846 2061 cum
898 2004 1003 2070 eis,
1055 2004 1114 2059 in
1163 2021 1406 2060 arcam:
1459 2005 1570 2077 ipsi
1617 2010 1674 2061 et
1705 2023 1878 2063 omne

211 2097 442 2153 animal
467 2096 789 2152 secundum
817 2111 1002 2167 genus
1032 2094 1881 2167 suum,universaque'jumen-

214 2194 274 2244 ta
305 2189 365 2242 in
421 2202 639 2260 genere
670 2202 801 2250 suo,
853 2190 911 2239 et
959 2201 1130 2240 omne
1181 2185 1335 2255 quod
1387 2190 1653 2240 movetur
1702 2203 1882 2257 super

213 2285 433 2334 terram
473 2276 529 2332 in
561 2291 769 2347 genere
801 2291 930 2337 suo,
964 2278 1361 2346 cunctumque
1403 2274 1637 2330 volatile
1668 2292 1878 2331 secun-

214 2369 361 2423 dum
394 2383 587 2439 genus
636 2381 834 2433 suum,
887 2363 1172 2419 universre
1227 2381 1383 2432 aves,
1430 2381 1752 2437 omnesque
1783 2384 1879 2422 vo-

213 2459 441 2525 lucres,
499 2457 782 2528 ingressae
841 2459 980 2511 sunt
1038 2454 1110 2509 ad
1169 2453 1288 2510 Noe
1346 2454 1405 2509 in
1465 2471 1660 2510 arcam
1697 2477 1710 2525 ;
1744 2457 1882 2512 bina

213 2553 271 2603 et
329 2549 476 2602 bina
530 2563 600 2602 ex
655 2544 816 2601 omni
876 2560 1068 2608 carne,
1145 2543 1204 2597 in
1265 2560 1383 2615 qua
1450 2549 1576 2599 erat
1636 2546 1880 2615 spiritus

210 2638 371 2691 vita.
429 2635 501 2690 Et
549 2653 679 2706 quae
729 2634 990 2704 ingressa
1041 2638 1201 2699 sunt,
1255 2633 1556 2689 masculus
1609 2639 1666 2688 et
1712 2635 1882 2690 femi-

213 2743 292 2782 na
339 2742 412 2780 ex
465 2724 624 2780 omni
675 2739 847 2778 carne
900 2722 1272 2787 introierunt,
1333 2722 1483 2778 sicut
1536 2729 1886 2795 praeceperat

212 2816 264 2873 ei
297 2815 502 2870 Deus:
555 2818 614 2868 et
644 2812 888 2868 inclusit
938 2827 1073 2867 eum
1121 2811 1405 2866 Dominus
1453 2812 1524 2866 de
1575 2813 1737 2869 foris.
1773 2813 1882 2869 Fa-

211 2913 509 2976 ctumque
552 2908 646 2958 est
698 2902 964 2957 dilivium
1013 2901 1403 2973 quadraginta
1447 2902 1656 2957 diebus
1707 2920 1886 2974 super

213 3001 437 3051 terram
467 3011 480 3048 :
514 2999 573 3047 et
607 2991 1007 3062 multiplicatae
1039 2996 1178 3046 sunt
1208 3008 1394 3061 aquis,
1427 2996 1484 3046 et
1510 2990 1885 3047 elevaverunt

214 3102 420 3140 arcam
459 3084 520 3137 in
555 3081 812 3137 sublime
837 3099 872 3137 a
901 3086 1076 3137 terra.
1111 3079 1498 3136 Vehementer
1527 3081 1684 3136 enim
1715 3081 1884 3137 inun-

214 3177 536 3240 daverant,
564 3182 622 3228 et
652 3173 854 3226 omnia
879 3171 1246 3242 repleverunt
1265 3170 1324 3224 in
1350 3171 1657 3241 superficie
1680 3177 1881 3241 terrae;

1986 1933 2119 1972 cum
2153 1934 2268 1973 non
2299 1918 2620 1973 invenisset
2650 1917 2749 1972 ubi
2801 1919 3193 1989 requiesceret
3223 1934 3325 1990 pes
3357 1921 3507 1991 ejus,
3539 1935 3633 1976 re-

1985 2023 2154 2062 versa
2183 2011 2272 2062 est
2333 2009 2403 2062 ad
2456 2023 2590 2063 eum
2640 2008 2700 2062 in
2750 2024 2992 2064 arcam:
3045 2025 3208 2079 aqua
3256 2009 3412 2065 enim
3464 2014 3633 2066 erant

1988 2112 2167 2168 super
2197 2097 2529 2152 universam
2581 2102 2794 2153 terram
2821 2115 2834 2154 :
2879 2098 3250 2169 extenditque
3281 2115 3548 2166 manum,
3576 2104 3635 2154 et

1988 2186 2412 2258 apprehensam
2446 2186 2646 2242 intulit
2694 2187 2753 2241 in
2788 2204 3005 2242 arcam.
3041 2189 3404 2259 Exspectatis
3435 2193 3632 2244 autem

1990 2276 2144 2332 ultra
2175 2282 2397 2348 septem
2431 2278 2636 2332 diebus
2682 2277 2836 2346 aliis,
2870 2295 3107 2335 rursum
3154 2279 3384 2336 dimisit
3411 2280 3638 2336 colum-

1989 2367 2126 2423 bam
2161 2384 2230 2422 ex
2261 2384 2413 2422 arca.
2465 2373 2540 2424 At
2567 2367 2672 2422 illa
2721 2369 2876 2423 venit
2906 2369 2977 2424 ad
3027 2385 3159 2424 eum
3207 2369 3278 2424 ad
3312 2385 3641 2441 vesperam,

1993 2462 2236 2526 portans
2271 2474 2502 2511 ramum
2537 2456 2704 2512 olivae
2752 2456 3077 2514 virentibus
3111 2457 3267 2514 foliis
3298 2457 3357 2513 in
3384 2475 3481 2514 ore
3511 2475 3642 2515 suo.

1993 2544 2285 2601 Intellexit
2314 2563 2451 2617 ergo
2499 2546 2617 2601 Noe
2670 2547 2823 2618 quod
2877 2553 3210 2604 cessassent
3259 2565 3425 2621 aquaa
3469 2565 3647 2621 super

1993 2637 2237 2690 terram.
2270 2635 2755 2706 Exspectavitque
2807 2635 3194 2691 nihilominus
3243 2643 3464 2708 septem
3500 2637 3646 2693 alios

1994 2724 2158 2779 dies:
2192 2729 2249 2778 et
2280 2724 2478 2779 emisit
2527 2724 2882 2793 columbam,
2937 2742 3062 2796 quae
3115 2742 3229 2780 non
3281 2731 3368 2780 est
3417 2742 3645 2781 reversa

1993 2813 2150 2868 ultra
2179 2813 2246 2868 ad
2272 2829 2425 2868 eum.
2452 2812 2534 2884 [Ο.
2564 2813 2772 2883 ΧΧ.[Ι.]
2796 2814 2979 2885 Igitur
3001 2814 3425 2870 sexcentesimo
3451 2815 3640 2886 primo

1991 2919 2166 2971 anno,
2199 2902 2384 2972 primo
2417 2918 2640 2970 mense,
2677 2902 2868 2974 prima
2912 2903 3003 2958 die
3036 2903 3277 2970 mensis,
3310 2903 3640 2959 imminutae

1992 2995 2130 3046 sunt
2160 3007 2318 3062 aquis
2369 3007 2546 3062 super
2594 2996 2849 3047 terram:
2884 2995 2941 3046 et
2971 2992 3237 3064 aperiens
3273 2991 3389 3050 Noe
3416 2997 3636 3048 tectum

1993 3097 2158 3145 arcae,
2185 3081 2430 3152 aspexit,
2455 3081 2720 3152 viditque
2751 3081 2906 3152 quod
2931 3081 3217 3138 exsiccata
3241 3087 3398 3138 esset
3430 3098 3642 3155 super-

1994 3170 2154 3224 ﬁcies
2176 3174 2362 3225 terras.
2388 3175 2580 3224 Mense
2603 3172 2880 3236 secundo,
2897 3173 3151 3242 septima
3173 3176 3228 3227 et
3249 3173 3531 3228 vicesima
3551 3173 3644 3228 die

221 3283 392 3328 porro
446 3233 592 3318 arca
639 3233 1141 3332 ferebatur-super
1189 3277 1395 3330 aquas.
1427 3233 1508 3314 .Et
1540 3277 1702 3332 aqure
1736 3233 1882 3332 prae;
1917 3233 1959 3300 CI
2001 3259 2239 3323 mensis,
2263 3260 2514 3314 arefacta
2535 3264 2623 3314 est
2646 3265 2818 3315 terra.
2847 3233 2928 3328 [Β.
2960 3233 3410 3332 klll.]Locutus
3433 3267 3523 3317 est
3540 3279 3647 3318 au-

217 3355 546 3410 valuerunt
612 3352 791 3407 nimis
853 3368 1027 3421 super
1093 3355 1332 3418 terram,
1401 3351 1701 3422 Operlique
1749 3357 1890 3407 sunt

226 3462 434 3500 omnes
489 3447 727 3496 montes
779 3441 986 3496 excelsi
1035 3441 1145 3495 sub
1194 3441 1465 3495 universo
1505 3443 1667 3496 caelo.
1705 3441 1887 3505 Quin-

228 3535 413 3590 decim
453 3532 678 3587 cubitis
709 3529 882 3585 altior
912 3529 1021 3585 fuit
1065 3547 1216 3602 aqua
1249 3546 1426 3601 super
1457 3537 1706 3595 montes,
1741 3549 1890 3604 quos

227 3626 570 3693 operuerat.
599 3619 1080 3692 Consumptaque
1104 3624 1190 3673 est
1221 3619 1414 3674 omnis
1443 3636 1575 3674 caro
1604 3637 1728 3691 quae
1763 3637 1889 3676 mo-

225 3713 474 3767 vebatur
530 3726 717 3781 super
767 3714 1004 3779 terram,
1076 3708 1403 3774 volucrum,
1475 3709 1886 3778 animantium,

225 3801 583 3867 bestiarum,
629 3797 1012 3870 omniumque
1034 3797 1330 3870 reptilium
1365 3814 1491 3869 quae
1527 3803 1757 3870 reptant
1788 3816 1888 3855 su-

227 3907 318 3960 per
347 3897 581 3946 terram
617 3905 632 3956 ;
687 3889 947 3943 universi
986 3887 1279 3952 homines,
1310 3892 1369 3943 et
1397 3892 1628 3955 cuncta,
1663 3888 1722 3942 in
1756 3889 1886 3960 qui-

227 3977 328 4034 bus
361 3978 744 4049 spiraculum
779 3977 906 4031 vitae
938 3981 1028 4032 est
1061 3977 1118 4032 in
1151 3981 1328 4043 terra,
1364 3982 1594 4032 mortua
1624 3983 1782 4032 sunt.
1821 3979 1888 4034 Et

223 4067 431 4124 delevit
481 4082 728 4122 omnem
782 4067 1178 4122 substantiam
1231 4083 1355 4137 quas
1401 4071 1527 4122 erat
1566 4083 1744 4138 super
1771 4073 1885 4123 ter-

223 4172 368 4222 ram,
392 4158 472 4210 ab
497 4154 741 4210 homine
765 4171 955 4226 usque
987 4157 1055 4210 ad
1091 4171 1293 4226 pecus,
1326 4160 1447 4210 tam
1477 4156 1682 4227 reptile
1708 4173 1886 4226 quam

221 4245 493 4301 volucres
545 4243 701 4311 cceli,
751 4249 807 4300 et
855 4244 1046 4300 deleta
1097 4249 1240 4301 sunt
1284 4245 1354 4300 de
1383 4249 1536 4300 terra
1565 4264 1578 4314 ;
1608 4247 1890 4302 remansit

223 4342 424 4390 autem
478 4333 642 4390 solus
693 4334 832 4404 Noe,
885 4338 941 4390 et
988 4334 1090 4405 qui
1139 4351 1274 4390 cum
1328 4351 1395 4390 eo
1426 4338 1593 4390 erant
1638 4334 1698 4391 in
1731 4352 1884 4392 arca.

225 4424 748 4494 Obtinueruntque
779 4440 942 4496 aquas
970 4429 1185 4480 terram
1211 4428 1447 4480 centum
1490 4424 1889 4497 quinquagin-

227 4521 288 4568 ta
314 4514 558 4569 diebus.

2000 3353 2114 3403 tem
2147 3353 2302 3404 Deus
2335 3349 2403 3402 ad
2439 3348 2578 3417 Noe,
2631 3349 2863 3404 dicens:
2899 3351 3186 3421 Egredere
3208 3352 3278 3406 de
3310 3368 3462 3418 arca,
3497 3360 3557 3406 tu
3591 3357 3648 3407 et

2003 3455 2145 3493 uxor
2165 3443 2285 3504 tua,
2317 3437 2416 3492 ﬁlii
2440 3439 2611 3507 tui,et
2637 3455 2844 3494 uxores
2872 3438 3123 3495 filiorum
3149 3446 3382 3496 tuarum
3411 3447 3601 3497 tecum
3629 3462 3644 3512 ;

2000 3532 2210 3583 cuncta
2232 3528 2555 3583 animantia
2579 3545 2706 3600 quae
2728 3534 2868 3584 sunt
2894 3531 3047 3601 apud
3074 3536 3151 3596 te,
3173 3546 3240 3585 ex
3263 3531 3421 3585 omni
3449 3547 3644 3600 carne,

1999 3619 2119 3670 tam
2143 3616 2200 3669 in
2231 3615 2564 3670 volatilibus
2584 3632 2757 3687 quam
2779 3617 2837 3671 in
2861 3617 3069 3675 bestiis
3087 3621 3142 3672 et
3165 3617 3456 3674 universis
3477 3617 3648 3686 repti-

1999 3703 2154 3760 libus
2179 3721 2305 3775 quae
2329 3710 2563 3776 reptant
2593 3721 2768 3776 super
2790 3710 3030 3775 terram,
3053 3707 3201 3763 educ
3222 3712 3438 3774 tecum,
3471 3711 3528 3762 et
3557 3707 3649 3762 in-

1998 3793 2312 3867 gredimini
2347 3810 2526 3866 super
2546 3799 2762 3850 terram
2791 3811 2804 3848 :
2829 3796 3071 3852 crescite
3093 3800 3147 3852 et
3169 3795 3646 3868 multiplicamini

1999 3900 2176 3956 super
2205 3901 2355 3940 eam.
2382 3883 2665 3956 Egressus
2686 3888 2926 3956 estergo
2949 3883 3085 3952 Noe,
3120 3889 3175 3941 et
3195 3885 3298 3940 lilii
3327 3885 3476 3956 ejus,
3500 3901 3646 3940 uxor

1997 3974 2177 4041 illius,
2211 3979 2267 4029 et
2297 3990 2504 4029 uxores
2537 3973 2790 4029 filiorum
2825 3975 2976 4045 ejus,
3009 3991 3141 4030 cum
3172 3991 3257 4030 eo.
3292 3974 3404 4029 Sed
3431 3978 3487 4029 et
3518 3989 3644 4029 om-

1998 4063 2096 4118 nia
2140 4063 2483 4133 animantis,
2529 4064 2819 4134 jumenta,
2867 4068 2923 4118 et
2971 4064 3201 4136 reptilia
3249 4079 3376 4134 qua}
3415 4065 3649 4134 reptant

1999 4169 2176 4224 super
2222 4156 2463 4219 terram,
2516 4152 2843 4206 secundum
2895 4167 3082 4223 genus
3139 4168 3335 4217 suum,
3395 4151 3467 4206 de
3515 4166 3649 4206 arca

1998 4258 2236 4314 egressa
2267 4245 2425 4296 sunt.
2477 4239 2562 4312 [Τ.
2594 4239 2690 4311 V.]
2733 4239 3058 4296 [Ediﬁcavit
3089 4245 3284 4297 autem
3316 4240 3434 4299 Noe
3465 4238 3648 4296 altare

1997 4331 2264 4398 Domino,
2287 4335 2346 4386 et
2377 4329 2590 4386 tollens
2619 4330 2691 4385 de
2723 4331 2950 4387 cunctis
2983 4330 3294 4402 pecoribus
3323 4334 3379 4387 et
3406 4329 3652 4386 volucri-

1999 4422 2111 4477 bus
2131 4419 2396 4485 mundis,
2413 4419 2627 4475 obtulit
2651 4418 2994 4476 holocausta
3016 4437 3194 4493 super
3213 4419 3414 4476 altare.
3432 4419 3649 4476 Odora-

2001 4514 2216 4580 tusque
2247 4513 2338 4564 est
2387 4509 2675 4564 Dominus
2723 4509 2961 4564 odorem
3017 4509 3344 4580 suavitatis,
3379 4513 3436 4565 et
3466 4509 3548 4565 ait
3577 4510 3648 4564 ad

299 4602 392 4670 [Τ.
433 4601 529 4669 IV,
591 4600 651 4657 C.
686 4601 840 4672 XXI,
890 4601 1025 4672 Cap.
1082 4601 1265 4672 V111,]
1305 4602 1664 4658 Recordatus
1695 4606 1886 4658 autem
1923 4608 1968 4674 ι)
2000 4599 2206 4654 eum“:
2243 4598 2625 4668 Nequaquam
2655 4596 2810 4653 ultra
2842 4597 3187 4654 maledicam
3221 4604 3384 4654 terrae
3413 4603 3653 4671 propter

227 4696 382 4747 Deus
418 4689 564 4758 Noe,
597 4695 1058 4761 cunctorumque
1090 4691 1508 4759 animantium,
1543 4696 1600 4746 et
1623 4693 1888 4747 omnium

303 4801 316 4832 ¹
355 4798 450 4852 [ta
485 4795 637 4850 LXX
660 4800 717 4849 et
748 4795 1177 4864 Hieronymus:
1227 4795 1285 4850 in
1334 4795 1568 4851 Hebraeo
1593 4801 1810 4862 autem,
1838 4801 1896 4853 et

227 4867 638 4934 Samaritano,
688 4868 1028 4936 cunctisque
1093 4868 1477 4923 Orientalium
1526 4869 1895 4923 versionibus

227 4941 560 5013 legimus}
627 4941 843 5013 Decima
891 4941 1124 5011 septima
1170 4940 1281 4995 die.
1331 4941 1491 5005 Quod
1520 4942 1894 5013 _mendosum

230 5009 364 5066 esse
423 5009 626 5065 nullus
675 5011 900 5076 dubito,
944 5009 1010 5065 et
1043 5013 1277 5081 proclivi
1319 5013 1484 5080 lapsu
1520 5010 1896 5067 librariorum

231 5084 622 5138 Hebrzeorum
662 5091 953 5137 mutatum
993 5083 1170 5139 l'uisse
1201 5084 1295 5138 hic
1329 5085 1434 5138 loci
1472 5093 1672 5148 ειη-δν
1713 5086 1896 5150 esrim,

231 5167 325 5215 ms.
361 5166 502 5216 Ἴτην
538 5170 670 5207 asar
700 5154 826 5207 iom.
863 5155 1046 5208 ΜΑιιτ.

302 5259 374 5267 —
411 5227 644 5280 Erroris
670 5232 906 5280 accusat
929 5226 1299 5280 Martianzeus
1322 5226 1627 5280 Hebraeum
1652 5232 1898 5290 textum,

237 5305 294 5352 et
325 5296 803 5360 Samaritanum,
837 5304 1193 5368 cunctasque
1225 5297 1551 5352 Orientales
1584 5300 1898 5364 versiones,

237 5386 366 5439 quae
401 5371 606 5440 lapsu,
639 5374 704 5422 ut
735 5372 836 5430 ait,
897 5369 1271 5423 librariorum
1316 5372 1649 5440 praeferunt.
1683 5373 1901 5426 decima

235 5445 480 5508 septima
507 5440 623 5504 die,
659 5457 762 5511 pro
791 5440 1052 5495 vicesima
1080 5443 1332 5512 septima.
1387 5441 1520 5506 Ego,
1561 5450 1692 5496 utra
1725 5441 1900 5496 lectio

239 5519 434 5568 serior
464 5515 544 5567 sit
595 5513 919 5582 dij‘idicare
970 5531 1080 5567 non
1114 5515 1328 5579 ausim,
1377 5521 1433 5567 at
1467 5513 1668 5568 malim
1705 5522 1899 5567 tamen

245 5589 313 5640 ab
344 5585 582 5641 Hebraei
617 5595 775 5639 stare
811 5585 1094 5654 partibus.

316 5657 336 5692 ³
371 5659 438 5712 In
476 5673 596 5712 uno
631 5674 742 5711 ms.
779 5658 976 5712 codice
999 5655 1294 5712 Corbeinsi
1317 5654 1568 5726 legitur:
1607 5656 1904 5727 Quiregre-

251 5728 503 5788 dabatur
533 5732 591 5788 et
617 5727 1067 5800 regrediebatur;
1099 5727 1197 5786 alii
1226 5727 1461 5796 habent,
1495 5726 1902 5783 revertebatur.

2003 4689 2312 4744 homines:
2347 4704 2558 4743 sensus
2589 4687 2744 4742 enim
2777 4691 2835 4742 et
2876 4688 3149 4760 cogitatiu
3181 4689 3421 4744 humani
3457 4688 3652 4744 cordis

2005 4796 2278 4851 Diversus
2305 4799 2392 4848 est
2419 4792 2785 4867 multimodis
2809 4793 3113 4867 locusiste
3144 4796 3294 4867 apud
3325 4795 3486 4863 LXX,
3511 4811 3649 4849 nam

2007 4884 2110 4940 pro
2139 4869 2444 4937 fenestram
2474 4882 2638 4929 arcae,
2663 4865 2863 4936 legunt
2883 4866 3084 4940 ostium
3113 4865 3282 4935 arex,
3307 4873 3362 4922 et
3383 4869 3649 4940 decorvo

2005 4938 2208 4996 dicunt
2240 4940 2392 5009 quod
2425 4953 2668 5007 egressus
2716 4954 2824 4991 non
2865 4939 3048 4994 rediit.
3100 4944 3256 4994 Hanc
3291 4956 3424 4994 vero
3454 4938 3652 4993 lectio-

2008 5028 2138 5066 nem
2167 5017 2404 5082 secutus
2437 5009 2720 5082 estetiam
2755 5010 2879 5079 ipse
2910 5013 3297 5082 Hieronymus
3329 5013 3386 5066 in
3422 5010 3654 5082 Dialogo

2008 5086 2288 5138 adversus
2316 5081 2730 5137 Lucil'erianos.
2769 5082 2864 5134 ubi
2901 5082 3013 5135 ait:
3049 5080 3341 5137 Eniittirur
3377 5087 3564 5152 itaque
3595 5080 3660 5134 de

2007 5171 2137 5208 arca
2169 5169 2382 5213 coruus,
2433 5161 2481 5206 et
2511 5169 2620 5206 non
2671 5152 2861 5224 rediit.
2910 5158 2979 5206 At
3029 5155 3320 5224 allgeoriis
3369 5153 3446 5207 ibi
3477 5154 3662 5206 utitur

2010 5227 2305 5291 S.Doctor,
2340 5230 2396 5278 et
2447 5231 2584 5278 tunc
2619 5223 2900 5292 temporis
2951 5223 3254 5279 volumina
3282 5226 3659 5278 Hebraeorum

2011 5299 2270 5352 nondum
2306 5298 2610 5349 eviilverat.
2638 5295 2890 5350 Consule
2920 5294 3019 5350 lib.
3048 5299 3247 5364 Quaest.
3275 5297 3662 5350 llebruiwrum

2011 5371 2071 5424 in
2105 5385 2246 5422 mss.
2284 5367 2471 5422 libris.
2521 5368 2698 5421 MART.

2082 5505 2150 5514 ———
2187 5474 2375 5530 Nostri
2429 5489 2592 5533 mss.,
2650 5473 2711 5524 EI
2766 5489 2874 5527 non
2928 5474 3337 5534 revertebatur;
3387 5473 3661 5526 Hebraeus

2013 5551 2207 5600 tamen
2250 5554 2390 5604 nit-:1
2445 5549 2492 5598 et
2526 5544 2913 5605 revertebatur,
2939 5563 3028 5598 cun
3057 5544 3659 5615 concithhaldaius,

2013 5618 2329 5688 Jusephus,
2363 5622 2420 5670 et
2449 5616 2717 5687 Syriacus
2749 5619 2903 5688 apud
2938 5617 3121 5688 Didyu
3151 5633 3267 5669 um.

2085 5724 2106 5759 ³
2134 5721 2415 5780 Hebraice
2445 5705 2660 5782 tab-Lm
2689 5722 2742 5776 et
2771 5720 2937 5792 libbo,
2972 5721 3128 5793 quod
3171 5721 3518 5795 ambiguum
3549 5728 3660 5793 est,
