4080 6186
445 349 553 405 207

1477 349 1536 402 8.
1580 342 1989 401 HIERONYMI
2025 340 2288 396 DIVINA
2323 341 2823 398 BIBLIOTBECA.

3755 345 3858 401 208

379 481 382 484 ’
444 476 504 531 in
540 474 762 531 malum
786 489 970 546 prona
991 475 1128 528 sunt
1154 471 1227 527 ab
1251 470 1644 527 adolescentia
1667 487 1812 536 sua;
1847 485 1960 524 non
1996 467 2102 538 igi-
2130 466 2184 532 Α
2214 483 2347 521 cum
2378 465 2623 522 vidisset
2669 466 2848 522 Cham
2899 469 3064 538 pater
3107 469 3402 537 Chanaan,
3451 469 3702 525 verenda
3741 472 3851 527 sci-

446 571 547 622 tur
571 565 721 623 ultra
741 565 1061 637 percutiam
1083 580 1315 618 omnem
1339 561 1596 617 animam
1619 561 1931 626 viventem,
1951 561 2103 614 sicut

444 655 576 711 feci.
629 655 862 710 Cunctis
914 653 1124 709 diebus
1173 658 1361 720 terrai,
1429 651 1710 708 sementis
1762 654 1818 706 et
1867 648 2099 716 messis,

451 745 640 816 frigus
669 749 728 798 et
779 747 977 813 aestus,
1028 748 1200 798 aestas
1232 748 1289 798 et
1322 743 1545 814 hyems,
1599 759 1712 796 nox
1745 747 1800 796 et
1830 740 1955 794 dies
1988 755 2100 794 non

456 834 844 904 requiescent.

517 924 601 992 [Ο.
635 923 853 992 XXIII,
888 924 1020 994 Cap.
1078 922 1194 994 IX.]
1245 920 1662 991 Benedixitque
1711 918 1864 974 Deus
1899 918 2017 973 Noe
2048 921 2104 971 et

451 1012 587 1068 ﬁliis
617 1015 848 1083 ejus.Et
879 1012 1023 1067 dixit
1064 1013 1134 1066 ad
1181 1027 1318 1066 eos:
1371 1009 1624 1065 Crescite
1656 1013 1712 1064 et
1745 1006 2102 1077 multiplica-

445 1103 678 1171 mini,et
707 1102 947 1175 implete
995 1102 1175 1173 [Vulg.
1231 1099 1471 1172 replete]
1522 1104 1757 1153 terram.
1822 1097 1888 1151 Et
1918 1103 2104 1151 terror

451 1195 642 1248 vester
673 1208 736 1246 ac
785 1196 1002 1246 tremor
1033 1191 1110 1247 sit
1134 1206 1312 1262 super
1355 1193 1568 1244 cuncta
1599 1185 1881 1243 animalia
1910 1190 2100 1254 terras,

449 1285 507 1336 et
536 1298 716 1353 super
743 1298 948 1337 omnes
978 1279 1250 1336 volucres
1297 1279 1449 1347 cmli,
1484 1295 1617 1334 eum
1653 1275 1944 1332 universis
1977 1291 2102 1346 quis

449 1376 758 1427 moventur
799 1371 859 1426 in
911 1375 1065 1426 terra
1111 1369 1306 1443 [Vulg.
1361 1384 1538 1440 super
1584 1366 1847 1436 terram],
1897 1379 2102 1420 omnes

455 1461 647 1532 pisces
679 1460 855 1516 maris
889 1460 1090 1515 manui
1142 1462 1348 1514 vestrae
1381 1457 1583 1512 traditi
1631 1459 1788 1511 sunt.
1834 1455 1900 1509 Et
1931 1469 2102 1510 omne

454 1551 610 1622 quod
647 1553 908 1606 movetur
958 1554 1014 1605 et
1041 1548 1201 1615 vivit,
1236 1548 1346 1604 erit
1389 1546 1551 1602 vobis
1589 1545 1900 1617 in‘cibum,
1932 1543 2101 1616 quasi

450 1641 607 1696 olera
635 1640 882 1696 virentia
914 1638 1130 1694 tradidi
1181 1638 1347 1693 vobis
1378 1635 1614 1692 omnia:
1649 1638 1909 1706 excepto,
1945 1632 2099 1703 quod

452 1745 688 1785 carnem
712 1745 847 1784 cum
875 1728 1161 1800 sanguine
1182 1727 1523 1783 comedetis.
1557 1723 1917 1794 Sanguinem
1942 1721 2100 1778 enim

2209 556 2344 612 licet
2376 558 2563 629 patris
2599 557 2690 613 sui
2721 575 2850 614 esse
2882 559 3123 625 nudata,
3157 559 3449 615 nuntiavit
3478 560 3708 616 duobus
3745 561 3851 616 fra-

2209 648 2397 702 tribu:
2441 649 2568 703 suis
2609 650 2784 704 foras.
2823 654 2893 702 At
2924 665 3057 704 vero
3090 649 3223 706 Sem
3253 654 3310 706 et
3337 649 3584 722 Japheth
3616 652 3857 724 pallium

2210 737 2618 809 imposuerunt
2635 739 2899 795 humeris
2921 740 3130 807 suis,et
3152 740 3490 796 incedentes
3515 747 3855 811 retrorsum,

2211 833 2572 898 operuerunt
2622 829 2871 884 verenda
2925 829 3108 900 patris
3152 830 3242 885 sui
3281 849 3293 886 :
3328 831 3625 901 faciesque
3658 848 3853 888 eorum

2211 933 2424 972 aversa
2448 922 2636 986 erant,
2669 923 2728 972 et
2759 919 2944 990 patris
2977 918 3168 974 virilia
3198 936 3313 974 non
3341 920 3631 975 viderunt.
3666 922 3852 993 Evigi-

2213 1006 2333 1062 lans
2362 1012 2558 1062 autem
2594 1007 2710 1064 Noe
2741 1025 2809 1063 ex
2833 1008 2988 1075 vino,
3022 1026 3156 1064 cum
3195 1009 3500 1066 didicisset
3549 1027 3673 1082 qua
3707 1013 3854 1066 fece-

2211 1100 2300 1150 rat
2329 1096 2378 1151 ei
2413 1097 2569 1152 ﬁlius
2603 1114 2747 1152 suus
2789 1099 3001 1168 minor,
3034 1099 3152 1154 ait:
3184 1099 3527 1156 Maledictus
3557 1100 3850 1170 Chanaan,

2211 1202 2412 1242 servus
2464 1204 2758 1243 servorum
2810 1189 2920 1243 erit
2989 1189 3268 1244 fratribus
3335 1191 3482 1245 suis.
3535 1190 3850 1263 Dixitque:

2209 1277 2554 1333 Benedictus
2576 1277 2861 1333 Dominus
2883 1278 3036 1334 Deus
3067 1279 3223 1346 Sem,
3257 1279 3334 1335 sit
3361 1279 3632 1335 Chanaan
3652 1297 3852 1336 servus

2210 1366 2360 1437 ejus.
2394 1365 2604 1422 Dilatet
2650 1368 2795 1422 Deus
2842 1367 3113 1439 Japheth,
3148 1372 3205 1423 et
3242 1369 3466 1425 habitet
3494 1369 3550 1424 in
3584 1370 3850 1426 taberna-

2209 1455 2359 1510 culis
2381 1457 2531 1526 Sem,
2557 1456 2751 1528 sitque
2777 1456 3050 1512 Chanaan
3083 1473 3288 1513 servus
3320 1458 3467 1529 ejus.
3505 1459 3587 1529 [Ο.
3623 1461 3849 1531 XXVI.]

2210 1544 2360 1600 Vixit
2386 1550 2584 1601 autem
2617 1547 2734 1602 Noe
2774 1551 2906 1618 post
2943 1545 3209 1602 dilivium
3250 1548 3528 1603 trecentis
3560 1548 3847 1620 quinqua-

2209 1634 2372 1706 ginta
2402 1636 2593 1692 annis.
2625 1637 2694 1691 Et
2723 1635 2948 1708 impleti
2989 1640 3129 1692 sunt
3159 1653 3365 1692 omnes
3395 1637 3524 1693 dies
3553 1639 3678 1709 ejus
3707 1655 3851 1695 non-

2209 1728 2518 1797 gentorum
2553 1726 2985 1798 quinquaginta
3013 1742 3326 1794 annorum,
3359 1731 3414 1782 et
3446 1732 3713 1784 mortuus
3745 1733 3850 1784 est.

449 1818 783 1874 animarum
807 1823 1133 1874 vestrarum
1156 1817 1449 1888 requiram
1471 1817 1542 1870 de
1558 1816 2099 1901 manucunctarum
2133 1836 2182 1901 Β
2283 1814 2366 1882 ['I‘.
2400 1815 2500 1885 VI,
2535 1817 2596 1871 B.
2630 1816 2755 1883 XV,
2809 1818 2937 1887 Cap.
2989 1815 3087 1888 X.]
3121 1816 3215 1871 Hae
3263 1817 3669 1888 generationes
3702 1817 3852 1874 ﬁlio-

449 1909 794 1976 bestiarum,
828 1913 886 1962 et
919 1909 988 1963 de
1038 1924 1216 1962 manu
1265 1905 1545 1974 hominis,
1595 1905 1665 1958 de
1698 1919 1875 1956 manu
1909 1900 2015 1954 viri
2049 1904 2106 1954 et

455 1998 652 2052 fratris
676 1997 1125 2068 e,jus,requiram
1161 1995 1419 2050 animam
1459 1992 1732 2048 hominis.
1760 1989 2105 2059 Quicunque

453 2088 726 2142 effuderit
759 2087 1084 2140 humanum
1132 2084 1503 2156 sanguinem,
1557 2083 1830 2136 fundetur
1861 2077 2104 2148 sanguis

454 2177 637 2242 illius,
673 2177 742 2230 ad
777 2175 1097 2246 imaginem
1147 2174 1364 2245 quippe
1418 2171 1513 2226 Dei
1563 2172 1749 2225 factus
1788 2174 1877 2223 est
1907 2168 2102 2221 homo.

458 2270 574 2320 Vos
603 2272 796 2320 autem
830 2264 1073 2319 crescite
1127 2269 1184 2318 et
1227 2260 1728 2333 multiplicamini,
1758 2264 1814 2314 et
1845 2256 2103 2327 ingredi-

460 2354 605 2409 mini
654 2369 833 2424 super
878 2358 1116 2422 terram,
1169 2356 1227 2406 ct
1279 2349 1514 2421 implete
1555 2365 1705 2404 eam.
1753 2349 1837 2418 lC.
1884 2344 2105 2415 XXIV.)

461 2444 589 2497 Hec
619 2458 851 2514 quoque
875 2441 1020 2495 dixit
1040 2440 1195 2495 Deus
1218 2439 1289 2494 ad
1314 2439 1431 2494 Noe
1459 2444 1513 2494 et
1549 2439 1617 2493 ad
1647 2437 1800 2492 ﬁlios
1821 2437 1946 2504 ejus
1970 2450 2102 2489 cum

419 2567 424 2573 ι
456 2549 542 2588 eo.
576 2532 714 2587 Ecce
750 2547 856 2603 ego
891 2535 1146 2585 statuam
1182 2535 1419 2601 pactum
1462 2544 1656 2583 meum
1690 2525 2016 2592 vobiscum,
2050 2526 2108 2578 et

455 2638 586 2678 cum
621 2621 846 2676 semine
867 2625 1060 2676 vestro
1083 2624 1215 2691 post
1233 2635 1338 2674 vos
1365 2635 1377 2672 :
1403 2623 1459 2673 et
1487 2619 1557 2673 ad
1591 2631 1820 2672 omnem
1845 2614 2105 2669 animam

455 2712 767 2780 viventem,
817 2727 942 2781 quas
991 2715 1080 2764 est
1128 2709 1456 2777 vobiscum,
1506 2712 1625 2762 tam
1677 2707 1736 2760 in
1769 2703 2106 2760 volucribus

457 2818 634 2874 quam
664 2800 723 2855 in
750 2799 1039 2870 jumentis
1069 2802 1126 2853 et
1155 2799 1480 2870 pecudibus
1514 2804 1679 2852 terrae.
1705 2795 1953 2860 cunctis,
1980 2809 2104 2863 qua:

457 2907 692 2962 egressa
722 2894 863 2946 sunt
911 2890 981 2944 de
1033 2905 1187 2954 arca,
1239 2892 1295 2943 et
1344 2887 1634 2942 universis
1684 2886 1885 2940 bestiis
1917 2888 2104 2937 terrae.

458 2981 724 3036 Statuam
760 2984 993 3051 pactum
1043 2995 1241 3034 meum
1292 2978 1620 3041 vobiscum,
1651 2979 1707 3030 et
1738 2987 2106 3044 nequaquam

459 3069 614 3125 ultra
645 3068 1032 3124 interﬁcietur
1060 3068 1252 3122 omnis
1284 3083 1418 3121 caro
1451 3065 1522 3120 ab
1555 3065 1725 3135 aquis
1746 3062 1973 3128 diluvii,
2007 3075 2110 3115 ne-

460 3175 570 3230 que
601 3159 711 3214 erit
732 3157 1006 3228 deinceps
1028 3156 1314 3211 diluvium
1337 3154 1631 3227 dissipans
1656 3162 1890 3210 terram.
1925 3151 2107 3206 Dixit-

2214 1921 2341 1958 rum
2377 1904 2515 1974 Noe,
2545 1909 2697 1974 Sem,
2721 1905 2902 1960 Cham
2926 1909 2984 1961 et
3010 1905 3263 1978 Japheth
3297 1922 3311 1961 :
3340 1907 3579 1978 natique
3610 1912 3751 1963 sunt
3773 1907 3853 1963 eis

2213 1994 2318 2046 ﬁlii
2345 1999 2473 2065 post
2505 1994 2792 2049 dilivmm.
2819 1995 2944 2050 Filii
2969 1995 3222 2067 Japheth
3252 2013 3264 2051 :
3289 1996 3522 2065 Gomer,
3547 2003 3604 2052 et
3625 1997 3850 2069 Magog,

2214 2088 2270 2137 et
2297 2084 2503 2152 Madai,
2525 2090 2580 2139 et
2600 2085 2779 2140 Javan
2827 2091 2885 2140 et
2907 2085 3158 2153 Thubal,
3183 2089 3240 2140 et
3261 2087 3517 2153 Mosoch,
3537 2095 3592 2142 et
3624 2088 3851 2142 Thiras.

2218 2172 2388 2227 Porro
2446 2173 2550 2227 ﬁlii
2591 2175 2839 2229 Gomer:
2889 2177 3142 2230 Ascenez
3189 2180 3246 2230 et
3295 2176 3548 2247 Riphath
3601 2180 3656 2232 et
3704 2177 3855 2232 Tho-

2214 2277 2438 2332 gorma.
2477 2263 2598 2316 Filii
2644 2269 2838 2319 autem
2871 2264 3052 2319 Javan
3077 2283 3094 2318 :
3144 2264 3299 2320 Elisa
3330 2272 3388 2320 et
3435 2265 3699 2336 Tharsis,
3730 2270 3854 2321 Cet-

2214 2350 2361 2404 thim
2394 2357 2452 2407 et
2482 2352 2791 2408 Dodanim.
2841 2356 2926 2408 Ab
2959 2353 3050 2409 his
3098 2354 3293 2409 divisa:
3325 2361 3464 2410 sunt
3493 2354 3698 2410 insulae
3725 2371 3859 2425 gen-

2214 2443 2361 2495 tium
2397 2442 2454 2495 in
2490 2443 2828 2514 regionibus
2877 2445 3036 2499 suis:
3089 2445 3492 2516 unusquisque
3531 2445 3856 2500 secundum

2213 2528 2478 2602 linguam
2513 2549 2681 2588 suam
2715 2537 2771 2588 et
2804 2534 3056 2588 familias
3089 2550 3227 2589 suas
3259 2534 3318 2588 in
3351 2534 3689 2589 nationibus
3709 2533 3857 2590 suis.

2219 2619 2341 2673 Filii
2377 2629 2568 2676 autem
2601 2621 2821 2690 Cham;
2868 2622 3021 2677 Chus
3049 2627 3104 2678 et
3147 2624 3445 2691 Mesraim,
3478 2629 3534 2679 et
3567 2623 3777 2692 Phath,
3805 2627 3864 2679 et

2213 2709 2509 2765 Chanaan.
2543 2711 2666 2765 Filii
2689 2712 2884 2768 Chus:
2920 2713 3091 2782 Saba,
3124 2719 3181 2768 et
3203 2711 3382 2784 Evila,
3413 2719 3470 2769 et
3500 2714 3776 2779 Sabatha,
3809 2721 3866 2769 el

2219 2799 2460 2870 Regma,
2483 2806 2540 2856 et
2564 2800 2911 2857 Sabathaca.
2935 2802 3062 2857 Filii
3087 2808 3338 2875 ltegma:
3363 2803 3533 2871 Saba,
3559 2809 3616 2859 et
3633 2804 3864 2860 Dadan.

2215 2893 2392 2945 Porro
2424 2890 2582 2947 Chus
2603 2893 2807 2964 genuit
2827 2892 3074 2947 Nemrod
3105 2893 3264 2964 :ipse
3295 2893 3468 2966 coapit
3496 2910 3625 2950 esse
3655 2901 3866 2966 potens

2216 2978 2276 3033 in
2307 2984 2481 3047 terra,
2515 2984 2571 3035 et
2599 2985 2723 3036 erat
2770 2982 3048 3037 robustus
3092 2986 3332 3037 venator
3361 2999 3557 3038 coram
3593 2983 3864 3040 Domino.

2215 3068 2298 3123 Ob
2334 3068 2438 3124 hoc
2469 3069 2643 3125 exivit
2671 3071 3080 3141 proverbium:
3105 3071 3281 3135 Quasi
3309 3071 3558 3128 Nemrod
3582 3073 3865 3130 robustus

2214 3163 2454 3213 venator
2509 3175 2703 3214 coram
2754 3159 3018 3216 Domino.
3073 3160 3206 3216 Fuit
3259 3165 3454 3217 autem
3503 3161 3862 3234 principium

460 3214 575 3320 que
604 3246 796 3303 Deus:
835 3214 956 3302 Hoe
977 3246 1214 3318 signum
1267 3214 1505 3300 foederis
1537 3245 1689 3314 quod
1725 3243 1796 3298 do
1828 3242 1980 3297 inter
2011 3254 2102 3294 me
2132 3214 2175 3281 Ο
2216 3247 2378 3318 regni
2425 3249 2554 3319 ejus
2604 3249 2882 3321 Babylon,
2931 3214 3240 3318 etiA'racb,
3263 3214 3866 3320 “et—Adhadfe—trCI—i;

461 3344 517 3393 et
546 3354 668 3404 vos,
703 3341 759 3392 et
789 3337 858 3392 ad
910 3351 1145 3392 omnem
1194 3335 1449 3391 animam
1493 3335 1804 3399 viventem,
1855 3347 1981 3404 quae
2022 3333 2111 3385 est

459 3425 763 3481 vobiscum
824 3425 883 3480 in
940 3425 1349 3498 generationes
1423 3423 1829 3494 sempiternas.
1896 3427 2109 3476 Arcum

463 3532 660 3571 meum
696 3531 908 3586 ponam
943 3514 1002 3570 in
1055 3514 1335 3582 nubibus,
1368 3517 1426 3568 et
1456 3513 1565 3568 erit
1597 3513 1832 3584 signum
1880 3509 2112 3566 foederis

463 3606 616 3660 inter
645 3621 738 3660 me
764 3609 821 3660 et
851 3605 1002 3659 inter
1029 3609 1269 3659 terram.
1303 3605 1565 3674 Cumque
1609 3603 1903 3657 obduxero
1937 3599 2110 3655 nubi-

465 3694 576 3748 bus
594 3692 1330 3764 cmlum,apparebitarcus
1356 3707 1523 3745 meus
1547 3690 1602 3744 in
1629 3690 1917 3755 nubibus;
1943 3693 1999 3742 et
2031 3701 2114 3740 re-

2213 3335 2408 3407 lanne,
2443 3337 2501 3392 in
2537 3345 2689 3394 terra
2727 3338 3011 3394 Sennaar.
3055 3341 3129 3394 De
3158 3343 3314 3396 terra
3341 3339 3442 3395 illa
3472 3356 3748 3412 egressus
3775 3344 3876 3397 est

2216 3427 2412 3494 Assur,
2446 3432 2503 3483 et
2550 3428 2855 3484 aediﬁcavit
2902 3429 3177 3498 Nineven,
3229 3434 3286 3484 et
3330 3430 3550 3502 plateas
3579 3430 3872 3503 civitatis,

2217 3522 2273 3571 et
2303 3516 2497 3573 Chale.
2534 3518 2719 3574 Resen
2764 3535 2993 3590 quoque
3043 3518 3196 3574 inter
3240 3518 3498 3574 Nineven
3549 3525 3604 3575 et
3634 3519 3814 3576 Chale
3858 3538 3877 3578 :

2218 3606 2338 3661 haec
2370 3611 2458 3662 est
2487 3607 2695 3663 civitas
2754 3624 2982 3677 magna.
3040 3611 3114 3663 At
3168 3625 3301 3663 vero
3345 3608 3617 3664 Mesraim
3663 3609 3888 3680 genuit

2221 3696 2453 3766 Ludim,
2487 3702 2542 3751 et
2570 3698 2865 3768 Anamim,
2889 3703 2946 3752 et
2975 3697 3209 3753 Laabim
3238 3714 3250 3751 :
3275 3697 3612 3770 Nephtuim,
3639 3704 3695 3752 et
3727 3697 3893 3754 Phe-

465 3784 752 3838 cordabor
777 3782 1006 3836 fmderis
1032 3798 1143 3836 mei
1166 3780 1554 3847 vobiscum,et
1573 3796 1706 3833 cum
1735 3778 1894 3833 omni
1917 3779 2115 3832 anima
2220 3787 2457 3852 trusim,
2489 3793 2545 3840 et
2575 3786 2900 3857 Chasluim,
2947 3787 3017 3841 de
3061 3787 3277 3857 quibus
3307 3789 3528 3859 egressi
3559 3793 3701 3843 sunt
3730 3787 3890 3843 phi-

468 3873 699 3928 vivente
730 3889 858 3943 quas
907 3888 1140 3926 carnem
1187 3875 1436 3942 vegetat,
1488 3875 1545 3923 et
1594 3885 1708 3923 non
1754 3873 1925 3922 erunt
1961 3867 2115 3921 ultra
2220 3873 2462 3929 listhiim
2499 3880 2555 3930 et
2611 3876 3017 3946 Chaphturim.
3077 3875 3348 3932 Chanaan
3411 3883 3605 3932 autem
3670 3877 3896 3949 genuit

470 3980 634 4034 aqua?
657 3961 862 4016 diluvii
883 3963 954 4016 ad
986 3960 1290 4015 delendam
1326 3961 1655 4014 universam
1682 3973 1940 4012 carnem.
1969 3956 2111 4009 Erit-

471 4069 583 4123 que
616 4068 785 4107 arcus
835 4052 895 4105 in
920 4049 1266 4109 nubibus.et
1295 4049 1502 4103 videbo
1539 4047 1728 4112 illum,
1762 4053 1819 4101 et
1849 4046 2114 4100 recorda-

2217 3964 2490 4020 Sidonem
2539 3965 2999 4037 primogenitum
3033 3983 3227 4036 suum,
3282 3967 3566 4033 Ethaaum,
3601 3972 3658 4021 et
3685 3967 3893 4022 Jebu-

2221 4071 2423 4121 sinum,
2459 4060 2516 4109 et
2567 4055 2994 4127 Amorrhzeum,
3055 4055 3449 4126 Gergesaeum,
3509 4056 3767 4125 Evzsum,
3819 4061 3896 4112 et

469 4143 574 4197 bor
631 4141 864 4196 fmderis
921 4139 1266 4211 sempiterni
1315 4138 1466 4208 quod
1528 4143 1759 4208 pactum
1819 4141 1908 4191 est
1965 4136 2119 4190 inter
2224 4151 2569 4200 Αωοεευιῃε
2623 4145 2902 4215 Sina-um,
2953 4151 3011 4200 et
3050 4147 3352 4215 Aradium,
3403 4146 3890 4215 Samamum,et

469 4232 651 4286 Deum
685 4235 741 4285 et
771 4230 922 4285 inter
955 4245 1190 4284 omnem
1223 4229 1482 4283 animam
1513 4229 1801 4282 viventem
1832 4224 2116 4280 universas
2221 4233 2613 4304 Amathaeum,
2654 4239 2711 4290 et
2740 4240 2873 4306 post;
2925 4235 3044 4290 haec
3093 4234 3462 4290 disseminati
3499 4242 3635 4290 sunt
3669 4234 3895 4306 populi

467 4320 660 4376 carnis
692 4336 820 4390 quas
847 4323 937 4374 est
976 4336 1154 4390 super
1189 4327 1428 4373 terram.
1463 4317 1731 4387 Dixitque
1771 4321 1922 4372 Deus
1959 4315 2114 4372 Noe:

2222 4322 2702 4380 Chananaeorum.
2768 4322 3038 4394 Factique
3096 4330 3237 4379 sunt
3301 4323 3537 4378 termini
3592 4322 3898 4380 Chanaan

464 4413 583 4464 Hoc
611 4411 722 4465 erit
752 4409 991 4480 signum
1043 4407 1296 4472 foederis,
1331 4408 1483 4477 quod
1531 4406 1807 4462 constitui
1843 4407 1995 4461 inter
2024 4421 2116 4460 me
2223 4412 2594 4469 venientibus
2626 4429 2659 4469 a
2689 4413 2899 4468 Sidone
2917 4413 3191 4469 Geraram
3218 4428 3406 4484 usque
3427 4412 3659 4482 Gazam,
3683 4412 3902 4469 donec

469 4504 526 4556 et
557 4499 710 4555 inter
754 4513 989 4554 omnem
1040 4511 1275 4553 carnem
1320 4513 1497 4568 super
1554 4499 1788 4552 terram.
1855 4497 1939 4566 [Β.
1971 4495 2114 4563 XIV,

2225 4501 2572 4573 ingrediaris
2601 4502 2920 4560 Sodomam
2962 4505 3018 4556 et
3048 4501 3414 4572 Gomorram,
3467 4506 3524 4556 et
3559 4501 3901 4572 Adamam,

463 4591 522 4646 C.
556 4589 763 4662 XXV.]
797 4591 977 4645 Erant
1008 4590 1189 4660 igitur
1218 4588 1324 4644 ﬁlii
1376 4588 1518 4658 Noe,
1579 4590 1678 4659 qui
1728 4588 1946 4659 egressi
1981 4592 2120 4642 sunt
2151 4594 2197 4658 Ι)
2232 4594 2289 4644 et
2344 4589 2602 4658 Seboim,
2635 4606 2821 4660 usque
2853 4589 3099 4645 Lesa.Hi
3131 4588 3234 4643 ﬁlii
3265 4589 3451 4645 Cham
3484 4587 3542 4643 in
3577 4590 3909 4660 cognatio-

461 4679 534 4735 de
565 4696 720 4748 arca,
752 4683 908 4749 Sem,
941 4679 1118 4734 Cham
1151 4683 1207 4734 et
1237 4677 1489 4748 Japheth
1517 4694 1530 4731 :
1567 4694 1737 4748 porro
1770 4679 1952 4732 Cham
1985 4677 2112 4749 ipse

459 4774 550 4826 est
579 4774 744 4841 pater
791 4768 1088 4824 Chanaan.
1122 4771 1261 4823 Tres
1314 4766 1413 4821 isti
1463 4772 1600 4821 sunt
1631 4765 1733 4821 filii
1765 4765 1920 4821 Noe:
1955 4769 2011 4821 et
2039 4764 2110 4820 ab

459 4859 553 4914 his
574 4857 1026 4913 disseminatum
1057 4862 1146 4913 est
1171 4873 1345 4911 omne
1378 4855 1687 4910 horminum
1720 4872 1904 4928 genus
1935 4872 2113 4927 super

460 4948 791 5003 universam
817 4951 1054 5002 terram.
1080 4945 1383 5018 Cmpitque
1416 4950 1528 5000 Noe
1549 4945 1635 5000 vir
1665 4945 1920 5016 agricola
1950 4961 2108 4999 exer-

458 5054 584 5093 cere
611 5044 848 5106 terram,
874 5041 931 5091 et
954 5035 1242 5107 plantavit
1265 5037 1517 5090 vineam.
1548 5036 1880 5104 Bibensque
1906 5035 2108 5089 vinum

456 5127 786 5184 inebriatus
808 5133 916 5196 est,
942 5134 997 5182 et
1021 5130 1277 5181 nudatus
1301 5125 1359 5179 in
1382 5124 1760 5180 tabernaculo
1788 5141 1913 5179 suo.
1944 5124 2106 5190 Quod

451 5351 507 5401 et
538 5345 874 5416 significare
904 5346 1114 5414 potest,
1173 5342 1242 5395 ad
1273 5357 1367 5397 cor
1393 5342 1535 5416 eius,
1571 5339 1771 5416 ve_l__ti(_i
1801 5355 1892 5392 cor
1915 5357 2103 5416 suum,

450 5408 657 5488 nempe
689 5434 788 5471 cor
818 5408 1088 5488 Noeaaut
1119 5431 1222 5488 cor
1252 5416 1381 5488 Dei,
1404 5408 1589 5488 Unde‘
1628 5410 1762 5488 LXX
1820 5408 1929 5488 ΔΚαιὶ
1978 5412 2106 5488 *εἷπε

448 5483 648 5563 Κύριός
710 5489 737 5541 ὁ
789 5486 918 5563 Θεὸᾼς
953 5483 1284 5563 διανοηοςεὶς,
1343 5487 1405 5539 Et
1438 5483 1613 5563 dixit
1667 5483 1936 5563 Dominus
1968 5486 2107 5563 Deus

456 5556 789 5630 recogitans,
846 5560 991 5626 sive,
1044 5563 1108 5612 ut
1160 5557 1572 5628 Symmachus,
1623 5556 1695 5608 ad
1741 5556 2000 5630 seipsitm,
2051 5562 2107 5630 et

453 5629 790 5700 Theodotio,
846 5631 921 5686 ad
975 5645 1068 5684 cor
1121 5645 1302 5685 suum.
1360 5629 1755 5698 Hieronymus
1815 5629 1987 5682 refert
2033 5629 2101 5684 ad

456 5704 602 5772 Nos,
634 5704 696 5758 Et
725 5706 806 5759 ait
833 5709 904 5758 ad
931 5717 1076 5760 eum.
1107 5702 1294 5762 MART.

2223 4679 2422 4744 nibus,
2455 4684 2512 4734 et
2542 4678 2786 4749 linguis,
2845 4683 2902 4734 et
2949 4678 3450 4748 generationibus,
3498 4678 3796 4751 terrisque
3835 4685 3920 4736 et

2221 4768 2500 4838 gentibus
2549 4768 2693 4824 suis.
2747 4767 2828 4822 De
2877 4767 3011 4822 Sern
3063 4783 3295 4838 quoque
3345 4765 3466 4820 nati
3517 4773 3676 4836 sunt,
3712 4774 3913 4840 patre

2221 4855 2488 4911 omnium
2550 4856 2806 4912 ﬁliorum
2856 4856 3066 4923 Heber,
3128 4859 3304 4910 l'ratre
3361 4855 3576 4927 Japhet
3627 4859 3913 4928 majore.

2221 4945 2350 5000 Filii
2379 4944 2512 4999 Sem
2540 4962 2552 5001 :
2584 4945 2769 5000 zElam
2829 4951 2886 5000 et
2914 4952 3121 5012 Assur,
3174 4949 3232 5000 et
3279 4946 3610 5017 Arphaxad,
3644 4953 3703 5001 et
3733 4953 3916 5018 Lud,

2219 5040 2276 5088 et
2305 5037 2500 5089 Aram.
2554 5034 2675 5088 Filii
2732 5040 2909 5088 Aram
2949 5050 2960 5088 :
3023 5037 3164 5101 Ilus,
3197 5038 3255 5088 et
3313 5035 3427 5088 Hul
3460 5041 3516 5089 et
3547 5035 3785 5107 Gether,
3834 5046 3924 5096 et

2217 5127 2437 5179 Mes.At
2468 5141 2599 5179 vero
2631 5124 2940 5195 Arphaxad
2991 5124 3198 5196 genuit
3246 5122 3378 5180 Sale
3405 5166 3419 5192 ,
3456 5125 3524 5179 de
3557 5140 3672 5194 quo
3706 5130 3929 5187 ortus

2288 5336 2580 5392 —Videri
2639 5337 2826 5408 possit
2885 5336 3120 5393 Hieron.
3182 5337 3238 5391 in
3290 5337 3931 5408 Hebraicohtametsi

2217 5415 2414 5464 contra
2446 5410 2661 5481 linguae
2719 5411 2848 5479 ejus
2910 5410 3237 5480 ingenium,
3273 5409 3485 5480 legisse
3537 5409 3752 5471 135-»:
3824 5419 3942 5473 ad

2217 5514 2362 5565 eunt,
2399 5516 2500 5568 pro
2532 5516 2644 5569 quo
2708 5515 2864 5554 nunc
2896 5505 2984 5554 est
3033 5483 3246 5559 1:5-5N
3305 5498 3376 5553 ad
3427 5514 3519 5554 cor
3573 5501 3714 5568 eius,
3771 5511 3947 5563 aut

2215 5605 2394 5643 suum.
2427 5589 2589 5645 Certe
2619 5589 2718 5660 qui
2750 5590 2850 5661 ita,
2882 5593 2946 5645 ut
2977 5587 3096 5658 ille,
3129 5587 3386 5660 verterit,
3418 5589 3715 5646 neminem
3747 5595 3951 5654 scio

2217 5677 2367 5719 8888.
