4080 6186
220 364 315 421 209

1633 369 1848 424 LIBER
1882 368 2210 426 GENESIB.

3520 361 3632 420 210

219 499 297 551 est
325 495 535 550 Heber.
560 492 812 566 Natique
835 498 978 550 sunt
1007 494 1198 551 Heber
1224 493 1328 549 ﬁlii
1362 495 1497 558 duo,
1524 509 1735 548 nomen
1760 495 1862 549 uni
1892 497 1943 563 Α
1979 511 2104 550 vem
2137 493 2308 548 annis
2333 511 2345 549 :
2374 498 2430 550 et
2459 493 2662 567 genuit
2695 493 2845 549 ﬁlios
2866 496 2925 549 et
2945 492 3118 550 filias.
3144 491 3418 565 Vixitque
3439 491 3628 548 There

220 585 451 656 Phaleg,
484 601 552 640 eo
586 585 740 655 quod
774 585 833 638 in
869 585 1073 640 diebus
1101 585 1230 654 ejus
1264 584 1450 639 divisa
1485 585 1562 638 sit
1603 589 1776 654 terra,
1809 589 1866 639 et

221 689 420 728 nomen
452 673 650 728 fratris
681 675 812 744 ejus
833 674 1056 729 Jectan.
1095 674 1215 742 Qui
1264 673 1467 728 Jectan
1517 673 1720 744 genuit
1769 672 1863 727 El-

215 763 432 827 modad,
466 767 526 817 et
558 761 796 834 Saleph,
822 768 881 818 et
926 763 1264 832 Asarmoth,
1288 765 1440 830 Jare,
1475 767 1532 817 et
1576 763 1858 830 Aduram,

221 859 268 908 et
326 852 479 920 Uzal,
515 859 569 907 et
624 852 820 921 Decla,
854 859 911 907 et
965 853 1126 920 Ebal,
1161 858 1217 906 et
1279 853 1560 919 Abimael,
1605 853 1773 918 Saba,
1805 856 1863 906 et

217 946 404 1016 Ophir,
438 948 496 1000 et
529 943 707 1010 Evila,
742 949 798 998 et
825 943 1053 1011 Jobab;
1088 960 1291 998 omnes
1341 943 1434 997 isti
1483 944 1585 997 ﬁlii
1630 943 1855 998 Jectan.

219 1037 275 1090 Et
304 1037 455 1089 facta
486 1040 572 1089 est
604 1033 886 1088 habitatio
917 1050 1114 1088 eorum
1154 1034 1222 1088 de
1255 1033 1445 1088 Messa
1477 1034 1856 1104 pergentibus

214 1140 387 1196 usque
419 1122 652 1194 Sephar
685 1129 945 1177 montem
996 1122 1356 1177 orientalem.
1395 1124 1494 1177 Isti
1546 1122 1650 1176 ﬁlii
1699 1124 1851 1190 Sem,

208 1213 527 1268 secundum
560 1211 958 1284 cognationes,
992 1217 1048 1265 et
1079 1212 1332 1283 linguas,
1367 1217 1423 1266 et
1471 1212 1756 1282 regiones,
1793 1212 1849 1266 in

204 1303 473 1374 gentibus
507 1300 656 1356 suis.
694 1302 783 1355 Has
843 1300 1078 1355 familiae
1125 1301 1242 1355 Noe
1295 1302 1464 1371 juxta
1519 1301 1765 1372 populos
1796 1306 1851 1356 et

204 1392 462 1447 nationes
498 1407 662 1445 suas.
696 1391 781 1445 Ab
815 1389 908 1445 his
936 1389 1136 1444 divisae
1168 1392 1308 1445 sunt
1336 1395 1539 1461 gentes
1585 1391 1642 1444 in
1695 1395 1849 1446 terra

203 1487 321 1550 post
352 1479 671 1534 diluvium.

262 1606 346 1677 [8.
380 1605 536 1670 XVI,
572 1605 633 1660 C.
667 1603 896 1675 XXVII,
934 1604 1064 1676 Cap.
1098 1603 1213 1675 XL]
1259 1605 1397 1659 Erat
1446 1609 1642 1660 autem
1692 1609 1846 1662 terra

197 1694 324 1750 labii
360 1695 572 1762 unius,
593 1698 650 1748 et
670 1710 1008 1749 sermonum
1033 1695 1396 1750 eorumdem.
1417 1693 1682 1766 Cumque
1705 1712 1842 1768 pro-

195 1784 600 1840 ﬁciscerentur
647 1783 716 1837 de
766 1783 1010 1848 oriente,
1042 1782 1392 1839 invenerunt
1440 1800 1717 1856 campum
1781 1786 1841 1841 in

194 1878 337 1929 terra
365 1873 664 1943 Sennaar,
691 1878 747 1928 et
767 1872 1179 1928 habitaverunt
1202 1873 1261 1928 in
1293 1889 1379 1928 eo.
1410 1873 1674 1946 Dixitque
1699 1875 1845 1931 alter

194 1964 253 2018 ad
286 1962 633 2034 proximum
684 1979 896 2018 suum:
932 1962 1151 2029 Venite,
1187 1963 1465 2018 faciamus
1513 1963 1747 2031 lateres,
1780 1969 1838 2021 et

191 2069 517 2124 coquamus
541 2069 640 2107 eos
657 2051 798 2124 igni.
815 2053 1160 2107 Habuerunt
1174 2069 1286 2123 que
1307 2051 1518 2109 lateres
1534 2071 1636 2124 pro
1659 2054 1834 2121 saxis,

184 2146 230 2197 et
261 2143 542 2196 bitumen
577 2158 682 2213 pro
717 2145 1040 2208 caemento;
1074 2146 1133 2196 et
1162 2141 1460 2196 dixirunt:
1495 2143 1722 2209 Venite,
1752 2145 1834 2198 fa-

188 2231 406 2286 ciamus
443 2231 622 2284 nobis
672 2229 959 2285 civitatem
1011 2234 1066 2286 et
1116 2232 1350 2296 turrim,
1386 2232 1555 2300 cujus
1604 2232 1834 2287 culmen

183 2320 471 2391 pet-tingat
517 2319 588 2373 ad
651 2317 896 2386 ccelum;
931 2324 986 2375 et
1038 2319 1400 2376 celebremus
1459 2338 1670 2377 nomen
1730 2339 1830 2376 no-

183 2414 360 2463 stram
394 2413 721 2478 antequam
773 2407 1110 2464 dividemur
1157 2408 1214 2463 in
1269 2411 1573 2466 universas
1624 2417 1831 2467 terras.

185 2497 485 2553 Descendit
517 2502 714 2552 autem
747 2497 1032 2553 Dominus
1065 2504 1127 2553 ut
1176 2499 1396 2554 videret
1439 2500 1728 2555 civitatem
1779 2505 1836 2556 et

180 2588 406 2654 turrim,
433 2603 617 2658 quam
651 2585 1020 2642 aediﬁcabant
1043 2587 1149 2642 ﬁlii
1176 2589 1382 2656 Adam,
1407 2594 1463 2643 et
1485 2589 1628 2644 dixit
1653 2606 1664 2643 :
1691 2591 1834 2646 Ecce

181 2692 324 2731 unus
346 2682 439 2731 est
466 2673 748 2747 populus,
774 2679 831 2730 et
851 2693 1034 2731 unum
1059 2677 1282 2731 labium
1307 2678 1582 2734 omnibus
1608 2700 1621 2747 ;
1647 2697 1832 2752 caepe-

179 2770 430 2836 runtque
462 2765 578 2819 hoc
616 2765 822 2828 facere,
857 2781 961 2820 nec
990 2765 1275 2822 desistent
1304 2784 1336 2822 a
1379 2769 1834 2839 cogitationibus

183 2855 318 2921 suis,
355 2855 553 2909 donec
613 2869 711 2908 eas
768 2870 937 2924 opere
991 2855 1340 2926 compleant.
1372 2856 1574 2913 Venite
1634 2859 1830 2929 igitur,

184 2943 617 2998 descendamus
647 2949 703 2997 et
731 2944 1164 3000 confundamus
1195 2945 1274 2999 ibi
1314 2945 1575 3018 linguam
1610 2965 1831 3020 eorum,

184 3038 241 3086 ut
288 3050 408 3088 non
444 3032 658 3086 audiat
715 3033 1122 3104 unusquisque
1179 3051 1374 3091 vocem
1438 3038 1683 3108 proximi
1717 3040 1830 3095 sui.

180 3124 358 3193 Atque
392 3122 476 3176 ita
513 3121 714 3176 divisit
743 3137 842 3177 eos
874 3122 1159 3179 Dominus
1185 3141 1252 3179 ex
1284 3125 1382 3179 illo
1433 3126 1556 3182 loco
1604 3128 1662 3182 in
1697 3129 1830 3183 uni-

1974 589 2142 655 septu
2154 585 2241 655 agi
2255 589 2351 638 nta
2363 584 2618 647 annis,et
2631 589 2830 654 genuit
2843 584 3146 652 Abram,et
3159 583 3624 650 Nahor,etAran.

1975 673 2227 742 [C.XXV,
2267 674 2409 743 121.]
2439 679 2571 728 Haec
2603 678 2741 727 sunt
2761 678 2955 727 autem
2981 673 3386 744 generationes
3408 673 3621 728 Thare:

1971 762 2158 818 Thare
2189 763 2394 834 genuit
2414 763 2655 827 Abram,
2681 768 2737 816 et
2759 762 2975 827 Nahor,
2995 766 3050 816 et
3072 768 3248 816 Aran.
3275 763 3443 817 Porro
3467 769 3620 818 Aran

1969 854 2173 923 genuit
2199 853 2320 907 Lot.
2338 853 2820 923 Mortuusqueest
2847 860 3001 906 Aran
3027 857 3158 906 ante
3181 851 3370 906 Thare
3395 857 3619 922 patrem

1968 958 2142 996 suum
2178 943 2235 996 in
2293 947 2446 996 terra
2480 941 2802 996 nativitatis
2837 958 2953 995 sua:
2984 941 3042 994 in
3076 940 3152 995 Ur
3189 941 3614 996 Chaldzeorum.

1966 1032 2268 1086 Duxerunt
2299 1038 2492 1086 autem
2542 1032 2756 1087 Abram
2790 1038 2843 1084 et
2874 1030 3069 1085 Nahor
3119 1046 3367 1085 uxores:
3403 1047 3616 1085 nomen

1966 1123 2163 1175 uxoris
2195 1122 2428 1184 Abram,
2463 1121 2647 1188 Sarai,
2675 1126 2730 1175 et
2761 1135 2971 1175 nomen
3008 1119 3204 1174 uxoris
3230 1118 3444 1185 Nahor,
3480 1119 3619 1175 Mel-

1961 1211 2090 1278 cha,
2123 1210 2244 1264 ﬁlia
2273 1215 2446 1276 Aran,
2483 1211 2664 1282 patris
2726 1209 2960 1264 Melchaa
3023 1213 3079 1264 et
3135 1209 3319 1280 patris
3378 1207 3614 1264 Ieschts.

1962 1301 2095 1355 Erat
2151 1308 2344 1356 autem
2403 1301 2565 1356 Sarai
2627 1299 2863 1367 sterilis,
2894 1315 2999 1354 nec
3055 1297 3309 1353 habebat
3368 1297 3609 1353 liberos.

1957 1390 2113 1445 Tulit
2135 1391 2328 1462 itaque
2353 1391 2544 1445 Thare
2561 1390 2774 1444 Abram
2800 1388 2985 1443 ﬁlium
3007 1393 3275 1455 suum,et
3297 1388 3402 1442 Lot
3423 1386 3609 1441 ﬁlium

1955 1482 2131 1547 Aran,
2157 1481 2342 1536 ﬁlium
2373 1480 2477 1535 ﬁlii
2501 1479 2613 1550 sui,
2638 1485 2694 1534 et
2721 1479 2884 1535 Sarai
2904 1495 3119 1534 nurum
3146 1495 3338 1546 suam,
3367 1493 3607 1532 uxorem

1954 1572 2167 1630 Abram
2200 1572 2305 1626 ﬁlii
2338 1571 2452 1640 sui,
2485 1576 2541 1626 et
2569 1572 2770 1626 eduxit
2799 1587 2898 1626 eos
2948 1571 3018 1625 de
3051 1569 3128 1625 Ur
3175 1569 3604 1636 Chaldaorum,

1954 1667 2018 1717 ut
2051 1663 2203 1717 irent
2233 1663 2291 1716 in
2343 1665 2557 1716 terram
2613 1661 2926 1716 Chanaan:
2962 1663 3364 1730 veneruntque
3417 1674 3606 1731 usque

1951 1749 2166 1819 Haran,
2193 1757 2248 1806 et
2281 1751 2691 1806 habitaverunt
2716 1750 2815 1804 ibi.
2842 1750 2912 1804 Et
2936 1748 3069 1805 facti
3101 1753 3239 1804 sunt
3261 1748 3385 1804 dies
3414 1748 3603 1804 Thare

1873 1867 1920 1931 Β
1951 1843 2338 1896 ducentorum
2371 1841 2633 1912 quinque
2666 1855 2978 1908 annorum,
3011 1843 3068 1894 et
3100 1843 3365 1894 mortuus
3405 1843 3493 1893 est
3539 1837 3600 1892 in

1950 1931 2164 1986 liaran.

2021 2057 2108 2127 [Τ.
2133 2055 2249 2119 VII,
2278 2055 2338 2110 Β.
2373 2053 2542 2116 XVII,
2567 2053 2625 2108 C.
2652 2053 2848 2122 XXIX,
2882 2056 3012 2123 Cap.
3041 2052 3188 2124 XII.]
3218 2052 3370 2106 Dixit
3399 2055 3596 2106 autem

1946 2145 2232 2201 Dominus
2265 2145 2337 2198 ad
2371 2144 2586 2197 Abram
2615 2161 2626 2197 :
2663 2143 2947 2214 Egredere
2978 2143 3048 2196 de
3079 2146 3234 2196 terra
3264 2147 3386 2205 tua,
3419 2145 3475 2196 et
3525 2142 3598 2196 de

1947 2237 2288 2303 cognatione
2321 2239 2439 2303 tua,
2475 2239 2532 2289 et
2563 2234 2633 2288 de
2666 2234 2840 2288 domo
2874 2232 3055 2303 patris
3104 2231 3190 2286 tui
3247 2231 3432 2299 [Vulg.
3466 2230 3594 2286 add.

1946 2332 2001 2380 et
2034 2325 2184 2396 veni]
2217 2325 2273 2379 in
2303 2330 2516 2378 terram
2554 2340 2731 2393 quam
2783 2321 3124 2376 monstrabo
3175 2319 3300 2376 tibi.
3331 2319 3595 2375 Faciam-

1945 2432 2056 2486 que
2090 2425 2140 2470 te
2184 2413 2243 2468 in
2276 2419 2506 2482 gentem
2556 2429 2849 2482 magnam,
2879 2417 2935 2466 et
2987 2409 3328 2466 benedicam
3373 2409 3502 2476 tibi,
3537 2414 3595 2464 et

1944 2503 2332 2573 magniﬁcabo
2365 2519 2575 2557 nomen
2610 2507 2802 2566 tuum,
2827 2501 3062 2571 erisque
3093 2499 3455 2553 benedictus.
3492 2502 3594 2553 Be-

1944 2595 2212 2651 nedicam
2238 2591 2717 2647 benediceutibus
2750 2590 2878 2657 tibi,
2898 2595 2954 2644 et
2976 2587 3322 2643 maledicam
3349 2587 3590 2642 maledi-

1943 2682 2214 2739 centibus
2244 2681 2373 2748 tibi,
2406 2685 2583 2751 atque
2625 2679 2682 2733 in
2733 2683 2787 2732 te
2838 2677 3258 2733 benedicentur
3306 2675 3588 2730 universae

1943 2772 2320 2843 cognationes
2344 2775 2531 2824 terrae.
2555 2769 2843 2839 Egressus
2866 2770 2954 2820 est
2977 2767 3167 2835 itaque
3197 2765 3410 2818 Abram
3437 2767 3590 2818 sicut

1944 2864 2296 2934 praeceperat
2349 2859 2399 2913 ei
2437 2857 2751 2913 Dominus:
2784 2861 2842 2910 et
2872 2854 2975 2908 ivit
3027 2869 3157 2909 cum
3219 2869 3284 2907 eo
3337 2853 3452 2906 Lot.
3487 2852 3587 2907 Se-

1944 2950 2252 3024 ptuaginta
2281 2949 2544 3020 quinque
2575 2961 2864 3002 annorum
2897 2943 3251 2999 eratAbram
3266 2958 3399 2996 cum
3422 2957 3585 3011 egre-

1943 3041 2181 3096 deretur
2211 3040 2280 3094 de
2312 3038 2522 3092 Haran.
2558 3035 2832 3106 Tulitque
2862 3033 3022 3088 Sarai
3054 3041 3292 3086 uxorem
3317 3047 3508 3094 suam,
3532 3034 3590 3085 et

1944 3131 2047 3185 Lot
2078 3128 2262 3183 ﬁlium
2300 3126 2498 3182 fratris
2555 3125 2669 3188 sui,
2706 3124 3158 3193 universamque
3189 3119 3586 3176 substantiam

176 3229 363 3267 versas
401 3217 626 3279 terras,
657 3215 713 3266 et
759 3220 1136 3269 cessaverunt
1180 3213 1463 3271 aediﬁcare
1515 3216 1827 3275 civitatem.
1862 3225 1904 3290 ρ
1944 3235 2120 3291 quam
2156 3217 2562 3289 possederant,
2585 3220 2643 3269 et
2674 3215 2900 3269 animas
2932 3228 3080 3283 quas
3111 3209 3444 3265 fecerantin
3475 3209 3586 3264 Ha-

178 3301 236 3356 Et
265 3302 495 3357 idcirco
528 3305 799 3355 vocatum
833 3306 919 3357 est
951 3319 1161 3358 nomen
1195 3304 1324 3374 ejus
1355 3305 1549 3371 Babel,
1584 3307 1720 3378 quia
1750 3308 1828 3363 ibi

179 3392 493 3446 confusum
515 3396 608 3445 est
628 3389 846 3445 labium
866 3392 1146 3447 universas
1160 3397 1324 3448 terra:
1342 3410 1354 3448 :
1371 3399 1425 3449 et
1452 3394 1583 3450 inde
1606 3396 1828 3468 disper-

176 3479 244 3533 sit
269 3497 371 3535 eos
393 3479 695 3535 Dominus
717 3496 782 3534 su
794 3480 1110 3552 perfaciem
1127 3487 1474 3538 cunctarum
1501 3485 1826 3556 regionum.

172 3569 292 3624 Haec
333 3567 758 3642 generationes
806 3573 934 3624 Sem
965 3587 978 3625 :
1009 3571 1141 3626 Sem
1193 3582 1424 3628 centum
1478 3578 1601 3629 erat
1643 3593 1832 3632 anno-

168 3675 290 3713 rum
307 3658 558 3728 quando
574 3658 1362 3730 genuitArphaxad,hiennio
1378 3667 1508 3734 post
1522 3664 1829 3736 diluvium.

169 3743 432 3819 Vixitque
447 3748 590 3802 Sem
608 3752 918 3818 postquam
937 3749 1830 3826 genuitArphaxad,quingentis

171 3839 336 3892 annis
354 3856 368 3893 :
388 3841 449 3892 et
476 3837 690 3908 genuit
712 3836 860 3892 ﬁlios
881 3842 936 3893 et
959 3839 1128 3894 ﬁlias.
1161 3840 1336 3896 Porro
1358 3842 1664 3912 Arphaxad
1692 3844 1834 3901 vixit

165 3927 410 3998 triginta
430 3926 704 3997 quinque
728 3927 987 3990 annis,et
1005 3929 1204 3999 genuit
1225 3930 1370 3986 Sale.
1397 3931 1663 4004 Vixitque
1695 3937 1835 4006 Arp-

172 4015 360 4071 haxad
399 4020 726 4088 postquam
760 4017 962 4088 genuit
1001 4018 1610 4093 Sale,quadringentis
1642 4023 1832 4080 tribus

169 4105 340 4160 annis
374 4106 486 4177 [Ita
518 4105 1129 4162 cod.mss.S.German.
1154 4127 1211 4163 η.
1235 4111 1288 4179 3,
1306 4111 1649 4181 Heb.Sg/r.et
1666 4114 1828 4170 Arab.

166 4199 232 4249 At
261 4212 394 4250 vero
430 4194 589 4248 Sam.
613 4194 953 4250 editiLatim’
984 4201 1032 4252 et
1062 4215 1188 4253 mss.
1213 4199 1450 4270 plurimi
1471 4201 1602 4256 libri
1642 4202 1831 4270 legunt

171 4283 320 4356 303],
352 4290 412 4338 et
445 4283 658 4354 genuit
717 4284 868 4340 ﬁlios
924 4291 981 4341 et
1040 4287 1210 4343 ﬁlias.
1246 4289 1377 4344 Sale
1436 4306 1666 4361 quoque
1692 4290 1833 4346 vixit

175 4374 422 4444 triginta
446 4372 648 4438 anuis,
673 4377 732 4428 et
761 4375 965 4446 genuit
988 4376 1190 4432 Heber.
1220 4377 1488 4450 Vixitque
1515 4379 1645 4436 Sale
1670 4384 1831 4452 post-

169 4478 348 4532 quam
379 4461 598 4535 genuit
627 4463 833 4529 Heber,
868 4465 1300 4537 quadringintis
1348 4469 1536 4541 [ναις.
1576 4471 1826 4540 quadra-

165 4551 784 4622 ginta]tribusannis,
803 4558 858 4606 et
887 4554 1256 4625 genuitﬁlios
1275 4560 1333 4612 et
1358 4556 1528 4613 ﬁlias.
1547 4557 1824 4614 Vixitau-
1865 4599 1876 4625 γ

160 4644 275 4695 tem
299 4642 504 4696 Beber
523 4640 770 4711 triginta
792 4645 1044 4712 quatuor
1065 4644 1258 4708 annis,
1283 4649 1340 4700 et
1363 4647 1562 4718 genuit
1585 4648 1821 4721 Phaleg.

167 4727 233 4782 Et
261 4729 410 4783 vixit
433 4729 633 4783 Heber
655 4733 964 4800 postquam
988 4732 1191 4804 genuit
1212 4735 1413 4807 Phleg,
1433 4737 1825 4808 quadringen-

161 4816 234 4870 tis
265 4817 733 4886 trigintaannis,
769 4822 1041 4892 etgeuuit
1078 4821 1227 4877 ﬁlios
1244 4828 1298 4878 et
1320 4823 1661 4881 ﬁlias.Vixit
1682 4844 1824 4898 quo-

163 4920 274 4974 que
305 4905 537 4976 Phaleg
565 4906 808 4977 triginta
840 4909 1031 4980 annis,
1064 4915 1118 4965 et
1149 4913 1350 4984 genuit
1382 4913 1523 4968 Reu.
1556 4915 1826 4986 Vixitque

163 4992 388 5067 Phaleg
410 4999 730 5066 postquam
747 4999 950 5068 genuit
973 5003 1113 5070 Reu,
1129 5003 1396 5057 ducentis
1410 5020 1610 5059 novem
1633 5006 1828 5062 annis:

157 5085 442 5152 etgeuuit
467 5082 627 5138 filios
641 5089 697 5139 et
719 5086 1260 5146 ﬁlias.Vixitautem
1289 5091 1405 5146 Reu
1429 5093 1667 5164 triginta
1682 5095 1825 5150 duo-

161 5171 269 5226 bus
301 5173 511 5244 annis,
539 5178 599 5228 et
629 5177 830 5246 genuit
860 5178 1065 5251 Sarug.
1094 5179 1243 5236 Vixit
1265 5199 1500 5254 quoque
1523 5183 1640 5238 Reu
1667 5189 1825 5255 post-

160 5275 340 5330 quam
363 5264 580 5335 genuit
600 5268 1082 5339 Sarug,ducentis
1106 5276 1326 5341 septem
1351 5274 1604 5342 annis,et
1625 5273 1826 5346 genuit

161 5350 315 5407 ﬁlios
345 5359 404 5408 et
427 5352 612 5408 ﬁlias.
637 5354 784 5410 Vixit
806 5373 938 5412 vero
967 5365 1153 5432 Sarug
1176 5361 1415 5433 triginta
1437 5363 1630 5428 annis,
1651 5369 1706 5419 et
1722 5380 1824 5435 ge-

159 5440 284 5496 nuit
307 5441 530 5499 Nahor.
550 5444 822 5516 Vixitque
841 5447 1029 5520 Sarug
1050 5455 1361 5521 postquam
1385 5453 1586 5523 genuit
1607 5453 1822 5524 Nahor,

161 5527 431 5587 incentis
458 5533 662 5600 annis,
685 5540 743 5588 et
769 5537 971 5603 genuit
992 5537 1141 5593 ﬁlios
1168 5547 1220 5594 et
1257 5541 1427 5597 tilias.
1453 5543 1604 5597 Vixit
1628 5548 1822 5599 autem

161 5613 590 5704 Sahorviginti
615 5638 820 5678 novem
837 5626 1535 5701 annis,etgenuitThare.
1556 5633 1822 5704 Vixitque

162 5702 353 5768 Xahor
363 5717 700 5786 postquam
721 5714 930 5786 genuit
949 5715 1158 5791 There,
1174 5724 1409 5778 centum
1433 5722 1634 5780 decem
1651 5728 1708 5781 et
1721 5702 1821 5782 no-

1859 4608 1901 4659 Η

1942 3326 2068 3364 ran.
2104 3308 2185 3378 [Ο.
2219 3307 2423 3374 XXX]
2458 3305 2529 3359 Et
2560 3306 2782 3375 egressi
2808 3306 2949 3358 sunt
2981 3306 3045 3356 ut
3081 3301 3233 3355 irent
3263 3300 3322 3354 in
3366 3304 3582 3354 terram

1939 3397 2236 3454 Chanaan.
2270 3400 2534 3465 Cumque
2577 3393 2874 3449 venissent
2921 3392 2976 3445 in
3029 3407 3180 3457 eam,
3213 3387 3588 3462 pertransivit

1941 3489 2154 3542 Abram
2187 3491 2401 3540 terram
2437 3499 2622 3554 usque
2651 3483 2720 3538 ad
2765 3482 2956 3537 locum
3005 3479 3259 3543 Sichem,
3292 3495 3480 3551 usque
3509 3479 3580 3533 ad

1940 3575 2619 3632 convallemillustrem:
2654 3572 2977 3627 Chanazeus
3025 3574 3220 3625 autem
3270 3571 3409 3622 tunc
3460 3573 3585 3623 erat

1939 3667 1998 3722 in
2030 3670 2204 3721 terra.
2233 3665 2316 3735 [Β.
2345 3663 2567 3730 XVlll.]
2598 3662 3002 3734 Apparuitque
3033 3658 3317 3714 Dominus
3348 3657 3591 3726 Abram,

1940 3760 1997 3811 et
2027 3756 2172 3810 dixit
2201 3755 2285 3809 ei:
2311 3753 2529 3809 Semini
2563 3757 2664 3807 tuo
2697 3751 2846 3806 dabo
2877 3755 3090 3807 terram
3123 3747 3417 3809 hanc.Qui
3450 3746 3586 3800 aedi-

1942 3844 2134 3900 ﬁcavit
2165 3843 2244 3899 ibi
2276 3846 2457 3898 altare
2477 3841 2749 3910 Domino,
2774 3839 2870 3911 qui
2891 3842 3242 3912 apparuerat
3261 3835 3333 3891 ei.
3360 3835 3428 3890 Et
3451 3833 3586 3888 inde

1939 3933 2380 4004 transgrediens
2410 3932 2480 3986 ad
2514 3934 2772 3986 montem
2807 3928 2908 4000 qui
2937 3933 3064 3984 erat
3084 3929 3285 3982 contra
3307 3923 3586 3978 orientem

1942 4022 2158 4088 Bethel,
2192 4020 2438 4077 tetendit
2471 4020 2545 4074 ibi
2579 4017 3020 4074 tabernaculum
3075 4030 3274 4082 suum,
3305 4011 3378 4067 ab
3429 4009 3586 4065 occi-

1941 4113 2112 4166 dente
2143 4111 2367 4164 habens
2404 4107 2623 4172 Bethel,
2658 4112 2713 4162 et
2759 4107 2829 4161 ab
2879 4106 3100 4160 oriente
3149 4103 3248 4158 Ai:
3282 4097 3588 4155 aediﬁcavit

1941 4217 2172 4272 quoque
2226 4199 2304 4252 ibi
2362 4197 2546 4252 altare
2607 4195 2873 4260 Domino,
2907 4199 2963 4249 et
3020 4190 3312 4253 invocavit
3367 4203 3580 4243 nomen

1939 4292 2084 4361 ejus.
2120 4287 2491 4358 Perrexitque
2523 4286 2732 4340 Abram
2765 4285 3006 4352 vadens,
3039 4287 3095 4337 et
3144 4280 3296 4336 ultra
3345 4292 3586 4350 progre-

1938 4380 2106 4434 diens
2137 4380 2203 4432 ad
2241 4376 2567 4431 meridiem.
2592 4376 2764 4429 Facta
2794 4378 2884 4429 est
2906 4377 3097 4427 autem
3124 4371 3306 4426 fames
3328 4368 3584 4422 interra:

1938 4467 2355 4535 descenditque
2375 4466 2592 4521 Abram
2612 4465 2666 4518 in
2684 4464 3020 4535 z’Egyptum,
3036 4457 3584 4531 utperegrinaretur

1938 4556 2054 4613 ibi:
2088 4555 2469 4626 przevaluerat
2529 4554 2680 4608 enim
2741 4554 2926 4607 fames
2985 4551 3044 4605 in
3104 4555 3279 4604 terra.
3323 4548 3587 4614 Cumque

1936 4663 2116 4718 prope
2147 4649 2302 4700 esset
2333 4647 2397 4698 ut
2428 4644 2832 4713 ingrederetur
2861 4641 3194 4712 ngyptum,
3229 4636 3376 4690 dixit
3416 4632 3583 4689 Sarai

1936 4736 2100 4792 uxori
2133 4753 2288 4790 suae:
2323 4734 2463 4790 Novi
2496 4733 2646 4804 quod
2684 4731 2924 4803 pulchra
2955 4731 3037 4785 sis
3069 4727 3315 4783 mulier:
3344 4730 3400 4781 et
3424 4723 3578 4795 quod

1935 4843 2066 4881 cum
2099 4823 2354 4880 viderint
2383 4828 2439 4878 te
2471 4821 2742 4893 ZEgyptii,
2767 4819 2976 4874 dicturi
3012 4821 3186 4874 sunt:
3214 4815 3366 4871 Uxor
3391 4812 3580 4886 ipsius

1934 4919 2023 4970 est
2050 4931 2060 4969 :
2087 4918 2141 4970 et
2172 4912 2524 4968 interﬁcient
2545 4927 2658 4976 me,
2683 4914 2742 4965 et
2766 4914 2821 4964 te
2852 4907 3257 4964 reservabunt.
3283 4903 3385 4959 Dic
3417 4917 3578 4974 ergo,

1935 5004 2174 5060 obsecro
2207 5011 2256 5058 te
2291 5003 2441 5074 quod
2478 5017 2641 5056 soror
2673 5015 2801 5055 mea
2850 4999 2969 5053 sis:
3004 5001 3070 5051 ut
3116 4996 3260 5050 bene
3313 4993 3390 5050 sit
3435 4989 3583 5046 mihi

1935 5098 2170 5166 propter
2197 5099 2274 5162 te,
2298 5101 2351 5147 et
2381 5094 2532 5146 vivat
2557 5092 2754 5145 anima
2776 5105 2906 5144 mea
2927 5088 2999 5143 ob
3029 5085 3274 5159 gratiam
3298 5083 3405 5138 tui.
3432 5081 3576 5136 Cum

1933 5183 2130 5253 itaque
2162 5182 2466 5253 ingressus
2516 5185 2672 5235 esset
2717 5179 2930 5233 Abram
2977 5179 3267 5246 Egytum,
3300 5171 3578 5226 viderunt

1933 5271 2184 5343 Egyptii
2233 5270 2536 5326 mulierem
2585 5269 2738 5342 quod
2786 5270 2938 5323 esset
2986 5263 3233 5338 pulchra
3283 5259 3479 5317 nimis.
3510 5257 3579 5311 Et

1935 5365 2353 5416 nuntiaverunt
2396 5360 2688 5433 principes
2739 5355 3048 5422 Pharaoni,
3083 5359 3138 5410 et
3186 5351 3575 5408 laudaverunt

1935 5467 2062 5504 eam
2099 5452 2252 5520 apud
2286 5451 2492 5504 illum:
2527 5454 2584 5503 et
2610 5447 2838 5503 sublata
2868 5452 2958 5501 est
2991 5443 3200 5499 mulier
3243 5442 3300 5495 in
3335 5441 3575 5494 domum

1933 5540 2274 5596 Pharaonis.
2301 5540 2512 5593 Abram
2548 5554 2676 5592 vero
2707 5537 2854 5591 bene
2880 5535 2967 5588 usi
2995 5539 3134 5588 sunt
3156 5533 3392 5602 propter
3413 5525 3576 5580 illam

1934 5630 2287 5700 fueruntque
2319 5630 2366 5683 ei
2404 5646 2538 5684 oves
2570 5634 2621 5682 et
2654 5627 2828 5682 boves
2878 5629 2935 5678 et
2989 5621 3140 5677 asini
3197 5625 3253 5674 et
3305 5617 3479 5684 servi,
3512 5621 3572 5673 et

1929 5719 2195 5789 famulae,
2254 5719 2452 5790 asinis,
2488 5723 2546 5776 et
2581 5716 2808 5775 cameli.
2843 5710 3184 5787 Flagellavit
3232 5713 3430 5769 autem
3461 5707 3580 5766 Do-
