4080 6186
392 308 497 366 211

1408 303 1468 357 8.
1508 298 1918 366 ΗΙΕΒΟΝΥΜΙ
1956 297 2213 353 DIVINA
2248 291 2749 350 BIBLIOTHECA.

3708 271 3816 329 312

399 435 600 495 minus
625 431 986 491 Pharaonem
1011 429 1203 504 plagis
1237 427 1528 495 maximis,
1554 431 1611 483 et
1632 427 1870 482 domum
1895 424 2046 495 ejus,
2078 422 2130 489 Α
2159 437 2351 477 verem
2376 423 2565 486 terrea,
2582 431 2782 473 semen
2807 424 3043 486 quoque
3059 412 3229 465 tuum
3247 417 3557 462 numerare
3578 398 3809 475 poterit.

402 530 641 601 propter
668 523 831 581 Sarai
863 536 1099 577 uxorem
1146 518 1386 574 Abram.
1420 517 1776 588 Vocavitque
1825 515 2048 571 Pharao

404 617 644 683 Abram,
676 620 734 670 et
766 612 909 667 dixit
938 610 1028 667 ei:
1068 609 1358 677 Quidnam
1392 613 1503 676 est,
1536 608 1687 678 quod
1726 603 1908 661 fecisti
1945 602 2052 657 mi-

407 706 467 761 hi
489 705 517 760 ?
540 720 719 777 quare
742 719 857 757 non
885 699 1155 755 indicasti
1180 699 1337 770 quod
1368 714 1511 753 uxor
1536 706 1631 752 tua
1652 699 1846 751 esset?
1867 695 2052 759 Quam

410 795 483 851 ob
514 809 773 859 causam,
806 790 1003 846 dixisti
1033 805 1162 845 esse
1190 805 1447 845 sororem
1480 792 1666 853 tuam,
1699 790 1758 839 ut
1789 781 2054 839 tollerem

408 900 536 941 eam
571 880 711 937 mihi
743 881 802 935 in
835 896 1075 936 uxorem
1100 880 1127 934 ?
1148 878 1313 933 Nunc
1344 876 1524 948 igitur
1546 891 1673 931 ecce
1696 875 1909 944 conjux
1931 877 2052 940 tua,
2078 883 2093 893 ‘

411 973 608 1043 accipe
656 986 808 1037 eam,
838 975 895 1025 et
950 970 1113 1024 vade.
1147 968 1540 1039 Praecepitque
1599 964 1823 1020 Pharao
1881 976 2058 1032 super

410 1064 629 1116 Abram
662 1059 834 1115 viris:
863 1064 921 1114 et
949 1059 1320 1114 deduxerunt
1348 1072 1509 1130 eum,
1532 1060 1592 1111 et
1613 1069 1849 1109 uxorem
1875 1050 2054 1116 illius,

410 1154 469 1207 et
495 1148 695 1205 omnia
719 1166 846 1221 qua
879 1147 1151 1206 habebat.

489 1238 573 1311 [B.
607 1238 758 1307 XIX,
794 1239 933 1309 Cap.
965 1236 1135 1308 XllI.]
1182 1235 1463 1291 Ascendit
1519 1250 1657 1307 ergo
1715 1231 1932 1288 Abram
1990 1228 2061 1284 de

414 1329 680 1402 IEgypto,
714 1328 842 1401 ipse
871 1331 928 1383 et
957 1343 1101 1383 uxor
1131 1327 1259 1398 ejus
1290 1331 1347 1381 et
1376 1324 1577 1380 omnia
1607 1341 1736 1396 quae
1782 1319 2062 1386 habebat,

416 1424 474 1475 et
503 1419 610 1475 Lot
639 1434 772 1474 cum
803 1434 890 1486 eo,
924 1418 994 1474 ad
1035 1414 1351 1472 australem
1404 1413 1659 1488 plagam.
1688 1414 1825 1469 Erat
1868 1414 2062 1466 autem

419 1507 581 1564 dives
610 1505 779 1563 valde
812 1511 830 1544 ί
865 1507 925 1562 in
974 1504 1346 1579 possessione
1394 1502 1619 1575 argenti
1669 1506 1726 1558 et
1775 1498 1922 1556 auri.
1957 1498 2064 1553 Re-

421 1612 747 1668 versusque
778 1599 867 1652 est
899 1611 1001 1668 per
1028 1594 1160 1662 iter,
1194 1610 1308 1666 quo
1337 1596 1596 1662 venerat,
1628 1609 1661 1647 a
1711 1588 1955 1645 meridie
2006 1587 2068 1642 in

423 1685 649 1754 Bethel,
682 1702 871 1756 usque
903 1684 974 1739 ad
1006 1682 1197 1739 locum
1231 1682 1331 1738 ubi
1362 1681 1526 1754 prius
1557 1680 1758 1736 ﬁxerat
1794 1678 2069 1756 taberna-

422 1748 806 1832 culumvinter
834 1772 1034 1828 Bethel
1058 1777 1115 1828 et
1147 1770 1305 1838 Ai,in
1340 1748 1466 1826 loco
1497 1769 1698 1826 altaris
1730 1768 1885 1842 quod
1918 1748 2067 1822 fece-

326 1882 329 1887 '
425 1869 517 1920 rat
545 1863 731 1937 prius,
763 1867 821 1919 et
850 1861 1136 1936 invocavit
1180 1861 1261 1917 ibi
1308 1877 1517 1916 nomen
1569 1858 1818 1916 Domini.
1852 1856 1960 1912 Sed
2013 1857 2068 1909 et

424 1954 530 2011 Lot
559 1956 661 2026 qui
692 1956 972 2008 eratcum
1002 1951 1241 2017 Abram,
1268 1950 1507 2004 fuerunt
1537 1964 1743 2020 greges
1773 1946 1991 2015 ovium,
2016 1946 2073 1998 et

422 2046 708 2106 armenta,
737 2046 795 2096 et
840 2038 1240 2097 tabernacula.
1284 2038 1400 2094 Nec
1444 2042 1671 2110 poterat
1719 2053 1818 2093 eos
1869 2048 2075 2105 capere

423 2139 600 2199 terra,
632 2135 698 2186 ut
725 2129 1060 2186 habitarent
1087 2127 1266 2184 simul
1291 2143 1304 2183 :
1337 2134 1462 2183 erat
1495 2127 1714 2199 quippe
1744 2123 2078 2181 susbtantia

426 2237 630 2278 eorum
658 2218 864 2289 multa,
888 2223 944 2274 et
969 2234 1085 2274 non
1110 2217 1359 2290 quibant
1380 2215 1644 2271 habitare
1666 2214 2073 2270 communiter.

428 2311 595 2368 Unde
624 2312 680 2365 et
703 2309 855 2364 facta
875 2311 965 2363 est
985 2307 1109 2363 rixa
1128 2306 1282 2362 inter
1303 2311 1564 2377 pastores
1589 2320 1833 2377 gregum
1863 2304 2077 2359 Abram

432 2405 490 2456 et
517 2399 640 2455 Lot.
676 2398 756 2454 Eo
787 2401 981 2453 autem
1041 2402 1302 2466 tempore
1357 2395 1724 2453 Chananeus
1761 2398 1819 2450 et
1877 2392 2080 2448 Phere-

434 2505 598 2544 meus
631 2486 975 2542 habitabant
1006 2485 1064 2540 in
1094 2489 1248 2540 terra
1302 2484 1423 2540 illa.
1460 2484 1610 2539 Dixit
1670 2500 1807 2555 ergo
1866 2484 2080 2538 Abram

435 2578 507 2635 ad
543 2577 675 2633 Lot.
706 2575 788 2631 Ne
817 2591 1040 2646 quaeso,
1071 2574 1432 2647 sitjurgium
1480 2575 1633 2629 inter
1680 2589 1772 2629 me
1811 2577 1868 2629 et
1915 2578 1993 2642 te,
2025 2575 2083 2627 et

437 2667 593 2723 inter
621 2670 884 2739 pastores
915 2680 1075 2720 meos
1106 2668 1163 2720 et
1192 2668 1424 2737 peteres
1462 2667 1634 2721 tuos:
1670 2664 1876 2718 fratres
1925 2662 2081 2718 enim

440 2772 666 2814 sumus.
699 2754 842 2811 Ecce
871 2753 1138 2810 universa
1185 2759 1339 2809 terra
1391 2770 1585 2809 coram
1632 2756 1690 2809 te
1720 2758 1846 2809 est:
1880 2753 2084 2808 recede

441 2862 475 2902 a
504 2860 617 2907 me,
641 2844 885 2901 obsecro
910 2859 924 2910 ;
949 2842 999 2898 si
1031 2844 1101 2899 ad
1135 2842 1435 2899 sinistram
1468 2843 1626 2910 ieris,
1651 2858 1757 2914 ego
1789 2843 2084 2897 dexteram

440 2926 687 2993 tenebo;
722 2924 769 2981 si
802 2929 867 2980 tu
898 2924 1199 2980 dexteram
1230 2923 1498 2995 elegeris,
1524 2940 1630 2996 ego
1661 2923 1731 2977 ad
1783 2922 2085 2978 sinistram

443 3029 705 3087 pergam.
739 3012 987 3068 Elevatis
1034 3013 1229 3083 itaque
1280 3013 1386 3067 Lot
1431 3011 1637 3079 oculis,
1668 3011 1813 3066 vidit
1857 3026 2088 3067 omnem

444 3102 597 3158 circa
623 3101 917 3174 regionem
938 3101 1233 3168 Jordanis,
1259 3117 1386 3172 quae
1411 3100 1682 3156 universa
1712 3099 2089 3172 irrigahatur,

2161 510 2349 582 Surge
2378 516 2436 565 et
2468 502 2807 580 perambula
2836 508 3051 557 terram
3099 497 3156 552 in
3203 492 3637 566 longitudinem
3668 492 3724 544 et
3755 488 3810 543 in

2162 578 2555 655 latitudunem
2580 610 2775 660 suam,
2800 591 2940 663 quia
2962 588 3068 644 tibi
3093 589 3340 643 daturus
3363 597 3496 639 sum
3517 596 3668 637 eam.
3695 578 3815 635 Mo-

2162 705 2303 744 vens
2336 688 2513 759 igitur
2564 684 2784 741 Abram
2840 675 3287 736 tabernaculum
3337 688 3540 739 suum,
3570 668 3732 725 venit
3758 672 3818 722 et

2165 776 2450 835 habitavit
2469 776 2641 845 juxta
2672 769 2992 827 convallem
3020 768 3257 829 Mamre,
3278 779 3406 834 quae
3425 765 3515 816 est
3543 760 3677 815 etin
3697 762 3816 814 He-

2167 869 2334 930 bron,
2364 863 2786 931 aedificavitque
2818 859 2895 914 ibi
2930 857 3114 913 altare
3150 854 3417 909 Domino.

2238 958 2326 1026 [T.
2358 955 2503 1021 V111,
2540 954 2599 1010 C.
2636 949 2862 1017 XXXII,
2898 946 3027 1018 Cap.
3062 942 3233 1014 XIV.]
3280 941 3522 997 Factum
3573 940 3663 994 est
3710 953 3820 992 au-

2165 1052 2282 1103 tem
2314 1045 2372 1100 in
2406 1044 2505 1100 illo
2536 1048 2820 1113 tempore,
2854 1041 2920 1093 ut
2952 1029 3290 1106 Amraphel,
3324 1046 3420 1085 rex
3450 1034 3733 1093 Sennaar,
3764 1029 3825 1081 et

2166 1134 2375 1192 Arioch
2410 1150 2508 1189 rex
2540 1131 2729 1198 Ponti,
2761 1132 2818 1184 et
2848 1122 3367 1186 Chodorlahomor,
3398 1132 3497 1174 rex
3542 1115 3824 1172 Elamita-

2170 1241 2320 1293 rum,
2353 1229 2411 1280 et
2438 1220 2685 1289 Thadal,
2719 1235 2819 1274 rex
2846 1214 3141 1279 Gentium,
3176 1209 3390 1266 inirent
3422 1204 3641 1262 bellum
3678 1220 3820 1260 con-

2170 1319 2262 1371 tra
2291 1319 2460 1381 Bara,
2495 1325 2690 1383 regem
2740 1306 3153 1369 Sodomorum,
3186 1303 3244 1356 et
3274 1304 3481 1356 contra
3507 1296 3705 1363 Bersa,
3730 1309 3825 1350 re-

2172 1421 2304 1478 gem
2336 1400 2694 1465 (iomorrhaa,
2718 1401 2776 1454 et
2806 1399 3011 1452 contra
3030 1388 3319 1456 Sennaab,
3345 1400 3544 1460 regem
3567 1383 3824 1453 Adams,

2174 1500 2233 1551 et
2253 1497 2456 1549 contra
2477 1488 2771 1554 Semeber,
2792 1499 2985 1555 regem
3006 1479 3264 1546 Seboim,
3291 1481 3607 1543 contraque
3629 1486 3826 1546 regem

2175 1581 2348 1649 Baiae,
2381 1581 2511 1653 ipsa
2560 1582 2649 1634 cst
2698 1577 2898 1648 Segor.
2932 1571 3151 1628 Omnes
3198 1567 3259 1624 hi
3308 1569 3708 1621 convenerunt
3765 1561 3827 1616 in

2175 1671 2385 1729 vallem
2409 1650 2775 1731 Silvestram,
2806 1680 2929 1736 quis
2963 1675 3120 1717 nunc
3151 1662 3241 1714 est
3271 1671 3432 1711 mare
3474 1650 3637 1708 salis.
3670 1651 3831 1706 Duo-

2181 1762 2370 1817 dccim
2423 1758 2582 1815 enim
2634 1755 2806 1812 annis
2855 1749 3178 1810 servierant
3219 1741 3742 1810 Chodorlahomor,
3773 1743 3834 1795 et

2158 1842 2353 1906 1tertio
2390 1847 2617 1903 decimo
2651 1860 2803 1900 anno
2832 1840 3206 1898 recesserunt
3235 1834 3307 1890 ab
3339 1849 3426 1889 eo.
3460 1831 3649 1905 Igitur
3671 1844 3831 1885 anno

2182 1936 2621 2013 quartodecimo
2649 1933 2811 1991 venit
2857 1925 3380 1993 Chodorlahomor,
3413 1925 3471 1978 et
3513 1935 3679 1992 reges
3732 1917 3835 1989 qui

2182 2009 2348 2086 erant
2377 2042 2509 2083 cum
2540 2041 2644 2081 eo:
2682 2021 3221 2096 percusseruntque
3250 2010 3539 2085 Raphaim
3569 2009 3630 2064 in
3667 2009 3838 2063 Asta-

2185 2118 2313 2175 roth
2344 2116 2634 2183 Carnaim,
2672 2117 2731 2168 et
2771 2109 2970 2167 Zuzim
3031 2122 3165 2162 cum
3226 2103 3310 2160 eis
3339 2103 3384 2171 ⁸,
3414 2106 3474 2157 et
3531 2099 3719 2155 Emim
3776 2096 3839 2152 in

2185 2209 2327 2264 Save
2357 2203 2733 2273 Cariathaim,
2764 2206 2821 2258 et
2877 2197 3188 2256 Horrhaeos
3226 2195 3288 2249 in
3340 2191 3645 2248 montibus
3691 2189 3838 2255 Seir,

2187 2313 2375 2370 usque
2398 2295 2470 2351 ad
2503 2291 2858 2364 campestria
2880 2290 3135 2350 Pharan,
3159 2301 3288 2357 qua:
3309 2287 3398 2340 est
3415 2282 3473 2337 in
3495 2278 3840 2337 solitudine.

2188 2368 2541 2456 Reversique
2568 2387 2730 2448 sunt,
2762 2386 2819 2438 et
2848 2381 3132 2435 venerunt
3162 2375 3233 2431 ad
3287 2373 3504 2429 fontem
3551 2368 3842 2440 Mesphat,

2187 2477 2315 2550 ipsa
2345 2481 2434 2532 est
2461 2475 2666 2541 Gades,
2696 2476 2757 2528 et
2787 2468 3205 2544 percusserunt
3254 2476 3491 2520 omnem
3540 2458 3841 2531 regionem

2190 2545 2666 2628 Amalecitarum,
2695 2563 2753 2617 et
2800 2555 3236 2615 Ammorhaaum
3279 2551 3381 2625 qui
3427 2547 3732 2605 habitabat
3778 2545 3841 2601 in

2187 2657 2412 2712 Asason
2459 2652 2734 2708 Thamar.
2798 2649 2869 2704 Et
2916 2645 3139 2718 egressi
3171 2647 3311 2700 sunt
3336 2657 3435 2697 rex
3454 2638 3844 2695 Sodomorum

2197 2749 2254 2801 et
2284 2760 2380 2799 rex
2414 2739 2770 2806 Gomorrhae,
2805 2751 3021 2808 rexque
3049 2734 3306 2799 Adamae,
3340 2734 3396 2786 et
3442 2744 3542 2783 rex
3588 2724 3845 2791 Seboim,

2197 2849 2302 2890 nec
2336 2848 2449 2888 non
2501 2836 2559 2886 et
2602 2846 2702 2884 rex
2750 2828 2918 2889 Baiae,
2946 2840 3073 2897 qua
3123 2826 3215 2878 est
3262 2821 3480 2893 Segor:
3513 2820 3572 2872 et
3622 2814 3846 2870 direxe-

2199 2927 2334 2978 runt
2362 2922 2543 2976 aciem
2596 2922 2800 2974 contra
2848 2931 2948 2971 eos
2996 2912 3056 2968 in
3107 2910 3259 2967 valle
3305 2904 3591 2971 Silvestri,
3624 2902 3851 2960 scilicet

2198 3013 2510 3067 adversum
2543 3004 3066 3072 Chodorlahomor,
3100 3014 3295 3073 regem
3346 2994 3758 3059 Elamitarum,
3789 2996 3852 3047 et

2202 3098 2449 3165 Thadal,
2486 3113 2678 3169 regem
2713 3095 3011 3157 Gentium,
3035 3095 3093 3148 et
3122 3086 3462 3160 Amraphel,
3487 3099 3681 3156 regem
3708 3085 3854 3137 Sen-

448 3171 761 3262 antequavm
793 3190 1155 3246 subverteret
1195 3171 1480 3245 Dominus
1511 3171 1833 3245 Sodomamr
1873 3193 1930 3243 et
1978 3189 2089 3245 Go-
2122 3172 2165 3240 C
2208 3207 2367 3255 naar,
2400 3193 2456 3244 et
2483 3185 2716 3250 Arioch,
2750 3199 2945 3255 regem
2990 3180 3199 3236 Ponti:
3235 3181 3488 3250 quatuor
3535 3188 3699 3245 reges
3745 3171 3854 3226 ad-

450 3280 773 3342 morrham,
805 3280 958 3335 sicut
989 3280 1297 3351 paradisus
1347 3280 1601 3345 Domini,
1627 3285 1685 3334 et
1733 3280 1887 3334 sicut
1929 3284 2093 3351 Egy-

452 3375 591 3442 ptus
623 3368 991 3423 venientibus
1019 3370 1077 3423 in
1101 3368 1302 3440 Segor.
1332 3368 1629 3440 Elegitque
1646 3368 1758 3424 sibi
1783 3369 1887 3423 Lot
1907 3368 2096 3441 regio-

454 3474 588 3514 nem
621 3456 775 3513 circa
802 3457 1143 3527 Jordanem,
1166 3463 1223 3513 et
1258 3464 1500 3514 recessit
1531 3459 1604 3513 ab
1635 3458 1893 3524 Oriente,
1943 3458 2095 3512 divi-

457 3547 628 3620 sique
660 3552 799 3601 sunt
829 3546 1176 3602 alterutrum
1209 3564 1242 3601 a
1272 3549 1448 3602 fratre
1498 3564 1626 3603 suo.
1659 3548 1875 3603 Abram
1927 3546 2097 3602 habi-

458 3638 603 3693 tavit
634 3636 691 3691 in
721 3640 878 3691 terra
908 3635 1200 3691 Chanaam
1229 3652 1241 3691 :
1274 3640 1376 3692 Lot
1420 3652 1554 3693 vero
1600 3642 1864 3692 moratus
1906 3642 1996 3692 est
2038 3635 2098 3689 in

457 3724 692 3798 oppidis
722 3740 851 3797 quae
881 3730 1050 3779 erant
1078 3724 1231 3779 circa
1260 3725 1604 3790 Jordanem,
1636 3729 1692 3780 et
1722 3725 2003 3780 habitavit
2042 3725 2100 3779 in

458 3814 749 3871 Sodomis.
787 3814 1059 3869 Homines
1091 3819 1283 3870 autem
1314 3815 1622 3870 Sodomitas
1653 3814 1894 3884 pessimi
1916 3818 2103 3884 erant,

460 3908 518 3961 et
548 3908 881 3976 peccatores
936 3920 1132 3959 coram
1179 3899 1480 3960 'Domino’
1513 3902 1711 3959 nimis.
1747 3904 1831 3974 [B.
1868 3904 1996 3973 XX,
2030 3908 2094 3961 C.

460 3993 688 4065 XXXl.]
710 3993 980 4065 Dixitque
1010 3992 1293 4048 Dominus
1324 3993 1396 4047 ad
1429 3994 1663 4060 Abram,
1690 3999 2000 4065 postquam
2024 3992 2105 4049 di-

460 4083 625 4139 visus
656 4088 747 4138 est
794 4088 894 4138 Lot
922 4082 994 4137 ab
1026 4099 1093 4138 eo
1119 4099 1132 4138 :
1163 4083 1311 4137 Leva
1359 4082 1558 4137 oculos
1611 4091 1761 4149 tuos,
1795 4087 1852 4137 et
1898 4084 2028 4137 vide
2075 4099 2109 4138 a

462 4171 588 4229 loco
620 4173 678 4228 in
707 4189 822 4244 quo
847 4189 1003 4228 nunc
1032 4188 1117 4238 es,
1137 4173 1206 4227 ad
1233 4170 1565 4242 aquilonem
1599 4178 1657 4226 et
1677 4173 1746 4227 ad
1775 4172 2107 4241 meridiem,

466 4263 539 4318 ad
589 4263 874 4319 orientem
923 4268 979 4318 et
1027 4263 1098 4317 ad
1146 4263 1522 4318 occidentem.
1567 4261 1811 4318 Omnem
1865 4267 2107 4336 terram,

465 4366 642 4422 quam
675 4350 1019 4422 conspiscis,
1046 4349 1155 4405 tibi
1185 4350 1334 4405 dabo
1364 4355 1421 4405 et
1450 4351 1662 4406 semini
1694 4356 1795 4406 tuo
1829 4368 2015 4424 usque
2049 4354 2110 4409 in

466 4440 916 4512 sempiternum.
945 4438 1292 4510 Faciamque
1323 4456 1522 4495 semen
1554 4445 1723 4496 tuum
1748 4441 2114 4514 sicutpulve-

2201 3295 2405 3335 versus
2463 3277 2746 3348 quinque.
2778 3271 2963 3327 Vallis
3011 3274 3206 3325 autem
3257 3264 3548 3321 Silvestris
3599 3260 3858 3316 habebat

2205 3354 2413 3442 puteos
2446 3364 2661 3420 multos
2688 3359 3016 3418 bituminis.
3054 3361 3257 3429 Itaque
3311 3371 3407 3410 rex
3465 3354 3853 3408 Sodomorum

2205 3437 2262 3514 et
2302 3453 2638 3513 Gomorrhae
2687 3457 2853 3524 terga
2893 3451 3211 3514 verterunt,
3246 3442 3701 3512 cecideruntque
3747 3437 3855 3509 ibi,

2208 3552 2266 3603 et
2287 3546 2388 3617 qui
2412 3544 2842 3610 remanserant,
2870 3539 3146 3611 fugerunt
3167 3535 3237 3590 ad
3263 3540 3547 3590 montem.
3571 3528 3866 3585 Tulerunt

2210 3641 2671 3701 autemomnem
2705 3627 3067 3685 subtantiam
3100 3625 3485 3682 Sodomorum
3517 3623 3574 3676 et
3612 3621 3863 3681 Gomor-

2211 3726 2352 3794 rhae,
2377 3729 2434 3779 et
2462 3722 2736 3777 universa
2768 3734 2899 3790 quae
2928 3715 2999 3772 ad
3035 3715 3232 3771 cibum
3267 3710 3586 3784 pertinent,
3612 3712 3671 3763 et
3699 3704 3867 3761 abie-

2212 3818 2386 3881 runt;
2421 3826 2647 3867 necnon
2693 3814 2750 3864 et
2782 3808 2888 3863 Lot
2935 3810 2994 3861 et
3043 3801 3441 3860 substantiam
3492 3799 3643 3869 ejus,
3675 3794 3868 3851 ﬁlium

2215 3902 2413 3959 fratris
2437 3900 2679 3963 Abram,
2710 3897 2808 3969 qui
2860 3894 3163 3950 habitabat
3207 3892 3266 3946 in
3314 3887 3609 3946 Sodomis.
3638 3886 3705 3941 Et
3735 3900 3873 3940 ecce

2217 4007 2372 4047 unus
2401 3988 2502 4061 qui
2533 3991 2819 4051 evaserat,
2854 3983 3146 4040 nuntiavit
3194 3982 3415 4036 Abram
3458 3974 3729 4038 Hebraeo,
3764 3973 3871 4045 qui

2217 4060 2523 4136 habitabat
2579 4076 2639 4131 in
2699 4073 2959 4131 convalle
3008 4072 3228 4127 Mamre
3288 4064 3637 4135 Amorrhaai,
3671 4060 3875 4117 fratris

2219 4169 2403 4234 Escol,
2433 4164 2489 4224 et
2519 4165 2715 4222 fratris
2745 4167 2957 4229 Amer;
2993 4161 3053 4216 hi
3085 4160 3241 4216 enim
3285 4158 3633 4231 pepigerant
3679 4150 3876 4208 foedus

2219 4276 2353 4317 cum
2386 4259 2625 4312 Abram.
2656 4254 2820 4321 Quod
2861 4267 2995 4308 cum
3049 4249 3311 4306 audisset
3356 4245 3599 4309 Abram,
3632 4245 3876 4313 captum

2220 4347 2490 4404 videlicet
2534 4346 2640 4400 Lot
2692 4345 2930 4398 fratrem
2982 4356 3177 4404 suum,
3211 4334 3545 4393 numeravit
3571 4329 3880 4402 expeditos

2219 4434 2566 4494 vernaculos
2596 4449 2734 4490 suos
2785 4434 3075 4486 trecentos
3116 4429 3313 4483 decem
3339 4430 3394 4481 et
3416 4428 3567 4490 octo,
3590 4425 3647 4477 et
3668 4434 3867 4492 perse-

467 4544 590 4585 rem
622 4535 786 4585 terra:
810 4548 824 4599 ;
850 4529 901 4585 si
932 4528 1067 4599 quis
1098 4534 1291 4601 potest
1320 4528 1630 4585 hominum
1655 4546 1964 4588 numerare
1996 4532 2125 4604 pul.
2151 4550 2198 4614 D
2230 4534 2403 4584 cutus
2434 4529 2522 4581 est
2545 4525 2568 4559 ‘
2595 4538 2695 4579 eos
2732 4536 2920 4592 usque
2952 4523 3093 4573 Dan.
3131 4517 3199 4572 Et
3229 4514 3430 4570 divisis
3475 4510 3672 4580 sociis,
3705 4506 3885 4563 irruit

555 4691 569 4725 ¹
608 4695 669 4745 1n
701 4690 985 4749 Hebraioa
1013 4691 1319 4763 vereritate
1350 4689 1663 4763 scribitur:
1697 4691 1895 4746 Abram
1936 4692 2121 4763 gravis

468 4767 832 4847 vehementer,
856 4762 971 4847 _h0c
1002 4760 1304 4847 θεῖ-βαρὺς.
1322 4758 1531 4847 aerisaut.
1586 4762 1771 4818 MART.

544 4866 609 4875 —
642 4839 822 4890 Vetus
856 4836 975 4890 haec
1010 4834 1177 4908 lectio
1200 4834 1334 4908 'est,
1368 4841 1427 4908 et,
1466 4834 1883 4908 Hieronymum
1918 4834 2118 4904 movit,

475 4907 755 4980 quomodo,
795 4909 1033 4980 potuerit
1089 4905 1464 4980 _(Abraham)_
1493 4905 1703 4980 exiens
1747 4906 1813 4980 de
1889 4909 2122 4980 Afgyrto

475 4976 652 5063 fuisse
702 4976 861 5063 dives
883 4976 1112 5063 valde?
1141 4980 1294 5047 Quod
1315 4976 1587 5063 solvitur,
1611 4978 1825 5048 inquit,
1860 4979 1962 5060 illa
2000 4976 2125 5033 Ἡβ-

483 5054 670 5107 braica
702 5050 941 5114 veritate,
978 5053 1038 5105 in
1067 5068 1190 5123 qua
1214 5049 1479 5123 scribitur
1525 5051 1732 5105 Abram
1781 5050 1972 5123 gravis
2019 5065 2121 5104 ve-

475 5123 797 5194 hementer,
829 5123 927 5181 hoc
950 5127 1048 5192 est,
1074 5118 1242 5196 βαρὺς
1269 5118 1476 5198 σφόδρα
1508 5161 1522 5175 .

550 5215 571 5249 ²
608 5216 666 5269 in
729 5213 1009 5268 Uetiraico
1070 5196 1662 5278 tantum—cst,ntm‘7
1712 5212 1839 5266 Deo.
1878 5210 1946 5264 Et
1999 5209 2125 5281 ipse

478 5285 652 5341 etiam
690 5286 921 5340 Hieron.
955 5288 1011 5339 in
1066 5284 1470 5354 Quaestionibus
1502 5282 1559 5337 in
1593 5282 1751 5337 hunc
1784 5284 1999 5344 locum,
2032 5298 2125 5354 sa-

479 5360 710 5430 perﬂue,
746 5357 954 5430 inquit,
990 5351 1165 5412 hic'z'n
1194 5357 1562 5430 Septuaginta
1591 5353 1993 5427 Interprctibus
2023 5351 2094 5407 ad
2104 5381 2127 5394 -

482 5427 661 5486 ditam
691 5438 791 5492 est.
814 5427 872 5484 in
906 5435 1216 5500 conspectu
1253 5427 1369 5483 Dei.

552 5502 692 5579 {ita
725 5506 856 5579 post
910 5495 1063 5556 LXX
1092 5501 1440 5579 Interpretes
1473 5540 1490 5566 ,
1521 5495 1943 5579 qui__legebant
1996 5505 2128 5579 ag:

486 5568 735 5656 bothem,
755 5572 812 5629 id
845 5579 1081 5656 ei‘t'gam
1110 5572 1209 5628 eis.
1243 5573 1305 5627 In
1349 5568 1750 5656 Quaestionibas
1800 5573 1994 5656 autem
2029 5568 2129 5652 Ife-

489 5644 655 5703 brt‘cz':
699 5638 912 5708 asserit
939 5647 1328 5718 Hieronymus
1356 5638 1605 5701 mediam
1656 5643 1910 5700 litteram
1953 5638 2132 5713 huius

2229 4686 2384 4743 vocis
2419 4702 2527 4740 non
2578 4698 2707 4738 esse
2734 4693 2774 4740 Π
2807 4678 2897 4743 he,
2943 4678 3043 4734 sed
3068 4689 3108 4737 Π
3141 4677 3283 4731 beth.
3307 4670 3707 4745 aclegendum
3735 4676 3881 4745 nnc;

2232 4739 2452 4825 bottom,
2483 4756 2539 4809 id
2572 4760 2680 4813 est.
2714 4751 2775 4808 in
2808 4739 2973 4808 Hom.
2998 4750 3091 4825 _Ita
3126 4752 3202 4825 ut
3220 4749 3352 4802 Hom
3387 4739 3479 4825 sit
3496 4739 3883 4825 nomemuloci

2232 4811 2451 4900 inquo,
2496 4811 2688 4882 Zuzim
2748 4821 3012 4896 percussi
3070 4821 3558 4888 suntaquatuor
3613 4811 3880 4883 regibus,

2234 4904 2416 4960 MART.

2304 4951 2794 5041 slvﬂicronymus
2841 4965 2923 5020 ait
2970 4965 3155 5029 Baem,
3189 4976 3285 5041 Ρνζο
3334 4975 3437 5041 ί1²⁴9
3485 4955 3679 5041 (LXX)
3718 4951 3889 5041 ἀίξῗῖ

2235 5055 2366 5101 rant
2398 5024 2510 5115 ait}...
2541 5024 2853 5115 αὐξοῖςλιοσ
2898 5045 2976 5115 est
3022 5024 3296 5115 sublimata,
3324 5024 3669 5103 putaverunt
3700 5024 3883 5115 sciri‘b'f‘

2234 5094 2953 5189 pernhe,ductitelementi
2988 5094 3383 5189 similitudine,
3410 5114 3682 5189 cuin.an
3740 5094 3887 5179 heth

2235 5169 2504 5258 Isé'n'ﬁiiim
2527 5189 2620 5240 sit.
2650 5185 2823 5258 Baem
2856 5196 3006 5258 enim
3034 5195 3155 5258 cum
3189 5195 3285 5249 per
3329 5169 3436 5232 tres
3482 5174 3694 5254 litteras
3714 5169 3889 5250 .scrif

2520 5239 2760 5312 mediam
2794 5255 2865 5309 he
2910 5253 3086 5325 habet,
3121 5239 3536 5325 interpretatur,
3568 5243 3625 5325 in
3677 5240 3762 5325 eis
3785 5256 3807 5302 ,'

2237 5313 2417 5388 hmani
2448 5313 2611 5400 heth,
2641 5338 2701 5384 ut
2731 5329 2792 5383 in
2818 5322 3106 5399 prasenti,
3139 5313 3319 5377 locum
3346 5317 3649 5391 signiﬁcat,
3685 5313 3744 5369 id
3781 5319 3895 5376 est,

2237 5405 2295 5460 in
2330 5407 2496 5458 Hom.

2308 5476 2330 5510 ‘
2360 5476 2421 5531 In
2455 5472 2687 5529 Hebraeo
2735 5468 3019 5526 hodierno
3067 5463 3319 5536 legimus
3372 5462 3499 5518 sine
3543 5451 3897 5536 pronomine

2240 5530 2409 5604 affixo
2436 5556 2499 5637 γε
2530 5556 2604 5610 'w
2631 5552 2792 5633 ιγτἾνἸ
2831 5530 3232 5610 ναίινάοριι“ἀι1
3262 5536 3393 5601 dan,
3426 5540 3485 5591 et
3515 5530 3891 5635 persecutus

2238 5642 2329 5698 est
2382 5622 2570 5709 usque
2623 5622 2768 5692 D'an.
2804 5631 2930 5691 LXX
2985 5631 3202 5696 autem,
3236 5628 3301 5683 ut
3356 5629 3413 5683 et
3460 5622 3899 5692 Hieronymus,
