4080 6186
238 379 349 437 213

1661 375 1877 430 LIBER
1915 371 2111 429 GENE
2119 377 2246 431 SIB.

3558 373 3664 430 2M

231 522 414 580 super
444 522 550 564 eos
580 509 794 575 nocte;
829 505 1243 580 percussitque
1284 519 1406 570 eos,
1457 507 1515 560 et
1562 504 1867 576 persecutu

1985 562 1987 567 τ
2027 521 2262 578 stantia.
2294 523 2378 578 Tu
2415 525 2610 577 autem
2647 521 2760 576 ibis
2791 521 3064 591 adpatres
3095 521 3227 574 tuos
3266 517 3323 572 in
3357 532 3519 590 pace,
3570 532 3662 574 ss-

242 605 332 654 est
362 614 469 653 eos
503 614 692 669 usque
722 599 910 663 Hoba,
945 613 1068 666 quae
1099 600 1189 650 est
1227 596 1300 650 ad
1351 594 1551 650 laevam
1602 591 1894 648 Damasci.

234 687 607 759 Reduxitque
636 703 876 742 omnem
926 686 1346 754 substantiam,
1379 689 1436 739 et
1487 684 1594 738 Lot
1655 682 1894 736 Iratrem

233 794 410 833 suum
466 793 605 832 cum
666 777 1004 832 substantia
1035 775 1220 831 illius.
1263 773 1542 830 mulieres
1571 787 1804 843 quoque
1835 774 1894 825 et

236 865 545 938 populum.
581 869 864 938 Egressus
903 871 992 921 est
1018 870 1215 920 autem
1260 881 1360 919 rex
1403 863 1789 919 Sodomorum
1832 859 1890 914 in

236 973 372 1012 oecu
384 972 553 1011 rsum
588 957 736 1026 ejus,
771 961 1083 1027 postquam
1119 969 1389 1010 reversus
1411 958 1499 1008 est
1521 969 1553 1006 ει
1573 955 1725 1006 caede
1746 949 1891 1004 Cho-

238 1045 693 1101 dorlahomoret
724 1061 927 1116 regum
978 1044 1077 1116 qui
1128 1060 1262 1099 cum
1313 1060 1380 1098 eo
1421 1046 1588 1098 erant
1637 1042 1694 1096 in
1740 1039 1888 1094 valle

232 1135 395 1200 Save,
430 1151 564 1206 quae
595 1139 683 1190 est
706 1133 874 1189 vallis
904 1133 1078 1205 regis.
1113 1137 1186 1186 At
1214 1149 1347 1188 vero
1384 1131 1885 1197 Melchisedeo,rex

233 1226 450 1291 Salem,
487 1225 791 1296 proferens
825 1238 1036 1295 panem
1068 1228 1126 1277 et
1149 1222 1353 1277 vinum
1398 1223 1545 1292 (erat
1593 1221 1747 1276 enim
1791 1235 1882 1274 sa-

227 1314 432 1370 cerdos
467 1314 567 1370 Dei
596 1311 915 1384 altissimi),
948 1311 1245 1368 benedixit
1274 1313 1349 1377 ei,
1382 1318 1436 1366 et
1480 1310 1592 1366 ait:
1641 1310 1880 1366 Benedi-

223 1409 354 1459 ctus
385 1403 608 1459 Abram
633 1402 748 1458 Deo
781 1400 1028 1469 excelso,
1062 1401 1164 1473 qui
1196 1400 1412 1458 creavit
1441 1399 1648 1456 cmlum
1680 1405 1737 1454 et
1763 1404 1878 1455 ter-

224 1511 379 1558 ram,
413 1499 475 1549 et
501 1493 850 1549 benedictus
882 1496 1035 1547 Deus
1067 1491 1352 1560 excelsus,
1386 1507 1499 1562 quo
1519 1493 1875 1562 protegente,

222 1582 430 1639 hostes
463 1582 523 1638 in
560 1583 836 1638 manibus
863 1581 981 1637 tuis
1013 1573 1168 1637 sunt.
1204 1581 1274 1636 Et.
1322 1579 1480 1636 dedit
1523 1579 1575 1635 ei
1617 1579 1874 1636 decimas

220 1689 287 1728 ex
308 1671 780 1729 omnibus.Dixit
801 1677 996 1727 autem
1020 1687 1118 1727 rex
1138 1670 1520 1726 Sodomorum
1538 1669 1608 1724 ad
1634 1669 1870 1724 Abram:

219 1766 299 1817 Da
331 1762 484 1817 mihi
517 1763 769 1830 animas,
801 1766 1008 1817 caetera
1037 1759 1316 1816 tolletibi.
1342 1759 1450 1824 Qui
1474 1759 1776 1831 respondit
1795 1758 1868 1814 ei:

2009 610 2212 681 pultus
2236 613 2293 666 in
2319 617 2622 668 senectute
2645 607 3209 666 bona.Generatione
3232 616 3422 662 autem
3450 611 3659 680 quarta

2005 705 2376 756 revertentur
2407 700 2520 755 huc
2547 718 2560 767 ;
2596 701 2846 755 necdum
2881 700 3036 755 enim
3064 697 3362 768 completas
3396 698 3658 752 suntini-

2005 789 2262 859 quitates
2293 788 2766 843 Amorrbaaorum
2803 804 2990 858 usque
3015 787 3082 842 ad
3111 802 3368 857 praesens
3392 792 3648 857 tempus-

2002 876 2147 931 Cum
2180 894 2318 948 ergo
2345 878 2724 932 occubuisset
2755 877 2864 945 sol,
2921 879 3072 931 facta
3118 881 3206 930 est
3255 875 3440 946 caligo
3489 881 3650 932 tene-

1997 965 2193 1031 brosa,
2226 972 2281 1022 et
2303 968 2576 1038 apparuit
2599 967 2869 1022 clibanus
2898 966 3151 1026 fumans.
3175 965 3476 1036 etlampas
3500 965 3650 1028 ignis

1997 1057 2293 1111 transiens
2322 1058 2472 1110 inter
2503 1056 2820 1110 divisiones
2856 1055 3005 1109 illas.
3045 1057 3104 1110 In
3149 1053 3242 1108 die
3280 1053 3380 1108 illo
3431 1056 3649 1126 pepigit

1994 1145 2280 1200 Dominus
2309 1163 2442 1200 cum
2481 1149 2697 1200 Abram
2736 1146 2943 1211 l'cedus,
2990 1143 3225 1198 dicens:
3279 1142 3496 1197 Semini
3541 1152 3639 1200 tuo

1993 1234 2143 1288 dabo
2174 1239 2390 1289 terram
2412 1235 2559 1289 hanc
2593 1253 2625 1290 a
2643 1234 2817 1288 ﬂuvio
2839 1232 3066 1304 [Egypti
3091 1248 3277 1303 usque
3299 1232 3370 1286 ad
3395 1231 3634 1288 ﬂuvium

1991 1338 2274 1394 magnum
2306 1323 2683 1395 Euphratem,
2719 1323 3351 1389 Cinaaos,etCenezreos
3390 1324 3447 1374 et
3493 1319 3636 1376 Ced-

1989 1417 2332 1477 monaeos,et
2359 1413 2675 1480 Etbazos,et
2697 1408 3349 1481 Hherezaaosﬁaphaim
3374 1425 3628 1481 quoque,

1987 1505 2044 1555 et
2073 1501 2462 1573 Amorrhaeos,
2497 1507 2554 1558 et
2581 1501 2960 1572 Chananaeos,
2990 1503 3048 1556 et
3078 1500 3434 1572 Gergeseos,
3467 1504 3525 1554 et
3541 1500 3634 1556 Je-

1984 1589 2235 1647 busaeos.

2055 1681 2144 1748 [T.
2178 1680 2245 1747 X,
2276 1683 2408 1753 Cap.
2442 1681 2609 1752 XVI.]
2639 1681 2825 1752 Igitur
2852 1678 3038 1746 Sarai,
3072 1693 3218 1734 uxor
3240 1678 3482 1745 Abram,
3505 1695 3620 1735 non

1981 1774 2264 1841 genuerat
2293 1770 2548 1838 liberos;
2583 1771 2683 1826 sed
2719 1770 2942 1825 habens
2981 1767 3253 1824 ancillam
3303 1769 3624 1841 Egyptiam

216 1852 362 1908 Ῑιθνο
397 1867 645 1907 manum
679 1867 869 1943 “198m
899 1852 969 1906 ad
1001 1851 1316 1907 Dominum
1351 1849 1534 1904 Deum
1551 1847 1870 1919 θιοθιευω,
1901 1877 1948 1943 Β
1983 1859 2220 1915 nomine
2268 1861 2434 1932 Agar,
2496 1860 2644 1914 dixit
2694 1857 2900 1914 marito
2951 1874 3092 1912 suo:
3147 1857 3287 1913 Ecce
3333 1857 3624 1914 conclusit

215 1956 623 2013 possessorem
657 1939 783 1996 coeli
825 1944 885 1996 et
913 1944 1098 2008 terra,
1131 1940 1282 2010 quod
1303 1957 1336 1995 ο.
1362 1939 1460 1995 ﬁlo
1479 1939 1870 2010 subtegminis

217 2047 407 2102 usque
441 2031 513 2086 ad
551 2029 859 2102 corrigiam
893 2029 1113 2099 caligas,
1149 2045 1262 2084 non
1288 2028 1572 2100 accipiam
1595 2044 1664 2084 ex
1685 2029 1870 2084 omni-

221 2121 330 2176 bus
359 2137 500 2191 qua
533 2124 639 2175 tua
669 2123 828 2185 sunt,
881 2135 952 2174 ne
1000 2118 1182 2185 dicas,
1232 2118 1351 2190 Ego
1401 2117 1578 2174 ditavi
1631 2118 1867 2190 Abram,

216 2210 479 2281 exceptis
513 2209 609 2264 bis
639 2225 767 2277 quis
800 2209 1475 2279 comederuntjuvenes,
1506 2213 1562 2264 et
1603 2209 1868 2280 partibus

212 2301 482 2355 vivorum
503 2299 605 2370 qui
628 2303 912 2353 venerunt
935 2313 1190 2367 mecum,
1215 2303 1390 2365 Aner,
1413 2297 1600 2363 Escol,
1621 2303 1679 2353 et
1696 2302 1871 2354 Mum-

217 2407 271 2445 re
300 2411 316 2456 ;
353 2389 455 2445 isti
489 2389 787 2459 accipient
821 2392 1016 2460 partes
1049 2404 1211 2442 suas.

278 2479 365 2552 [T-
404 2479 507 2545 IX,
541 2483 605 2534 Β.
639 2477 796 2546 χχι,
840 2477 900 2535 c.
950 2477 1206 2543 XXXIII,
1251 2476 1384 2548 Cap.
1432 2477 1580 2548 xv.)
1633 2477 1732 2533 His
1784 2479 1865 2533 ita

210 2569 558 2636 transactis,
594 2568 782 2623 factus
813 2573 903 2622 est
932 2583 1124 2622 sermo
1155 2567 1387 2623 Domini
1421 2569 1490 2622 ad
1520 2567 1733 2622 Abram
1769 2584 1872 2640 per

207 2659 530 2723 visionem,
565 2657 804 2714 dicens:
838 2656 964 2712 Noli
1015 2656 1245 2726 timere,
1289 2657 1526 2725 Abram,
1577 2672 1684 2728 ego
1735 2674 1870 2728 pro-

207 2751 391 2804 tector
419 2754 568 2802 tuus
589 2762 748 2816 sum,
780 2752 842 2801 et
860 2762 1079 2802 merces
1098 2750 1202 2801 tua
1221 2762 1434 2817 magna
1456 2745 1654 2802 nimis.
1683 2747 1868 2803 Dixit-

211 2854 321 2910 que
351 2839 606 2902 Abram,
643 2836 888 2891 Domine
920 2836 1095 2904 Deus,
1146 2835 1286 2907 quid
1321 2835 1492 2890 dabis
1540 2835 1684 2890 mihi
1708 2837 1735 2891 ‘I
1763 2853 1868 2908 ego

212 2929 423 2982 vadem
454 2927 685 2997 absque
717 2925 941 2992 liberis,
974 2931 1031 2980 et
1063 2924 1220 2980 filius
1241 2925 1634 2996 procuratoris
1655 2926 1869 2982 domus

215 3033 376 3083 meas,
413 3016 536 3071 iste
568 3013 892 3070 Damascus
925 3013 1162 3069 Eliezer.
1215 3014 1570 3086 Addiditque
1611 3015 1865 3070 Abram:

214 3104 353 3160 Mihi
387 3111 596 3160 autem
632 3121 746 3160 non
781 3103 989 3159 dedisti
1027 3119 1248 3170 semen,
1270 3108 1328 3159 et
1356 3119 1488 3159 ecce
1517 3103 1868 3160 vernaculus

213 3211 403 3262 meus,
441 3193 638 3249 haeres
663 3208 828 3249 meus
853 3193 982 3247 erit.
1018 3191 1347 3262 Statimque
1394 3209 1586 3248 sermo
1630 3193 1862 3248 Domini

210 3253 403 3341 Iactus
438 3289 535 3339 est
568 3283 640 3338 ad
693 3298 851 3351 eum,
911 3281 1132 3336 dicens.
1192 3253 1317 3336 Non
1367 3280 1478 3337 erit
1527 3280 1620 3336 hic
1677 3281 1861 3337 haeres
1895 3253 1938 3320 δ

210 3376 365 3440 tuus,
403 3373 513 3428 sed
542 3369 646 3442 qui
675 3371 1007 3442 egredietur
1037 3370 1108 3424 de
1141 3375 1305 3426 utero
1327 3374 1449 3440 tuo,
1473 3369 1666 3442 ipsum
1693 3369 1865 3426 babe-

209 3463 290 3519 bis
336 3462 671 3518 heredem.
731 3460 1058 3531 Eduxitque
1115 3475 1246 3514 eum
1292 3460 1467 3530 foras,
1526 3463 1584 3514 et
1613 3459 1693 3515 ait
1738 3459 1858 3514 illi:

208 3553 453 3626 Suspice
486 3550 726 3618 ccelum,
760 3555 817 3606 et
847 3565 1093 3606 numera
1120 3547 1342 3619 stellas,
1367 3549 1414 3604 si
1434 3549 1697 3621 potes.Et
1717 3549 1864 3604 dixit

207 3642 268 3697 ei.
320 3644 423 3697 Sic
471 3641 589 3697 erit
649 3655 854 3696 semen
907 3643 1099 3694 tuum.
1145 3638 1402 3694 Credidit
1457 3637 1776 3705 Domino‘,
1807 3642 1864 3694 et

208 3737 550 3803 reputatum
583 3733 674 3786 est
703 3729 785 3784 illi
817 3729 887 3785 ad
913 3727 1232 3799 justitiam.
1270 3727 1537 3800 Dixitque
1577 3727 1648 3782 ad
1689 3743 1859 3784 eum:

211 3822 317 3895 Ego
351 3821 658 3878 Dominus
684 3818 782 3891 qui
816 3818 986 3874 eduxi
1021 3823 1075 3873 te
1107 3819 1177 3873 de
1211 3817 1288 3872 Ur
1331 3816 1760 3885 Chaldaeorum,
1797 3821 1862 3874 ut

211 3913 408 3967 darem
447 3911 563 3966 tibi
585 3914 802 3965 terram
837 3907 1030 3975 istam,
1054 3911 1110 3962 et
1140 3905 1471 3979 possideres
1488 3922 1638 3962 eam.
1667 3906 1860 3962 Atille

212 4002 305 4056 ait:
330 4001 584 4056 Domine
604 3999 782 4065 Deus,
810 3998 965 4053 unde
985 3996 1135 4052 scire
1157 4012 1418 4068 possum,
1443 3996 1598 4068 quod
1622 4013 1858 4068 posses-

211 4107 387 4145 sor-us
430 4090 546 4145 sim
581 4103 710 4144 eam
743 4087 771 4142 ‘I
801 4091 869 4142 Et
895 4087 1258 4159 respondens
1299 4086 1604 4154 Dominus,
1655 4087 1854 4153 Sume,

211 4179 428 4252 inquit,
461 4176 611 4233 mihi
643 4193 874 4232 vaccam
910 4176 1219 4242 triennem,
1255 4180 1310 4230 et
1337 4192 1572 4246 capram
1604 4175 1854 4248 trimam,

209 4273 263 4322 et
302 4267 556 4322 arietem
587 4282 875 4321 annorum
899 4266 1098 4332 trium,
1124 4269 1410 4320 turturem
1435 4281 1670 4336 quoque
1693 4270 1750 4320 et
1766 4281 1855 4321 co-

210 4355 505 4413 lumbam.
542 4355 646 4420 Qui
680 4354 890 4411 tollens
923 4357 1196 4410 universa
1236 4355 1376 4422 haec,
1409 4355 1610 4410 divisit
1654 4371 1722 4410 ea
1755 4372 1855 4426 per

207 4447 496 4512 medium,
531 4451 591 4501 et
621 4450 902 4516 utrasque
933 4449 1128 4516 partes
1159 4448 1363 4500 contra
1393 4458 1454 4498 se
1503 4442 1853 4500 altrinsecus

205 4538 432 4610 posuit,
465 4551 600 4590 aves
633 4541 825 4591 autem
867 4551 982 4590 non
1032 4533 1246 4588 divisit.
1302 4533 1852 4605 Descenderunlque

1980 1965 2074 2004 me
2108 1949 2411 2018 Dominus,
2447 1965 2520 2004 ne
2550 1964 2812 2020 parerem
2851 1966 2864 2015 ;
2897 1947 3202 2018 ingredere
3233 1947 3300 2001 ad
3341 1945 3613 2003 ancillam

1978 2053 2193 2107 meam,
2222 2038 2271 2094 si
2303 2040 2447 2094 forte
2477 2038 2679 2094 saltem
2703 2053 2770 2094 ex
2793 2036 2890 2092 illa
2913 2035 3228 2108 suscipiam
3253 2035 3424 2092 filios.
3450 2037 3617 2093 Cum-

1978 2143 2090 2199 que
2117 2128 2214 2184 ille
2255 2128 2650 2200 acquiesceret
2679 2125 3037 2198 deprecanti,
3071 2124 3206 2180 tulit
3255 2129 3410 2196 Agar
3457 2126 3628 2198 Egy-

1978 2218 2158 2287 ptiam
2194 2216 2468 2272 ancillam
2522 2220 2857 2287 suam,post
2888 2231 3074 2270 annos
3104 2215 3304 2270 decem
3325 2231 3500 2286 quam
3523 2216 3628 2270 ba-

1979 2308 2164 2362 bitare
2196 2311 2488 2377 cmperant
2516 2305 2575 2360 in
2625 2311 2782 2360 terra
2836 2305 3136 2373 Chanaan,
3191 2309 3249 2359 et
3291 2304 3452 2359 dedit
3498 2321 3627 2360 eam

1977 2396 2098 2450 viro
2125 2413 2231 2450 suo
2265 2413 2524 2451 uxorem.
2558 2395 2666 2460 Qui
2701 2396 3002 2466 ingressus
3034 2399 3123 2448 est
3153 2393 3222 2448 ad
3255 2410 3380 2449 eam
3425 2396 3497 2448 At
3529 2393 3631 2448 illa

1978 2486 2318 2556 concepisse
2344 2501 2406 2540 se
2437 2484 2666 2555 videns,
2699 2484 2966 2554 despexit
2990 2483 3286 2537 dominam
3323 2499 3516 2538 suam.
3543 2483 3635 2538 Di-

1976 2575 2177 2646 xitque
2204 2575 2365 2631 Sarai
2400 2576 2470 2630 ad
2505 2576 2721 2630 Abram
2760 2590 2772 2628 :
2809 2573 3013 2644 Inique
3058 2571 3183 2643 agis
3243 2579 3444 2628 contra
3495 2589 3587 2628 me
3613 2591 3632 2628 :

1976 2682 2078 2736 ego
2093 2666 2222 2720 dedi
2243 2664 2515 2720 ancillam
2538 2681 2726 2719 meam
2752 2664 2808 2717 in
2834 2663 3028 2718 sinum
3050 2667 3240 2728 tuum,
3269 2678 3396 2733 qua:
3420 2662 3628 2718 videns

1977 2756 2130 2826 quod
2165 2755 2490 2826 conceperit
2531 2753 2827 2825 despectui
2864 2768 2953 2807 me
2985 2751 3162 2806 habet
3197 2752 3462 2822 :judicet
3517 2753 3628 2806 Do-

1980 2843 2182 2898 minus
2243 2843 2398 2898 inter
2429 2858 2519 2898 me
2552 2846 2607 2897 et
2654 2847 2730 2896 te.
2793 2841 2895 2896 Cui
2957 2840 3320 2910 respondens
3369 2841 3624 2897 Abram:

1976 2934 2144 3001 Ecce,
2176 2932 2276 2997 ait,
2309 2931 2523 2987 ancilla
2551 2937 2650 2986 tua
2682 2933 2738 2986 in
2771 2947 2950 2985 manu
2984 2934 3083 2984 tua
3115 2933 3226 2996 est,
3266 2934 3428 2983 utere
3458 2946 3526 2984 ea
3551 2934 3616 2984 ut

1976 3022 2139 3078 libet.
2172 3021 2481 3092 Afﬂigente
2539 3021 2722 3093 igitur
2768 3036 2896 3074 eam
2957 3017 3144 3082 Sarai,
3205 3019 3403 3088 fugam
3464 3017 3618 3074 iniit.

1975 3112 2237 3184 Cumque
2267 3112 2587 3166 invenisset
2609 3110 2768 3164 illam
2794 3107 3044 3179 angelus
3068 3107 3485 3177 Dominijuxta
3505 3109 3624 3162 lon-

1979 3206 2094 3256 tem
2131 3218 2295 3272 aquis
2327 3201 2386 3255 in
2414 3199 2750 3269 solitudine,
2783 3199 2880 3269 qui
2918 3199 3097 3270 [ναις.
3134 3197 3283 3269 qum]
3316 3201 3404 3252 est
3432 3195 3490 3251 in
3531 3195 3624 3252 via

1980 3292 2118 3361 Sur,
2152 3291 2298 3345 dixit
2330 3291 2401 3345 ad
2435 3289 2595 3344 illam
2629 3291 2670 3344 2:
2706 3293 2860 3360 Agar
2890 3286 3105 3342 ancilla
3137 3286 3323 3350 Sarai,
3357 3287 3511 3341 unde
3536 3303 3626 3342 ve-

1978 3379 2116 3435 nis?
2147 3384 2204 3434 et
2234 3396 2352 3451 quo
2381 3379 2592 3434 vadis?
2621 3394 2750 3449 quae
2795 3377 3137 3448 respondit:
3173 3377 3215 3430 A
3265 3375 3411 3430 facie
3461 3375 3622 3431 Sarai

1982 3469 2236 3524 dominae
2262 3484 2402 3524 meae
2421 3485 2527 3539 ego
2543 3467 2724 3538 fugio.
2741 3465 3015 3537 Dixitque
3029 3466 3078 3521 ei
3103 3463 3347 3537 angelus
3374 3465 3622 3520 Domini:

1981 3557 2289 3614 Revertere
2321 3558 2392 3612 ad
2456 3557 2756 3612 dominam
2815 3560 2996 3611 tuam.
3040 3559 3098 3610 et
3151 3552 3466 3610 humiliare
3513 3555 3624 3610 sub

1980 3663 2157 3702 manu
2191 3645 2398 3718 ipsius.
2427 3645 2490 3700 Et
2510 3660 2766 3700 rursum:
2791 3643 3204 3715 Multiplicans,
3233 3641 3446 3714 inquit,
3471 3643 3626 3698 mul-

1980 3735 2255 3808 tiplicabo
2289 3751 2487 3790 semen
2529 3737 2722 3801 tuum,
2772 3737 2827 3788 et
2887 3749 3003 3788 non
3053 3731 3461 3787 numerabitur
3504 3749 3620 3804 prae

1976 3824 2377 3880 multitudine.
2412 3827 2488 3878 Ac
2521 3823 2835 3895 deinceps:
2867 3823 3032 3889 Ecce,
3064 3821 3166 3887 ait,
3200 3819 3539 3892 concepisti,
3563 3825 3622 3875 et

1974 3915 2168 3987 paries
2200 3914 2427 3969 ﬁlium:
2461 3913 2816 3984 vocabisque
2849 3927 3061 3967 nomen
3093 3911 3220 3981 ejus
3267 3909 3498 3978 Ismael,
3549 3925 3615 3964 eo

1974 4004 2127 4076 quod
2162 4003 2415 4058 audierit
2445 4003 2729 4058 Dominus
2761 4001 3137 4057 afﬂictionem
3170 4003 3354 4054 tuam.
3384 3999 3487 4053 Hic
3509 3997 3620 4052 erit

1975 4095 2134 4150 ferus
2166 4095 2364 4161 homo,
2400 4110 2610 4150 manus
2637 4095 2765 4164 ejus
2793 4096 2995 4147 contra
3043 4105 3268 4155 omnes,
3303 4091 3360 4143 et
3403 4104 3617 4144 manus

1972 4185 2234 4239 omnium
2270 4189 2473 4238 contra
2519 4199 2676 4251 cum,
2725 4186 2782 4237 et
2821 4197 2850 4236 e
2910 4181 3146 4250 regione
3205 4177 3613 4232 universorum

1972 4273 2219 4327 fratrum
2256 4289 2497 4327 suorum
2532 4272 2670 4342 liget
2701 4267 3094 4324 tabernacula.
3129 4265 3368 4322 Vocavit
3419 4271 3614 4321 autem

1970 4378 2185 4418 nomen
2213 4360 2443 4416 Domini
2473 4360 2572 4432 qui
2607 4359 2962 4432 loquebatur
2990 4357 3061 4413 ad
3093 4373 3220 4412 eam
3245 4375 3263 4410 :
3294 4356 3400 4425 Tu,
3436 4355 3614 4426 Deus,

1970 4451 2066 4522 qui
2090 4451 2285 4506 vidisti
2322 4467 2431 4506 me.
2467 4449 2619 4505 Dixit
2666 4449 2858 4504 enim:
2895 4449 3160 4502 Profecto
3212 4445 3305 4500 hic
3336 4445 3451 4499 vidi
3506 4461 3612 4517 po-

1971 4540 2211 4598 steriora
2245 4539 2497 4595 videntis
2523 4557 2631 4594 me.
2659 4538 2935 4610 PrOptera
2954 4535 3266 4609 appellavit
3287 4541 3526 4607 puteum
3550 4534 3616 4589 il-

206 4627 479 4683 volucres
510 4641 689 4696 super
726 4625 1026 4694 cadavera,
1067 4628 1125 4678 et
1153 4623 1427 4695 abigebat
1475 4639 1571 4678 eas
1618 4624 1858 4681 Abram:
1890 4623 1938 4687 D
1968 4629 2112 4696 lum,
2148 4629 2394 4684 Puteum
2425 4629 2675 4684 viventis
2708 4633 2763 4683 et
2795 4627 3043 4682 videntis
3072 4640 3184 4680 me.
3211 4623 3342 4696 Ipse
3359 4623 3616 4680 estinter

200 4719 476 4787 Cumque
507 4713 592 4770 sol
617 4715 1008 4780 occumberet,
1031 4729 1206 4784 sopor
1228 4712 1398 4768 irruit
1418 4728 1597 4786 super
1615 4714 1854 4770 Abram.

205 4813 258 4861 et
291 4806 514 4861 horror
545 4819 793 4876 magnus
825 4807 880 4859 et
911 4802 1258 4858 tenebrosus
1287 4801 1505 4858 invasit
1550 4819 1707 4858 eum.
1758 4804 1855 4859 Di-

210 4904 301 4951 ctu
314 4910 503 4965 mque
535 4898 625 4949 est
649 4894 720 4948 ad
739 4909 896 4949 eum:
919 4891 1074 4948 Scito
1099 4908 1469 4964 praenoscens
1520 4893 1673 4964 quod
1701 4910 1858 4965 pere-

204 4987 454 5058 grinum
493 4983 759 5038 futurum
794 4982 870 5038 sit
897 4998 1093 5038 semen
1127 4987 1293 5036 tuum
1329 4981 1386 5036 in
1410 4986 1562 5038 terra
1589 4999 1701 5038 non
1728 5000 1858 5051 sua,

202 5082 260 5131 et
283 5072 612 5144 subjicient
634 5087 732 5128 eos
754 5070 1040 5140 servituti,
1056 5079 1110 5126 et
1131 5071 1394 5144 atﬂigent
1413 5072 1859 5144 quadringentis

202 5165 408 5220 annis.
434 5165 853 5218 Verumtamen
879 5166 1139 5235 gentem,
1166 5161 1259 5217 cui
1280 5161 1552 5217 servituri
1574 5167 1732 5226 sunt,
1753 5179 1858 5234 ego

202 5254 523 5324 judicabo,
556 5258 612 5306 et
646 5252 904 5323 posthinc
933 5250 1304 5323 egredientur
1333 5267 1466 5306 cum
1494 5268 1708 5324 magna
1728 5252 1865 5307 sub-

201 5380 392 5451 Syrus
445 5384 504 5451 et
536 5377 721 5451 Arabs
753 5377 810 5431 in
844 5375 967 5432 suis
997 5375 1430 5451 exemplaribus
1458 5376 1755 5451 Hebraicis
1776 5378 1859 5432 vi-

203 5447 425 5506 dentur
455 5450 674 5522 legisse
708 5461 924 5510 Dl'l'imt
961 5458 1126 5535 ἾἾἾῚἸ
1156 5447 1448 5520 vaiirdoph
1494 5449 1856 5514 ahharchcm,

207 5547 264 5596 et
295 5545 653 5611 persecutus
686 5545 776 5595 est
801 5545 928 5612 post
959 5555 1058 5594 eos
1089 5555 1271 5612 usque
1310 5538 1454 5612 Dan.
1507 5542 1620 5594 Aut
1651 5551 1859 5603 051111

211 5610 626 5684 caiirdcphem,
662 5619 725 5668 ut
755 5610 814 5666 III
845 5611 1112 5684 sequenti
1145 5610 1450 5684 versiculo.
1483 5615 1662 5667 MART.

279 5717 348 5727 -
376 5682 459 5742 lla
490 5693 549 5741 et
587 5689 646 5741 in
702 5683 980 5740 Hebraicis
1029 5684 1231 5755 Quaest.
1277 5682 1452 5755 legit,
1515 5700 1618 5740 nec
1663 5689 1859 5740 tamen

217 5760 392 5815 verba
419 5761 704 5816 admonet
733 5757 804 5813 de
831 5754 1113 5812 Hebraica
1152 5753 1442 5826 lectione,
1471 5771 1598 5827 quis
1647 5772 1861 5829 prono-

1967 4720 2151 4776 Cades
2181 4723 2237 4775 et
2268 4719 2472 4773 Barad.
2510 4718 2858 4790 Peperitque
2891 4718 3042 4786 Agar
3077 4714 3241 4769 Abrae
3276 4712 3486 4768 lilium:
3511 4713 3613 4785 qui

1964 4809 2186 4866 vocavit
2220 4825 2433 4865 nomen
2465 4808 2593 4879 ejus
2627 4806 2857 4862 Ismael.
2890 4803 3194 4876 Octoginta
3215 4807 3272 4858 et
3300 4819 3402 4858 sex
3433 4820 3614 4859 anno-

1967 4915 2098 4955 rum
2133 4902 2257 4954 erat
2289 4898 2524 4965 Abram,
2557 4897 2791 4968 quando
2832 4893 3059 4967 peperit
3106 4893 3158 4949 ei
3200 4895 3354 4965 Agar
3400 4893 3612 4949 Ismae-

1966 4987 2101 5044 lem.

2038 5079 2125 5149 [Β.
2161 5076 2332 5132 XXII.
2368 5077 2428 5131 Ο.
2460 5074 2710 5142 XXXIV,
2743 5077 2872 5145 Cap.
2904 5073 3108 5144 XVII.]
3141 5075 3458 5144 Postquam
3483 5088 3616 5127 vero

1970 5167 2296 5238 nonaginta
2325 5171 2382 5221 et
2416 5181 2618 5220 novem
2651 5179 2938 5220 annorum
2974 5177 3102 5218 esse
3133 5166 3403 5234 coeperat,
3437 5177 3616 5233 appa-

1971 5255 2092 5311 ruit
2122 5255 2172 5311 ei
2212 5255 2515 5322 Dominus,
2552 5255 2814 5324 dixitque
2846 5253 2914 5308 ad
2944 5268 3116 5307 eum:
3151 5252 3268 5324 Ego
3307 5255 3459 5306 Deus
3489 5267 3619 5305 om—

1971 5397 2103 5436 men
2139 5397 2229 5436 eos
2252 5380 2346 5436 hic
2378 5379 2486 5436 loci
2521 5397 2635 5435 non
2670 5379 2956 5448 agnoscit.

2045 5452 2277 5524 ‘Vulg.
2316 5493 2331 5520 ,
2390 5451 2631 5508 credidit
2691 5452 2891 5506 Abram
2949 5451 3053 5506 Deo
3099 5449 3332 5505 Hebraeo
3391 5447 3618 5503 dissen-

1970 5525 2175 5580 tiente.

2042 5613 2062 5646 ²
2089 5613 2270 5689 Addit
2301 5610 3003 5689 Vulgatusintergpresjn
3036 5611 3430 5689 desei'to.,quaa
3460 5608 3617 5689 varia

1969 5683 2142 5740 lectio
2173 5679 2555 5757 videtur,'pro
2588 5686 2645 5740 in
2701 5679 3023 5748 solitudine,
3081 5697 3148 5737 ex
3207 5679 3343 5734 libri
3401 5695 3502 5738 ora
3558 5681 3618 5738 in

1970 5761 2197 5815 textum
2226 5756 2476 5816 intrusa.
