  <div class='ocr_page' id='page_1' title='image "/cluster/home/n/w/nwhite01/storage/ocr_20150623/28/hvd.32044052824265/125.png"; bbox 0 0 4080 6186; ppageno 0'>
   <div class='ocr_carea' id='block_1_1' title="bbox 394 335 505 393">
    <p class='ocr_par' dir='ltr' id='par_1_1' title="bbox 394 335 505 393">
     <span class='ocr_line' id='line_1_1' title="bbox 394 335 505 393; baseline 0 -1"><span class='ocrx_word' id='word_1_1' title='bbox 394 335 505 393; x_wconf 79' lang='grc'><strong>215</strong></span> 
     </span>
    </p>
   </div>
   <div class='ocr_carea' id='block_1_2' title="bbox 1429 344 2767 401">
    <p class='ocr_par' dir='ltr' id='par_1_2' title="bbox 1429 344 2767 401">
     <span class='ocr_line' id='line_1_2' title="bbox 1429 344 2767 401; baseline -0.001 -2"><span class='ocrx_word' id='word_1_2' title='bbox 1429 347 1487 400; x_wconf 82' lang='grc'><strong>8.</strong></span> <span class='ocrx_word' id='word_1_3' title='bbox 1530 344 1933 401; x_wconf 80' lang='lat' dir='ltr'><strong>HIERONYMI</strong></span> <span class='ocrx_word' id='word_1_4' title='bbox 1970 347 2225 401; x_wconf 81' lang='lat' dir='ltr'><strong>DIVINA</strong></span> <span class='ocrx_word' id='word_1_5' title='bbox 2269 344 2767 400; x_wconf 84' lang='lat' dir='ltr'><strong>BIBLIOTHECA.</strong></span> 
     </span>
    </p>
   </div>
   <div class='ocr_carea' id='block_1_3' title="bbox 3699 335 3806 392">
    <p class='ocr_par' dir='ltr' id='par_1_3' title="bbox 3699 335 3806 392">
     <span class='ocr_line' id='line_1_3' title="bbox 3699 335 3806 392; baseline -0.019 0"><span class='ocrx_word' id='word_1_6' title='bbox 3699 335 3806 392; x_wconf 81' lang='grc'><strong>216</strong></span> 
     </span>
    </p>
   </div>
   <div class='ocr_carea' id='block_1_4' title="bbox 402 463 3802 545">
    <p class='ocr_par' dir='ltr' id='par_1_4' title="bbox 402 463 3802 545">
     <span class='ocr_line' id='line_1_4' title="bbox 402 463 3802 545; baseline -0.001 -23"><span class='ocrx_word' id='word_1_7' title='bbox 402 466 697 540; x_wconf 88' lang='lat' dir='ltr'><strong>nipotens,</strong></span> <span class='ocrx_word' id='word_1_8' title='bbox 733 469 972 526; x_wconf 89' lang='lat' dir='ltr'><strong>ambula</strong></span> <span class='ocrx_word' id='word_1_9' title='bbox 998 485 1190 526; x_wconf 89' lang='lat' dir='ltr'><strong>coram</strong></span> <span class='ocrx_word' id='word_1_10' title='bbox 1226 485 1340 538; x_wconf 92' lang='lat' dir='ltr'><strong>me,</strong></span> <span class='ocrx_word' id='word_1_11' title='bbox 1373 473 1430 526; x_wconf 90' lang='lat' dir='ltr'><strong>et</strong></span> <span class='ocrx_word' id='word_1_12' title='bbox 1459 475 1583 526; x_wconf 87' lang='lat' dir='ltr'><strong>esto</strong></span> <span class='ocrx_word' id='word_1_13' title='bbox 1617 473 1930 543; x_wconf 87' lang='lat' dir='ltr'><strong>perfectus.</strong></span> <span class='ocrx_word' id='word_1_14' title='bbox 1956 473 2051 529; x_wconf 88' lang='lat' dir='ltr'><strong>Po-</strong></span> <span class='ocrx_word' id='word_1_15' title='bbox 2080 473 2134 540; x_wconf 87' lang='grc' dir='ltr'><strong>Α</strong></span> <span class='ocrx_word' id='word_1_16' title='bbox 2166 472 2567 545; x_wconf 89' lang='lat' dir='ltr'><strong>paruitautem</strong></span> <span class='ocrx_word' id='word_1_17' title='bbox 2595 470 2644 526; x_wconf 90' lang='lat' dir='ltr'><strong>ei</strong></span> <span class='ocrx_word' id='word_1_18' title='bbox 2664 469 2947 526; x_wconf 82' lang='lat' dir='ltr'><strong>Dominus</strong></span> <span class='ocrx_word' id='word_1_19' title='bbox 2970 468 3027 524; x_wconf 91' lang='lat' dir='ltr'><strong>in</strong></span> <span class='ocrx_word' id='word_1_20' title='bbox 3053 467 3311 525; x_wconf 77' lang='lat' dir='ltr'><strong>convalle</strong></span> <span class='ocrx_word' id='word_1_21' title='bbox 3335 467 3556 523; x_wconf 81' lang='lat' dir='ltr'><strong>Mamre</strong></span> <span class='ocrx_word' id='word_1_22' title='bbox 3581 463 3802 521; x_wconf 80' lang='lat' dir='ltr'><strong>sedenti</strong></span> 
     </span>
    </p>
   </div>
   <div class='ocr_carea' id='block_1_5' title="bbox 408 559 2054 634">
    <p class='ocr_par' dir='ltr' id='par_1_5' title="bbox 408 559 2054 634">
     <span class='ocr_line' id='line_1_5' title="bbox 408 559 2054 634; baseline 0.003 -22"><span class='ocrx_word' id='word_1_23' title='bbox 408 573 664 630; x_wconf 79' lang='lat' dir='ltr'><strong>namque</strong></span> <span class='ocrx_word' id='word_1_24' title='bbox 688 561 874 615; x_wconf 78' lang='lat' dir='ltr'><strong>toedus</strong></span> <span class='ocrx_word' id='word_1_25' title='bbox 901 575 1092 614; x_wconf 90' lang='lat' dir='ltr'><strong>meum</strong></span> <span class='ocrx_word' id='word_1_26' title='bbox 1114 559 1267 614; x_wconf 88' lang='lat' dir='ltr'><strong>inter</strong></span> <span class='ocrx_word' id='word_1_27' title='bbox 1288 575 1380 615; x_wconf 86' lang='lat' dir='ltr'><strong>me</strong></span> <span class='ocrx_word' id='word_1_28' title='bbox 1399 565 1455 616; x_wconf 90' lang='lat' dir='ltr'><strong>et</strong></span> <span class='ocrx_word' id='word_1_29' title='bbox 1476 566 1550 626; x_wconf 88' lang='lat' dir='ltr'><strong>te,</strong></span> <span class='ocrx_word' id='word_1_30' title='bbox 1574 568 1634 632; x_wconf 7' lang='lat' dir='ltr'><strong>et}</strong></span> <span class='ocrx_word' id='word_1_31' title='bbox 1655 561 2054 634; x_wconf 82' lang='lat' dir='ltr'><strong>multiplicabo</strong></span> 
     </span>
    </p>
   </div>
   <div class='ocr_carea' id='block_1_6' title="bbox 411 648 2056 722">
    <p class='ocr_par' dir='ltr' id='par_1_6' title="bbox 411 648 2056 722">
     <span class='ocr_line' id='line_1_6' title="bbox 411 648 2056 722; baseline 0.002 -20"><span class='ocrx_word' id='word_1_32' title='bbox 411 651 468 703; x_wconf 91' lang='lat' dir='ltr'><strong>te</strong></span> <span class='ocrx_word' id='word_1_33' title='bbox 496 649 864 704; x_wconf 83' lang='lat' dir='ltr'><strong>vehementer</strong></span> <span class='ocrx_word' id='word_1_34' title='bbox 904 648 1102 704; x_wconf 91' lang='lat' dir='ltr'><strong>nimis.</strong></span> <span class='ocrx_word' id='word_1_35' title='bbox 1163 648 1386 704; x_wconf 85' lang='lat' dir='ltr'><strong>Cecidit</strong></span> <span class='ocrx_word' id='word_1_36' title='bbox 1443 651 1657 705; x_wconf 81' lang='lat' dir='ltr'><strong>Abram</strong></span> <span class='ocrx_word' id='word_1_37' title='bbox 1719 668 1940 722; x_wconf 91' lang='lat' dir='ltr'><strong>pronus</strong></span> <span class='ocrx_word' id='word_1_38' title='bbox 1997 651 2056 705; x_wconf 91' lang='lat' dir='ltr'><strong>in</strong></span> 
     </span>
    </p>
   </div>
   <div class='ocr_carea' id='block_1_7' title="bbox 413 735 2056 812">
    <p class='ocr_par' dir='ltr' id='par_1_7' title="bbox 413 735 2056 812">
     <span class='ocr_line' id='line_1_7' title="bbox 413 735 2056 812; baseline 0.002 -22"><span class='ocrx_word' id='word_1_39' title='bbox 413 735 644 792; x_wconf 79' lang='lat' dir='ltr'><strong>faciem.</strong></span> <span class='ocrx_word' id='word_1_40' title='bbox 678 737 945 808; x_wconf 81' lang='lat' dir='ltr'><strong>Dixitque</strong></span> <span class='ocrx_word' id='word_1_41' title='bbox 1002 738 1054 792; x_wconf 90' lang='lat' dir='ltr'><strong>ei</strong></span> <span class='ocrx_word' id='word_1_42' title='bbox 1110 739 1307 794; x_wconf 89' lang='lat' dir='ltr'><strong>Deus:</strong></span> <span class='ocrx_word' id='word_1_43' title='bbox 1354 740 1468 810; x_wconf 85' lang='lat' dir='ltr'><strong>Ego</strong></span> <span class='ocrx_word' id='word_1_44' title='bbox 1517 757 1676 806; x_wconf 86' lang='lat' dir='ltr'><strong>sum,</strong></span> <span class='ocrx_word' id='word_1_45' title='bbox 1720 746 1774 795; x_wconf 88' lang='lat' dir='ltr'><strong>et</strong></span> <span class='ocrx_word' id='word_1_46' title='bbox 1823 746 2056 812; x_wconf 89' lang='lat' dir='ltr'><strong>pactum</strong></span> 
     </span>
    </p>
   </div>
   <div class='ocr_carea' id='block_1_8' title="bbox 415 826 2059 901">
    <p class='ocr_par' dir='ltr' id='par_1_8' title="bbox 415 826 2059 901">
     <span class='ocr_line' id='line_1_8' title="bbox 415 826 2059 901; baseline 0.003 -22"><span class='ocrx_word' id='word_1_47' title='bbox 415 831 842 890; x_wconf 90' lang='lat' dir='ltr'><strong>meumtecum,</strong></span> <span class='ocrx_word' id='word_1_48' title='bbox 867 826 1095 897; x_wconf 84' lang='lat' dir='ltr'><strong>erisque</strong></span> <span class='ocrx_word' id='word_1_49' title='bbox 1121 828 1611 899; x_wconf 76' lang='lat' dir='ltr'><strong>patermultarum</strong></span> <span class='ocrx_word' id='word_1_50' title='bbox 1633 830 1917 901; x_wconf 90' lang='lat' dir='ltr'><strong>gentium.</strong></span> <span class='ocrx_word' id='word_1_51' title='bbox 1947 830 2059 886; x_wconf 87' lang='lat' dir='ltr'><strong>Nec</strong></span> 
     </span>
    </p>
   </div>
   <div class='ocr_carea' id='block_1_9' title="bbox 414 912 2054 991">
    <p class='ocr_par' dir='ltr' id='par_1_9' title="bbox 414 912 2054 991">
     <span class='ocr_line' id='line_1_9' title="bbox 414 912 2054 991; baseline 0.004 -23"><span class='ocrx_word' id='word_1_52' title='bbox 414 912 568 968; x_wconf 90' lang='lat' dir='ltr'><strong>ultra</strong></span> <span class='ocrx_word' id='word_1_53' title='bbox 597 914 901 969; x_wconf 80' lang='lat' dir='ltr'><strong>vocabitur</strong></span> <span class='ocrx_word' id='word_1_54' title='bbox 932 932 1144 971; x_wconf 85' lang='lat' dir='ltr'>nomen</span> <span class='ocrx_word' id='word_1_55' title='bbox 1177 922 1346 972; x_wconf 89' lang='lat' dir='ltr'><strong>tuum</strong></span> <span class='ocrx_word' id='word_1_56' title='bbox 1375 918 1612 983; x_wconf 82' lang='lat' dir='ltr'><strong>Abram,</strong></span> <span class='ocrx_word' id='word_1_57' title='bbox 1649 920 1749 974; x_wconf 89' lang='lat' dir='ltr'><strong>sed</strong></span> <span class='ocrx_word' id='word_1_58' title='bbox 1797 918 2054 991; x_wconf 88' lang='lat' dir='ltr'><strong>appella-</strong></span> 
     </span>
    </p>
   </div>
   <div class='ocr_carea' id='block_1_10' title="bbox 413 1002 2058 1081">
    <p class='ocr_par' dir='ltr' id='par_1_10' title="bbox 413 1002 2058 1081">
     <span class='ocr_line' id='line_1_10' title="bbox 413 1002 2058 1081; baseline 0.004 -25"><span class='ocrx_word' id='word_1_59' title='bbox 413 1002 571 1057; x_wconf 81' lang='lat' dir='ltr'><strong>baris</strong></span> <span class='ocrx_word' id='word_1_60' title='bbox 599 1003 921 1072; x_wconf 78' lang='lat' dir='ltr'><strong>Abraham,</strong></span> <span class='ocrx_word' id='word_1_61' title='bbox 957 1005 1094 1076; x_wconf 83' lang='lat' dir='ltr'><strong>quia</strong></span> <span class='ocrx_word' id='word_1_62' title='bbox 1147 1011 1367 1077; x_wconf 84' lang='lat' dir='ltr'><strong>patrem</strong></span> <span class='ocrx_word' id='word_1_63' title='bbox 1429 1007 1750 1062; x_wconf 88' lang='lat' dir='ltr'><strong>multarum</strong></span> <span class='ocrx_word' id='word_1_64' title='bbox 1795 1009 2058 1081; x_wconf 89' lang='lat' dir='ltr'><strong>gentium</strong></span> 
     </span>
    </p>
   </div>
   <div class='ocr_carea' id='block_1_11' title="bbox 415 1091 2057 1165">
    <p class='ocr_par' dir='ltr' id='par_1_11' title="bbox 415 1091 2057 1165">
     <span class='ocr_line' id='line_1_11' title="bbox 415 1091 2057 1165; baseline 0.004 -18"><span class='ocrx_word' id='word_1_65' title='bbox 415 1091 697 1147; x_wconf 88' lang='lat' dir='ltr'><strong>constitui</strong></span> <span class='ocrx_word' id='word_1_66' title='bbox 743 1098 820 1148; x_wconf 91' lang='lat' dir='ltr'><strong>te.</strong></span> <span class='ocrx_word' id='word_1_67' title='bbox 872 1095 1215 1165; x_wconf 85' lang='lat' dir='ltr'><strong>Faciamque</strong></span> <span class='ocrx_word' id='word_1_68' title='bbox 1259 1100 1314 1150; x_wconf 91' lang='lat' dir='ltr'><strong>te</strong></span> <span class='ocrx_word' id='word_1_69' title='bbox 1361 1112 1618 1152; x_wconf 86' lang='lat' dir='ltr'>crescere</span> <span class='ocrx_word' id='word_1_70' title='bbox 1666 1098 2057 1154; x_wconf 87' lang='lat' dir='ltr'><strong>vehementis-</strong></span> 
     </span>
    </p>
   </div>
   <div class='ocr_carea' id='block_1_12' title="bbox 413 1181 2061 1259">
    <p class='ocr_par' dir='ltr' id='par_1_12' title="bbox 413 1181 2061 1259">
     <span class='ocr_line' id='line_1_12' title="bbox 413 1181 2061 1259; baseline 0.005 -25"><span class='ocrx_word' id='word_1_71' title='bbox 413 1181 586 1246; x_wconf 84' lang='lat' dir='ltr'><strong>sime,</strong></span> <span class='ocrx_word' id='word_1_72' title='bbox 636 1186 693 1238; x_wconf 92' lang='lat' dir='ltr'><strong>et</strong></span> <span class='ocrx_word' id='word_1_73' title='bbox 735 1199 947 1253; x_wconf 87' lang='lat' dir='ltr'><strong>ponam</strong></span> <span class='ocrx_word' id='word_1_74' title='bbox 997 1187 1054 1240; x_wconf 88' lang='lat' dir='ltr'><strong>te</strong></span> <span class='ocrx_word' id='word_1_75' title='bbox 1095 1184 1152 1239; x_wconf 89' lang='lat' dir='ltr'><strong>in</strong></span> <span class='ocrx_word' id='word_1_76' title='bbox 1209 1185 1505 1256; x_wconf 78' lang='lat' dir='ltr'><strong>gentibus,</strong></span> <span class='ocrx_word' id='word_1_77' title='bbox 1559 1203 1842 1259; x_wconf 85' lang='lat' dir='ltr'><strong>regesque</strong></span> <span class='ocrx_word' id='word_1_78' title='bbox 1889 1203 1957 1242; x_wconf 88' lang='lat' dir='ltr'><strong>ex</strong></span> <span class='ocrx_word' id='word_1_79' title='bbox 2005 1191 2061 1242; x_wconf 92' lang='lat' dir='ltr'><strong>te</strong></span> 
     </span>
    </p>
   </div>
   <div class='ocr_carea' id='block_1_13' title="bbox 414 1271 2065 1346">
    <p class='ocr_par' dir='ltr' id='par_1_13' title="bbox 414 1271 2065 1346">
     <span class='ocr_line' id='line_1_13' title="bbox 414 1271 2065 1346; baseline 0.004 -21"><span class='ocrx_word' id='word_1_80' title='bbox 414 1271 804 1343; x_wconf 86' lang='lat' dir='ltr'><strong>egrediantur.</strong></span> <span class='ocrx_word' id='word_1_81' title='bbox 834 1273 904 1327; x_wconf 86' lang='lat' dir='ltr'><strong>Et</strong></span> <span class='ocrx_word' id='word_1_82' title='bbox 932 1277 1182 1329; x_wconf 82' lang='lat' dir='ltr'><strong>statuam</strong></span> <span class='ocrx_word' id='word_1_83' title='bbox 1211 1280 1443 1346; x_wconf 89' lang='lat' dir='ltr'><strong>pactum</strong></span> <span class='ocrx_word' id='word_1_84' title='bbox 1481 1292 1671 1331; x_wconf 90' lang='lat' dir='ltr'><strong>meum</strong></span> <span class='ocrx_word' id='word_1_85' title='bbox 1708 1277 1858 1331; x_wconf 88' lang='lat' dir='ltr'><strong>inter</strong></span> <span class='ocrx_word' id='word_1_86' title='bbox 1885 1293 1979 1332; x_wconf 93' lang='lat' dir='ltr'>me</span> <span class='ocrx_word' id='word_1_87' title='bbox 2008 1282 2065 1332; x_wconf 93' lang='lat' dir='ltr'><strong>et</strong></span> 
     </span>
    </p>
   </div>
   <div class='ocr_carea' id='block_1_14' title="bbox 417 1359 2063 1437">
    <p class='ocr_par' dir='ltr' id='par_1_14' title="bbox 417 1359 2063 1437">
     <span class='ocr_line' id='line_1_14' title="bbox 417 1359 2063 1437; baseline 0.006 -24"><span class='ocrx_word' id='word_1_88' title='bbox 417 1363 496 1427; x_wconf 90' lang='lat' dir='ltr'><strong>te,</strong></span> <span class='ocrx_word' id='word_1_89' title='bbox 529 1364 587 1415; x_wconf 85' lang='lat' dir='ltr'><strong>et</strong></span> <span class='ocrx_word' id='word_1_90' title='bbox 618 1359 773 1416; x_wconf 92' lang='lat' dir='ltr'><strong>inter</strong></span> <span class='ocrx_word' id='word_1_91' title='bbox 794 1377 994 1417; x_wconf 88' lang='lat' dir='ltr'><strong>semen</strong></span> <span class='ocrx_word' id='word_1_92' title='bbox 1024 1367 1193 1418; x_wconf 91' lang='lat' dir='ltr'><strong>tuum</strong></span> <span class='ocrx_word' id='word_1_93' title='bbox 1237 1369 1368 1435; x_wconf 86' lang='lat' dir='ltr'><strong>post</strong></span> <span class='ocrx_word' id='word_1_94' title='bbox 1392 1369 1448 1420; x_wconf 90' lang='lat' dir='ltr'><strong>te</strong></span> <span class='ocrx_word' id='word_1_95' title='bbox 1491 1366 1545 1418; x_wconf 91' lang='lat' dir='ltr'><strong>in</strong></span> <span class='ocrx_word' id='word_1_96' title='bbox 1589 1366 2063 1437; x_wconf 87' lang='lat' dir='ltr'><strong>generationibus</strong></span> 
     </span>
    </p>
   </div>
   <div class='ocr_carea' id='block_1_15' title="bbox 420 1448 2066 1524">
    <p class='ocr_par' dir='ltr' id='par_1_15' title="bbox 420 1448 2066 1524">
     <span class='ocr_line' id='line_1_15' title="bbox 420 1448 2066 1524; baseline 0.004 -22"><span class='ocrx_word' id='word_1_97' title='bbox 420 1448 817 1514; x_wconf 75' lang='lat' dir='ltr'><strong>suis,foedere</strong></span> <span class='ocrx_word' id='word_1_98' title='bbox 881 1453 1258 1520; x_wconf 88' lang='lat' dir='ltr'><strong>sempiterno,</strong></span> <span class='ocrx_word' id='word_1_99' title='bbox 1320 1458 1384 1508; x_wconf 88' lang='lat' dir='ltr'><strong>ut</strong></span> <span class='ocrx_word' id='word_1_100' title='bbox 1414 1453 1523 1507; x_wconf 92' lang='lat' dir='ltr'><strong>sim</strong></span> <span class='ocrx_word' id='word_1_101' title='bbox 1581 1458 1734 1510; x_wconf 91' lang='lat' dir='ltr'><strong>Deus</strong></span> <span class='ocrx_word' id='word_1_102' title='bbox 1791 1462 1948 1524; x_wconf 86' lang='lat' dir='ltr'><strong>tuus,</strong></span> <span class='ocrx_word' id='word_1_103' title='bbox 2007 1458 2066 1509; x_wconf 93' lang='lat' dir='ltr'><strong>et</strong></span> 
     </span>
    </p>
   </div>
   <div class='ocr_carea' id='block_1_16' title="bbox 423 1538 2065 1613">
    <p class='ocr_par' dir='ltr' id='par_1_16' title="bbox 423 1538 2065 1613">
     <span class='ocr_line' id='line_1_16' title="bbox 423 1538 2065 1613; baseline 0.006 -22"><span class='ocrx_word' id='word_1_104' title='bbox 423 1538 671 1594; x_wconf 89' lang='lat' dir='ltr'><strong>seminis</strong></span> <span class='ocrx_word' id='word_1_105' title='bbox 704 1540 784 1594; x_wconf 88' lang='lat' dir='ltr'><strong>tui</strong></span> <span class='ocrx_word' id='word_1_106' title='bbox 822 1544 956 1612; x_wconf 91' lang='lat' dir='ltr'><strong>post</strong></span> <span class='ocrx_word' id='word_1_107' title='bbox 995 1544 1071 1595; x_wconf 89' lang='lat' dir='ltr'><strong>te.</strong></span> <span class='ocrx_word' id='word_1_108' title='bbox 1130 1542 1401 1613; x_wconf 85' lang='lat' dir='ltr'><strong>Daboque</strong></span> <span class='ocrx_word' id='word_1_109' title='bbox 1449 1543 1552 1598; x_wconf 86' lang='lat' dir='ltr'><strong>tibi</strong></span> <span class='ocrx_word' id='word_1_110' title='bbox 1609 1548 1663 1599; x_wconf 91' lang='lat' dir='ltr'><strong>et</strong></span> <span class='ocrx_word' id='word_1_111' title='bbox 1712 1544 1919 1599; x_wconf 89' lang='lat' dir='ltr'><strong>semini</strong></span> <span class='ocrx_word' id='word_1_112' title='bbox 1965 1549 2065 1601; x_wconf 93' lang='lat' dir='ltr'><strong>tuo</strong></span> 
     </span>
    </p>
   </div>
   <div class='ocr_carea' id='block_1_17' title="bbox 425 1629 2065 1699">
    <p class='ocr_par' dir='ltr' id='par_1_17' title="bbox 425 1629 2065 1699">
     <span class='ocr_line' id='line_1_17' title="bbox 425 1629 2065 1699; baseline 0.006 -19"><span class='ocrx_word' id='word_1_113' title='bbox 425 1630 641 1682; x_wconf 90' lang='lat' dir='ltr'><strong>terram</strong></span> <span class='ocrx_word' id='word_1_114' title='bbox 703 1629 1190 1699; x_wconf 82' lang='lat' dir='ltr'><strong>peregrinationis</strong></span> <span class='ocrx_word' id='word_1_115' title='bbox 1230 1635 1348 1685; x_wconf 78' lang='lat' dir='ltr'><strong>tuae</strong></span> <span class='ocrx_word' id='word_1_116' title='bbox 1387 1647 1618 1686; x_wconf 83' lang='lat' dir='ltr'><strong>omnem</strong></span> <span class='ocrx_word' id='word_1_117' title='bbox 1665 1637 1877 1688; x_wconf 91' lang='lat' dir='ltr'><strong>terram</strong></span> <span class='ocrx_word' id='word_1_118' title='bbox 1919 1634 2065 1690; x_wconf 89' lang='lat' dir='ltr'><strong>Cha-</strong></span> 
     </span>
    </p>
   </div>
   <div class='ocr_carea' id='block_1_18' title="bbox 426 1717 2064 1792">
    <p class='ocr_par' dir='ltr' id='par_1_18' title="bbox 426 1717 2064 1792">
     <span class='ocr_line' id='line_1_18' title="bbox 426 1717 2064 1792; baseline 0.005 -21"><span class='ocrx_word' id='word_1_119' title='bbox 426 1733 577 1772; x_wconf 90' lang='lat' dir='ltr'><strong>naan</strong></span> <span class='ocrx_word' id='word_1_120' title='bbox 595 1717 652 1772; x_wconf 89' lang='lat' dir='ltr'><strong>in</strong></span> <span class='ocrx_word' id='word_1_121' title='bbox 670 1718 1102 1788; x_wconf 87' lang='lat' dir='ltr'><strong>possessionem</strong></span> <span class='ocrx_word' id='word_1_122' title='bbox 1121 1724 1421 1791; x_wconf 69' lang='lat' dir='ltr'><strong>aeternam,</strong></span> <span class='ocrx_word' id='word_1_123' title='bbox 1446 1737 1662 1792; x_wconf 90' lang='lat' dir='ltr'><strong>eroque</strong></span> <span class='ocrx_word' id='word_1_124' title='bbox 1680 1726 1828 1777; x_wconf 86' lang='lat' dir='ltr'><strong>Deus</strong></span> <span class='ocrx_word' id='word_1_125' title='bbox 1842 1739 2064 1780; x_wconf 92' lang='lat' dir='ltr'><strong>eorum.</strong></span> 
     </span>
    </p>
   </div>
   <div class='ocr_carea' id='block_1_19' title="bbox 425 1805 2146 1913">
    <p class='ocr_par' dir='ltr' id='par_1_19' title="bbox 425 1805 2146 1913">
     <span class='ocr_line' id='line_1_19' title="bbox 425 1805 2146 1913; baseline 0.005 -54"><span class='ocrx_word' id='word_1_126' title='bbox 425 1805 517 1876; x_wconf 84' lang='grc' dir='ltr'><strong>[Τ.</strong></span> <span class='ocrx_word' id='word_1_127' title='bbox 570 1807 696 1878; x_wconf 88' lang='grc' dir='ltr'><strong>ΧΙ.]</strong></span> <span class='ocrx_word' id='word_1_128' title='bbox 732 1806 882 1908; x_wconf 70' lang='lat' dir='ltr'><strong>Dixit</strong></span> <span class='ocrx_word' id='word_1_129' title='bbox 932 1807 1140 1862; x_wconf 88' lang='lat' dir='ltr'><strong>iterum</strong></span> <span class='ocrx_word' id='word_1_130' title='bbox 1197 1811 1342 1864; x_wconf 90' lang='lat' dir='ltr'><strong>Deus</strong></span> <span class='ocrx_word' id='word_1_131' title='bbox 1383 1811 1454 1865; x_wconf 91' lang='lat' dir='ltr'><strong>ad</strong></span> <span class='ocrx_word' id='word_1_132' title='bbox 1517 1811 1844 1867; x_wconf 75' lang='lat' dir='ltr'><strong>Abraham:</strong></span> <span class='ocrx_word' id='word_1_133' title='bbox 1879 1817 1946 1868; x_wconf 85' lang='lat' dir='ltr'><strong>Et</strong></span> <span class='ocrx_word' id='word_1_134' title='bbox 2001 1817 2062 1867; x_wconf 91' lang='lat' dir='ltr'><strong>tu</strong></span> <span class='ocrx_word' id='word_1_135' title='bbox 2100 1848 2146 1913; x_wconf 81' lang='grc' dir='ltr'><strong>Β</strong></span> 
     </span>
    </p>
   </div>
   <div class='ocr_carea' id='block_1_20' title="bbox 424 1895 2070 1974">
    <p class='ocr_par' dir='ltr' id='par_1_20' title="bbox 424 1895 2070 1974">
     <span class='ocr_line' id='line_1_20' title="bbox 424 1895 2070 1974; baseline 0.006 -26"><span class='ocrx_word' id='word_1_136' title='bbox 424 1909 562 1966; x_wconf 86' lang='lat' dir='ltr'><strong>ergo</strong></span> <span class='ocrx_word' id='word_1_137' title='bbox 595 1895 888 1951; x_wconf 87' lang='lat' dir='ltr'><strong>custodies</strong></span> <span class='ocrx_word' id='word_1_138' title='bbox 923 1901 1158 1968; x_wconf 91' lang='lat' dir='ltr'><strong>pactum</strong></span> <span class='ocrx_word' id='word_1_139' title='bbox 1191 1903 1475 1967; x_wconf 90' lang='lat' dir='ltr'><strong>meum,et</strong></span> <span class='ocrx_word' id='word_1_140' title='bbox 1507 1916 1708 1955; x_wconf 90' lang='lat' dir='ltr'><strong>semen</strong></span> <span class='ocrx_word' id='word_1_141' title='bbox 1739 1906 1904 1957; x_wconf 90' lang='lat' dir='ltr'><strong>tuum</strong></span> <span class='ocrx_word' id='word_1_142' title='bbox 1939 1919 2070 1974; x_wconf 86' lang='lat' dir='ltr'><strong>pos-</strong></span> 
     </span>
    </p>
   </div>
   <div class='ocr_carea' id='block_1_21' title="bbox 425 1983 2068 2062">
    <p class='ocr_par' dir='ltr' id='par_1_21' title="bbox 425 1983 2068 2062">
     <span class='ocr_line' id='line_1_21' title="bbox 425 1983 2068 2062; baseline 0.005 -23"><span class='ocrx_word' id='word_1_143' title='bbox 425 1988 482 2039; x_wconf 87' lang='lat' dir='ltr'><strong>te</strong></span> <span class='ocrx_word' id='word_1_144' title='bbox 513 1983 572 2038; x_wconf 90' lang='lat' dir='ltr'><strong>in</strong></span> <span class='ocrx_word' id='word_1_145' title='bbox 605 1986 1082 2057; x_wconf 88' lang='lat' dir='ltr'><strong>generationibus</strong></span> <span class='ocrx_word' id='word_1_146' title='bbox 1114 1988 1259 2043; x_wconf 87' lang='lat' dir='ltr'><strong>suis.</strong></span> <span class='ocrx_word' id='word_1_147' title='bbox 1293 1992 1409 2042; x_wconf 90' lang='lat' dir='ltr'><strong>Hoc</strong></span> <span class='ocrx_word' id='word_1_148' title='bbox 1448 1995 1538 2045; x_wconf 83' lang='lat' dir='ltr'><strong>est</strong></span> <span class='ocrx_word' id='word_1_149' title='bbox 1586 1996 1824 2062; x_wconf 89' lang='lat' dir='ltr'><strong>pactum</strong></span> <span class='ocrx_word' id='word_1_150' title='bbox 1873 2008 2068 2047; x_wconf 81' lang='lat' dir='ltr'><strong>meum</strong></span> 
     </span>
    </p>
   </div>
   <div class='ocr_carea' id='block_1_22' title="bbox 423 2074 2070 2148">
    <p class='ocr_par' dir='ltr' id='par_1_22' title="bbox 423 2074 2070 2148">
     <span class='ocr_line' id='line_1_22' title="bbox 423 2074 2070 2148; baseline 0.006 -21"><span class='ocrx_word' id='word_1_151' title='bbox 423 2074 580 2142; x_wconf 90' lang='lat' dir='ltr'><strong>quod</strong></span> <span class='ocrx_word' id='word_1_152' title='bbox 615 2074 1000 2133; x_wconf 89' lang='lat' dir='ltr'><strong>cbservabitis</strong></span> <span class='ocrx_word' id='word_1_153' title='bbox 1032 2075 1182 2132; x_wconf 89' lang='lat' dir='ltr'><strong>inter</strong></span> <span class='ocrx_word' id='word_1_154' title='bbox 1215 2093 1306 2134; x_wconf 90' lang='lat' dir='ltr'><strong>me</strong></span> <span class='ocrx_word' id='word_1_155' title='bbox 1338 2081 1396 2133; x_wconf 92' lang='lat' dir='ltr'><strong>et</strong></span> <span class='ocrx_word' id='word_1_156' title='bbox 1424 2094 1546 2148; x_wconf 76' lang='lat' dir='ltr'><strong>vos,</strong></span> <span class='ocrx_word' id='word_1_157' title='bbox 1581 2084 1639 2134; x_wconf 90' lang='lat' dir='ltr'><strong>et</strong></span> <span class='ocrx_word' id='word_1_158' title='bbox 1670 2096 1865 2136; x_wconf 90' lang='lat' dir='ltr'><strong>semen</strong></span> <span class='ocrx_word' id='word_1_159' title='bbox 1902 2086 2070 2137; x_wconf 88' lang='lat' dir='ltr'><strong>tuum</strong></span> 
     </span>
    </p>
   </div>
   <div class='ocr_carea' id='block_1_23' title="bbox 425 2166 2070 2241">
    <p class='ocr_par' dir='ltr' id='par_1_23' title="bbox 425 2166 2070 2241">
     <span class='ocr_line' id='line_1_23' title="bbox 425 2166 2070 2241; baseline 0.005 -21"><span class='ocrx_word' id='word_1_160' title='bbox 425 2168 561 2236; x_wconf 88' lang='lat' dir='ltr'><strong>post</strong></span> <span class='ocrx_word' id='word_1_161' title='bbox 590 2169 667 2220; x_wconf 89' lang='lat' dir='ltr'><strong>te.</strong></span> <span class='ocrx_word' id='word_1_162' title='bbox 715 2166 1180 2222; x_wconf 88' lang='lat' dir='ltr'><strong>Circumcidetur</strong></span> <span class='ocrx_word' id='word_1_163' title='bbox 1219 2168 1384 2223; x_wconf 88' lang='lat' dir='ltr'><strong>vobis</strong></span> <span class='ocrx_word' id='word_1_164' title='bbox 1435 2184 1606 2224; x_wconf 90' lang='lat' dir='ltr'><strong>omne</strong></span> <span class='ocrx_word' id='word_1_165' title='bbox 1651 2171 2070 2241; x_wconf 85' lang='lat' dir='ltr'><strong>masculinum,</strong></span> 
     </span>
    </p>
   </div>
   <div class='ocr_carea' id='block_1_24' title="bbox 424 2253 2071 2328">
    <p class='ocr_par' dir='ltr' id='par_1_24' title="bbox 424 2253 2071 2328">
     <span class='ocr_line' id='line_1_24' title="bbox 424 2253 2071 2328; baseline 0.005 -20"><span class='ocrx_word' id='word_1_166' title='bbox 424 2253 932 2312; x_wconf 90' lang='lat' dir='ltr'><strong>etcircumcidetis</strong></span> <span class='ocrx_word' id='word_1_167' title='bbox 953 2273 1185 2312; x_wconf 90' lang='lat' dir='ltr'><strong>carnem</strong></span> <span class='ocrx_word' id='word_1_168' title='bbox 1206 2259 1474 2328; x_wconf 61' lang='lat' dir='ltr'><strong>praeputii</strong></span> <span class='ocrx_word' id='word_1_169' title='bbox 1501 2259 1700 2327; x_wconf 89' lang='lat' dir='ltr'><strong>vestri,</strong></span> <span class='ocrx_word' id='word_1_170' title='bbox 1728 2264 1792 2314; x_wconf 91' lang='lat' dir='ltr'><strong>ut</strong></span> <span class='ocrx_word' id='word_1_171' title='bbox 1813 2261 1891 2315; x_wconf 89' lang='lat' dir='ltr'><strong>sit</strong></span> <span class='ocrx_word' id='word_1_172' title='bbox 1913 2262 1969 2317; x_wconf 91' lang='lat' dir='ltr'><strong>in</strong></span> <span class='ocrx_word' id='word_1_173' title='bbox 1994 2263 2071 2317; x_wconf 84' lang='lat' dir='ltr'><strong>si-</strong></span> 
     </span>
    </p>
   </div>
   <div class='ocr_carea' id='block_1_25' title="bbox 426 2343 2075 2413">
    <p class='ocr_par' dir='ltr' id='par_1_25' title="bbox 426 2343 2075 2413">
     <span class='ocr_line' id='line_1_25' title="bbox 426 2343 2075 2413; baseline 0.007 -17"><span class='ocrx_word' id='word_1_174' title='bbox 426 2359 603 2413; x_wconf 89' lang='lat' dir='ltr'><strong>gnum</strong></span> <span class='ocrx_word' id='word_1_175' title='bbox 637 2343 871 2400; x_wconf 70' lang='lat' dir='ltr'><strong>foederis</strong></span> <span class='ocrx_word' id='word_1_176' title='bbox 885 2346 1038 2401; x_wconf 92' lang='lat' dir='ltr'><strong>inter</strong></span> <span class='ocrx_word' id='word_1_177' title='bbox 1052 2361 1141 2401; x_wconf 77' lang='lat' dir='ltr'><strong>me</strong></span> <span class='ocrx_word' id='word_1_178' title='bbox 1159 2351 1347 2402; x_wconf 89' lang='lat' dir='ltr'><strong>etvos.</strong></span> <span class='ocrx_word' id='word_1_179' title='bbox 1366 2347 1561 2403; x_wconf 84' lang='lat' dir='ltr'><strong>Infans</strong></span> <span class='ocrx_word' id='word_1_180' title='bbox 1575 2353 1702 2404; x_wconf 92' lang='lat' dir='ltr'><strong>octo</strong></span> <span class='ocrx_word' id='word_1_181' title='bbox 1720 2350 1949 2406; x_wconf 90' lang='lat' dir='ltr'><strong>dierum</strong></span> <span class='ocrx_word' id='word_1_182' title='bbox 1967 2352 2075 2407; x_wconf 81' lang='lat' dir='ltr'><strong>cir-</strong></span> 
     </span>
    </p>
   </div>
   <div class='ocr_carea' id='block_1_26' title="bbox 428 2431 2075 2512">
    <p class='ocr_par' dir='ltr' id='par_1_26' title="bbox 428 2431 2075 2512">
     <span class='ocr_line' id='line_1_26' title="bbox 428 2431 2075 2512; baseline 0.007 -26"><span class='ocrx_word' id='word_1_183' title='bbox 428 2431 796 2488; x_wconf 90' lang='lat' dir='ltr'><strong>cumcidetur</strong></span> <span class='ocrx_word' id='word_1_184' title='bbox 813 2435 870 2488; x_wconf 93' lang='lat' dir='ltr'><strong>in</strong></span> <span class='ocrx_word' id='word_1_185' title='bbox 891 2433 1252 2505; x_wconf 88' lang='lat' dir='ltr'><strong>vobis,omne</strong></span> <span class='ocrx_word' id='word_1_186' title='bbox 1273 2437 1660 2493; x_wconf 83' lang='lat' dir='ltr'><strong>masculinum</strong></span> <span class='ocrx_word' id='word_1_187' title='bbox 1681 2438 1737 2494; x_wconf 94' lang='lat' dir='ltr'><strong>in</strong></span> <span class='ocrx_word' id='word_1_188' title='bbox 1753 2442 2075 2512; x_wconf 85' lang='lat' dir='ltr'><strong>generatio-</strong></span> 
     </span>
    </p>
   </div>
   <div class='ocr_carea' id='block_1_27' title="bbox 431 2519 2074 2599">
    <p class='ocr_par' dir='ltr' id='par_1_27' title="bbox 431 2519 2074 2599">
     <span class='ocr_line' id='line_1_27' title="bbox 431 2519 2074 2599; baseline 0.007 -23"><span class='ocrx_word' id='word_1_189' title='bbox 431 2519 608 2578; x_wconf 87' lang='lat' dir='ltr'><strong>nibus</strong></span> <span class='ocrx_word' id='word_1_190' title='bbox 638 2521 868 2590; x_wconf 86' lang='lat' dir='ltr'><strong>vestris,</strong></span> <span class='ocrx_word' id='word_1_191' title='bbox 893 2528 1009 2579; x_wconf 90' lang='lat' dir='ltr'><strong>tam</strong></span> <span class='ocrx_word' id='word_1_192' title='bbox 1027 2525 1585 2598; x_wconf 89' lang='lat' dir='ltr'><strong>vernaculus,quam</strong></span> <span class='ocrx_word' id='word_1_193' title='bbox 1618 2529 1922 2599; x_wconf 87' lang='lat' dir='ltr'><strong>emptitius</strong></span> <span class='ocrx_word' id='word_1_194' title='bbox 1957 2532 2074 2586; x_wconf 90' lang='lat' dir='ltr'><strong>cir-</strong></span> 
     </span>
    </p>
   </div>
   <div class='ocr_carea' id='block_1_28' title="bbox 431 2611 2077 2690">
    <p class='ocr_par' dir='ltr' id='par_1_28' title="bbox 431 2611 2077 2690">
     <span class='ocr_line' id='line_1_28' title="bbox 431 2611 2077 2690; baseline 0.006 -24"><span class='ocrx_word' id='word_1_195' title='bbox 431 2625 566 2667; x_wconf 90' lang='lat' dir='ltr'><strong>cum</strong></span> <span class='ocrx_word' id='word_1_196' title='bbox 581 2611 890 2679; x_wconf 90' lang='lat' dir='ltr'><strong>cidetur,et</strong></span> <span class='ocrx_word' id='word_1_197' title='bbox 929 2615 1266 2685; x_wconf 84' lang='lat' dir='ltr'><strong>quicunque</strong></span> <span class='ocrx_word' id='word_1_198' title='bbox 1280 2631 1394 2670; x_wconf 90' lang='lat' dir='ltr'><strong>non</strong></span> <span class='ocrx_word' id='word_1_199' title='bbox 1413 2615 1582 2671; x_wconf 88' lang='lat' dir='ltr'><strong>fuerit</strong></span> <span class='ocrx_word' id='word_1_200' title='bbox 1598 2617 1666 2672; x_wconf 92' lang='lat' dir='ltr'><strong>de</strong></span> <span class='ocrx_word' id='word_1_201' title='bbox 1680 2619 2077 2690; x_wconf 51' lang='lat' dir='ltr'><strong>stirpe‘vestra</strong></span> 
     </span>
    </p>
   </div>
   <div class='ocr_carea' id='block_1_29' title="bbox 432 2701 2076 2774">
    <p class='ocr_par' dir='ltr' id='par_1_29' title="bbox 432 2701 2076 2774">
     <span class='ocr_line' id='line_1_29' title="bbox 432 2701 2076 2774; baseline 0.006 -18"><span class='ocrx_word' id='word_1_202' title='bbox 432 2701 655 2772; x_wconf 82' lang='lat' dir='ltr'><strong>eritque</strong></span> <span class='ocrx_word' id='word_1_203' title='bbox 673 2705 906 2774; x_wconf 84' lang='lat' dir='ltr'><strong>pactum</strong></span> <span class='ocrx_word' id='word_1_204' title='bbox 934 2719 1127 2758; x_wconf 89' lang='lat' dir='ltr'><strong>meum</strong></span> <span class='ocrx_word' id='word_1_205' title='bbox 1153 2704 1209 2758; x_wconf 91' lang='lat' dir='ltr'><strong>in</strong></span> <span class='ocrx_word' id='word_1_206' title='bbox 1232 2720 1404 2759; x_wconf 90' lang='lat' dir='ltr'><strong>carne</strong></span> <span class='ocrx_word' id='word_1_207' title='bbox 1425 2708 1615 2760; x_wconf 85' lang='lat' dir='ltr'><strong>vestra</strong></span> <span class='ocrx_word' id='word_1_208' title='bbox 1638 2707 1695 2760; x_wconf 89' lang='lat' dir='ltr'><strong>in</strong></span> <span class='ocrx_word' id='word_1_209' title='bbox 1713 2707 1899 2764; x_wconf 79' lang='lat' dir='ltr'><strong>i‘cndus</strong></span> <span class='ocrx_word' id='word_1_210' title='bbox 1917 2713 2076 2765; x_wconf 69' lang='lat' dir='ltr'><strong>aeter-</strong></span> 
     </span>
    </p>
   </div>
   <div class='ocr_carea' id='block_1_30' title="bbox 434 2791 2078 2866">
    <p class='ocr_par' dir='ltr' id='par_1_30' title="bbox 434 2791 2078 2866">
     <span class='ocr_line' id='line_1_30' title="bbox 434 2791 2078 2866; baseline 0.007 -22"><span class='ocrx_word' id='word_1_211' title='bbox 434 2806 598 2846; x_wconf 90' lang='lat' dir='ltr'><strong>num.</strong></span> <span class='ocrx_word' id='word_1_212' title='bbox 636 2791 956 2859; x_wconf 87' lang='lat' dir='ltr'><strong>Masculus,</strong></span> <span class='ocrx_word' id='word_1_213' title='bbox 1006 2793 1176 2863; x_wconf 89' lang='lat' dir='ltr'><strong>cujus</strong></span> <span class='ocrx_word' id='word_1_214' title='bbox 1210 2794 1478 2866; x_wconf 78' lang='lat' dir='ltr'><strong>praeputii</strong></span> <span class='ocrx_word' id='word_1_215' title='bbox 1538 2811 1670 2850; x_wconf 88' lang='lat' dir='ltr'><strong>caro</strong></span> <span class='ocrx_word' id='word_1_216' title='bbox 1730 2796 2078 2855; x_wconf 90' lang='lat' dir='ltr'><strong>circumcisa</strong></span> 
     </span>
    </p>
   </div>
   <div class='ocr_carea' id='block_1_31' title="bbox 434 2880 2075 2957">
    <p class='ocr_par' dir='ltr' id='par_1_31' title="bbox 434 2880 2075 2957">
     <span class='ocr_line' id='line_1_31' title="bbox 434 2880 2075 2957; baseline 0.005 -23"><span class='ocrx_word' id='word_1_217' title='bbox 434 2895 550 2936; x_wconf 91' lang='lat' dir='ltr'><strong>non</strong></span> <span class='ocrx_word' id='word_1_218' title='bbox 591 2881 794 2948; x_wconf 79' lang='lat' dir='ltr'><strong>fuerit,</strong></span> <span class='ocrx_word' id='word_1_219' title='bbox 826 2880 1118 2937; x_wconf 83' lang='lat' dir='ltr'><strong>delabitur</strong></span> <span class='ocrx_word' id='word_1_220' title='bbox 1173 2883 1371 2938; x_wconf 89' lang='lat' dir='ltr'><strong>anima</strong></span> <span class='ocrx_word' id='word_1_221' title='bbox 1423 2882 1524 2938; x_wconf 90' lang='lat' dir='ltr'><strong>illa</strong></span> <span class='ocrx_word' id='word_1_222' title='bbox 1554 2886 1624 2939; x_wconf 90' lang='lat' dir='ltr'><strong>de</strong></span> <span class='ocrx_word' id='word_1_223' title='bbox 1685 2886 1898 2957; x_wconf 87' lang='lat' dir='ltr'><strong>popqu</strong></span> <span class='ocrx_word' id='word_1_224' title='bbox 1949 2904 2075 2956; x_wconf 90' lang='lat' dir='ltr'><strong>suo,</strong></span> 
     </span>
    </p>
   </div>
   <div class='ocr_carea' id='block_1_32' title="bbox 433 2970 2079 3046">
    <p class='ocr_par' dir='ltr' id='par_1_32' title="bbox 433 2970 2079 3046">
     <span class='ocr_line' id='line_1_32' title="bbox 433 2970 2079 3046; baseline 0.005 -23"><span class='ocrx_word' id='word_1_225' title='bbox 433 2970 572 3041; x_wconf 90' lang='lat' dir='ltr'><strong>quia</strong></span> <span class='ocrx_word' id='word_1_226' title='bbox 587 2974 818 3041; x_wconf 89' lang='lat' dir='ltr'><strong>pactum</strong></span> <span class='ocrx_word' id='word_1_227' title='bbox 848 2986 1041 3025; x_wconf 90' lang='lat' dir='ltr'><strong>meum</strong></span> <span class='ocrx_word' id='word_1_228' title='bbox 1069 2972 1295 3026; x_wconf 91' lang='lat' dir='ltr'><strong>irritum</strong></span> <span class='ocrx_word' id='word_1_229' title='bbox 1325 2973 1475 3028; x_wconf 76' lang='lat' dir='ltr'><strong>fecit.</strong></span> <span class='ocrx_word' id='word_1_230' title='bbox 1500 2973 1651 3029; x_wconf 87' lang='lat' dir='ltr'><strong>Dixit</strong></span> <span class='ocrx_word' id='word_1_231' title='bbox 1674 2991 1904 3046; x_wconf 78' lang='lat' dir='ltr'><strong>quoque</strong></span> <span class='ocrx_word' id='word_1_232' title='bbox 1930 2981 2079 3033; x_wconf 90' lang='lat' dir='ltr'><strong>Deus</strong></span> 
     </span>
    </p>
   </div>
   <div class='ocr_carea' id='block_1_33' title="bbox 435 3057 2080 3122">
    <p class='ocr_par' dir='ltr' id='par_1_33' title="bbox 435 3057 2080 3122">
     <span class='ocr_line' id='line_1_33' title="bbox 435 3057 2080 3122; baseline 0.004 -8"><span class='ocrx_word' id='word_1_233' title='bbox 435 3059 506 3114; x_wconf 92' lang='lat' dir='ltr'><strong>ad</strong></span> <span class='ocrx_word' id='word_1_234' title='bbox 550 3057 883 3114; x_wconf 80' lang='lat' dir='ltr'><strong>Abraham:</strong></span> <span class='ocrx_word' id='word_1_235' title='bbox 934 3059 1093 3114; x_wconf 85' lang='lat' dir='ltr'><strong>Sarai</strong></span> <span class='ocrx_word' id='word_1_236' title='bbox 1145 3077 1384 3116; x_wconf 86' lang='lat' dir='ltr'><strong>uxorem</strong></span> <span class='ocrx_word' id='word_1_237' title='bbox 1450 3069 1608 3116; x_wconf 81' lang='lat' dir='ltr'><strong>tuam</strong></span> <span class='ocrx_word' id='word_1_238' title='bbox 1674 3081 1784 3118; x_wconf 88' lang='lat' dir='ltr'><strong>non</strong></span> <span class='ocrx_word' id='word_1_239' title='bbox 1845 3067 2080 3122; x_wconf 87' lang='lat' dir='ltr'><strong>vocabis</strong></span> 
     </span>
    </p>
   </div>
   <div class='ocr_carea' id='block_1_34' title="bbox 435 3148 2078 3211">
    <p class='ocr_par' dir='ltr' id='par_1_34' title="bbox 435 3148 2078 3211">
     <span class='ocr_line' id='line_1_34' title="bbox 435 3148 2078 3211; baseline 0.005 -9"><span class='ocrx_word' id='word_1_240' title='bbox 435 3148 620 3211; x_wconf 87' lang='lat' dir='ltr'><strong>Sarai,</strong></span> <span class='ocrx_word' id='word_1_241' title='bbox 654 3149 754 3203; x_wconf 91' lang='lat' dir='ltr'><strong>sed</strong></span> <span class='ocrx_word' id='word_1_242' title='bbox 785 3153 1007 3204; x_wconf 89' lang='lat' dir='ltr'><strong>Saram.</strong></span> <span class='ocrx_word' id='word_1_243' title='bbox 1040 3153 1107 3205; x_wconf 81' lang='lat' dir='ltr'><strong>Et</strong></span> <span class='ocrx_word' id='word_1_244' title='bbox 1133 3151 1473 3206; x_wconf 91' lang='lat' dir='ltr'><strong>benedicam</strong></span> <span class='ocrx_word' id='word_1_245' title='bbox 1515 3152 1563 3206; x_wconf 91' lang='lat' dir='ltr'><strong>ei</strong></span> <span class='ocrx_word' id='word_1_246' title='bbox 1599 3160 1652 3206; x_wconf 86' lang='lat' dir='ltr'><strong>et</strong></span> <span class='ocrx_word' id='word_1_247' title='bbox 1682 3170 1748 3206; x_wconf 88' lang='lat' dir='ltr'><strong>ex</strong></span> <span class='ocrx_word' id='word_1_248' title='bbox 1779 3153 1881 3208; x_wconf 88' lang='lat' dir='ltr'><strong>illa</strong></span> <span class='ocrx_word' id='word_1_249' title='bbox 1929 3155 2078 3211; x_wconf 82' lang='lat' dir='ltr'><strong>dabo</strong></span> 
     </span>
    </p>
   </div>
   <div class='ocr_carea' id='block_1_35' title="bbox 441 3236 1609 3295">
    <p class='ocr_par' dir='ltr' id='par_1_35' title="bbox 441 3236 1609 3295">
     <span class='ocr_line' id='line_1_35' title="bbox 441 3236 1609 3295; baseline 0.003 -3"><span class='ocrx_word' id='word_1_250' title='bbox 441 3236 548 3292; x_wconf 89' lang='lat' dir='ltr'><strong>tibi</strong></span> <span class='ocrx_word' id='word_1_251' title='bbox 603 3237 788 3292; x_wconf 83' lang='lat' dir='ltr'><strong>filium</strong></span> <span class='ocrx_word' id='word_1_252' title='bbox 850 3237 942 3293; x_wconf 91' lang='lat' dir='ltr'><strong>cui</strong></span> <span class='ocrx_word' id='word_1_253' title='bbox 1003 3238 1421 3294; x_wconf 87' lang='lat' dir='ltr'><strong>benedicturus</strong></span> <span class='ocrx_word' id='word_1_254' title='bbox 1480 3256 1609 3295; x_wconf 89' lang='lat' dir='ltr'><strong>sum</strong></span> 
     </span>
    </p>
   </div>
   <div class='ocr_carea' id='block_1_36' title="bbox 445 3325 2085 3400">
    <p class='ocr_par' dir='ltr' id='par_1_36' title="bbox 445 3325 2085 3400">
     <span class='ocr_line' id='line_1_36' title="bbox 445 3325 2085 3400; baseline 0.005 -20"><span class='ocrx_word' id='word_1_255' title='bbox 445 3325 750 3394; x_wconf 89' lang='lat' dir='ltr'><strong>nationes,</strong></span> <span class='ocrx_word' id='word_1_256' title='bbox 801 3330 856 3382; x_wconf 88' lang='lat' dir='ltr'><strong>et</strong></span> <span class='ocrx_word' id='word_1_257' title='bbox 908 3343 1074 3399; x_wconf 89' lang='lat' dir='ltr'><strong>reges</strong></span> <span class='ocrx_word' id='word_1_258' title='bbox 1130 3328 1475 3400; x_wconf 85' lang='lat' dir='ltr'><strong>populorum</strong></span> <span class='ocrx_word' id='word_1_259' title='bbox 1537 3329 1800 3384; x_wconf 89' lang='lat' dir='ltr'><strong>orientur</strong></span> <span class='ocrx_word' id='word_1_260' title='bbox 1861 3349 1928 3387; x_wconf 87' lang='lat' dir='ltr'><strong>ex</strong></span> <span class='ocrx_word' id='word_1_261' title='bbox 1980 3349 2085 3388; x_wconf 92' lang='lat' dir='ltr'><strong>eo.</strong></span> 
     </span>
    </p>
   </div>
   <div class='ocr_carea' id='block_1_37' title="bbox 447 3415 2086 3486">
    <p class='ocr_par' dir='ltr' id='par_1_37' title="bbox 447 3415 2086 3486">
     <span class='ocr_line' id='line_1_37' title="bbox 447 3415 2086 3486; baseline 0.004 -17"><span class='ocrx_word' id='word_1_262' title='bbox 447 3415 665 3470; x_wconf 88' lang='lat' dir='ltr'><strong>Cecidit</strong></span> <span class='ocrx_word' id='word_1_263' title='bbox 720 3416 1014 3471; x_wconf 83' lang='lat' dir='ltr'><strong>Abraham</strong></span> <span class='ocrx_word' id='word_1_264' title='bbox 1061 3417 1120 3471; x_wconf 91' lang='lat' dir='ltr'><strong>in</strong></span> <span class='ocrx_word' id='word_1_265' title='bbox 1180 3417 1383 3472; x_wconf 82' lang='lat' dir='ltr'><strong>faciem</strong></span> <span class='ocrx_word' id='word_1_266' title='bbox 1435 3433 1626 3486; x_wconf 87' lang='lat' dir='ltr'><strong>suam,</strong></span> <span class='ocrx_word' id='word_1_267' title='bbox 1677 3421 1733 3472; x_wconf 90' lang='lat' dir='ltr'><strong>et</strong></span> <span class='ocrx_word' id='word_1_268' title='bbox 1791 3419 1941 3485; x_wconf 87' lang='lat' dir='ltr'><strong>risit,</strong></span> <span class='ocrx_word' id='word_1_269' title='bbox 2000 3420 2086 3476; x_wconf 89' lang='lat' dir='ltr'><strong>di-</strong></span> 
     </span>
    </p>
   </div>
   <div class='ocr_carea' id='block_1_38' title="bbox 449 3503 2089 3575">
    <p class='ocr_par' dir='ltr' id='par_1_38' title="bbox 449 3503 2089 3575">
     <span class='ocr_line' id='line_1_38' title="bbox 449 3503 2089 3575; baseline 0.003 -15"><span class='ocrx_word' id='word_1_270' title='bbox 449 3520 585 3560; x_wconf 89' lang='lat' dir='ltr'><strong>cens</strong></span> <span class='ocrx_word' id='word_1_271' title='bbox 615 3503 674 3558; x_wconf 89' lang='lat' dir='ltr'><strong>in</strong></span> <span class='ocrx_word' id='word_1_272' title='bbox 707 3505 877 3560; x_wconf 92' lang='lat' dir='ltr'><strong>corde</strong></span> <span class='ocrx_word' id='word_1_273' title='bbox 909 3522 1052 3560; x_wconf 88' lang='lat' dir='ltr'><strong>suo:</strong></span> <span class='ocrx_word' id='word_1_274' title='bbox 1093 3510 1371 3575; x_wconf 88' lang='lat' dir='ltr'><strong>Putasne,</strong></span> <span class='ocrx_word' id='word_1_275' title='bbox 1427 3507 1760 3561; x_wconf 83' lang='lat' dir='ltr'><strong>centenario</strong></span> <span class='ocrx_word' id='word_1_276' title='bbox 1814 3513 2089 3565; x_wconf 89' lang='lat' dir='ltr'><strong>nascetur</strong></span> 
     </span>
    </p>
   </div>
   <div class='ocr_carea' id='block_1_39' title="bbox 445 3593 2082 3670">
    <p class='ocr_par' dir='ltr' id='par_1_39' title="bbox 445 3593 2082 3670">
     <span class='ocr_line' id='line_1_39' title="bbox 445 3593 2082 3670; baseline 0.004 -22"><span class='ocrx_word' id='word_1_277' title='bbox 445 3593 654 3649; x_wconf 78' lang='lat' dir='ltr'><strong>ﬁlius?</strong></span> <span class='ocrx_word' id='word_1_278' title='bbox 685 3599 742 3650; x_wconf 88' lang='lat' dir='ltr'><strong>et</strong></span> <span class='ocrx_word' id='word_1_279' title='bbox 785 3595 926 3649; x_wconf 86' lang='lat' dir='ltr'><strong>Sara</strong></span> <span class='ocrx_word' id='word_1_280' title='bbox 973 3597 1368 3666; x_wconf 88' lang='lat' dir='ltr'><strong>nonagenaria</strong></span> <span class='ocrx_word' id='word_1_281' title='bbox 1418 3596 1651 3668; x_wconf 79' lang='lat' dir='ltr'><strong>pariet?</strong></span> <span class='ocrx_word' id='word_1_282' title='bbox 1699 3597 1965 3670; x_wconf 85' lang='lat' dir='ltr'><strong>Dixitque</strong></span> <span class='ocrx_word' id='word_1_283' title='bbox 2013 3600 2082 3654; x_wconf 87' lang='lat' dir='ltr'><strong>ad</strong></span> 
     </span>
    </p>
   </div>
   <div class='ocr_carea' id='block_1_40' title="bbox 446 3682 2087 3744">
    <p class='ocr_par' dir='ltr' id='par_1_40' title="bbox 446 3682 2087 3744">
     <span class='ocr_line' id='line_1_40' title="bbox 446 3682 2087 3744; baseline 0.005 -8"><span class='ocrx_word' id='word_1_284' title='bbox 446 3686 623 3738; x_wconf 91' lang='lat' dir='ltr'><strong>Deum</strong></span> <span class='ocrx_word' id='word_1_285' title='bbox 651 3699 665 3738; x_wconf 90' lang='lat'><strong>:</strong></span> <span class='ocrx_word' id='word_1_286' title='bbox 699 3682 933 3739; x_wconf 84' lang='lat' dir='ltr'><strong>Utinam</strong></span> <span class='ocrx_word' id='word_1_287' title='bbox 970 3683 1178 3738; x_wconf 89' lang='lat' dir='ltr'><strong>lsmael</strong></span> <span class='ocrx_word' id='word_1_288' title='bbox 1211 3683 1366 3739; x_wconf 82' lang='lat' dir='ltr'><strong>vivat</strong></span> <span class='ocrx_word' id='word_1_289' title='bbox 1395 3700 1589 3739; x_wconf 87' lang='lat' dir='ltr'><strong>coram</strong></span> <span class='ocrx_word' id='word_1_290' title='bbox 1619 3689 1698 3739; x_wconf 91' lang='lat' dir='ltr'><strong>te.</strong></span> <span class='ocrx_word' id='word_1_291' title='bbox 1735 3690 1799 3740; x_wconf 85' lang='lat' dir='ltr'><strong>Et</strong></span> <span class='ocrx_word' id='word_1_292' title='bbox 1839 3687 1918 3741; x_wconf 86' lang='lat' dir='ltr'><strong>ait</strong></span> <span class='ocrx_word' id='word_1_293' title='bbox 1940 3692 2087 3744; x_wconf 90' lang='lat' dir='ltr'><strong>Deus</strong></span> 
     </span>
    </p>
   </div>
   <div class='ocr_carea' id='block_1_41' title="bbox 445 3761 2083 3845">
    <p class='ocr_par' dir='ltr' id='par_1_41' title="bbox 445 3761 2083 3845">
     <span class='ocr_line' id='line_1_41' title="bbox 445 3761 2083 3845; baseline 0.003 -18"><span class='ocrx_word' id='word_1_294' title='bbox 445 3773 514 3827; x_wconf 90' lang='lat' dir='ltr'><strong>ad</strong></span> <span class='ocrx_word' id='word_1_295' title='bbox 549 3771 866 3828; x_wconf 80' lang='lat' dir='ltr'><strong>Abraham.</strong></span> <span class='ocrx_word' id='word_1_296' title='bbox 901 3772 1066 3840; x_wconf 88' lang='lat' dir='ltr'><strong>Sara,</strong></span> <span class='ocrx_word' id='word_1_297' title='bbox 1110 3790 1250 3828; x_wconf 89' lang='lat' dir='ltr'><strong>uxor</strong></span> <span class='ocrx_word' id='word_1_298' title='bbox 1291 3761 1412 3840; x_wconf 87' lang='lat' dir='ltr'><strong>tua,</strong></span> <span class='ocrx_word' id='word_1_299' title='bbox 1475 3775 1663 3845; x_wconf 89' lang='lat' dir='ltr'><strong>pariet</strong></span> <span class='ocrx_word' id='word_1_300' title='bbox 1716 3775 1821 3830; x_wconf 85' lang='lat' dir='ltr'><strong>tibi</strong></span> <span class='ocrx_word' id='word_1_301' title='bbox 1878 3775 2083 3844; x_wconf 77' lang='lat' dir='ltr'><strong>tilium,</strong></span> 
     </span>
    </p>
   </div>
   <div class='ocr_carea' id='block_1_42' title="bbox 443 3862 2083 3937">
    <p class='ocr_par' dir='ltr' id='par_1_42' title="bbox 443 3862 2083 3937">
     <span class='ocr_line' id='line_1_42' title="bbox 443 3862 2083 3937; baseline 0.005 -23"><span class='ocrx_word' id='word_1_302' title='bbox 443 3862 797 3933; x_wconf 88' lang='lat' dir='ltr'><strong>vocabisque</strong></span> <span class='ocrx_word' id='word_1_303' title='bbox 810 3878 1018 3918; x_wconf 89' lang='lat' dir='ltr'><strong>nomen</strong></span> <span class='ocrx_word' id='word_1_304' title='bbox 1043 3863 1172 3932; x_wconf 87' lang='lat' dir='ltr'><strong>ejus</strong></span> <span class='ocrx_word' id='word_1_305' title='bbox 1197 3864 1380 3930; x_wconf 87' lang='lat' dir='ltr'><strong>Isaac,</strong></span> <span class='ocrx_word' id='word_1_306' title='bbox 1401 3867 1457 3916; x_wconf 92' lang='lat' dir='ltr'><strong>et</strong></span> <span class='ocrx_word' id='word_1_307' title='bbox 1479 3864 1828 3919; x_wconf 82' lang='lat' dir='ltr'><strong>constituam</strong></span> <span class='ocrx_word' id='word_1_308' title='bbox 1850 3872 2083 3937; x_wconf 87' lang='lat' dir='ltr'><strong>pactum</strong></span> 
     </span>
    </p>
   </div>
   <div class='ocr_carea' id='block_1_43' title="bbox 447 3950 2088 4026">
    <p class='ocr_par' dir='ltr' id='par_1_43' title="bbox 447 3950 2088 4026">
     <span class='ocr_line' id='line_1_43' title="bbox 447 3950 2088 4026; baseline 0.003 -20"><span class='ocrx_word' id='word_1_309' title='bbox 447 3966 643 4006; x_wconf 92' lang='lat' dir='ltr'><strong>meum</strong></span> <span class='ocrx_word' id='word_1_310' title='bbox 671 3950 757 4005; x_wconf 87' lang='lat' dir='ltr'><strong>illi</strong></span> <span class='ocrx_word' id='word_1_311' title='bbox 788 3951 978 4006; x_wconf 81' lang='lat' dir='ltr'><strong>fcedus</strong></span> <span class='ocrx_word' id='word_1_312' title='bbox 1007 3951 1461 4022; x_wconf 87' lang='lat' dir='ltr'><strong>sempiternum,</strong></span> <span class='ocrx_word' id='word_1_313' title='bbox 1495 3957 1551 4007; x_wconf 91' lang='lat' dir='ltr'><strong>et</strong></span> <span class='ocrx_word' id='word_1_314' title='bbox 1571 3953 1783 4007; x_wconf 86' lang='lat' dir='ltr'><strong>semini</strong></span> <span class='ocrx_word' id='word_1_315' title='bbox 1809 3955 1933 4024; x_wconf 83' lang='lat' dir='ltr'><strong>ejus</strong></span> <span class='ocrx_word' id='word_1_316' title='bbox 1956 3961 2088 4026; x_wconf 89' lang='lat' dir='ltr'><strong>post</strong></span> 
     </span>
    </p>
   </div>
   <div class='ocr_carea' id='block_1_44' title="bbox 443 4039 2084 4113">
    <p class='ocr_par' dir='ltr' id='par_1_44' title="bbox 443 4039 2084 4113">
     <span class='ocr_line' id='line_1_44' title="bbox 443 4039 2084 4113; baseline 0.003 -18"><span class='ocrx_word' id='word_1_317' title='bbox 443 4055 598 4095; x_wconf 91' lang='lat' dir='ltr'><strong>eum.</strong></span> <span class='ocrx_word' id='word_1_318' title='bbox 631 4041 815 4111; x_wconf 86' lang='lat' dir='ltr'><strong>Super</strong></span> <span class='ocrx_word' id='word_1_319' title='bbox 845 4039 1054 4095; x_wconf 88' lang='lat' dir='ltr'><strong>Ismael</strong></span> <span class='ocrx_word' id='word_1_320' title='bbox 1087 4056 1315 4111; x_wconf 80' lang='lat' dir='ltr'><strong>quoque</strong></span> <span class='ocrx_word' id='word_1_321' title='bbox 1354 4041 1620 4096; x_wconf 87' lang='lat' dir='ltr'><strong>exaudivi</strong></span> <span class='ocrx_word' id='word_1_322' title='bbox 1675 4046 1730 4097; x_wconf 92' lang='lat' dir='ltr'><strong>te</strong></span> <span class='ocrx_word' id='word_1_323' title='bbox 1781 4059 1933 4113; x_wconf 87' lang='lat' dir='ltr'><strong>ecce,</strong></span> <span class='ocrx_word' id='word_1_324' title='bbox 1983 4045 2084 4100; x_wconf 91' lang='lat' dir='ltr'><strong>be-</strong></span> 
     </span>
    </p>
   </div>
   <div class='ocr_carea' id='block_1_45' title="bbox 444 4129 2081 4203">
    <p class='ocr_par' dir='ltr' id='par_1_45' title="bbox 444 4129 2081 4203">
     <span class='ocr_line' id='line_1_45' title="bbox 444 4129 2081 4203; baseline 0.004 -19"><span class='ocrx_word' id='word_1_325' title='bbox 444 4130 708 4185; x_wconf 76' lang='lat' dir='ltr'><strong>nedicam</strong></span> <span class='ocrx_word' id='word_1_326' title='bbox 745 4129 816 4196; x_wconf 93' lang='lat' dir='ltr'><strong>ei,</strong></span> <span class='ocrx_word' id='word_1_327' title='bbox 851 4133 907 4184; x_wconf 85' lang='lat' dir='ltr'><strong>et</strong></span> <span class='ocrx_word' id='word_1_328' title='bbox 937 4129 1182 4201; x_wconf 90' lang='lat' dir='ltr'><strong>augebo,</strong></span> <span class='ocrx_word' id='word_1_329' title='bbox 1217 4135 1272 4185; x_wconf 90' lang='lat' dir='ltr'><strong>et</strong></span> <span class='ocrx_word' id='word_1_330' title='bbox 1305 4129 1706 4202; x_wconf 88' lang='lat' dir='ltr'><strong>multiplicabo</strong></span> <span class='ocrx_word' id='word_1_331' title='bbox 1738 4148 1870 4187; x_wconf 89' lang='lat' dir='ltr'><strong>eum</strong></span> <span class='ocrx_word' id='word_1_332' title='bbox 1896 4132 2081 4203; x_wconf 84' lang='lat' dir='ltr'><strong>valde,</strong></span> 
     </span>
    </p>
   </div>
   <div class='ocr_carea' id='block_1_46' title="bbox 444 4219 2087 4293">
    <p class='ocr_par' dir='ltr' id='par_1_46' title="bbox 444 4219 2087 4293">
     <span class='ocr_line' id='line_1_46' title="bbox 444 4219 2087 4293; baseline 0.004 -21"><span class='ocrx_word' id='word_1_333' title='bbox 444 4219 753 4275; x_wconf 77' lang='lat' dir='ltr'><strong>duodecim</strong></span> <span class='ocrx_word' id='word_1_334' title='bbox 788 4220 966 4274; x_wconf 83' lang='lat' dir='ltr'><strong>duces</strong></span> <span class='ocrx_word' id='word_1_335' title='bbox 987 4220 1309 4292; x_wconf 82' lang='lat' dir='ltr'><strong>generabit,</strong></span> <span class='ocrx_word' id='word_1_336' title='bbox 1336 4225 1391 4276; x_wconf 90' lang='lat' dir='ltr'><strong>et</strong></span> <span class='ocrx_word' id='word_1_337' title='bbox 1419 4221 1622 4276; x_wconf 81' lang='lat' dir='ltr'><strong>iaciam</strong></span> <span class='ocrx_word' id='word_1_338' title='bbox 1659 4220 1823 4276; x_wconf 90' lang='lat' dir='ltr'><strong>illum</strong></span> <span class='ocrx_word' id='word_1_339' title='bbox 1857 4221 1914 4278; x_wconf 91' lang='lat' dir='ltr'><strong>in</strong></span> <span class='ocrx_word' id='word_1_340' title='bbox 1948 4239 2087 4293; x_wconf 85' lang='lat' dir='ltr'><strong>gen-</strong></span> 
     </span>
    </p>
   </div>
   <div class='ocr_carea' id='block_1_47' title="bbox 440 4309 2084 4384">
    <p class='ocr_par' dir='ltr' id='par_1_47' title="bbox 440 4309 2084 4384">
     <span class='ocr_line' id='line_1_47' title="bbox 440 4309 2084 4384; baseline 0.003 -21"><span class='ocrx_word' id='word_1_341' title='bbox 440 4312 557 4363; x_wconf 87' lang='lat' dir='ltr'><strong>tem</strong></span> <span class='ocrx_word' id='word_1_342' title='bbox 585 4325 880 4380; x_wconf 90' lang='lat' dir='ltr'><strong>magnam.</strong></span> <span class='ocrx_word' id='word_1_343' title='bbox 915 4309 1145 4365; x_wconf 85' lang='lat' dir='ltr'><strong>Pactum</strong></span> <span class='ocrx_word' id='word_1_344' title='bbox 1169 4325 1302 4365; x_wconf 89' lang='lat' dir='ltr'><strong>vero</strong></span> <span class='ocrx_word' id='word_1_345' title='bbox 1318 4325 1510 4366; x_wconf 91' lang='lat' dir='ltr'><strong>meum</strong></span> <span class='ocrx_word' id='word_1_346' title='bbox 1530 4313 1784 4366; x_wconf 88' lang='lat' dir='ltr'><strong>statuam</strong></span> <span class='ocrx_word' id='word_1_347' title='bbox 1805 4311 1872 4366; x_wconf 90' lang='lat' dir='ltr'><strong>ad</strong></span> <span class='ocrx_word' id='word_1_348' title='bbox 1901 4311 2084 4384; x_wconf 88' lang='lat' dir='ltr'><strong>Isaac,</strong></span> 
     </span>
    </p>
   </div>
   <div class='ocr_carea' id='block_1_48' title="bbox 443 4397 2082 4470">
    <p class='ocr_par' dir='ltr' id='par_1_48' title="bbox 443 4397 2082 4470">
     <span class='ocr_line' id='line_1_48' title="bbox 443 4397 2082 4470; baseline 0.004 -20"><span class='ocrx_word' id='word_1_349' title='bbox 443 4412 618 4468; x_wconf 78' lang='lat' dir='ltr'><strong>quam</strong></span> <span class='ocrx_word' id='word_1_350' title='bbox 651 4398 838 4468; x_wconf 88' lang='lat' dir='ltr'><strong>pariet</strong></span> <span class='ocrx_word' id='word_1_351' title='bbox 863 4397 970 4453; x_wconf 87' lang='lat' dir='ltr'><strong>tibi</strong></span> <span class='ocrx_word' id='word_1_352' title='bbox 1002 4397 1146 4453; x_wconf 89' lang='lat' dir='ltr'><strong>Sara</strong></span> <span class='ocrx_word' id='word_1_353' title='bbox 1171 4403 1435 4470; x_wconf 90' lang='lat' dir='ltr'><strong>tempore</strong></span> <span class='ocrx_word' id='word_1_354' title='bbox 1467 4399 1578 4454; x_wconf 91' lang='lat' dir='ltr'><strong>isto</strong></span> <span class='ocrx_word' id='word_1_355' title='bbox 1611 4399 1667 4453; x_wconf 91' lang='lat' dir='ltr'><strong>in</strong></span> <span class='ocrx_word' id='word_1_356' title='bbox 1693 4416 1846 4457; x_wconf 89' lang='lat' dir='ltr'><strong>anno</strong></span> <span class='ocrx_word' id='word_1_357' title='bbox 1880 4400 2082 4456; x_wconf 89' lang='lat' dir='ltr'><strong>altero.</strong></span> 
     </span>
    </p>
   </div>
   <div class='ocr_carea' id='block_1_49' title="bbox 441 4485 2082 4560">
    <p class='ocr_par' dir='ltr' id='par_1_49' title="bbox 441 4485 2082 4560">
     <span class='ocr_line' id='line_1_49' title="bbox 441 4485 2082 4560; baseline 0.004 -20"><span class='ocrx_word' id='word_1_358' title='bbox 441 4485 708 4558; x_wconf 85' lang='lat' dir='ltr'><strong>Cumque</strong></span> <span class='ocrx_word' id='word_1_359' title='bbox 756 4487 958 4542; x_wconf 82' lang='lat' dir='ltr'><strong>ﬁnitus</strong></span> <span class='ocrx_word' id='word_1_360' title='bbox 997 4491 1150 4543; x_wconf 88' lang='lat' dir='ltr'><strong>esset</strong></span> <span class='ocrx_word' id='word_1_361' title='bbox 1202 4505 1390 4543; x_wconf 81' lang='lat' dir='ltr'><strong>sermo</strong></span> <span class='ocrx_word' id='word_1_362' title='bbox 1447 4487 1736 4560; x_wconf 88' lang='lat' dir='ltr'><strong>loquentis</strong></span> <span class='ocrx_word' id='word_1_363' title='bbox 1799 4505 1932 4544; x_wconf 90' lang='lat' dir='ltr'><strong>eum</strong></span> <span class='ocrx_word' id='word_1_364' title='bbox 1994 4506 2082 4560; x_wconf 92' lang='lat' dir='ltr'><strong>eo,</strong></span> 
     </span>
    </p>
   </div>
   <div class='ocr_carea' id='block_1_50' title="bbox 2171 555 3804 631">
    <p class='ocr_par' dir='ltr' id='par_1_50' title="bbox 2171 555 3804 631">
     <span class='ocr_line' id='line_1_50' title="bbox 2171 555 3804 631; baseline -0.004 -16"><span class='ocrx_word' id='word_1_365' title='bbox 2171 563 2227 616; x_wconf 93' lang='lat' dir='ltr'><strong>in</strong></span> <span class='ocrx_word' id='word_1_366' title='bbox 2263 561 2413 617; x_wconf 84' lang='lat' dir='ltr'><strong>ostia</strong></span> <span class='ocrx_word' id='word_1_367' title='bbox 2443 559 2806 615; x_wconf 88' lang='lat' dir='ltr'><strong>tabernaculi</strong></span> <span class='ocrx_word' id='word_1_368' title='bbox 2841 560 2954 626; x_wconf 89' lang='lat' dir='ltr'><strong>sui,</strong></span> <span class='ocrx_word' id='word_1_369' title='bbox 2989 559 3048 613; x_wconf 92' lang='lat' dir='ltr'><strong>in</strong></span> <span class='ocrx_word' id='word_1_370' title='bbox 3082 559 3208 631; x_wconf 91' lang='lat' dir='ltr'><strong>ipso</strong></span> <span class='ocrx_word' id='word_1_371' title='bbox 3242 560 3464 614; x_wconf 82' lang='lat' dir='ltr'><strong>fervore</strong></span> <span class='ocrx_word' id='word_1_372' title='bbox 3494 555 3804 611; x_wconf 83' lang='lat' dir='ltr'><strong>diei.Cum-</strong></span> 
     </span>
    </p>
   </div>
   <div class='ocr_carea' id='block_1_51' title="bbox 2169 645 3808 722">
    <p class='ocr_par' dir='ltr' id='par_1_51' title="bbox 2169 645 3808 722">
     <span class='ocr_line' id='line_1_51' title="bbox 2169 645 3808 722; baseline -0.004 -17"><span class='ocrx_word' id='word_1_373' title='bbox 2169 667 2281 722; x_wconf 91' lang='lat' dir='ltr'><strong>que</strong></span> <span class='ocrx_word' id='word_1_374' title='bbox 2313 650 2596 705; x_wconf 90' lang='lat' dir='ltr'><strong>elevasset</strong></span> <span class='ocrx_word' id='word_1_375' title='bbox 2627 651 2850 714; x_wconf 86' lang='lat' dir='ltr'><strong>oculos,</strong></span> <span class='ocrx_word' id='word_1_376' title='bbox 2875 653 3275 721; x_wconf 87' lang='lat' dir='ltr'><strong>apparuerunt</strong></span> <span class='ocrx_word' id='word_1_377' title='bbox 3295 647 3346 703; x_wconf 89' lang='lat' dir='ltr'><strong>ei</strong></span> <span class='ocrx_word' id='word_1_378' title='bbox 3372 653 3490 702; x_wconf 90' lang='lat' dir='ltr'><strong>tres</strong></span> <span class='ocrx_word' id='word_1_379' title='bbox 3511 645 3617 700; x_wconf 89' lang='lat' dir='ltr'><strong>viri</strong></span> <span class='ocrx_word' id='word_1_380' title='bbox 3650 650 3808 699; x_wconf 88' lang='lat' dir='ltr'><strong>stan-</strong></span> 
     </span>
    </p>
   </div>
   <div class='ocr_carea' id='block_1_52' title="bbox 2169 735 3809 812">
    <p class='ocr_par' dir='ltr' id='par_1_52' title="bbox 2169 735 3809 812">
     <span class='ocr_line' id='line_1_52' title="bbox 2169 735 3809 812; baseline -0.004 -18"><span class='ocrx_word' id='word_1_381' title='bbox 2169 745 2257 795; x_wconf 92' lang='lat' dir='ltr'><strong>tes</strong></span> <span class='ocrx_word' id='word_1_382' title='bbox 2292 745 2527 810; x_wconf 86' lang='lat' dir='ltr'><strong>propter</strong></span> <span class='ocrx_word' id='word_1_383' title='bbox 2560 740 2742 812; x_wconf 83' lang='lat' dir='ltr'><strong>[Vulg.</strong></span> <span class='ocrx_word' id='word_1_384' title='bbox 2775 737 2973 811; x_wconf 89' lang='lat' dir='ltr'><strong>prope]</strong></span> <span class='ocrx_word' id='word_1_385' title='bbox 3025 754 3184 804; x_wconf 88' lang='lat' dir='ltr'><strong>cum,</strong></span> <span class='ocrx_word' id='word_1_386' title='bbox 3217 754 3365 809; x_wconf 88' lang='lat' dir='ltr'><strong>quos</strong></span> <span class='ocrx_word' id='word_1_387' title='bbox 3387 752 3517 791; x_wconf 92' lang='lat' dir='ltr'><strong>cum</strong></span> <span class='ocrx_word' id='word_1_388' title='bbox 3542 735 3809 798; x_wconf 88' lang='lat' dir='ltr'><strong>vidisset,</strong></span> 
     </span>
    </p>
   </div>
   <div class='ocr_carea' id='block_1_53' title="bbox 2171 823 3808 888">
    <p class='ocr_par' dir='ltr' id='par_1_53' title="bbox 2171 823 3808 888">
     <span class='ocr_line' id='line_1_53' title="bbox 2171 823 3808 888; baseline -0.005 -4"><span class='ocrx_word' id='word_1_389' title='bbox 2171 831 2431 884; x_wconf 89' lang='lat' dir='ltr'><strong>cucurrit</strong></span> <span class='ocrx_word' id='word_1_390' title='bbox 2461 829 2517 882; x_wconf 90' lang='lat' dir='ltr'><strong>in</strong></span> <span class='ocrx_word' id='word_1_391' title='bbox 2552 845 2858 884; x_wconf 74' lang='lat' dir='ltr'><strong>occursum</strong></span> <span class='ocrx_word' id='word_1_392' title='bbox 2893 845 3094 883; x_wconf 89' lang='lat' dir='ltr'><strong>eorum</strong></span> <span class='ocrx_word' id='word_1_393' title='bbox 3128 828 3197 882; x_wconf 92' lang='lat' dir='ltr'><strong>de</strong></span> <span class='ocrx_word' id='word_1_394' title='bbox 3226 827 3374 882; x_wconf 88' lang='lat' dir='ltr'><strong>ostio</strong></span> <span class='ocrx_word' id='word_1_395' title='bbox 3424 823 3808 888; x_wconf 87' lang='lat' dir='ltr'><strong>tabernaculi,</strong></span> 
     </span>
    </p>
   </div>
   <div class='ocr_carea' id='block_1_54' title="bbox 2171 913 3813 985">
    <p class='ocr_par' dir='ltr' id='par_1_54' title="bbox 2171 913 3813 985">
     <span class='ocr_line' id='line_1_54' title="bbox 2171 913 3813 985; baseline -0.004 -12"><span class='ocrx_word' id='word_1_396' title='bbox 2171 923 2226 974; x_wconf 90' lang='lat' dir='ltr'><strong>et</strong></span> <span class='ocrx_word' id='word_1_397' title='bbox 2266 918 2527 973; x_wconf 88' lang='lat' dir='ltr'><strong>adoravit</strong></span> <span class='ocrx_word' id='word_1_398' title='bbox 2580 919 2635 972; x_wconf 92' lang='lat' dir='ltr'><strong>in</strong></span> <span class='ocrx_word' id='word_1_399' title='bbox 2673 923 2906 972; x_wconf 85' lang='lat' dir='ltr'><strong>terram.</strong></span> <span class='ocrx_word' id='word_1_400' title='bbox 2942 921 3009 972; x_wconf 89' lang='lat' dir='ltr'><strong>Et</strong></span> <span class='ocrx_word' id='word_1_401' title='bbox 3039 917 3220 972; x_wconf 86' lang='lat' dir='ltr'><strong>dixit:</strong></span> <span class='ocrx_word' id='word_1_402' title='bbox 3255 916 3516 985; x_wconf 89' lang='lat' dir='ltr'><strong>Domine,</strong></span> <span class='ocrx_word' id='word_1_403' title='bbox 3550 915 3595 970; x_wconf 91' lang='lat' dir='ltr'><strong>si</strong></span> <span class='ocrx_word' id='word_1_404' title='bbox 3620 913 3813 968; x_wconf 89' lang='lat' dir='ltr'><strong>inveni</strong></span> 
     </span>
    </p>
   </div>
   <div class='ocr_carea' id='block_1_55' title="bbox 2171 1007 3809 1082">
    <p class='ocr_par' dir='ltr' id='par_1_55' title="bbox 2171 1007 3809 1082">
     <span class='ocr_line' id='line_1_55' title="bbox 2171 1007 3809 1082; baseline -0.003 -20"><span class='ocrx_word' id='word_1_405' title='bbox 2171 1009 2421 1082; x_wconf 88' lang='lat' dir='ltr'><strong>gratiam</strong></span> <span class='ocrx_word' id='word_1_406' title='bbox 2454 1008 2510 1062; x_wconf 89' lang='lat' dir='ltr'><strong>in</strong></span> <span class='ocrx_word' id='word_1_407' title='bbox 2545 1007 2733 1063; x_wconf 85' lang='lat' dir='ltr'><strong>oculis</strong></span> <span class='ocrx_word' id='word_1_408' title='bbox 2764 1007 2905 1072; x_wconf 88' lang='lat' dir='ltr'><strong>tuis,</strong></span> <span class='ocrx_word' id='word_1_409' title='bbox 2937 1024 3008 1063; x_wconf 92' lang='lat' dir='ltr'><strong>ne</strong></span> <span class='ocrx_word' id='word_1_410' title='bbox 3039 1011 3306 1063; x_wconf 84' lang='lat' dir='ltr'><strong>transeas</strong></span> <span class='ocrx_word' id='word_1_411' title='bbox 3333 1022 3563 1061; x_wconf 87' lang='lat' dir='ltr'><strong>servum</strong></span> <span class='ocrx_word' id='word_1_412' title='bbox 3599 1008 3809 1069; x_wconf 89' lang='lat' dir='ltr'><strong>tuum;</strong></span> 
     </span>
    </p>
   </div>
   <div class='ocr_carea' id='block_1_56' title="bbox 2173 1093 3810 1168">
    <p class='ocr_par' dir='ltr' id='par_1_56' title="bbox 2173 1093 3810 1168">
     <span class='ocr_line' id='line_1_56' title="bbox 2173 1093 3810 1168; baseline -0.005 -15"><span class='ocrx_word' id='word_1_413' title='bbox 2173 1099 2268 1153; x_wconf 87' lang='lat' dir='ltr'><strong>sed</strong></span> <span class='ocrx_word' id='word_1_414' title='bbox 2305 1098 2540 1152; x_wconf 73' lang='lat' dir='ltr'><strong>afferam</strong></span> <span class='ocrx_word' id='word_1_415' title='bbox 2574 1095 2896 1168; x_wconf 88' lang='lat' dir='ltr'><strong>pauxillum</strong></span> <span class='ocrx_word' id='word_1_416' title='bbox 2932 1112 3120 1166; x_wconf 69' lang='lat' dir='ltr'><strong>aquaz,</strong></span> <span class='ocrx_word' id='word_1_417' title='bbox 3150 1100 3208 1151; x_wconf 92' lang='lat' dir='ltr'><strong>et</strong></span> <span class='ocrx_word' id='word_1_418' title='bbox 3248 1095 3436 1150; x_wconf 87' lang='lat' dir='ltr'><strong>lavate</strong></span> <span class='ocrx_word' id='word_1_419' title='bbox 3485 1093 3661 1166; x_wconf 85' lang='lat' dir='ltr'><strong>pedes</strong></span> <span class='ocrx_word' id='word_1_420' title='bbox 3717 1107 3810 1145; x_wconf 84' lang='lat' dir='ltr'><strong>ve-</strong></span> 
     </span>
    </p>
   </div>
   <div class='ocr_carea' id='block_1_57' title="bbox 2173 1179 3808 1258">
    <p class='ocr_par' dir='ltr' id='par_1_57' title="bbox 2173 1179 3808 1258">
     <span class='ocr_line' id='line_1_57' title="bbox 2173 1179 3808 1258; baseline -0.004 -18"><span class='ocrx_word' id='word_1_421' title='bbox 2173 1192 2348 1256; x_wconf 82' lang='lat' dir='ltr'><strong>stros,</strong></span> <span class='ocrx_word' id='word_1_422' title='bbox 2381 1191 2436 1240; x_wconf 92' lang='lat' dir='ltr'><strong>et</strong></span> <span class='ocrx_word' id='word_1_423' title='bbox 2468 1186 2812 1258; x_wconf 84' lang='lat' dir='ltr'><strong>requiescite</strong></span> <span class='ocrx_word' id='word_1_424' title='bbox 2843 1187 2951 1241; x_wconf 86' lang='lat' dir='ltr'><strong>sub</strong></span> <span class='ocrx_word' id='word_1_425' title='bbox 2975 1185 3198 1240; x_wconf 87' lang='lat' dir='ltr'><strong>arbore.</strong></span> <span class='ocrx_word' id='word_1_426' title='bbox 3225 1191 3564 1255; x_wconf 89' lang='lat' dir='ltr'><strong>Ponamque</strong></span> <span class='ocrx_word' id='word_1_427' title='bbox 3585 1179 3808 1237; x_wconf 87' lang='lat' dir='ltr'><strong>buccel-</strong></span> 
     </span>
    </p>
   </div>
   <div class='ocr_carea' id='block_1_58' title="bbox 2174 1275 3813 1348">
    <p class='ocr_par' dir='ltr' id='par_1_58' title="bbox 2174 1275 3813 1348">
     <span class='ocr_line' id='line_1_58' title="bbox 2174 1275 3813 1348; baseline -0.004 -18"><span class='ocrx_word' id='word_1_428' title='bbox 2174 1275 2289 1330; x_wconf 90' lang='lat' dir='ltr'><strong>lam</strong></span> <span class='ocrx_word' id='word_1_429' title='bbox 2324 1276 2513 1348; x_wconf 90' lang='lat' dir='ltr'><strong>panis,</strong></span> <span class='ocrx_word' id='word_1_430' title='bbox 2545 1279 2603 1330; x_wconf 91' lang='lat' dir='ltr'><strong>et</strong></span> <span class='ocrx_word' id='word_1_431' title='bbox 2634 1275 2954 1330; x_wconf 83' lang='lat' dir='ltr'><strong>confortate</strong></span> <span class='ocrx_word' id='word_1_432' title='bbox 2971 1291 3070 1329; x_wconf 91' lang='lat' dir='ltr'><strong>cor</strong></span> <span class='ocrx_word' id='word_1_433' title='bbox 3088 1279 3373 1339; x_wconf 88' lang='lat' dir='ltr'><strong>vestrum,</strong></span> <span class='ocrx_word' id='word_1_434' title='bbox 3399 1277 3600 1344; x_wconf 87' lang='lat' dir='ltr'><strong>postea</strong></span> <span class='ocrx_word' id='word_1_435' title='bbox 3622 1276 3813 1326; x_wconf 87' lang='lat' dir='ltr'><strong>trans-</strong></span> 
     </span>
    </p>
   </div>
   <div class='ocr_carea' id='block_1_59' title="bbox 2176 1363 3815 1420">
    <p class='ocr_par' dir='ltr' id='par_1_59' title="bbox 2176 1363 3815 1420">
     <span class='ocr_line' id='line_1_59' title="bbox 2176 1363 3815 1420; baseline -0.004 -1"><span class='ocrx_word' id='word_1_436' title='bbox 2176 1365 2374 1420; x_wconf 87' lang='lat' dir='ltr'><strong>ibitis:</strong></span> <span class='ocrx_word' id='word_1_437' title='bbox 2408 1364 2625 1420; x_wconf 88' lang='lat' dir='ltr'><strong>idcirco</strong></span> <span class='ocrx_word' id='word_1_438' title='bbox 2649 1365 2798 1419; x_wconf 89' lang='lat' dir='ltr'><strong>enim</strong></span> <span class='ocrx_word' id='word_1_439' title='bbox 2820 1363 3158 1420; x_wconf 89' lang='lat' dir='ltr'><strong>declinastis</strong></span> <span class='ocrx_word' id='word_1_440' title='bbox 3183 1364 3253 1419; x_wconf 88' lang='lat' dir='ltr'><strong>ad</strong></span> <span class='ocrx_word' id='word_1_441' title='bbox 3279 1379 3509 1419; x_wconf 89' lang='lat' dir='ltr'><strong>servum</strong></span> <span class='ocrx_word' id='word_1_442' title='bbox 3530 1367 3815 1416; x_wconf 88' lang='lat' dir='ltr'><strong>vestrum.</strong></span> 
     </span>
    </p>
   </div>
   <div class='ocr_carea' id='block_1_60' title="bbox 2177 1458 3815 1526">
    <p class='ocr_par' dir='ltr' id='par_1_60' title="bbox 2177 1458 3815 1526">
     <span class='ocr_line' id='line_1_60' title="bbox 2177 1458 3815 1526; baseline -0.001 -12"><span class='ocrx_word' id='word_1_443' title='bbox 2177 1461 2280 1526; x_wconf 89' lang='lat' dir='ltr'><strong>Qui</strong></span> <span class='ocrx_word' id='word_1_444' title='bbox 2318 1461 2590 1517; x_wconf 85' lang='lat' dir='ltr'><strong>dixerunt</strong></span> <span class='ocrx_word' id='word_1_445' title='bbox 2624 1479 2636 1516; x_wconf 89' lang='lat'><strong>:</strong></span> <span class='ocrx_word' id='word_1_446' title='bbox 2674 1462 2783 1517; x_wconf 91' lang='lat' dir='ltr'><strong>Fac</strong></span> <span class='ocrx_word' id='word_1_447' title='bbox 2818 1465 2878 1516; x_wconf 90' lang='lat' dir='ltr'><strong>ut</strong></span> <span class='ocrx_word' id='word_1_448' title='bbox 2909 1461 3141 1517; x_wconf 89' lang='lat' dir='ltr'><strong>locutus</strong></span> <span class='ocrx_word' id='word_1_449' title='bbox 3171 1477 3252 1516; x_wconf 92' lang='lat' dir='ltr'><strong>es.</strong></span> <span class='ocrx_word' id='word_1_450' title='bbox 3288 1458 3604 1515; x_wconf 87' lang='lat' dir='ltr'><strong>Festinavit</strong></span> <span class='ocrx_word' id='word_1_451' title='bbox 3631 1458 3815 1512; x_wconf 84' lang='lat' dir='ltr'><strong>Abra-</strong></span> 
     </span>
    </p>
   </div>
   <div class='ocr_carea' id='block_1_61' title="bbox 2176 1547 3815 1620">
    <p class='ocr_par' dir='ltr' id='par_1_61' title="bbox 2176 1547 3815 1620">
     <span class='ocr_line' id='line_1_61' title="bbox 2176 1547 3815 1620; baseline -0.002 -15"><span class='ocrx_word' id='word_1_452' title='bbox 2176 1550 2312 1606; x_wconf 85' lang='lat' dir='ltr'><strong>ham</strong></span> <span class='ocrx_word' id='word_1_453' title='bbox 2349 1551 2407 1605; x_wconf 90' lang='lat' dir='ltr'><strong>in</strong></span> <span class='ocrx_word' id='word_1_454' title='bbox 2439 1551 2863 1606; x_wconf 88' lang='lat' dir='ltr'><strong>tabernacuum</strong></span> <span class='ocrx_word' id='word_1_455' title='bbox 2913 1551 2984 1605; x_wconf 92' lang='lat' dir='ltr'><strong>ad</strong></span> <span class='ocrx_word' id='word_1_456' title='bbox 3036 1555 3260 1620; x_wconf 87' lang='lat' dir='ltr'><strong>Saram,</strong></span> <span class='ocrx_word' id='word_1_457' title='bbox 3308 1548 3568 1620; x_wconf 84' lang='lat' dir='ltr'><strong>dixitque</strong></span> <span class='ocrx_word' id='word_1_458' title='bbox 3609 1547 3660 1603; x_wconf 90' lang='lat' dir='ltr'><strong>ei</strong></span> <span class='ocrx_word' id='word_1_459' title='bbox 3712 1548 3815 1602; x_wconf 84' lang='lat' dir='ltr'><strong>Ac-</strong></span> 
     </span>
    </p>
   </div>
   <div class='ocr_carea' id='block_1_62' title="bbox 2178 1637 3818 1709">
    <p class='ocr_par' dir='ltr' id='par_1_62' title="bbox 2178 1637 3818 1709">
     <span class='ocr_line' id='line_1_62' title="bbox 2178 1637 3818 1709; baseline -0.002 -15"><span class='ocrx_word' id='word_1_460' title='bbox 2178 1639 2388 1708; x_wconf 67' lang='lat' dir='ltr'><strong>celera,</strong></span> <span class='ocrx_word' id='word_1_461' title='bbox 2420 1639 2533 1695; x_wconf 85' lang='lat' dir='ltr'><strong>tria</strong></span> <span class='ocrx_word' id='word_1_462' title='bbox 2565 1643 2690 1694; x_wconf 88' lang='lat' dir='ltr'><strong>sata</strong></span> <span class='ocrx_word' id='word_1_463' title='bbox 2739 1639 2944 1694; x_wconf 63' lang='lat' dir='ltr'><strong>similae</strong></span> <span class='ocrx_word' id='word_1_464' title='bbox 2989 1639 3327 1709; x_wconf 88' lang='lat' dir='ltr'><strong>commisce,</strong></span> <span class='ocrx_word' id='word_1_465' title='bbox 3375 1643 3432 1694; x_wconf 94' lang='lat' dir='ltr'><strong>et</strong></span> <span class='ocrx_word' id='word_1_466' title='bbox 3479 1637 3566 1693; x_wconf 85' lang='lat' dir='ltr'><strong>fac</strong></span> <span class='ocrx_word' id='word_1_467' title='bbox 3617 1637 3818 1692; x_wconf 79' lang='lat' dir='ltr'><strong>subci-</strong></span> 
     </span>
    </p>
   </div>
   <div class='ocr_carea' id='block_1_63' title="bbox 2180 1726 3816 1801">
    <p class='ocr_par' dir='ltr' id='par_1_63' title="bbox 2180 1726 3816 1801">
     <span class='ocr_line' id='line_1_63' title="bbox 2180 1726 3816 1801; baseline -0.003 -17"><span class='ocrx_word' id='word_1_468' title='bbox 2180 1729 2431 1785; x_wconf 89' lang='lat' dir='ltr'><strong>nericlos</strong></span> <span class='ocrx_word' id='word_1_469' title='bbox 2463 1746 2664 1801; x_wconf 89' lang='lat' dir='ltr'><strong>panes.</strong></span> <span class='ocrx_word' id='word_1_470' title='bbox 2699 1730 2828 1800; x_wconf 87' lang='lat' dir='ltr'><strong>Ipse</strong></span> <span class='ocrx_word' id='word_1_471' title='bbox 2857 1745 2990 1784; x_wconf 92' lang='lat' dir='ltr'><strong>vero</strong></span> <span class='ocrx_word' id='word_1_472' title='bbox 3040 1730 3110 1785; x_wconf 88' lang='lat' dir='ltr'><strong>ad</strong></span> <span class='ocrx_word' id='word_1_473' title='bbox 3155 1731 3484 1784; x_wconf 87' lang='lat' dir='ltr'><strong>armentum</strong></span> <span class='ocrx_word' id='word_1_474' title='bbox 3534 1726 3816 1793; x_wconf 89' lang='lat' dir='ltr'><strong>cucurrit,</strong></span> 
     </span>
    </p>
   </div>
   <div class='ocr_carea' id='block_1_64' title="bbox 2178 1815 3821 1889">
    <p class='ocr_par' dir='ltr' id='par_1_64' title="bbox 2178 1815 3821 1889">
     <span class='ocr_line' id='line_1_64' title="bbox 2178 1815 3821 1889; baseline -0.002 -16"><span class='ocrx_word' id='word_1_475' title='bbox 2178 1823 2234 1873; x_wconf 92' lang='lat' dir='ltr'><strong>et</strong></span> <span class='ocrx_word' id='word_1_476' title='bbox 2256 1818 2391 1873; x_wconf 91' lang='lat' dir='ltr'><strong>tulit</strong></span> <span class='ocrx_word' id='word_1_477' title='bbox 2423 1819 2558 1875; x_wconf 91' lang='lat' dir='ltr'><strong>inde</strong></span> <span class='ocrx_word' id='word_1_478' title='bbox 2589 1819 2838 1873; x_wconf 85' lang='lat' dir='ltr'><strong>vitulum</strong></span> <span class='ocrx_word' id='word_1_479' title='bbox 2873 1818 3258 1875; x_wconf 91' lang='lat' dir='ltr'><strong>tenerrimum</strong></span> <span class='ocrx_word' id='word_1_480' title='bbox 3287 1822 3345 1873; x_wconf 91' lang='lat' dir='ltr'><strong>et</strong></span> <span class='ocrx_word' id='word_1_481' title='bbox 3375 1815 3688 1889; x_wconf 89' lang='lat' dir='ltr'><strong>optimum,</strong></span> <span class='ocrx_word' id='word_1_482' title='bbox 3719 1816 3821 1870; x_wconf 90' lang='lat' dir='ltr'><strong>de-</strong></span> 
     </span>
    </p>
   </div>
   <div class='ocr_carea' id='block_1_65' title="bbox 2180 1904 3822 1979">
    <p class='ocr_par' dir='ltr' id='par_1_65' title="bbox 2180 1904 3822 1979">
     <span class='ocr_line' id='line_1_65' title="bbox 2180 1904 3822 1979; baseline -0.002 -18"><span class='ocrx_word' id='word_1_483' title='bbox 2180 1907 2384 1978; x_wconf 91' lang='lat' dir='ltr'><strong>ditque</strong></span> <span class='ocrx_word' id='word_1_484' title='bbox 2413 1923 2613 1979; x_wconf 88' lang='lat' dir='ltr'><strong>puero,</strong></span> <span class='ocrx_word' id='word_1_485' title='bbox 2645 1907 2746 1979; x_wconf 89' lang='lat' dir='ltr'><strong>qui</strong></span> <span class='ocrx_word' id='word_1_486' title='bbox 2781 1907 3076 1963; x_wconf 81' lang='lat' dir='ltr'><strong>festinavit</strong></span> <span class='ocrx_word' id='word_1_487' title='bbox 3133 1913 3187 1963; x_wconf 91' lang='lat' dir='ltr'><strong>et</strong></span> <span class='ocrx_word' id='word_1_488' title='bbox 3215 1907 3367 1964; x_wconf 88' lang='lat' dir='ltr'><strong>coxit</strong></span> <span class='ocrx_word' id='word_1_489' title='bbox 3425 1905 3614 1961; x_wconf 91' lang='lat' dir='ltr'><strong>illum.</strong></span> <span class='ocrx_word' id='word_1_490' title='bbox 3666 1904 3822 1960; x_wconf 89' lang='lat' dir='ltr'><strong>Tulit</strong></span> 
     </span>
    </p>
   </div>
   <div class='ocr_carea' id='block_1_66' title="bbox 2180 1996 3819 2069">
    <p class='ocr_par' dir='ltr' id='par_1_66' title="bbox 2180 1996 3819 2069">
     <span class='ocr_line' id='line_1_66' title="bbox 2180 1996 3819 2069; baseline -0.001 -19"><span class='ocrx_word' id='word_1_491' title='bbox 2180 2012 2414 2068; x_wconf 89' lang='lat' dir='ltr'><strong>quoque</strong></span> <span class='ocrx_word' id='word_1_492' title='bbox 2445 1998 2720 2069; x_wconf 83' lang='lat' dir='ltr'><strong>butyrum</strong></span> <span class='ocrx_word' id='word_1_493' title='bbox 2755 2002 2810 2052; x_wconf 87' lang='lat' dir='ltr'><strong>et</strong></span> <span class='ocrx_word' id='word_1_494' title='bbox 2840 1999 2949 2066; x_wconf 90' lang='lat' dir='ltr'><strong>lac,</strong></span> <span class='ocrx_word' id='word_1_495' title='bbox 2983 2001 3040 2052; x_wconf 88' lang='lat' dir='ltr'><strong>et</strong></span> <span class='ocrx_word' id='word_1_496' title='bbox 3070 1996 3316 2053; x_wconf 86' lang='lat' dir='ltr'><strong>vitulum</strong></span> <span class='ocrx_word' id='word_1_497' title='bbox 3351 2011 3521 2066; x_wconf 90' lang='lat' dir='ltr'><strong>quem</strong></span> <span class='ocrx_word' id='word_1_498' title='bbox 3568 1999 3819 2062; x_wconf 87' lang='lat' dir='ltr'><strong>coxerat,</strong></span> 
     </span>
    </p>
   </div>
   <div class='ocr_carea' id='block_1_67' title="bbox 2179 2085 3824 2158">
    <p class='ocr_par' dir='ltr' id='par_1_67' title="bbox 2179 2085 3824 2158">
     <span class='ocr_line' id='line_1_67' title="bbox 2179 2085 3824 2158; baseline -0.002 -18"><span class='ocrx_word' id='word_1_499' title='bbox 2179 2088 2237 2140; x_wconf 92' lang='lat' dir='ltr'><strong>et</strong></span> <span class='ocrx_word' id='word_1_500' title='bbox 2267 2085 2461 2157; x_wconf 82' lang='lat' dir='ltr'><strong>posuit</strong></span> <span class='ocrx_word' id='word_1_501' title='bbox 2491 2101 2688 2141; x_wconf 88' lang='lat' dir='ltr'><strong>coram</strong></span> <span class='ocrx_word' id='word_1_502' title='bbox 2721 2085 2842 2156; x_wconf 88' lang='lat' dir='ltr'><strong>eis;</strong></span> <span class='ocrx_word' id='word_1_503' title='bbox 2879 2086 3005 2158; x_wconf 90' lang='lat' dir='ltr'><strong>ipse</strong></span> <span class='ocrx_word' id='word_1_504' title='bbox 3035 2101 3168 2143; x_wconf 88' lang='lat' dir='ltr'><strong>vero</strong></span> <span class='ocrx_word' id='word_1_505' title='bbox 3193 2087 3385 2142; x_wconf 87' lang='lat' dir='ltr'><strong>stabat</strong></span> <span class='ocrx_word' id='word_1_506' title='bbox 3398 2087 3568 2157; x_wconf 87' lang='lat' dir='ltr'><strong>juxta</strong></span> <span class='ocrx_word' id='word_1_507' title='bbox 3592 2100 3689 2140; x_wconf 84' lang='lat' dir='ltr'><strong>eos</strong></span> <span class='ocrx_word' id='word_1_508' title='bbox 3709 2085 3824 2140; x_wconf 89' lang='lat' dir='ltr'><strong>sub</strong></span> 
     </span>
    </p>
   </div>
   <div class='ocr_carea' id='block_1_68' title="bbox 2182 2175 3825 2246">
    <p class='ocr_par' dir='ltr' id='par_1_68' title="bbox 2182 2175 3825 2246">
     <span class='ocr_line' id='line_1_68' title="bbox 2182 2175 3825 2246; baseline -0.002 -16"><span class='ocrx_word' id='word_1_509' title='bbox 2182 2175 2407 2230; x_wconf 88' lang='lat' dir='ltr'><strong>arbore.</strong></span> <span class='ocrx_word' id='word_1_510' title='bbox 2442 2175 2706 2246; x_wconf 90' lang='lat' dir='ltr'><strong>Cumque</strong></span> <span class='ocrx_word' id='word_1_511' title='bbox 2736 2176 3148 2245; x_wconf 87' lang='lat' dir='ltr'><strong>comedissent,</strong></span> <span class='ocrx_word' id='word_1_512' title='bbox 3201 2176 3474 2231; x_wconf 87' lang='lat' dir='ltr'><strong>dixerunt</strong></span> <span class='ocrx_word' id='word_1_513' title='bbox 3532 2175 3602 2230; x_wconf 89' lang='lat' dir='ltr'><strong>ad</strong></span> <span class='ocrx_word' id='word_1_514' title='bbox 3646 2189 3778 2230; x_wconf 90' lang='lat' dir='ltr'><strong>eum</strong></span> <span class='ocrx_word' id='word_1_515' title='bbox 3810 2188 3825 2227; x_wconf 91' lang='lat'><strong>:</strong></span> 
     </span>
    </p>
   </div>
   <div class='ocr_carea' id='block_1_69' title="bbox 2183 2270 3824 2344">
    <p class='ocr_par' dir='ltr' id='par_1_69' title="bbox 2183 2270 3824 2344">
     <span class='ocr_line' id='line_1_69' title="bbox 2183 2270 3824 2344; baseline -0.003 -14"><span class='ocrx_word' id='word_1_516' title='bbox 2183 2273 2290 2330; x_wconf 89' lang='lat' dir='ltr'><strong>Ubi</strong></span> <span class='ocrx_word' id='word_1_517' title='bbox 2323 2276 2410 2328; x_wconf 87' lang='lat' dir='ltr'><strong>est</strong></span> <span class='ocrx_word' id='word_1_518' title='bbox 2446 2273 2608 2342; x_wconf 84' lang='lat' dir='ltr'><strong>Sara,</strong></span> <span class='ocrx_word' id='word_1_519' title='bbox 2644 2289 2789 2329; x_wconf 88' lang='lat' dir='ltr'><strong>uxor</strong></span> <span class='ocrx_word' id='word_1_520' title='bbox 2840 2277 2938 2328; x_wconf 89' lang='lat' dir='ltr'><strong>tua</strong></span> <span class='ocrx_word' id='word_1_521' title='bbox 2963 2271 2990 2326; x_wconf 91' lang='lat'><strong>?</strong></span> <span class='ocrx_word' id='word_1_522' title='bbox 3029 2272 3126 2328; x_wconf 90' lang='lat' dir='ltr'><strong>ille</strong></span> <span class='ocrx_word' id='word_1_523' title='bbox 3183 2272 3524 2344; x_wconf 87' lang='lat' dir='ltr'><strong>respondit:</strong></span> <span class='ocrx_word' id='word_1_524' title='bbox 3585 2277 3725 2328; x_wconf 88' lang='lat' dir='ltr'>Ecce</span> <span class='ocrx_word' id='word_1_525' title='bbox 3763 2270 3824 2325; x_wconf 89' lang='lat' dir='ltr'><strong>in</strong></span> 
     </span>
    </p>
   </div>
   <div class='ocr_carea' id='block_1_70' title="bbox 2182 2361 3832 2419">
    <p class='ocr_par' dir='ltr' id='par_1_70' title="bbox 2182 2361 3832 2419">
     <span class='ocr_line' id='line_1_70' title="bbox 2182 2361 3832 2419; baseline -0.002 0"><span class='ocrx_word' id='word_1_526' title='bbox 2182 2361 2557 2419; x_wconf 86' lang='lat' dir='ltr'><strong>tabernaculo</strong></span> <span class='ocrx_word' id='word_1_527' title='bbox 2588 2366 2695 2417; x_wconf 90' lang='lat' dir='ltr'><strong>est.</strong></span> <span class='ocrx_word' id='word_1_528' title='bbox 2719 2361 2822 2418; x_wconf 88' lang='lat' dir='ltr'><strong>Cui</strong></span> <span class='ocrx_word' id='word_1_529' title='bbox 2855 2361 3033 2418; x_wconf 86' lang='lat' dir='ltr'><strong>dixit:</strong></span> <span class='ocrx_word' id='word_1_530' title='bbox 3071 2362 3385 2418; x_wconf 84' lang='lat' dir='ltr'><strong>Revertens</strong></span> <span class='ocrx_word' id='word_1_531' title='bbox 3417 2361 3646 2418; x_wconf 88' lang='lat' dir='ltr'><strong>veniam</strong></span> <span class='ocrx_word' id='word_1_532' title='bbox 3679 2361 3748 2417; x_wconf 91' lang='lat' dir='ltr'><strong>ad</strong></span> <span class='ocrx_word' id='word_1_533' title='bbox 3772 2364 3832 2416; x_wconf 88' lang='lat' dir='ltr'><strong>te</strong></span> 
     </span>
    </p>
   </div>
   <div class='ocr_carea' id='block_1_71' title="bbox 2183 2451 3833 2524">
    <p class='ocr_par' dir='ltr' id='par_1_71' title="bbox 2183 2451 3833 2524">
     <span class='ocr_line' id='line_1_71' title="bbox 2183 2451 3833 2524; baseline -0.002 -16"><span class='ocrx_word' id='word_1_534' title='bbox 2183 2457 2443 2524; x_wconf 88' lang='lat' dir='ltr'><strong>tempore</strong></span> <span class='ocrx_word' id='word_1_535' title='bbox 2460 2451 2720 2521; x_wconf 87' lang='lat' dir='ltr'><strong>isto,vita</strong></span> <span class='ocrx_word' id='word_1_536' title='bbox 2735 2452 3032 2518; x_wconf 88' lang='lat' dir='ltr'><strong>comite,et</strong></span> <span class='ocrx_word' id='word_1_537' title='bbox 3053 2451 3491 2508; x_wconf 80' lang='lat' dir='ltr'><strong>habebitﬁlium</strong></span> <span class='ocrx_word' id='word_1_538' title='bbox 3517 2453 3660 2508; x_wconf 74' lang='lat' dir='ltr'><strong>Sara</strong></span> <span class='ocrx_word' id='word_1_539' title='bbox 3682 2467 3833 2506; x_wconf 87' lang='lat' dir='ltr'><strong>uxor</strong></span> 
     </span>
    </p>
   </div>
   <div class='ocr_carea' id='block_1_72' title="bbox 2185 2537 3831 2614">
    <p class='ocr_par' dir='ltr' id='par_1_72' title="bbox 2185 2537 3831 2614">
     <span class='ocr_line' id='line_1_72' title="bbox 2185 2537 3831 2614; baseline -0.003 -15"><span class='ocrx_word' id='word_1_540' title='bbox 2185 2546 2304 2599; x_wconf 89' lang='lat' dir='ltr'><strong>tua.</strong></span> <span class='ocrx_word' id='word_1_541' title='bbox 2341 2542 2464 2606; x_wconf 89' lang='lat' dir='ltr'><strong>Quo</strong></span> <span class='ocrx_word' id='word_1_542' title='bbox 2495 2541 2717 2607; x_wconf 90' lang='lat' dir='ltr'><strong>audito,</strong></span> <span class='ocrx_word' id='word_1_543' title='bbox 2749 2541 2891 2596; x_wconf 87' lang='lat' dir='ltr'><strong>Sara</strong></span> <span class='ocrx_word' id='word_1_544' title='bbox 2915 2541 3042 2596; x_wconf 88' lang='lat' dir='ltr'><strong>risit</strong></span> <span class='ocrx_word' id='word_1_545' title='bbox 3063 2542 3423 2614; x_wconf 83' lang='lat' dir='ltr'><strong>postostium</strong></span> <span class='ocrx_word' id='word_1_546' title='bbox 3443 2537 3831 2598; x_wconf 87' lang='lat' dir='ltr'><strong>tabernaculi.</strong></span> 
     </span>
    </p>
   </div>
   <div class='ocr_carea' id='block_1_73' title="bbox 2184 2628 3831 2702">
    <p class='ocr_par' dir='ltr' id='par_1_73' title="bbox 2184 2628 3831 2702">
     <span class='ocr_line' id='line_1_73' title="bbox 2184 2628 3831 2702; baseline -0.003 -14"><span class='ocrx_word' id='word_1_547' title='bbox 2184 2633 2362 2688; x_wconf 89' lang='lat' dir='ltr'><strong>Erant</strong></span> <span class='ocrx_word' id='word_1_548' title='bbox 2395 2635 2589 2686; x_wconf 85' lang='lat' dir='ltr'><strong>autem</strong></span> <span class='ocrx_word' id='word_1_549' title='bbox 2625 2646 2794 2686; x_wconf 90' lang='lat' dir='ltr'><strong>senes</strong></span> <span class='ocrx_word' id='word_1_550' title='bbox 2853 2635 3254 2702; x_wconf 69' lang='lat' dir='ltr'><strong>provectaaque</strong></span> <span class='ocrx_word' id='word_1_551' title='bbox 3283 2630 3493 2696; x_wconf 63' lang='lat' dir='ltr'><strong>aetatis,</strong></span> <span class='ocrx_word' id='word_1_552' title='bbox 3543 2634 3601 2686; x_wconf 92' lang='lat' dir='ltr'><strong>et</strong></span> <span class='ocrx_word' id='word_1_553' title='bbox 3643 2628 3831 2685; x_wconf 82' lang='lat' dir='ltr'><strong>desie-</strong></span> 
     </span>
    </p>
   </div>
   <div class='ocr_carea' id='block_1_74' title="bbox 2189 2718 3828 2787">
    <p class='ocr_par' dir='ltr' id='par_1_74' title="bbox 2189 2718 3828 2787">
     <span class='ocr_line' id='line_1_74' title="bbox 2189 2718 3828 2787; baseline -0.002 -11"><span class='ocrx_word' id='word_1_554' title='bbox 2189 2725 2324 2776; x_wconf 89' lang='lat' dir='ltr'><strong>runt</strong></span> <span class='ocrx_word' id='word_1_555' title='bbox 2351 2726 2508 2778; x_wconf 70' lang='lat' dir='ltr'><strong>Sorae</strong></span> <span class='ocrx_word' id='word_1_556' title='bbox 2533 2719 2657 2776; x_wconf 78' lang='lat' dir='ltr'><strong>ﬁeri</strong></span> <span class='ocrx_word' id='word_1_557' title='bbox 2681 2718 3012 2774; x_wconf 91' lang='lat' dir='ltr'><strong>muliebria.</strong></span> <span class='ocrx_word' id='word_1_558' title='bbox 3037 2721 3171 2783; x_wconf 68' lang='lat' dir='ltr'><strong>Quae</strong></span> <span class='ocrx_word' id='word_1_559' title='bbox 3188 2719 3578 2787; x_wconf 89' lang='lat' dir='ltr'><strong>risitocculte,</strong></span> <span class='ocrx_word' id='word_1_560' title='bbox 3605 2720 3828 2775; x_wconf 88' lang='lat' dir='ltr'><strong>dicens:</strong></span> 
     </span>
    </p>
   </div>
   <div class='ocr_carea' id='block_1_75' title="bbox 2190 2808 3833 2882">
    <p class='ocr_par' dir='ltr' id='par_1_75' title="bbox 2190 2808 3833 2882">
     <span class='ocr_line' id='line_1_75' title="bbox 2190 2808 3833 2882; baseline -0.002 -16"><span class='ocrx_word' id='word_1_561' title='bbox 2190 2811 2504 2882; x_wconf 83' lang='lat' dir='ltr'><strong>Postquam</strong></span> <span class='ocrx_word' id='word_1_562' title='bbox 2521 2808 2888 2875; x_wconf 81' lang='lat' dir='ltr'><strong>consenui,et</strong></span> <span class='ocrx_word' id='word_1_563' title='bbox 2903 2809 3179 2864; x_wconf 87' lang='lat' dir='ltr'><strong>dominus</strong></span> <span class='ocrx_word' id='word_1_564' title='bbox 3196 2826 3359 2865; x_wconf 88' lang='lat' dir='ltr'><strong>meus</strong></span> <span class='ocrx_word' id='word_1_565' title='bbox 3373 2809 3602 2864; x_wconf 89' lang='lat' dir='ltr'><strong>vetulus</strong></span> <span class='ocrx_word' id='word_1_566' title='bbox 3619 2813 3833 2874; x_wconf 85' lang='lat' dir='ltr'><strong>est,vo-</strong></span> 
     </span>
    </p>
   </div>
   <div class='ocr_carea' id='block_1_76' title="bbox 2186 2896 3837 2970">
    <p class='ocr_par' dir='ltr' id='par_1_76' title="bbox 2186 2896 3837 2970">
     <span class='ocr_line' id='line_1_76' title="bbox 2186 2896 3837 2970; baseline 0 -17"><span class='ocrx_word' id='word_1_567' title='bbox 2186 2898 2396 2970; x_wconf 90' lang='lat' dir='ltr'><strong>luptati</strong></span> <span class='ocrx_word' id='word_1_568' title='bbox 2421 2914 2657 2969; x_wconf 87' lang='lat' dir='ltr'><strong>operam</strong></span> <span class='ocrx_word' id='word_1_569' title='bbox 2678 2897 2856 2954; x_wconf 86' lang='lat' dir='ltr'><strong>dabo?</strong></span> <span class='ocrx_word' id='word_1_570' title='bbox 2880 2896 3028 2952; x_wconf 85' lang='lat' dir='ltr'><strong>Dixit</strong></span> <span class='ocrx_word' id='word_1_571' title='bbox 3048 2903 3241 2953; x_wconf 91' lang='lat' dir='ltr'><strong>autem</strong></span> <span class='ocrx_word' id='word_1_572' title='bbox 3268 2899 3547 2954; x_wconf 90' lang='lat' dir='ltr'><strong>Dominus</strong></span> <span class='ocrx_word' id='word_1_573' title='bbox 3570 2899 3637 2952; x_wconf 91' lang='lat' dir='ltr'><strong>ad</strong></span> <span class='ocrx_word' id='word_1_574' title='bbox 3656 2898 3837 2953; x_wconf 83' lang='lat' dir='ltr'><strong>Abra-</strong></span> 
     </span>
    </p>
   </div>
   <div class='ocr_carea' id='block_1_77' title="bbox 2190 2987 3834 3058">
    <p class='ocr_par' dir='ltr' id='par_1_77' title="bbox 2190 2987 3834 3058">
     <span class='ocr_line' id='line_1_77' title="bbox 2190 2987 3834 3058; baseline 0 -16"><span class='ocrx_word' id='word_1_575' title='bbox 2190 2987 2325 3042; x_wconf 90' lang='lat' dir='ltr'><strong>ham</strong></span> <span class='ocrx_word' id='word_1_576' title='bbox 2342 2989 2382 3052; x_wconf 85' lang='grc' dir='ltr'>Ο</span> <span class='ocrx_word' id='word_1_577' title='bbox 2395 3004 2530 3042; x_wconf 90' lang='lat' dir='ltr'><strong>uare</strong></span> <span class='ocrx_word' id='word_1_578' title='bbox 2546 2987 2672 3041; x_wconf 90' lang='lat' dir='ltr'><strong>risit</strong></span> <span class='ocrx_word' id='word_1_579' title='bbox 2687 2991 2846 3055; x_wconf 86' lang='lat' dir='ltr'><strong>Sara,</strong></span> <span class='ocrx_word' id='word_1_580' title='bbox 2866 2988 3084 3043; x_wconf 89' lang='lat' dir='ltr'><strong>dicens:</strong></span> <span class='ocrx_word' id='word_1_581' title='bbox 3106 2991 3255 3042; x_wconf 85' lang='lat' dir='ltr'><strong>Num</strong></span> <span class='ocrx_word' id='word_1_582' title='bbox 3275 3004 3406 3043; x_wconf 87' lang='lat' dir='ltr'><strong>vero</strong></span> <span class='ocrx_word' id='word_1_583' title='bbox 3425 2987 3546 3058; x_wconf 90' lang='lat' dir='ltr'><strong>pari</strong></span> <span class='ocrx_word' id='word_1_584' title='bbox 3559 2993 3686 3042; x_wconf 88' lang='lat' dir='ltr'><strong>tura</strong></span> <span class='ocrx_word' id='word_1_585' title='bbox 3699 3003 3834 3042; x_wconf 88' lang='lat' dir='ltr'><strong>sum</strong></span> 
     </span>
    </p>
   </div>
   <div class='ocr_carea' id='block_1_78' title="bbox 2191 3076 3838 3148">
    <p class='ocr_par' dir='ltr' id='par_1_78' title="bbox 2191 3076 3838 3148">
     <span class='ocr_line' id='line_1_78' title="bbox 2191 3076 3838 3148; baseline -0.002 -14"><span class='ocrx_word' id='word_1_586' title='bbox 2191 3077 2386 3134; x_wconf 84' lang='lat' dir='ltr'><strong>anus?</strong></span> <span class='ocrx_word' id='word_1_587' title='bbox 2415 3076 2691 3148; x_wconf 90' lang='lat' dir='ltr'><strong>Nunquid</strong></span> <span class='ocrx_word' id='word_1_588' title='bbox 2728 3081 2837 3131; x_wconf 90' lang='lat' dir='ltr'><strong>Deo</strong></span> <span class='ocrx_word' id='word_1_589' title='bbox 2860 3081 2949 3130; x_wconf 90' lang='lat' dir='ltr'><strong>est</strong></span> <span class='ocrx_word' id='word_1_590' title='bbox 2981 3077 3303 3148; x_wconf 89' lang='lat' dir='ltr'><strong>quidquam</strong></span> <span class='ocrx_word' id='word_1_591' title='bbox 3355 3076 3635 3132; x_wconf 79' lang='lat' dir='ltr'><strong>difﬁcile?</strong></span> <span class='ocrx_word' id='word_1_592' title='bbox 3665 3077 3838 3147; x_wconf 87' lang='lat' dir='ltr'><strong>juxta</strong></span> 
     </span>
    </p>
   </div>
   <div class='ocr_carea' id='block_1_79' title="bbox 2196 3165 3841 3237">
    <p class='ocr_par' dir='ltr' id='par_1_79' title="bbox 2196 3165 3841 3237">
     <span class='ocr_line' id='line_1_79' title="bbox 2196 3165 3841 3237; baseline -0.001 -15"><span class='ocrx_word' id='word_1_593' title='bbox 2196 3166 2536 3222; x_wconf 80' lang='lat' dir='ltr'><strong>condictum</strong></span> <span class='ocrx_word' id='word_1_594' title='bbox 2571 3171 2824 3220; x_wconf 85' lang='lat' dir='ltr'><strong>revertar</strong></span> <span class='ocrx_word' id='word_1_595' title='bbox 2855 3165 2923 3219; x_wconf 87' lang='lat' dir='ltr'><strong>ad</strong></span> <span class='ocrx_word' id='word_1_596' title='bbox 2959 3171 3014 3220; x_wconf 90' lang='lat' dir='ltr'><strong>te</strong></span> <span class='ocrx_word' id='word_1_597' title='bbox 3046 3165 3153 3219; x_wconf 92' lang='lat' dir='ltr'><strong>hoc</strong></span> <span class='ocrx_word' id='word_1_598' title='bbox 3185 3166 3387 3221; x_wconf 89' lang='lat' dir='ltr'><strong>eodem</strong></span> <span class='ocrx_word' id='word_1_599' title='bbox 3409 3172 3688 3237; x_wconf 88' lang='lat' dir='ltr'><strong>tempore,</strong></span> <span class='ocrx_word' id='word_1_600' title='bbox 3721 3167 3841 3220; x_wconf 86' lang='lat' dir='ltr'><strong>vita</strong></span> 
     </span>
    </p>
   </div>
   <div class='ocr_carea' id='block_1_80' title="bbox 1649 3219 3840 3328">
    <p class='ocr_par' dir='ltr' id='par_1_80' title="bbox 1649 3219 3840 3328">
     <span class='ocr_line' id='line_1_80' title="bbox 1649 3219 3840 3328; baseline 0 -20"><span class='ocrx_word' id='word_1_601' title='bbox 1649 3283 1662 3308; x_wconf 84' lang='grc'>,</span> <span class='ocrx_word' id='word_1_602' title='bbox 1728 3243 1954 3313; x_wconf 76' lang='lat' dir='ltr'><strong>eritque</strong></span> <span class='ocrx_word' id='word_1_603' title='bbox 2022 3245 2080 3299; x_wconf 85' lang='lat' dir='ltr'><strong>in</strong></span> <span class='ocrx_word' id='word_1_604' title='bbox 2113 3219 2154 3284; x_wconf 76' lang='lat' dir='ltr'><strong><em>C</em></strong></span> <span class='ocrx_word' id='word_1_605' title='bbox 2197 3219 2444 3323; x_wconf 49' lang='lat' dir='ltr'><strong>eamne,</strong></span> <span class='ocrx_word' id='word_1_606' title='bbox 2504 3219 2564 3310; x_wconf 90' lang='lat' dir='ltr'><strong>et</strong></span> <span class='ocrx_word' id='word_1_607' title='bbox 2616 3253 2856 3309; x_wconf 82' lang='lat' dir='ltr'><strong>habebit</strong></span> <span class='ocrx_word' id='word_1_608' title='bbox 2912 3219 3055 3310; x_wconf 73' lang='lat' dir='ltr'><strong>sm</strong></span> <span class='ocrx_word' id='word_1_609' title='bbox 3114 3219 3840 3328; x_wconf 32' lang='lat' dir='ltr'><strong>ﬁlium—.NegavitvSara</strong></span> 
     </span>
    </p>
   </div>
   <div class='ocr_carea' id='block_1_81' title="bbox 2198 3343 3840 3414">
    <p class='ocr_par' dir='ltr' id='par_1_81' title="bbox 2198 3343 3840 3414">
     <span class='ocr_line' id='line_1_81' title="bbox 2198 3343 3840 3414; baseline 0 -14"><span class='ocrx_word' id='word_1_610' title='bbox 2198 3345 2418 3408; x_wconf 91' lang='lat' dir='ltr'><strong>dicens,</strong></span> <span class='ocrx_word' id='word_1_611' title='bbox 2454 3344 2579 3398; x_wconf 86' lang='lat' dir='ltr'><strong>Non</strong></span> <span class='ocrx_word' id='word_1_612' title='bbox 2616 3343 2741 3408; x_wconf 87' lang='lat' dir='ltr'><strong>risi,</strong></span> <span class='ocrx_word' id='word_1_613' title='bbox 2773 3345 2982 3398; x_wconf 85' lang='lat' dir='ltr'><strong>timore</strong></span> <span class='ocrx_word' id='word_1_614' title='bbox 3027 3343 3353 3414; x_wconf 82' lang='lat' dir='ltr'><strong>perterrita.</strong></span> <span class='ocrx_word' id='word_1_615' title='bbox 3405 3345 3686 3400; x_wconf 78' lang='lat' dir='ltr'><strong>Dominus</strong></span> <span class='ocrx_word' id='word_1_616' title='bbox 3729 3361 3840 3400; x_wconf 83' lang='lat' dir='ltr'><strong>au-</strong></span> 
     </span>
    </p>
   </div>
   <div class='ocr_carea' id='block_1_82' title="bbox 2198 3431 3840 3504">
    <p class='ocr_par' dir='ltr' id='par_1_82' title="bbox 2198 3431 3840 3504">
     <span class='ocr_line' id='line_1_82' title="bbox 2198 3431 3840 3504; baseline 0 -16"><span class='ocrx_word' id='word_1_617' title='bbox 2198 3439 2338 3502; x_wconf 88' lang='lat' dir='ltr'><strong>tem,</strong></span> <span class='ocrx_word' id='word_1_618' title='bbox 2391 3438 2515 3488; x_wconf 89' lang='lat' dir='ltr'><strong>Non</strong></span> <span class='ocrx_word' id='word_1_619' title='bbox 2548 3437 2657 3498; x_wconf 85' lang='lat' dir='ltr'><strong>est,</strong></span> <span class='ocrx_word' id='word_1_620' title='bbox 2691 3431 2903 3503; x_wconf 89' lang='lat' dir='ltr'><strong>inquit,</strong></span> <span class='ocrx_word' id='word_1_621' title='bbox 2935 3431 3054 3497; x_wconf 88' lang='lat' dir='ltr'><strong>ita;</strong></span> <span class='ocrx_word' id='word_1_622' title='bbox 3107 3433 3207 3486; x_wconf 89' lang='lat' dir='ltr'><strong>sed</strong></span> <span class='ocrx_word' id='word_1_623' title='bbox 3241 3433 3443 3489; x_wconf 90' lang='lat' dir='ltr'><strong>risisti.</strong></span> <span class='ocrx_word' id='word_1_624' title='bbox 3505 3434 3649 3489; x_wconf 91' lang='lat' dir='ltr'><strong>Cum</strong></span> <span class='ocrx_word' id='word_1_625' title='bbox 3699 3449 3840 3504; x_wconf 89' lang='lat' dir='ltr'><strong>ergo</strong></span> 
     </span>
    </p>
   </div>
   <div class='ocr_carea' id='block_1_83' title="bbox 2197 3521 3842 3587">
    <p class='ocr_par' dir='ltr' id='par_1_83' title="bbox 2197 3521 3842 3587">
     <span class='ocr_line' id='line_1_83' title="bbox 2197 3521 3842 3587; baseline 0.001 -10"><span class='ocrx_word' id='word_1_626' title='bbox 2197 3523 2592 3578; x_wconf 85' lang='lat' dir='ltr'><strong>surrexissent</strong></span> <span class='ocrx_word' id='word_1_627' title='bbox 2633 3521 2768 3576; x_wconf 91' lang='lat' dir='ltr'><strong>inde</strong></span> <span class='ocrx_word' id='word_1_628' title='bbox 2816 3521 2944 3587; x_wconf 90' lang='lat' dir='ltr'><strong>viri,</strong></span> <span class='ocrx_word' id='word_1_629' title='bbox 2995 3521 3333 3577; x_wconf 90' lang='lat' dir='ltr'><strong>direxerunt</strong></span> <span class='ocrx_word' id='word_1_630' title='bbox 3385 3522 3587 3578; x_wconf 90' lang='lat' dir='ltr'><strong>oculos</strong></span> <span class='ocrx_word' id='word_1_631' title='bbox 3635 3529 3842 3578; x_wconf 89' lang='lat' dir='ltr'><strong>contra</strong></span> 
     </span>
    </p>
   </div>
   <div class='ocr_carea' id='block_1_84' title="bbox 2198 3610 3841 3684">
    <p class='ocr_par' dir='ltr' id='par_1_84' title="bbox 2198 3610 3841 3684">
     <span class='ocr_line' id='line_1_84' title="bbox 2198 3610 3841 3684; baseline -0.001 -17"><span class='ocrx_word' id='word_1_632' title='bbox 2198 3611 2534 3682; x_wconf 86' lang='lat' dir='ltr'><strong>Scdomam,</strong></span> <span class='ocrx_word' id='word_1_633' title='bbox 2567 3616 2623 3666; x_wconf 91' lang='lat' dir='ltr'><strong>et</strong></span> <span class='ocrx_word' id='word_1_634' title='bbox 2651 3610 2946 3666; x_wconf 83' lang='lat' dir='ltr'><strong>Abraham</strong></span> <span class='ocrx_word' id='word_1_635' title='bbox 2991 3610 3170 3665; x_wconf 89' lang='lat' dir='ltr'><strong>simul</strong></span> <span class='ocrx_word' id='word_1_636' title='bbox 3219 3611 3596 3684; x_wconf 87' lang='lat' dir='ltr'><strong>gradiebatur</strong></span> <span class='ocrx_word' id='word_1_637' title='bbox 3649 3612 3841 3667; x_wconf 87' lang='lat' dir='ltr'><strong>dedu-</strong></span> 
     </span>
    </p>
   </div>
   <div class='ocr_carea' id='block_1_85' title="bbox 2197 3699 3840 3774">
    <p class='ocr_par' dir='ltr' id='par_1_85' title="bbox 2197 3699 3840 3774">
     <span class='ocr_line' id='line_1_85' title="bbox 2197 3699 3840 3774; baseline 0 -17"><span class='ocrx_word' id='word_1_638' title='bbox 2197 3718 2331 3757; x_wconf 90' lang='lat' dir='ltr'><strong>cens</strong></span> <span class='ocrx_word' id='word_1_639' title='bbox 2364 3718 2483 3757; x_wconf 84' lang='lat' dir='ltr'><strong>eos.</strong></span> <span class='ocrx_word' id='word_1_640' title='bbox 2531 3699 2802 3772; x_wconf 85' lang='lat' dir='ltr'><strong>Dixitque</strong></span> <span class='ocrx_word' id='word_1_641' title='bbox 2839 3699 3157 3755; x_wconf 90' lang='lat' dir='ltr'><strong>Dominus:</strong></span> <span class='ocrx_word' id='word_1_642' title='bbox 3211 3700 3362 3756; x_wconf 92' lang='lat' dir='ltr'><strong>Num</strong></span> <span class='ocrx_word' id='word_1_643' title='bbox 3412 3701 3599 3758; x_wconf 89' lang='lat' dir='ltr'><strong>celare</strong></span> <span class='ocrx_word' id='word_1_644' title='bbox 3638 3705 3840 3774; x_wconf 87' lang='lat' dir='ltr'><strong>potero</strong></span> 
     </span>
    </p>
   </div>
   <div class='ocr_carea' id='block_1_86' title="bbox 2197 3790 3838 3862">
    <p class='ocr_par' dir='ltr' id='par_1_86' title="bbox 2197 3790 3838 3862">
     <span class='ocr_line' id='line_1_86' title="bbox 2197 3790 3838 3862; baseline 0 -16"><span class='ocrx_word' id='word_1_645' title='bbox 2197 3791 2483 3847; x_wconf 78' lang='lat' dir='ltr'><strong>Abraham</strong></span> <span class='ocrx_word' id='word_1_646' title='bbox 2518 3807 2644 3861; x_wconf 60' lang='lat' dir='ltr'><strong>qua</strong></span> <span class='ocrx_word' id='word_1_647' title='bbox 2677 3795 2952 3862; x_wconf 89' lang='lat' dir='ltr'><strong>gesturus</strong></span> <span class='ocrx_word' id='word_1_648' title='bbox 2984 3806 3138 3860; x_wconf 88' lang='lat' dir='ltr'><strong>sum,</strong></span> <span class='ocrx_word' id='word_1_649' title='bbox 3173 3806 3306 3844; x_wconf 92' lang='lat' dir='ltr'><strong>cum</strong></span> <span class='ocrx_word' id='word_1_650' title='bbox 3360 3790 3595 3846; x_wconf 84' lang='lat' dir='ltr'><strong>futurus</strong></span> <span class='ocrx_word' id='word_1_651' title='bbox 3647 3795 3723 3846; x_wconf 83' lang='lat' dir='ltr'><strong>sit</strong></span> <span class='ocrx_word' id='word_1_652' title='bbox 3775 3790 3838 3846; x_wconf 90' lang='lat' dir='ltr'><strong>in</strong></span> 
     </span>
    </p>
   </div>
   <div class='ocr_carea' id='block_1_87' title="bbox 2196 3877 3840 3954">
    <p class='ocr_par' dir='ltr' id='par_1_87' title="bbox 2196 3877 3840 3954">
     <span class='ocr_line' id='line_1_87' title="bbox 2196 3877 3840 3954; baseline -0.001 -19"><span class='ocrx_word' id='word_1_653' title='bbox 2196 3885 2425 3954; x_wconf 89' lang='lat' dir='ltr'><strong>gentem</strong></span> <span class='ocrx_word' id='word_1_654' title='bbox 2478 3895 2777 3951; x_wconf 88' lang='lat' dir='ltr'><strong>magnam,</strong></span> <span class='ocrx_word' id='word_1_655' title='bbox 2825 3895 2891 3934; x_wconf 90' lang='lat' dir='ltr'><strong>ac</strong></span> <span class='ocrx_word' id='word_1_656' title='bbox 2936 3877 3428 3947; x_wconf 77' lang='lat' dir='ltr'><strong>robustissimum,</strong></span> <span class='ocrx_word' id='word_1_657' title='bbox 3490 3883 3550 3934; x_wconf 90' lang='lat' dir='ltr'><strong>et</strong></span> <span class='ocrx_word' id='word_1_658' title='bbox 3597 3879 3840 3934; x_wconf 88' lang='lat' dir='ltr'><strong>benedi-</strong></span> 
     </span>
    </p>
   </div>
   <div class='ocr_carea' id='block_1_88' title="bbox 2195 3967 3840 4025">
    <p class='ocr_par' dir='ltr' id='par_1_88' title="bbox 2195 3967 3840 4025">
     <span class='ocr_line' id='line_1_88' title="bbox 2195 3967 3840 4025; baseline 0 -1"><span class='ocrx_word' id='word_1_659' title='bbox 2195 3969 2390 4025; x_wconf 60' lang='lat' dir='ltr'><strong>cendte</strong></span> <span class='ocrx_word' id='word_1_660' title='bbox 2451 3968 2568 4024; x_wconf 90' lang='lat' dir='ltr'><strong>sint</strong></span> <span class='ocrx_word' id='word_1_661' title='bbox 2594 3968 2652 4022; x_wconf 89' lang='lat' dir='ltr'><strong>in</strong></span> <span class='ocrx_word' id='word_1_662' title='bbox 2711 3967 2810 4022; x_wconf 89' lang='lat' dir='ltr'><strong>illo</strong></span> <span class='ocrx_word' id='word_1_663' title='bbox 2871 3983 3075 4023; x_wconf 90' lang='lat' dir='ltr'><strong>omnes</strong></span> <span class='ocrx_word' id='word_1_664' title='bbox 3130 3968 3397 4023; x_wconf 90' lang='lat' dir='ltr'><strong>nationes</strong></span> <span class='ocrx_word' id='word_1_665' title='bbox 3463 3967 3840 4024; x_wconf 71' lang='lat' dir='ltr'><strong>term?Scio</strong></span> 
     </span>
    </p>
   </div>
   <div class='ocr_carea' id='block_1_89' title="bbox 2197 4054 3842 4130">
    <p class='ocr_par' dir='ltr' id='par_1_89' title="bbox 2197 4054 3842 4130">
     <span class='ocr_line' id='line_1_89' title="bbox 2197 4054 3842 4130; baseline -0.001 -16"><span class='ocrx_word' id='word_1_666' title='bbox 2197 4057 2349 4114; x_wconf 87' lang='lat' dir='ltr'><strong>enim</strong></span> <span class='ocrx_word' id='word_1_667' title='bbox 2383 4059 2534 4130; x_wconf 81' lang='lat' dir='ltr'><strong>quod</strong></span> <span class='ocrx_word' id='word_1_668' title='bbox 2573 4061 2971 4129; x_wconf 68' lang='lat' dir='ltr'><strong>praecepturus</strong></span> <span class='ocrx_word' id='word_1_669' title='bbox 3004 4055 3080 4111; x_wconf 90' lang='lat' dir='ltr'><strong>sit</strong></span> <span class='ocrx_word' id='word_1_670' title='bbox 3125 4054 3263 4111; x_wconf 82' lang='lat' dir='ltr'><strong>ﬁliis</strong></span> <span class='ocrx_word' id='word_1_671' title='bbox 3322 4056 3470 4126; x_wconf 91' lang='lat' dir='ltr'><strong>suis,</strong></span> <span class='ocrx_word' id='word_1_672' title='bbox 3527 4063 3586 4113; x_wconf 93' lang='lat' dir='ltr'><strong>et</strong></span> <span class='ocrx_word' id='word_1_673' title='bbox 3635 4058 3842 4113; x_wconf 91' lang='lat' dir='ltr'><strong>domui</strong></span> 
     </span>
    </p>
   </div>
   <div class='ocr_carea' id='block_1_90' title="bbox 2196 4143 3846 4220">
    <p class='ocr_par' dir='ltr' id='par_1_90' title="bbox 2196 4143 3846 4220">
     <span class='ocr_line' id='line_1_90' title="bbox 2196 4143 3846 4220; baseline -0.001 -17"><span class='ocrx_word' id='word_1_674' title='bbox 2196 4165 2316 4204; x_wconf 72' lang='lat' dir='ltr'><strong>suae</strong></span> <span class='ocrx_word' id='word_1_675' title='bbox 2349 4157 2475 4220; x_wconf 89' lang='lat' dir='ltr'><strong>post</strong></span> <span class='ocrx_word' id='word_1_676' title='bbox 2506 4163 2588 4215; x_wconf 90' lang='lat' dir='ltr'><strong>se,</strong></span> <span class='ocrx_word' id='word_1_677' title='bbox 2625 4151 2689 4202; x_wconf 91' lang='lat' dir='ltr'><strong>ut</strong></span> <span class='ocrx_word' id='word_1_678' title='bbox 2727 4146 3063 4202; x_wconf 88' lang='lat' dir='ltr'><strong>custodiant</strong></span> <span class='ocrx_word' id='word_1_679' title='bbox 3092 4143 3243 4200; x_wconf 90' lang='lat' dir='ltr'><strong>viam</strong></span> <span class='ocrx_word' id='word_1_680' title='bbox 3271 4145 3520 4215; x_wconf 82' lang='lat' dir='ltr'><strong>Domini,</strong></span> <span class='ocrx_word' id='word_1_681' title='bbox 3544 4152 3602 4202; x_wconf 94' lang='lat' dir='ltr'><strong>et</strong></span> <span class='ocrx_word' id='word_1_682' title='bbox 3624 4147 3846 4202; x_wconf 82' lang='lat' dir='ltr'><strong>faciant</strong></span> 
     </span>
    </p>
   </div>
   <div class='ocr_carea' id='block_1_91' title="bbox 2187 4234 3845 4309">
    <p class='ocr_par' dir='ltr' id='par_1_91' title="bbox 2187 4234 3845 4309">
     <span class='ocr_line' id='line_1_91' title="bbox 2187 4234 3845 4309; baseline -0.001 -16"><span class='ocrx_word' id='word_1_683' title='bbox 2187 4237 2481 4308; x_wconf 83' lang='lat' dir='ltr'><strong>justitiam</strong></span> <span class='ocrx_word' id='word_1_684' title='bbox 2511 4241 2566 4293; x_wconf 89' lang='lat' dir='ltr'><strong>et</strong></span> <span class='ocrx_word' id='word_1_685' title='bbox 2588 4235 2906 4308; x_wconf 88' lang='lat' dir='ltr'><strong>judicium,</strong></span> <span class='ocrx_word' id='word_1_686' title='bbox 2936 4240 2998 4290; x_wconf 92' lang='lat' dir='ltr'><strong>ut</strong></span> <span class='ocrx_word' id='word_1_687' title='bbox 3020 4234 3276 4290; x_wconf 85' lang='lat' dir='ltr'><strong>adducat</strong></span> <span class='ocrx_word' id='word_1_688' title='bbox 3297 4234 3577 4291; x_wconf 87' lang='lat' dir='ltr'><strong>Dominus</strong></span> <span class='ocrx_word' id='word_1_689' title='bbox 3599 4240 3845 4309; x_wconf 89' lang='lat' dir='ltr'><strong>propter</strong></span> 
     </span>
    </p>
   </div>
   <div class='ocr_carea' id='block_1_92' title="bbox 2194 4324 3842 4397">
    <p class='ocr_par' dir='ltr' id='par_1_92' title="bbox 2194 4324 3842 4397">
     <span class='ocr_line' id='line_1_92' title="bbox 2194 4324 3842 4397; baseline 0 -15"><span class='ocrx_word' id='word_1_690' title='bbox 2194 4327 2486 4382; x_wconf 87' lang='lat' dir='ltr'><strong>Abraham</strong></span> <span class='ocrx_word' id='word_1_691' title='bbox 2518 4326 2714 4382; x_wconf 90' lang='lat' dir='ltr'><strong>omnia</strong></span> <span class='ocrx_word' id='word_1_692' title='bbox 2745 4343 2872 4397; x_wconf 86' lang='lat' dir='ltr'><strong>quae</strong></span> <span class='ocrx_word' id='word_1_693' title='bbox 2928 4324 3160 4382; x_wconf 89' lang='lat' dir='ltr'><strong>locutus</strong></span> <span class='ocrx_word' id='word_1_694' title='bbox 3202 4331 3291 4382; x_wconf 90' lang='lat' dir='ltr'><strong>est</strong></span> <span class='ocrx_word' id='word_1_695' title='bbox 3336 4325 3408 4380; x_wconf 91' lang='lat' dir='ltr'><strong>ad</strong></span> <span class='ocrx_word' id='word_1_696' title='bbox 3465 4342 3623 4381; x_wconf 91' lang='lat' dir='ltr'><strong>cum.</strong></span> <span class='ocrx_word' id='word_1_697' title='bbox 3681 4326 3842 4382; x_wconf 87' lang='lat' dir='ltr'><strong>Dixit</strong></span> 
     </span>
    </p>
   </div>
   <div class='ocr_carea' id='block_1_93' title="bbox 2196 4414 3841 4488">
    <p class='ocr_par' dir='ltr' id='par_1_93' title="bbox 2196 4414 3841 4488">
     <span class='ocr_line' id='line_1_93' title="bbox 2196 4414 3841 4488; baseline -0.001 -16"><span class='ocrx_word' id='word_1_698' title='bbox 2196 4417 2393 4488; x_wconf 75' lang='lat' dir='ltr'><strong>itaque</strong></span> <span class='ocrx_word' id='word_1_699' title='bbox 2425 4416 2706 4471; x_wconf 84' lang='lat' dir='ltr'><strong>Dominus</strong></span> <span class='ocrx_word' id='word_1_700' title='bbox 2730 4430 2745 4462; x_wconf 73' lang='grc' dir='ltr'><strong>ι’</strong></span> <span class='ocrx_word' id='word_1_701' title='bbox 2775 4415 3008 4471; x_wconf 86' lang='lat' dir='ltr'><strong>Clamor</strong></span> <span class='ocrx_word' id='word_1_702' title='bbox 3058 4414 3446 4470; x_wconf 86' lang='lat' dir='ltr'><strong>Sodomorum</strong></span> <span class='ocrx_word' id='word_1_703' title='bbox 3479 4421 3536 4471; x_wconf 85' lang='lat' dir='ltr'><strong>et</strong></span> <span class='ocrx_word' id='word_1_704' title='bbox 3585 4415 3841 4472; x_wconf 84' lang='lat' dir='ltr'><strong>Gomor-</strong></span> 
     </span>
    </p>
   </div>
   <div class='ocr_carea' id='block_1_94' title="bbox 2196 4503 3842 4576">
    <p class='ocr_par' dir='ltr' id='par_1_94' title="bbox 2196 4503 3842 4576">
     <span class='ocr_line' id='line_1_94' title="bbox 2196 4503 3842 4576; baseline 0.001 -16"><span class='ocrx_word' id='word_1_705' title='bbox 2196 4523 2441 4560; x_wconf 71' lang='lat' dir='ltr'><strong>rzrorum</strong></span> <span class='ocrx_word' id='word_1_706' title='bbox 2503 4503 2932 4576; x_wconf 87' lang='lat' dir='ltr'><strong>multiplicatus</strong></span> <span class='ocrx_word' id='word_1_707' title='bbox 2983 4507 3110 4571; x_wconf 90' lang='lat' dir='ltr'><strong>est,</strong></span> <span class='ocrx_word' id='word_1_708' title='bbox 3171 4507 3225 4558; x_wconf 91' lang='lat' dir='ltr'><strong>et</strong></span> <span class='ocrx_word' id='word_1_709' title='bbox 3278 4508 3573 4576; x_wconf 88' lang='lat' dir='ltr'><strong>peccatum</strong></span> <span class='ocrx_word' id='word_1_710' title='bbox 3630 4520 3842 4562; x_wconf 87' lang='lat' dir='ltr'><strong>eorum</strong></span> 
     </span>
    </p>
   </div>
   <div class='ocr_carea' id='block_1_95' title="bbox 444 4577 3841 4666">
    <p class='ocr_par' dir='ltr' id='par_1_95' title="bbox 444 4577 3841 4666">
     <span class='ocr_line' id='line_1_95' title="bbox 444 4577 3841 4666; baseline 0 -17"><span class='ocrx_word' id='word_1_711' title='bbox 444 4577 708 4666; x_wconf 62' lang='lat' dir='ltr'><strong>ascendit</strong></span> <span class='ocrx_word' id='word_1_712' title='bbox 741 4578 889 4632; x_wconf 69' lang='lat' dir='ltr'><strong>Deus</strong></span> <span class='ocrx_word' id='word_1_713' title='bbox 919 4577 988 4632; x_wconf 71' lang='lat' dir='ltr'><strong>ad</strong></span> <span class='ocrx_word' id='word_1_714' title='bbox 1021 4577 1335 4635; x_wconf 57' lang='lat' dir='ltr'><strong>Abraham-</strong></span> <span class='ocrx_word' id='word_1_715' title='bbox 1369 4577 1528 4632; x_wconf 67' lang='grc' dir='ltr'><strong>ΤυῘίῖ</strong></span> <span class='ocrx_word' id='word_1_716' title='bbox 1559 4581 1755 4632; x_wconf 55' lang='lat' dir='ltr'><strong>alitem</strong></span> <span class='ocrx_word' id='word_1_717' title='bbox 1791 4578 2080 4633; x_wconf 65' lang='lat' dir='ltr'><strong>Abraham</strong></span> <span class='ocrx_word' id='word_1_718' title='bbox 2117 4595 2160 4659; x_wconf 91' lang='lat' dir='ltr'><strong>D</strong></span> <span class='ocrx_word' id='word_1_719' title='bbox 2195 4599 2574 4666; x_wconf 78' lang='lat' dir='ltr'><strong>aggravatum</strong></span> <span class='ocrx_word' id='word_1_720' title='bbox 2595 4610 2657 4648; x_wconf 86' lang='lat' dir='ltr'><strong>es</strong></span> <span class='ocrx_word' id='word_1_721' title='bbox 2681 4592 2902 4647; x_wconf 89' lang='lat' dir='ltr'><strong>tnimis.</strong></span> <span class='ocrx_word' id='word_1_722' title='bbox 2932 4593 3288 4646; x_wconf 82' lang='lat' dir='ltr'><strong>Descendam</strong></span> <span class='ocrx_word' id='word_1_723' title='bbox 3313 4597 3370 4647; x_wconf 91' lang='lat' dir='ltr'><strong>et</strong></span> <span class='ocrx_word' id='word_1_724' title='bbox 3399 4592 3841 4660; x_wconf 89' lang='lat' dir='ltr'><strong>videbo,utrum</strong></span> 
     </span>
    </p>
   </div>
   <div class='ocr_carea' id='block_1_96' title="bbox 445 4665 2086 4735">
    <p class='ocr_par' dir='ltr' id='par_1_96' title="bbox 445 4665 2086 4735">
     <span class='ocr_line' id='line_1_96' title="bbox 445 4665 2086 4735; baseline 0.002 -15"><span class='ocrx_word' id='word_1_725' title='bbox 445 4665 676 4735; x_wconf 87' lang='lat' dir='ltr'><strong>Ismael,</strong></span> <span class='ocrx_word' id='word_1_726' title='bbox 709 4665 896 4722; x_wconf 83' lang='lat' dir='ltr'><strong>filium</strong></span> <span class='ocrx_word' id='word_1_727' title='bbox 929 4683 1101 4722; x_wconf 89' lang='lat' dir='ltr'><strong>suum</strong></span> <span class='ocrx_word' id='word_1_728' title='bbox 1163 4673 1219 4722; x_wconf 91' lang='lat' dir='ltr'><strong>et</strong></span> <span class='ocrx_word' id='word_1_729' title='bbox 1273 4684 1479 4723; x_wconf 91' lang='lat' dir='ltr'><strong>omnes</strong></span> <span class='ocrx_word' id='word_1_730' title='bbox 1502 4669 1849 4723; x_wconf 88' lang='lat' dir='ltr'><strong>vernaculos</strong></span> <span class='ocrx_word' id='word_1_731' title='bbox 1873 4669 2086 4724; x_wconf 90' lang='lat' dir='ltr'><strong>domus</strong></span> 
     </span>
    </p>
   </div>
   <div class='ocr_carea' id='block_1_97' title="bbox 443 4755 2083 4828">
    <p class='ocr_par' dir='ltr' id='par_1_97' title="bbox 443 4755 2083 4828">
     <span class='ocr_line' id='line_1_97' title="bbox 443 4755 2083 4828; baseline 0.002 -20"><span class='ocrx_word' id='word_1_732' title='bbox 443 4770 586 4821; x_wconf 55' lang='lat' dir='ltr'><strong>suta,</strong></span> <span class='ocrx_word' id='word_1_733' title='bbox 617 4755 1038 4828; x_wconf 88' lang='lat' dir='ltr'><strong>universosque</strong></span> <span class='ocrx_word' id='word_1_734' title='bbox 1065 4774 1210 4826; x_wconf 81' lang='lat' dir='ltr'><strong>quos</strong></span> <span class='ocrx_word' id='word_1_735' title='bbox 1232 4763 1475 4821; x_wconf 81' lang='lat' dir='ltr'><strong>emerat,</strong></span> <span class='ocrx_word' id='word_1_736' title='bbox 1512 4763 1754 4812; x_wconf 83' lang='lat' dir='ltr'><strong>cunctos</strong></span> <span class='ocrx_word' id='word_1_737' title='bbox 1790 4774 1980 4812; x_wconf 85' lang='lat' dir='ltr'><strong>mares</strong></span> <span class='ocrx_word' id='word_1_738' title='bbox 2018 4774 2083 4812; x_wconf 90' lang='lat' dir='ltr'><strong>ex</strong></span> 
     </span>
    </p>
   </div>
   <div class='ocr_carea' id='block_1_98' title="bbox 441 4843 2084 4913">
    <p class='ocr_par' dir='ltr' id='par_1_98' title="bbox 441 4843 2084 4913">
     <span class='ocr_line' id='line_1_98' title="bbox 441 4843 2084 4913; baseline 0.001 -14"><span class='ocrx_word' id='word_1_739' title='bbox 441 4844 722 4900; x_wconf 88' lang='lat' dir='ltr'><strong>omnibus</strong></span> <span class='ocrx_word' id='word_1_740' title='bbox 763 4843 903 4900; x_wconf 90' lang='lat' dir='ltr'><strong>viris</strong></span> <span class='ocrx_word' id='word_1_741' title='bbox 948 4847 1161 4902; x_wconf 89' lang='lat' dir='ltr'><strong>domus</strong></span> <span class='ocrx_word' id='word_1_742' title='bbox 1192 4864 1333 4913; x_wconf 66' lang='lat' dir='ltr'><strong>sua,</strong></span> <span class='ocrx_word' id='word_1_743' title='bbox 1365 4854 1421 4900; x_wconf 91' lang='lat' dir='ltr'><strong>et</strong></span> <span class='ocrx_word' id='word_1_744' title='bbox 1451 4845 1820 4902; x_wconf 83' lang='lat' dir='ltr'><strong>circumcidit</strong></span> <span class='ocrx_word' id='word_1_745' title='bbox 1849 4863 2084 4901; x_wconf 90' lang='lat' dir='ltr'><strong>carnem</strong></span> 
     </span>
    </p>
   </div>
   <div class='ocr_carea' id='block_1_99' title="bbox 440 4935 2084 5008">
    <p class='ocr_par' dir='ltr' id='par_1_99' title="bbox 440 4935 2084 5008">
     <span class='ocr_line' id='line_1_99' title="bbox 440 4935 2084 5008; baseline 0.003 -22"><span class='ocrx_word' id='word_1_746' title='bbox 440 4935 711 5004; x_wconf 66' lang='lat' dir='ltr'><strong>praeputii</strong></span> <span class='ocrx_word' id='word_1_747' title='bbox 743 4951 946 4990; x_wconf 88' lang='lat' dir='ltr'><strong>eorum</strong></span> <span class='ocrx_word' id='word_1_748' title='bbox 980 4936 1178 4990; x_wconf 88' lang='lat' dir='ltr'><strong>statim</strong></span> <span class='ocrx_word' id='word_1_749' title='bbox 1215 4935 1271 4989; x_wconf 93' lang='lat' dir='ltr'><strong>in</strong></span> <span class='ocrx_word' id='word_1_750' title='bbox 1319 4935 1448 5008; x_wconf 84' lang='lat' dir='ltr'><strong>ipsa</strong></span> <span class='ocrx_word' id='word_1_751' title='bbox 1500 4935 1614 5006; x_wconf 91' lang='lat' dir='ltr'><strong>die,</strong></span> <span class='ocrx_word' id='word_1_752' title='bbox 1675 4936 1827 4990; x_wconf 90' lang='lat' dir='ltr'><strong>sicut</strong></span> <span class='ocrx_word' id='word_1_753' title='bbox 1877 4951 2084 5006; x_wconf 66' lang='lat' dir='ltr'><strong>praece-</strong></span> 
     </span>
    </p>
   </div>
   <div class='ocr_carea' id='block_1_100' title="bbox 445 5022 2089 5097">
    <p class='ocr_par' dir='ltr' id='par_1_100' title="bbox 445 5022 2089 5097">
     <span class='ocr_line' id='line_1_100' title="bbox 445 5022 2089 5097; baseline 0.001 -21"><span class='ocrx_word' id='word_1_754' title='bbox 445 5027 608 5094; x_wconf 88' lang='lat' dir='ltr'><strong>perat</strong></span> <span class='ocrx_word' id='word_1_755' title='bbox 640 5022 690 5078; x_wconf 91' lang='lat' dir='ltr'><strong>ei</strong></span> <span class='ocrx_word' id='word_1_756' title='bbox 726 5027 897 5080; x_wconf 88' lang='lat' dir='ltr'><strong>Deus.</strong></span> <span class='ocrx_word' id='word_1_757' title='bbox 932 5023 1226 5079; x_wconf 82' lang='lat' dir='ltr'><strong>Abraham</strong></span> <span class='ocrx_word' id='word_1_758' title='bbox 1263 5024 1581 5097; x_wconf 87' lang='lat' dir='ltr'><strong>nonaginta</strong></span> <span class='ocrx_word' id='word_1_759' title='bbox 1622 5029 1677 5078; x_wconf 88' lang='lat' dir='ltr'><strong>et</strong></span> <span class='ocrx_word' id='word_1_760' title='bbox 1709 5041 1911 5079; x_wconf 84' lang='lat' dir='ltr'><strong>novem</strong></span> <span class='ocrx_word' id='word_1_761' title='bbox 1963 5027 2089 5080; x_wconf 87' lang='lat' dir='ltr'><strong>erat</strong></span> 
     </span>
    </p>
   </div>
   <div class='ocr_carea' id='block_1_101' title="bbox 445 5111 2084 5184">
    <p class='ocr_par' dir='ltr' id='par_1_101' title="bbox 445 5111 2084 5184">
     <span class='ocr_line' id='line_1_101' title="bbox 445 5111 2084 5184; baseline 0 -16"><span class='ocrx_word' id='word_1_762' title='bbox 445 5129 733 5168; x_wconf 86' lang='lat' dir='ltr'><strong>annorum</strong></span> <span class='ocrx_word' id='word_1_763' title='bbox 768 5113 1004 5184; x_wconf 89' lang='lat' dir='ltr'><strong>quando</strong></span> <span class='ocrx_word' id='word_1_764' title='bbox 1025 5113 1394 5169; x_wconf 83' lang='lat' dir='ltr'><strong>circumcidit</strong></span> <span class='ocrx_word' id='word_1_765' title='bbox 1418 5130 1650 5169; x_wconf 88' lang='lat' dir='ltr'><strong>carnem</strong></span> <span class='ocrx_word' id='word_1_766' title='bbox 1679 5112 1947 5184; x_wconf 67' lang='grc' dir='ltr'><strong>μιύειρυίὶί</strong></span> <span class='ocrx_word' id='word_1_767' title='bbox 1971 5111 2084 5168; x_wconf 89' lang='lat' dir='ltr'><strong>sui.</strong></span> 
     </span>
    </p>
   </div>
   <div class='ocr_carea' id='block_1_102' title="bbox 445 5201 2088 5274">
    <p class='ocr_par' dir='ltr' id='par_1_102' title="bbox 445 5201 2088 5274">
     <span class='ocr_line' id='line_1_102' title="bbox 445 5201 2088 5274; baseline 0 -16"><span class='ocrx_word' id='word_1_768' title='bbox 445 5201 515 5258; x_wconf 88' lang='lat' dir='ltr'><strong>Et</strong></span> <span class='ocrx_word' id='word_1_769' title='bbox 543 5201 756 5258; x_wconf 81' lang='lat' dir='ltr'><strong>Ismael</strong></span> <span class='ocrx_word' id='word_1_770' title='bbox 776 5203 931 5259; x_wconf 64' lang='lat' dir='ltr'><strong>ﬁlius</strong></span> <span class='ocrx_word' id='word_1_771' title='bbox 949 5203 1076 5272; x_wconf 88' lang='lat' dir='ltr'><strong>ejus</strong></span> <span class='ocrx_word' id='word_1_772' title='bbox 1100 5204 1275 5274; x_wconf 83' lang='lat' dir='ltr'><strong>[Vulg.</strong></span> <span class='ocrx_word' id='word_1_773' title='bbox 1302 5213 1402 5258; x_wconf 78' lang='lat' dir='ltr'><strong>toc.</strong></span> <span class='ocrx_word' id='word_1_774' title='bbox 1428 5203 1579 5274; x_wconf 89' lang='lat' dir='ltr'><strong>eius]</strong></span> <span class='ocrx_word' id='word_1_775' title='bbox 1602 5203 1878 5258; x_wconf 89' lang='lat' dir='ltr'><strong>tredecim</strong></span> <span class='ocrx_word' id='word_1_776' title='bbox 1903 5217 2088 5258; x_wconf 86' lang='lat' dir='ltr'><strong>annos</strong></span> 
     </span>
    </p>
   </div>
   <div class='ocr_carea' id='block_1_103' title="bbox 445 5290 2088 5362">
    <p class='ocr_par' dir='ltr' id='par_1_103' title="bbox 445 5290 2088 5362">
     <span class='ocr_line' id='line_1_103' title="bbox 445 5290 2088 5362; baseline -0.001 -15"><span class='ocrx_word' id='word_1_777' title='bbox 445 5291 786 5361; x_wconf 85' lang='lat' dir='ltr'><strong>impleverat</strong></span> <span class='ocrx_word' id='word_1_778' title='bbox 814 5297 1074 5362; x_wconf 86' lang='lat' dir='ltr'><strong>tempore</strong></span> <span class='ocrx_word' id='word_1_779' title='bbox 1097 5293 1567 5348; x_wconf 78' lang='lat' dir='ltr'><strong>circumcisionis</strong></span> <span class='ocrx_word' id='word_1_780' title='bbox 1591 5310 1729 5346; x_wconf 62' lang='lat' dir='ltr'><strong>sua}.</strong></span> <span class='ocrx_word' id='word_1_781' title='bbox 1757 5291 1970 5346; x_wconf 85' lang='lat' dir='ltr'><strong>Eadem</strong></span> <span class='ocrx_word' id='word_1_782' title='bbox 1994 5290 2088 5346; x_wconf 87' lang='lat' dir='ltr'><strong>die</strong></span> 
     </span>
    </p>
   </div>
   <div class='ocr_carea' id='block_1_104' title="bbox 444 5380 2090 5450">
    <p class='ocr_par' dir='ltr' id='par_1_104' title="bbox 444 5380 2090 5450">
     <span class='ocr_line' id='line_1_104' title="bbox 444 5380 2090 5450; baseline 0 -14"><span class='ocrx_word' id='word_1_783' title='bbox 444 5382 832 5437; x_wconf 91' lang='lat' dir='ltr'><strong>circumcisus</strong></span> <span class='ocrx_word' id='word_1_784' title='bbox 861 5387 952 5436; x_wconf 89' lang='lat' dir='ltr'><strong>est</strong></span> <span class='ocrx_word' id='word_1_785' title='bbox 1010 5383 1215 5438; x_wconf 81' lang='lat' dir='ltr'><strong>Abram</strong></span> <span class='ocrx_word' id='word_1_786' title='bbox 1245 5388 1301 5436; x_wconf 90' lang='lat' dir='ltr'><strong>et</strong></span> <span class='ocrx_word' id='word_1_787' title='bbox 1362 5381 1569 5436; x_wconf 83' lang='lat' dir='ltr'><strong>lsmael</strong></span> <span class='ocrx_word' id='word_1_788' title='bbox 1632 5381 1788 5434; x_wconf 84' lang='lat' dir='ltr'><strong>{ilius</strong></span> <span class='ocrx_word' id='word_1_789' title='bbox 1819 5385 1967 5450; x_wconf 82' lang='lat' dir='ltr'><strong>ejus.</strong></span> <span class='ocrx_word' id='word_1_790' title='bbox 2019 5380 2090 5436; x_wconf 78' lang='lat' dir='ltr'><strong>Et</strong></span> 
     </span>
    </p>
   </div>
   <div class='ocr_carea' id='block_1_105' title="bbox 447 5468 2088 5540">
    <p class='ocr_par' dir='ltr' id='par_1_105' title="bbox 447 5468 2088 5540">
     <span class='ocr_line' id='line_1_105' title="bbox 447 5468 2088 5540; baseline -0.001 -13"><span class='ocrx_word' id='word_1_791' title='bbox 447 5488 650 5527; x_wconf 89' lang='lat' dir='ltr'><strong>omnes</strong></span> <span class='ocrx_word' id='word_1_792' title='bbox 677 5471 783 5525; x_wconf 85' lang='lat' dir='ltr'><strong>viri</strong></span> <span class='ocrx_word' id='word_1_793' title='bbox 839 5471 1054 5527; x_wconf 90' lang='lat' dir='ltr'><strong>domus</strong></span> <span class='ocrx_word' id='word_1_794' title='bbox 1100 5471 1283 5535; x_wconf 90' lang='lat' dir='ltr'><strong>illius,</strong></span> <span class='ocrx_word' id='word_1_795' title='bbox 1343 5475 1462 5525; x_wconf 90' lang='lat' dir='ltr'><strong>tam</strong></span> <span class='ocrx_word' id='word_1_796' title='bbox 1523 5468 1846 5536; x_wconf 80' lang='lat' dir='ltr'><strong>vernaculi,</strong></span> <span class='ocrx_word' id='word_1_797' title='bbox 1907 5485 2088 5540; x_wconf 86' lang='lat' dir='ltr'><strong>quam</strong></span> 
     </span>
    </p>
   </div>
   <div class='ocr_carea' id='block_1_106' title="bbox 445 5555 1977 5633">
    <p class='ocr_par' dir='ltr' id='par_1_106' title="bbox 445 5555 1977 5633">
     <span class='ocr_line' id='line_1_106' title="bbox 445 5555 1977 5633; baseline -0.001 -19"><span class='ocrx_word' id='word_1_798' title='bbox 445 5560 697 5633; x_wconf 86' lang='lat' dir='ltr'><strong>emptitii</strong></span> <span class='ocrx_word' id='word_1_799' title='bbox 730 5565 786 5616; x_wconf 91' lang='lat' dir='ltr'><strong>et</strong></span> <span class='ocrx_word' id='word_1_800' title='bbox 816 5558 1178 5631; x_wconf 65' lang='lat' dir='ltr'><strong>alienigene,</strong></span> <span class='ocrx_word' id='word_1_801' title='bbox 1211 5558 1429 5630; x_wconf 87' lang='lat' dir='ltr'><strong>pariter</strong></span> <span class='ocrx_word' id='word_1_802' title='bbox 1459 5555 1788 5614; x_wconf 88' lang='lat' dir='ltr'><strong>circumcisi</strong></span> <span class='ocrx_word' id='word_1_803' title='bbox 1820 5560 1977 5613; x_wconf 89' lang='lat' dir='ltr'><strong>sunt.</strong></span> 
     </span>
    </p>
   </div>
   <div class='ocr_carea' id='block_1_107' title="bbox 523 5681 2083 5756">
    <p class='ocr_par' dir='ltr' id='par_1_107' title="bbox 523 5681 2083 5756">
     <span class='ocr_line' id='line_1_107' title="bbox 523 5681 2083 5756; baseline -0.001 -18"><span class='ocrx_word' id='word_1_804' title='bbox 523 5683 608 5755; x_wconf 77' lang='grc' dir='ltr'><strong>[τ.</strong></span> <span class='ocrx_word' id='word_1_805' title='bbox 633 5683 760 5754; x_wconf 88' lang='lat' dir='ltr'><strong>xn,</strong></span> <span class='ocrx_word' id='word_1_806' title='bbox 789 5689 850 5739; x_wconf 73' lang='grc' dir='ltr'><strong>Β.</strong></span> <span class='ocrx_word' id='word_1_807' title='bbox 880 5683 1138 5755; x_wconf 86' lang='lat' dir='ltr'><strong>xxxm,</strong></span> <span class='ocrx_word' id='word_1_808' title='bbox 1163 5683 1223 5740; x_wconf 91' lang='lat' dir='ltr'><strong>c.</strong></span> <span class='ocrx_word' id='word_1_809' title='bbox 1256 5683 1485 5749; x_wconf 82' lang='lat' dir='ltr'><strong>xxxv,</strong></span> <span class='ocrx_word' id='word_1_810' title='bbox 1517 5685 1648 5754; x_wconf 85' lang='lat' dir='ltr'><strong>Cap.</strong></span> <span class='ocrx_word' id='word_1_811' title='bbox 1692 5681 1920 5752; x_wconf 81' lang='lat' dir='ltr'><strong>xvm,]</strong></span> <span class='ocrx_word' id='word_1_812' title='bbox 1967 5684 2083 5756; x_wconf 77' lang='lat' dir='ltr'><strong>Ap-</strong></span> 
     </span>
    </p>
   </div>
   <div class='ocr_carea' id='block_1_108' title="bbox 2193 4680 3838 4753">
    <p class='ocr_par' dir='ltr' id='par_1_108' title="bbox 2193 4680 3838 4753">
     <span class='ocr_line' id='line_1_108' title="bbox 2193 4680 3838 4753; baseline -0.002 -15"><span class='ocrx_word' id='word_1_813' title='bbox 2193 4683 2506 4738; x_wconf 90' lang='lat' dir='ltr'><strong>clamorem</strong></span> <span class='ocrx_word' id='word_1_814' title='bbox 2558 4682 2658 4753; x_wconf 91' lang='lat' dir='ltr'><strong>qui</strong></span> <span class='ocrx_word' id='word_1_815' title='bbox 2687 4680 2846 4735; x_wconf 88' lang='lat' dir='ltr'><strong>venit</strong></span> <span class='ocrx_word' id='word_1_816' title='bbox 2876 4680 2946 4733; x_wconf 89' lang='lat' dir='ltr'><strong>ad</strong></span> <span class='ocrx_word' id='word_1_817' title='bbox 2983 4695 3096 4747; x_wconf 90' lang='lat' dir='ltr'><strong>me,</strong></span> <span class='ocrx_word' id='word_1_818' title='bbox 3141 4695 3314 4751; x_wconf 84' lang='lat' dir='ltr'><strong>Opere</strong></span> <span class='ocrx_word' id='word_1_819' title='bbox 3373 4681 3838 4752; x_wconf 86' lang='lat' dir='ltr'><strong>compleverint;</strong></span> 
     </span>
    </p>
   </div>
   <div class='ocr_carea' id='block_1_109' title="bbox 2195 4777 3838 4850">
    <p class='ocr_par' dir='ltr' id='par_1_109' title="bbox 2195 4777 3838 4850">
     <span class='ocr_line' id='line_1_109' title="bbox 2195 4777 3838 4850; baseline 0.001 -16"><span class='ocrx_word' id='word_1_820' title='bbox 2195 4797 2266 4834; x_wconf 91' lang='lat' dir='ltr'><strong>an</strong></span> <span class='ocrx_word' id='word_1_821' title='bbox 2303 4798 2414 4835; x_wconf 91' lang='lat' dir='ltr'><strong>non</strong></span> <span class='ocrx_word' id='word_1_822' title='bbox 2445 4784 2536 4833; x_wconf 90' lang='lat' dir='ltr'><strong>est</strong></span> <span class='ocrx_word' id='word_1_823' title='bbox 2566 4779 2667 4844; x_wconf 89' lang='lat' dir='ltr'><strong>ita,</strong></span> <span class='ocrx_word' id='word_1_824' title='bbox 2699 4782 2762 4831; x_wconf 93' lang='lat' dir='ltr'><strong>ut</strong></span> <span class='ocrx_word' id='word_1_825' title='bbox 2791 4777 2993 4832; x_wconf 89' lang='lat' dir='ltr'><strong>sciam.</strong></span> <span class='ocrx_word' id='word_1_826' title='bbox 3031 4778 3571 4847; x_wconf 86' lang='lat' dir='ltr'><strong>Converteruntque</strong></span> <span class='ocrx_word' id='word_1_827' title='bbox 3591 4795 3653 4834; x_wconf 89' lang='lat' dir='ltr'><strong>se</strong></span> <span class='ocrx_word' id='word_1_828' title='bbox 3675 4780 3838 4850; x_wconf 88' lang='lat' dir='ltr'><strong>inde,</strong></span> 
     </span>
    </p>
   </div>
   <div class='ocr_carea' id='block_1_110' title="bbox 2194 4865 3844 4925">
    <p class='ocr_par' dir='ltr' id='par_1_110' title="bbox 2194 4865 3844 4925">
     <span class='ocr_line' id='line_1_110' title="bbox 2194 4865 3844 4925; baseline 0.001 -1"><span class='ocrx_word' id='word_1_829' title='bbox 2194 4873 2249 4924; x_wconf 90' lang='lat' dir='ltr'><strong>et</strong></span> <span class='ocrx_word' id='word_1_830' title='bbox 2281 4868 2547 4922; x_wconf 86' lang='lat' dir='ltr'><strong>abierunt</strong></span> <span class='ocrx_word' id='word_1_831' title='bbox 2571 4867 2905 4922; x_wconf 88' lang='lat' dir='ltr'><strong>Sodomam.</strong></span> <span class='ocrx_word' id='word_1_832' title='bbox 2937 4865 3229 4919; x_wconf 87' lang='lat' dir='ltr'><strong>Abraham</strong></span> <span class='ocrx_word' id='word_1_833' title='bbox 3264 4881 3398 4920; x_wconf 91' lang='lat' dir='ltr'><strong>vero</strong></span> <span class='ocrx_word' id='word_1_834' title='bbox 3421 4867 3616 4922; x_wconf 88' lang='lat' dir='ltr'><strong>adhuc</strong></span> <span class='ocrx_word' id='word_1_835' title='bbox 3645 4868 3844 4925; x_wconf 88' lang='lat' dir='ltr'><strong>stabat</strong></span> 
     </span>
    </p>
   </div>
   <div class='ocr_carea' id='block_1_111' title="bbox 2196 4953 3839 5029">
    <p class='ocr_par' dir='ltr' id='par_1_111' title="bbox 2196 4953 3839 5029">
     <span class='ocr_line' id='line_1_111' title="bbox 2196 4953 3839 5029; baseline 0.001 -17"><span class='ocrx_word' id='word_1_836' title='bbox 2196 4973 2384 5013; x_wconf 83' lang='lat' dir='ltr'><strong>coram</strong></span> <span class='ocrx_word' id='word_1_837' title='bbox 2415 4957 2684 5011; x_wconf 91' lang='lat' dir='ltr'><strong>Domino.</strong></span> <span class='ocrx_word' id='word_1_838' title='bbox 2724 4956 2794 5010; x_wconf 91' lang='lat' dir='ltr'><strong>Et</strong></span> <span class='ocrx_word' id='word_1_839' title='bbox 2837 4953 3323 5026; x_wconf 90' lang='lat' dir='ltr'><strong>appropinquans</strong></span> <span class='ocrx_word' id='word_1_840' title='bbox 3375 4956 3494 5010; x_wconf 89' lang='lat' dir='ltr'><strong>ait:</strong></span> <span class='ocrx_word' id='word_1_841' title='bbox 3557 4956 3839 5029; x_wconf 88' lang='lat' dir='ltr'><strong>Nunquid</strong></span> 
     </span>
    </p>
   </div>
   <div class='ocr_carea' id='block_1_112' title="bbox 2197 5042 3846 5118">
    <p class='ocr_par' dir='ltr' id='par_1_112' title="bbox 2197 5042 3846 5118">
     <span class='ocr_line' id='line_1_112' title="bbox 2197 5042 3846 5118; baseline 0.001 -17"><span class='ocrx_word' id='word_1_842' title='bbox 2197 5049 2403 5115; x_wconf 85' lang='lat' dir='ltr'><strong>perdes</strong></span> <span class='ocrx_word' id='word_1_843' title='bbox 2427 5047 2659 5116; x_wconf 86' lang='lat' dir='ltr'><strong>justum</strong></span> <span class='ocrx_word' id='word_1_844' title='bbox 2693 5060 2824 5099; x_wconf 90' lang='lat' dir='ltr'><strong>cum</strong></span> <span class='ocrx_word' id='word_1_845' title='bbox 2857 5043 3038 5113; x_wconf 89' lang='lat' dir='ltr'><strong>impio</strong></span> <span class='ocrx_word' id='word_1_846' title='bbox 3060 5042 3088 5096; x_wconf 85' lang='lat'><strong>‘?</strong></span> <span class='ocrx_word' id='word_1_847' title='bbox 3118 5043 3175 5096; x_wconf 87' lang='lat' dir='ltr'><strong>Si</strong></span> <span class='ocrx_word' id='word_1_848' title='bbox 3206 5042 3422 5098; x_wconf 83' lang='lat' dir='ltr'><strong>fuerint</strong></span> <span class='ocrx_word' id='word_1_849' title='bbox 3453 5045 3846 5118; x_wconf 85' lang='lat' dir='ltr'><strong>quiquaginta</strong></span> 
     </span>
    </p>
   </div>
   <div class='ocr_carea' id='block_1_113' title="bbox 2197 5131 3844 5204">
    <p class='ocr_par' dir='ltr' id='par_1_113' title="bbox 2197 5131 3844 5204">
     <span class='ocr_line' id='line_1_113' title="bbox 2197 5131 3844 5204; baseline 0.002 -15"><span class='ocrx_word' id='word_1_850' title='bbox 2197 5137 2338 5204; x_wconf 80' lang='lat' dir='ltr'><strong>iusti</strong></span> <span class='ocrx_word' id='word_1_851' title='bbox 2371 5135 2426 5189; x_wconf 90' lang='lat' dir='ltr'><strong>in</strong></span> <span class='ocrx_word' id='word_1_852' title='bbox 2461 5133 2714 5196; x_wconf 89' lang='lat' dir='ltr'><strong>civitate,</strong></span> <span class='ocrx_word' id='word_1_853' title='bbox 2757 5131 3249 5204; x_wconf 88' lang='lat' dir='ltr'><strong>peribuntsimul,</strong></span> <span class='ocrx_word' id='word_1_854' title='bbox 3275 5138 3330 5188; x_wconf 90' lang='lat' dir='ltr'><strong>et</strong></span> <span class='ocrx_word' id='word_1_855' title='bbox 3352 5149 3466 5187; x_wconf 90' lang='lat' dir='ltr'><strong>non</strong></span> <span class='ocrx_word' id='word_1_856' title='bbox 3493 5151 3694 5202; x_wconf 84' lang='lat' dir='ltr'><strong>parces</strong></span> <span class='ocrx_word' id='word_1_857' title='bbox 3715 5135 3844 5192; x_wconf 93' lang='lat' dir='ltr'><strong>loco</strong></span> 
     </span>
    </p>
   </div>
   <div class='ocr_carea' id='block_1_114' title="bbox 2197 5220 3848 5295">
    <p class='ocr_par' dir='ltr' id='par_1_114' title="bbox 2197 5220 3848 5295">
     <span class='ocr_line' id='line_1_114' title="bbox 2197 5220 3848 5295; baseline 0.002 -17"><span class='ocrx_word' id='word_1_858' title='bbox 2197 5224 2279 5278; x_wconf 90' lang='lat' dir='ltr'><strong>illi</strong></span> <span class='ocrx_word' id='word_1_859' title='bbox 2328 5229 2566 5295; x_wconf 88' lang='lat' dir='ltr'><strong>pr0pter</strong></span> <span class='ocrx_word' id='word_1_860' title='bbox 2615 5220 3355 5294; x_wconf 83' lang='lat' dir='ltr'><strong>quinquagintajustos,sl</strong></span> <span class='ocrx_word' id='word_1_861' title='bbox 3406 5223 3723 5280; x_wconf 80' lang='lat' dir='ltr'><strong>fueruntin</strong></span> <span class='ocrx_word' id='word_1_862' title='bbox 3744 5225 3848 5281; x_wconf 82' lang='lat' dir='ltr'><strong>ea?</strong></span> 
     </span>
    </p>
   </div>
   <div class='ocr_carea' id='block_1_115' title="bbox 2198 5319 3844 5392">
    <p class='ocr_par' dir='ltr' id='par_1_115' title="bbox 2198 5319 3844 5392">
     <span class='ocr_line' id='line_1_115' title="bbox 2198 5319 3844 5392; baseline 0 -12"><span class='ocrx_word' id='word_1_863' title='bbox 2198 5323 2361 5380; x_wconf 75' lang='lat' dir='ltr'><strong>Absit</strong></span> <span class='ocrx_word' id='word_1_864' title='bbox 2395 5341 2427 5379; x_wconf 91' lang='lat' dir='ltr'><strong>a</strong></span> <span class='ocrx_word' id='word_1_865' title='bbox 2461 5328 2537 5389; x_wconf 89' lang='lat' dir='ltr'><strong>te,</strong></span> <span class='ocrx_word' id='word_1_866' title='bbox 2574 5326 2633 5378; x_wconf 91' lang='lat' dir='ltr'><strong>ut</strong></span> <span class='ocrx_word' id='word_1_867' title='bbox 2663 5337 2785 5377; x_wconf 89' lang='lat' dir='ltr'><strong>rem</strong></span> <span class='ocrx_word' id='word_1_868' title='bbox 2819 5319 2968 5375; x_wconf 88' lang='lat' dir='ltr'><strong>hanc</strong></span> <span class='ocrx_word' id='word_1_869' title='bbox 3002 5319 3196 5390; x_wconf 79' lang='lat' dir='ltr'><strong>facias,</strong></span> <span class='ocrx_word' id='word_1_870' title='bbox 3231 5325 3289 5376; x_wconf 89' lang='lat' dir='ltr'><strong>et</strong></span> <span class='ocrx_word' id='word_1_871' title='bbox 3332 5321 3566 5378; x_wconf 88' lang='lat' dir='ltr'><strong>occidas</strong></span> <span class='ocrx_word' id='word_1_872' title='bbox 3605 5322 3844 5392; x_wconf 87' lang='lat' dir='ltr'><strong>justum</strong></span> 
     </span>
    </p>
   </div>
   <div class='ocr_carea' id='block_1_116' title="bbox 2197 5409 3845 5483">
    <p class='ocr_par' dir='ltr' id='par_1_116' title="bbox 2197 5409 3845 5483">
     <span class='ocr_line' id='line_1_116' title="bbox 2197 5409 3845 5483; baseline 0.001 -15"><span class='ocrx_word' id='word_1_873' title='bbox 2197 5430 2331 5469; x_wconf 89' lang='lat' dir='ltr'><strong>cum</strong></span> <span class='ocrx_word' id='word_1_874' title='bbox 2369 5411 2775 5483; x_wconf 83' lang='lat' dir='ltr'><strong>inpio,fiatque</strong></span> <span class='ocrx_word' id='word_1_875' title='bbox 2801 5411 2998 5481; x_wconf 88' lang='lat' dir='ltr'><strong>justus</strong></span> <span class='ocrx_word' id='word_1_876' title='bbox 3029 5409 3182 5466; x_wconf 89' lang='lat' dir='ltr'><strong>sicut</strong></span> <span class='ocrx_word' id='word_1_877' title='bbox 3212 5409 3580 5481; x_wconf 85' lang='lat' dir='ltr'><strong>impius.Non</strong></span> <span class='ocrx_word' id='word_1_878' title='bbox 3614 5417 3705 5468; x_wconf 90' lang='lat' dir='ltr'><strong>est</strong></span> <span class='ocrx_word' id='word_1_879' title='bbox 3734 5413 3845 5470; x_wconf 91' lang='lat' dir='ltr'><strong>hoc</strong></span> 
     </span>
    </p>
   </div>
   <div class='ocr_carea' id='block_1_117' title="bbox 2197 5500 3835 5572">
    <p class='ocr_par' dir='ltr' id='par_1_117' title="bbox 2197 5500 3835 5572">
     <span class='ocr_line' id='line_1_117' title="bbox 2197 5500 3835 5572; baseline -0.001 -14"><span class='ocrx_word' id='word_1_880' title='bbox 2197 5508 2386 5558; x_wconf 89' lang='lat' dir='ltr'><strong>tuum.</strong></span> <span class='ocrx_word' id='word_1_881' title='bbox 2417 5502 2522 5565; x_wconf 85' lang='lat' dir='ltr'><strong>Qui</strong></span> <span class='ocrx_word' id='word_1_882' title='bbox 2551 5500 2786 5570; x_wconf 89' lang='lat' dir='ltr'><strong>judicas</strong></span> <span class='ocrx_word' id='word_1_883' title='bbox 2817 5515 3047 5554; x_wconf 91' lang='lat' dir='ltr'><strong>omnem</strong></span> <span class='ocrx_word' id='word_1_884' title='bbox 3088 5504 3326 5568; x_wconf 86' lang='lat' dir='ltr'><strong>terram,</strong></span> <span class='ocrx_word' id='word_1_885' title='bbox 3355 5515 3720 5572; x_wconf 89' lang='lat' dir='ltr'><strong>nequaquam</strong></span> <span class='ocrx_word' id='word_1_886' title='bbox 3756 5501 3835 5558; x_wconf 78' lang='lat' dir='ltr'><strong>fa-</strong></span> 
     </span>
    </p>
   </div>
   <div class='ocr_carea' id='block_1_118' title="bbox 2197 5587 3842 5662">
    <p class='ocr_par' dir='ltr' id='par_1_118' title="bbox 2197 5587 3842 5662">
     <span class='ocr_line' id='line_1_118' title="bbox 2197 5587 3842 5662; baseline 0.001 -15"><span class='ocrx_word' id='word_1_887' title='bbox 2197 5593 2315 5647; x_wconf 90' lang='lat' dir='ltr'><strong>cies</strong></span> <span class='ocrx_word' id='word_1_888' title='bbox 2357 5591 2648 5661; x_wconf 87' lang='lat' dir='ltr'><strong>judicium</strong></span> <span class='ocrx_word' id='word_1_889' title='bbox 2683 5589 2861 5662; x_wconf 85' lang='lat' dir='ltr'><strong>[Vulg.</strong></span> <span class='ocrx_word' id='word_1_890' title='bbox 2897 5588 3019 5643; x_wconf 85' lang='lat' dir='ltr'><strong>add.</strong></span> <span class='ocrx_word' id='word_1_891' title='bbox 3055 5587 3206 5660; x_wconf 91' lang='lat' dir='ltr'><strong>hoc].</strong></span> <span class='ocrx_word' id='word_1_892' title='bbox 3243 5587 3513 5660; x_wconf 89' lang='lat' dir='ltr'><strong>Dixitque</strong></span> <span class='ocrx_word' id='word_1_893' title='bbox 3558 5591 3842 5648; x_wconf 86' lang='lat' dir='ltr'><strong>Dominus</strong></span> 
     </span>
    </p>
   </div>
   <div class='ocr_carea' id='block_1_119' title="bbox 2203 5676 3843 5753">
    <p class='ocr_par' dir='ltr' id='par_1_119' title="bbox 2203 5676 3843 5753">
     <span class='ocr_line' id='line_1_119' title="bbox 2203 5676 3843 5753; baseline -0.001 -13"><span class='ocrx_word' id='word_1_894' title='bbox 2203 5683 2272 5740; x_wconf 90' lang='lat' dir='ltr'><strong>ad</strong></span> <span class='ocrx_word' id='word_1_895' title='bbox 2306 5698 2441 5740; x_wconf 89' lang='lat' dir='ltr'><strong>eum</strong></span> <span class='ocrx_word' id='word_1_896' title='bbox 2469 5699 2482 5738; x_wconf 89' lang='lat'><strong>:</strong></span> <span class='ocrx_word' id='word_1_897' title='bbox 2517 5681 2574 5737; x_wconf 92' lang='lat' dir='ltr'><strong>Si</strong></span> <span class='ocrx_word' id='word_1_898' title='bbox 2608 5679 2880 5737; x_wconf 86' lang='lat' dir='ltr'><strong>invenero</strong></span> <span class='ocrx_word' id='word_1_899' title='bbox 2909 5677 3176 5735; x_wconf 86' lang='lat' dir='ltr'><strong>Sodomis</strong></span> <span class='ocrx_word' id='word_1_900' title='bbox 3207 5676 3843 5753; x_wconf 82' lang='lat' dir='ltr'><strong>quinquagintajustos</strong></span> 
     </span>
    </p>
   </div>
  </div>
