4080 6186
289 326 405 384 217

1714 330 1928 386 LIBER
1967 329 2276 386 GENESIS
2287 371 2298 386 .

3597 331 3705 388 218

288 454 355 510 ἱιι
382 454 578 512 medio
607 455 881 525 civitatis,
905 455 1197 512 dimittam
1234 456 1394 512 omni
1416 457 1542 513 loco
1563 459 1799 529 propter
1823 472 1942 511 eos.
1979 457 2028 525 Α
2061 455 2160 528 qui
2193 457 2485 529 accepturi
2524 462 2688 515 erant
2739 457 2889 516 ﬁlias
2936 457 3086 530 ejus,
3115 443 3173 515 et
3223 458 3402 516 dixit:
3455 461 3712 532 Surgite,

291 544 680 617 Respondens
699 546 992 601 Abraham
1017 547 1136 602 ait:
1171 547 1318 611 Quia
1347 547 1526 602 semel
1551 549 1720 620 ccepi,
1744 549 1953 620 loquar

294 635 368 690 ad
403 634 721 688 Dominum
757 651 976 705 meum,
1002 652 1134 691 cum
1167 639 1276 691 sim
1310 635 1501 708 pulvis
1523 643 1581 692 et
1605 638 1772 692 cinis.
1803 638 1948 700 Quid

290 724 342 778 si
368 725 568 778 minus
598 724 1028 797 quinquaginta
1047 727 1254 796 justis,
1279 727 1540 798 quinque
1565 727 1829 783 fuerint?
1862 729 1958 783 de'

289 812 465 878 lebis,
490 821 723 885 promer
747 816 1073 886 quinque‘,
1101 818 1704 886 universamurbem?
1754 820 1822 873 Et
1851 824 1954 889 ait,

290 907 417 958 Non
456 903 682 970 delebo,
707 905 754 959 si
779 905 1053 960 invenero
1079 906 1156 961 ibi
1183 907 1580 978 quadraginta
1600 909 1952 980 etquinque.

290 993 668 1064 Rursumque
694 993 927 1050 locutus
949 1000 1037 1050 est
1055 996 1125 1050 ad
1151 1012 1284 1051 eum
1309 1012 1321 1050 :
1358 997 1457 1052 Sin
1483 1003 1679 1052 autem
1703 998 1954 1067 quadra-

285 1083 455 1154 ginta
514 1082 735 1138 inventi
794 1083 1012 1138 fuerint
1060 1085 1104 1152 ²,
1159 1085 1297 1155 quid
1352 1087 1586 1141 facies?
1642 1089 1773 1142 Ait:
1830 1087 1954 1142 Non

280 1172 609 1243 percutiam
645 1178 882 1244 propter
911 1174 1321 1246 quadraginta.
1355 1174 1457 1241 Ne,
1483 1193 1706 1247 quaeso,
1743 1175 1954 1246 inquit:

281 1261 634 1334 indigneris,
661 1263 935 1330 Domine,
956 1265 1004 1320 si
1029 1264 1277 1337 loquar:
1313 1266 1463 1332 Quid
1495 1267 1546 1321 si
1577 1266 1800 1323 inventi
1833 1267 1956 1323 fue"

281 1351 404 1406 rint
436 1353 519 1408 ibi
553 1353 795 1424 triginta
817 1354 845 1408 ‘I
895 1356 1243 1426 Respondit,
1275 1356 1402 1411 Non
1451 1357 1682 1424 faciam,
1712 1357 1760 1414 si
1793 1357 1953 1413 inve-

284 1457 430 1498 nero
477 1441 561 1497 ibi
614 1443 880 1514 triginta.
934 1443 1080 1510 Quia
1125 1445 1327 1516 semel,
1379 1446 1479 1516 ait,
1529 1447 1698 1518 coepi,
1749 1447 1957 1520 loquar

284 1532 356 1587 ad
389 1531 712 1588 Dominum
754 1549 986 1588 meum:
1035 1533 1185 1601 Quid
1241 1535 1289 1591 si
1341 1535 1561 1590 inventi
1609 1537 1827 1592 fuerint
1872 1537 1954 1599 ibi

277 1619 540 1693 viginti?
597 1621 774 1690 Dixit,
835 1622 961 1678 Non
1015 1622 1366 1680 iuterficiam
1427 1629 1669 1697 propter
1723 1625 1950 1696 viginti.

279 1710 562 1778 Obsecro,
599 1711 815 1783 inquit,
869 1729 940 1768 ne
991 1713 1285 1783 irascaris,
1319 1714 1590 1781 Domine,
1643 1716 1691 1770 si
1747 1715 1952 1786 loquar

2056 548 2403 617 egredimini
2426 549 2494 604 de
2518 549 2640 604 loco
2664 549 2946 622 isto,quia
2969 551 3185 605 delebit
3208 551 3493 606 Dominus
3515 551 3714 607 civita-

2056 642 2174 693 tem
2233 639 2406 694 hanc.
2459 644 2523 693 Et
2569 641 2732 696 visus
2781 646 2870 695 est
2917 643 3001 696 eis
3052 642 3218 713 quasi
3269 641 3480 697 ludens
3525 641 3710 713 loqui-

2058 728 2319 799 Cumque
2340 734 2495 783 esset
2516 732 3001 800 mane,cogebant
3021 747 3153 784 eum
3181 731 3394 801 angeli,
3417 731 3705 786 dicentes:

2057 821 2259 886 Surge,
2286 817 2420 873 tolle
2452 835 2687 874 uxorem
2722 825 2882 874 tuam
2907 828 2963 875 et
2985 820 3132 874 duas
3153 820 3303 873 ﬁlias
3328 837 3473 891 quas
3502 821 3707 888 habes,

2062 925 2132 963 ne
2171 912 2226 962 et
2270 913 2329 962 tu
2382 908 2600 979 pariter
2629 925 2831 978 pereas
2862 909 2920 963 in
2952 909 3168 962 scelere
3215 908 3487 962 civitatis.
3523 909 3707 964 Dissi-

2061 997 2323 1051 mulante
2379 996 2509 1060 illo,
2570 998 3082 1069 apprehenderunt
3138 1012 3374 1051 manum
3433 999 3592 1068 ejus,
3653 1001 3710 1051 et

2062 1103 2301 1142 manum
2335 1089 2554 1152 uxoris,
2589 1105 2655 1143 ac
2688 1089 2936 1142 duarum
2969 1086 3220 1140 ﬁliarum
3253 1089 3402 1156 ejus,
3434 1103 3500 1141 eo
3549 1088 3705 1159 quod

2063 1181 2324 1247 parceret
2357 1177 2642 1232 Dominus
2690 1176 2793 1230 illi.
2827 1180 2894 1229 Et
2936 1177 3265 1230 eduxerunt
3311 1193 3467 1241 eum,
3501 1181 3558 1231 et
3605 1194 3710 1248 po-

2061 1270 2311 1321 suerunt
2339 1274 2500 1321 extra
2530 1267 2840 1320 civitatem.
2883 1266 2961 1319 lbi
3008 1264 3240 1318 locutus
3289 1257 3378 1319 est
3426 1265 3707 1322 Dominus

2060 1355 2130 1410 ad
2190 1371 2324 1410 eum
2357 1356 2418 1408 3:
2471 1354 2638 1408 Salva
2686 1354 2944 1409 animam
2998 1359 3194 1422 tuam;
3249 1354 3365 1408 noli
3415 1354 3706 1425 respicere

2059 1449 2192 1516 post
2222 1450 2470 1515 tergum,
2507 1460 2610 1499 nec
2654 1449 2774 1500 stes
2806 1445 2863 1498 io
2895 1445 3055 1498 omni
3085 1444 3239 1499 circa
3267 1443 3502 1514 regione
3538 1462 3550 1498 :
3602 1446 3701 1500 sed

2059 1534 2117 1588 in
2170 1540 2366 1588 monte
2422 1533 2648 1588 salvum
2680 1537 2737 1588 te
2770 1534 2878 1600 fac,
2915 1550 2984 1588 ne
3032 1538 3089 1588 et
3136 1539 3197 1587 tu
3249 1533 3422 1588 simul
3477 1549 3700 1604 pereas.

2058 1622 2326 1694 Dixitque
2355 1623 2461 1678 Lot
2490 1625 2558 1678 ad
2595 1638 2728 1679 eos:
2792 1626 3020 1694 Queso,
3047 1624 3280 1680 domine
3311 1623 3414 1688 mi,
3447 1623 3587 1694 quia
3614 1623 3702 1679 in.

2003 1742 2010 1748 -
2055 1711 2210 1767 venit
2240 1728 2440 1767 servus
2483 1716 2623 1768 tuus
2671 1712 2919 1784 gratiam
2969 1730 3163 1768 coram
3216 1719 3292 1782 te,
3326 1718 3381 1767 et
3429 1713 3701 1784 magniﬁ-

277 1802 477 1857 adhuc
509 1801 730 1860 semel:
761 1803 908 1867 Quid
945 1804 994 1859 si
1025 1803 1242 1860 inventi
1291 1805 1507 1860 fuerint
1556 1804 1636 1860 ibi
1685 1806 1883 1861 decem
1906 1807 1934 1861 ?
1965 1836 2012 1901 Β
2055 1803 2198 1858 casti
2228 1801 2688 1858 misericordiam
2722 1807 2884 1858 tuam
2917 1819 3094 1875 quam
3133 1803 3317 1858 fecisti
3347 1819 3600 1869 mecum,
3637 1808 3700 1858 ut

276 1890 342 1946 Et
374 1891 547 1961 dixit,
571 1893 693 1948 Non
717 1892 926 1979 pelebo
957 1898 1193 1966 propter
1207 1895 1422 1950 decem.
1449 1894 1607 1950 Abiit
1628 1895 1931 1965 Dominus,

275 1986 595 2053 postquam
627 1983 878 2038 cessavit
907 1983 1068 2055 loqui
1095 1985 1166 2040 ad
1187 1983 1504 2052 Abraham,
1528 1989 1586 2040 et
1615 1984 1711 2041 ille
1742 2002 1932 2042 rever-

276 2087 382 2128 sus
412 2077 503 2129 est
536 2072 593 2128 in
620 2073 813 2130 locum
847 2090 1043 2130 suum.

346 2160 435 2234 [(3.
473 2161 727 2229 XXXVI,
771 2164 899 2235 Cap.
941 2163 1110 2238 XIXJ
1157 2165 1562 2236 Veneruntque
1593 2166 1707 2221 duo
1739 2165 1928 2238 angeli

268 2251 593 2308 Sodomam
622 2267 884 2323 vespere,
909 2254 1145 2310 sedente
1169 2254 1273 2310 Lot
1304 2255 1361 2309 in
1394 2255 1618 2311 foribus
1638 2256 1927 2324 civitatis.

271 2341 382 2408 Qui
435 2357 572 2396 cum
607 2342 848 2398 vidisset
879 2342 1062 2414 [l’ulg.
1093 2343 1218 2399 add.
1251 2345 1395 2415 eos],
1427 2343 1698 2409 surrexit,
1731 2351 1788 2400 et
1830 2345 1932 2400 ivit

271 2431 510 2486 obviam
535 2431 622 2487 eis
643 2449 656 2486 :
678 2432 1055 2505 adoravitque
1080 2450 1302 2505 pronus
1321 2432 1382 2488 in
1405 2439 1645 2502 terram,
1670 2445 1721 2490 et
1744 2435 1928 2492 dixit:

275 2519 559 2589 Obsecro,
590 2521 838 2588 domini,
863 2523 1148 2579 declinate
1178 2525 1233 2578 in
1263 2524 1504 2579 domum
1540 2525 1699 2594 pueri
1736 2527 1927 2594 vestri,

273 2616 329 2667 et
362 2615 600 2666 manete
629 2610 708 2668 ibi
736 2629 749 2679 ;
800 2611 984 2668 lavate
1019 2614 1192 2684 pedes
1222 2618 1463 2681 vestros,
1494 2620 1551 2669 et
1595 2631 1767 2671 mane
1798 2633 1930 2688 pro-

271 2700 623 2756 ﬁciscemini
649 2700 706 2756 in
730 2701 883 2757 viam
904 2709 1179 2759 vestram.
1200 2703 1304 2768 Qui
1329 2703 1636 2760 dixerunt:
1670 2705 1927 2774 Minime,

271 2791 372 2845 sed
407 2789 466 2844 in
504 2789 698 2862 platea
730 2793 1118 2847 manebimus.
1152 2792 1449 2862 Compulit
1481 2792 1612 2850 illos
1633 2796 1845 2867 oppido
1868 2800 1931 2852 ut

270 2880 639 2934 divertereut
658 2881 728 2935 ad
754 2896 917 2948 eum;
939 2881 1339 2953 ingressisque
1357 2883 1596 2939 domum
1622 2883 1782 2941 illius
1801 2885 1934 2942 fecit

275 2967 637 3036 convivium,
669 2970 822 3024 coxit
849 2987 1070 3042 azyma,
1105 2974 1161 3025 et
1188 2973 1586 3028 comederunt.
1621 2974 1791 3029 Prius
1827 2991 1928 3029 au-

270 3063 392 3112 tem
425 3074 608 3128 quam
639 3057 792 3113 irent
821 3059 1106 3127 cubitum,
1137 3060 1246 3114 viri
1277 3059 1527 3116 civitatis
1570 3062 1933 3120 vallaveruut

273 3147 524 3201 domum
561 3163 592 3200 a
627 3162 801 3213 puero
851 3163 1041 3218 usque
1071 3149 1142 3203 ad
1176 3165 1396 3218 semen,
1431 3151 1626 3208 omnis
1676 3152 1928 3224 populus

2043 1891 2301 1947 salvares
2331 1891 2590 1947 animam
2625 1908 2836 1960 meam,
2863 1908 2966 1947 nec
2999 1908 3238 1963 possum
3269 1891 3326 1946 in
3362 1896 3559 1946 monte
3582 1891 3694 1947 sal-

2041 1981 2184 2050 vari,
2217 1997 2289 2036 ne
2321 1980 2467 2037 forte
2499 1981 2903 2053 apprehendat
2952 1997 3042 2036 me
3090 1981 3335 2048 malum,
3367 1985 3424 2036 et
3457 1981 3691 2037 moriar.

2041 2069 2142 2125 Est
2161 2070 2364 2125 civitas
2386 2071 2783 2141 haecjuxta,ad
2804 2087 2978 2141 quam
2999 2086 3240 2141 possum
3265 2071 3690 2141 lugere,parva,

2040 2164 2097 2214 et
2143 2159 2414 2215 salvabor
2460 2159 2519 2214 in
2568 2177 2671 2226 ea;
2725 2159 2991 2230 nunquid
3048 2175 3161 2214 non
3214 2159 3443 2214 modica
3491 2165 3600 2230 est,
3635 2165 3693 2215 et

2040 2248 2189 2304 vivet
2218 2249 2410 2304 anima
2445 2248 2616 2304 mea?
2644 2249 2914 2320 Dixitque
2937 2249 3006 2304 ad
3039 2265 3172 2304 eum
3200 2265 3213 2302 :
3250 2249 3392 2303 Ecce
3422 2249 3596 2304 etiam
3631 2248 3691 2304 in

2041 2339 2149 2394 hoc
2181 2339 2413 2411 suscepi
2447 2355 2648 2410 preces
2679 2342 2834 2404 tuas,
2871 2343 2935 2392 ut
2966 2354 3079 2393 non
3113 2339 3452 2393 subvertam
3486 2339 3688 2393 urbem

2040 2446 2144 2502 pro
2177 2446 2292 2502 qua
2322 2429 2553 2485 locutus
2586 2447 2669 2486 es.
2696 2430 2932 2485 Festina
2952 2433 3008 2484 et
3032 2427 3256 2485 salvare
3278 2429 3378 2498 ibi,
3403 2428 3541 2500 quia
3573 2446 3689 2484 non

2043 2524 2242 2590 potero
2291 2519 2477 2574 facere
2525 2519 2852 2590 quidquam
2898 2521 3080 2574 donec
3126 2518 3475 2591 ingrediaris
3520 2517 3687 2574 illud.

2042 2608 2264 2664 Idcirco
2324 2614 2590 2664 vocatum
2649 2614 2740 2664 est
2795 2624 3007 2663 nomen
3064 2608 3228 2662 urbis
3289 2607 3428 2662 illus
3478 2608 3687 2680 Segor.

2038 2696 2131 2752 Sol
2181 2713 2454 2768 egressus
2502 2701 2591 2752 est
2638 2714 2816 2768 super
2861 2703 3092 2762 terram,
3127 2702 3184 2751 et
3232 2697 3337 2751 Lot
3389 2697 3691 2767 ingressus

2041 2791 2130 2842 est
2157 2790 2334 2858 Segor
2364 2787 2444 2858 [Ο.
2475 2787 2770 2858 XXXVII.]
2803 2787 2986 2859 igitur
3012 2785 3297 2840 Dominus
3330 2784 3480 2856 pluit
3512 2802 3690 2856 super

2041 2875 2358 2931 Sodomam
2401 2880 2456 2932 et
2505 2875 2889 2932 Gomorrham
2925 2874 3170 2946 sulphur
3199 2879 3256 2928 et
3285 2873 3480 2944 ignem
3513 2891 3545 2928 a
3576 2874 3686 2929 Do-

2042 2965 2202 3020 mino
2233 2965 2301 3020 de
2333 2964 2496 3034 coelo,
2521 2971 2578 3022 et
2607 2965 2895 3020 subvertit
2924 2965 3185 3018 civitates
3215 2963 3343 3030 has,
3367 2971 3419 3017 et
3451 2980 3686 3019 omnem

2041 3055 2195 3108 circa
2225 3055 2544 3128 regionem,
2579 3055 2884 3109 universos
2935 3054 3290 3108 habitatores
3341 3053 3598 3121 urbium,
3631 3057 3690 3108 et

2044 3147 2252 3198 cuncta
2308 3151 2474 3199 terra:
2529 3145 2800 3199 virentia.
2853 3143 3306 3214 Respiciensque
3365 3159 3506 3197 uxor
3560 3143 3689 3212 ejus

270 3235 474 3292 simul.
514 3206 998 3309 Vocaveruntque
1022 3237 1145 3308 Lot,
1171 3247 1226 3292 et
1255 3206 1634 3296 dixeruntcf:
1664 3206 1930 3298 stituit
1961 3206 2004 3274 θ
2044 3239 2176 3304 post
2223 3250 2306 3302 se.
2338 3251 2502 3289 versa
2549 3239 2638 3289 est
2686 3234 2745 3288 in
2797 3206 3054 3288 statuam
3115 3206 3276 3288 salis.
3327 3232 3412 3303 [Β.
3464 3206 3687 3305 XXI-V4

268 3324 379 3379 viri
430 3325 536 3395 qui
590 3325 939 3381 introierunt
969 3329 1040 3382 ad
1074 3333 1126 3382 te
1157 3328 1368 3383 nocte?
1416 3329 1562 3384 educ
1611 3329 1742 3386 illos
1791 3331 1927 3399 huc,

267 3419 331 3468 ut
384 3429 821 3485 cognoscamus
868 3432 986 3471 eos.
1037 3416 1323 3488 Egressus
1371 3419 1441 3472 ad
1493 3435 1592 3474 eos
1644 3419 1762 3485 Lot,
1798 3425 1930 3492 post

264 3507 498 3574 tergum
535 3503 852 3559 occludens
883 3505 1124 3573 ostium,
1149 3505 1266 3561 ait:
1317 3507 1528 3570 Nolite.
1562 3525 1777 3579 quaeso,
1807 3509 1926 3565 fra-

261 3598 382 3648 tres
417 3592 560 3663 mei,
603 3593 783 3649 nolite
816 3595 1032 3650 malum
1067 3595 1175 3652 hoc
1209 3597 1415 3652 facere.
1456 3596 1648 3655 Habeo
1680 3601 1827 3658 duas
1859 3603 1924 3657 ﬁ-

262 3680 394 3752 lias,
446 3699 580 3754 qua
639 3683 888 3739 necdum
945 3690 1343 3756 cognoverunt
1389 3687 1627 3743 virum:
1679 3691 1922 3748 educam

261 3787 360 3826 eas
388 3772 460 3826 ad
497 3788 623 3839 vos,
647 3776 705 3827 et
734 3773 1043 3828 abutimini
1093 3774 1179 3830 eis
1227 3775 1379 3831 sicut
1425 3776 1712 3848 placuerit
1758 3781 1924 3838 vobis

262 3860 593 3916 dummodo
625 3860 768 3916 viris
814 3862 945 3917 istis
994 3863 1138 3918 nihil
1189 3864 1437 3933 faciatis,
1472 3866 1632 3932 mali,
1665 3869 1802 3940 quia
1832 3870 1921 3925 in-

269 3950 452 4019 gressi
489 3955 634 4004 sunt
663 3951 773 4006 sub
809 3952 1216 4008 umbraculum
1265 3955 1542 4010 culminis
1577 3959 1708 4012 mei.
1735 3962 1807 4014 At
1837 3959 1920 4014 illi

265 4037 577 4093 dixerunt:
613 4039 834 4094 Recede
882 4039 1038 4096 illuc.
1073 4041 1142 4096 Et
1190 4059 1395 4098 rursus
1429 4059 1443 4098 :
1496 4044 1801 4112 Ingressus
1833 4063 1916 4119 es,

261 4126 523 4198 inquint,
548 4134 616 4183 ut
645 4128 906 4196 advena;
963 4131 1227 4202 nunquid
1265 4133 1629 4202 utjudices?
1677 4140 1731 4190 te
1779 4153 1915 4209 ergo

259 4214 455 4288 ipsum
494 4216 683 4288 magis
721 4234 894 4288 quam
928 4217 1032 4274 hos
1062 4219 1414 4292 afﬂigemus.
1447 4221 1697 4294 Vimque
1743 4224 1915 4282 facie-

259 4304 398 4360 bant
428 4308 537 4361 Lot
566 4306 1119 4364 vehementissime:
1165 4309 1290 4379 jam
1324 4327 1501 4382 prope
1533 4318 1698 4368 erant
1733 4316 1910 4385 [Vulg.

251 4396 498 4464 jamque
551 4396 698 4467 erat]
750 4401 813 4451 ut
861 4396 1250 4470 infringereut
1277 4399 1447 4454 fores.
1478 4401 1546 4455 Et
1573 4418 1705 4458 ecce
1737 4405 1912 4460 mise-

258 4488 396 4536 runt
447 4499 695 4537 manum
754 4485 882 4548 viri,
933 4492 987 4540 et
1035 4485 1492 4543 introduxerunt
1537 4491 1604 4544 ad
1668 4507 1729 4546 se
1791 4493 1907 4562 Lot,

2038 3323 2334 3378 Abraham
2387 3329 2582 3378 autem
2634 3339 2996 3394 consurgens
3047 3337 3240 3387 mane,
3292 3321 3389 3376 ubi
3447 3327 3690 3378 steterat

2038 3413 2201 3485 prius
2232 3429 2366 3468 cum
2415 3413 2681 3482 Domino,
2706 3413 2959 3468 intuitus
2991 3417 3078 3468 est
3106 3413 3418 3466 Sodomam
3469 3415 3525 3466 et
3576 3415 3684 3468 Go-

2038 3503 2352 3571 morrham,
2381 3510 2437 3558 et
2467 3502 2792 3557 universam
2827 3509 3040 3556 terram
3086 3501 3338 3574 regionis
3387 3500 3566 3569 illius,
3601 3501 3685 3556 vi-

2035 3593 2236 3664 ditque
2287 3593 2697 3648 ascendentem
2751 3591 3005 3646 favillam
3059 3592 3132 3646 de
3178 3595 3332 3646 terra
3365 3590 3532 3662 quasi
3567 3591 3682 3646 for-

2035 3682 2198 3736 nacis
2230 3681 2479 3736 fumum.
2507 3684 2648 3735 Cum
2680 3680 2833 3735 enim
2867 3682 3232 3734 subverteret
3283 3680 3432 3733 Deus
3479 3678 3681 3735 civita-

2033 3772 2121 3824 tes
2152 3770 2406 3842 regionis
2435 3769 2616 3838 illius,
2652 3769 2989 3824 recordatus
3020 3774 3109 3823 est
3136 3767 3402 3836 Abrahae,
3434 3771 3493 3822 et
3538 3767 3682 3823 libe-

2031 3859 2178 3915 ravit
2205 3860 2310 3914 Lot
2341 3861 2411 3915 de
2442 3860 2821 3914 subversione
2855 3858 3087 3914 urbium
3125 3857 3181 3911 in
3217 3856 3430 3928 quibus
3459 3856 3682 3912 habita-

2030 3953 2208 4004 verat.
2269 3949 2356 4020 [Τ.
2416 3948 2595 4019 ΧΙΙΙ.]
2653 3947 3047 4018 Ascenditque
3107 3947 3207 4001 Lot
3265 3947 3335 4000 de
3393 3945 3590 4016 Segor,
3623 3950 3681 4000 et

2030 4039 2248 4093 mansit
2278 4039 2334 4092 in
2371 4043 2587 4106 monte,
2619 4037 2746 4091 duae
2780 4052 3014 4108 quoque
3062 4035 3192 4089 filiae
3247 4035 3373 4104 ejus
3423 4050 3558 4089 cum
3609 4051 3675 4092 eo

2027 4126 2326 4197 (timuerat
2380 4127 2535 4182 enim
2587 4143 2814 4180 manere
2863 4125 2922 4179 in
2972 4125 3194 4196 Segor),
3235 4129 3292 4179 et
3339 4122 3558 4178 mansit
3613 4124 3673 4178 in

2024 4215 2306 4286 spelunca
2336 4215 2481 4286 ipse,
2515 4220 2570 4269 et
2617 4216 2744 4269 dum
2792 4213 2923 4267 ﬁliae
2963 4214 3092 4283 ejus
3123 4229 3256 4268 cum
3288 4229 3375 4268 eo.
3409 4212 3674 4284 Dixitque

2025 4307 2214 4374 major
2261 4305 2329 4359 ad
2384 4305 2718 4359 minorem:
2770 4309 2942 4358 Pater
2990 4307 3187 4357 noster
3238 4318 3413 4358 senex
3456 4306 3565 4372 est,
3619 4307 3675 4358 et

2023 4392 2222 4448 nullus
2254 4393 2506 4449 virorum
2542 4392 2824 4449 remansit
2847 4392 2903 4445 in
2930 4396 3082 4447 terra
3105 4389 3205 4463 qui
3228 4391 3416 4463 possit
3444 4391 3670 4463 ingredi

2019 4483 2092 4537 ad
2140 4500 2244 4538 nos
2286 4486 2456 4555 juxta
2514 4499 2736 4538 morem
2798 4481 3082 4536 universae
3140 4485 3324 4536 terra).
3360 4480 3518 4547 Veni,
3555 4481 3672 4536 ἰαθ-

255 4571 718 4640 clauseruntqne
743 4574 983 4636 ostium,
1019 4579 1073 4628 et
1105 4590 1222 4638 eos,
1261 4576 1358 4646 qui
1389 4583 1554 4632 erant
1585 4579 1745 4643 foris,
1783 4598 1908 4650 per-
1939 4577 1988 4642 D
2019 4573 2277 4627 briemus
2304 4590 2436 4627 eum
2474 4573 2626 4634 Vino.
2651 4572 3137 4641 dormiamusque
3168 4586 3300 4624 cum
3335 4586 3422 4635 θον
3451 4574 3516 4624 ut
3546 4585 3666 4625 801'-

256 4665 572 4714 cusserunt
617 4660 872 4716 caecitate
905 4679 934 4716 a
969 4663 1214 4719 minimo
1249 4681 1435 4735 usque
1460 4667 1528 4720 ad
1568 4667 1909 4742 maximum,

254 4749 335 4803 ita
367 4754 434 4805 ut
464 4749 685 4805 ostium
728 4750 989 4807 invenire
1040 4771 1156 4808 non
1207 4763 1463 4824 possent.
1499 4755 1775 4812 Dixerunt
1807 4776 1909 4814 au-

254 4843 370 4892 tem
403 4839 479 4892 ad
512 4838 652 4894 Lot:
691 4839 879 4894 Habes
911 4841 1002 4895 hic
1033 4847 1269 4897 tuorum
1302 4844 1682 4915 quempiam?
1731 4863 1908 4916 gene-

247 4943 404 4995 rum,
439 4932 542 4981 aut
591 4925 764 4996 filios,
817 4935 916 4982 aut
968 4929 1140 4996 filias,
1191 4947 1416 5000 omnes,
1462 4934 1560 5004 qui
1611 4937 1693 4989 tui
1746 4941 1904 5007 sunt,

248 5015 396 5070 educ
428 5015 502 5069 de
532 5015 676 5071 urbe
708 5015 854 5072 hac:
911 5016 1241 5074 delebimus
1285 5020 1436 5075 enim
1472 5021 1664 5078 locum
1698 5023 1903 5095 istum,

248 5121 313 5160 eo
347 5105 506 5175 quod
543 5105 850 5160 increverit
881 5105 1100 5163 clamor
1147 5125 1349 5164 eorum
1394 5128 1586 5167 coram
1641 5113 1902 5184 Domino,

249 5197 350 5264 qui
413 5194 577 5248 misit
630 5211 737 5250 nos
787 5201 853 5250 ut
904 5197 1217 5267 perdamus
1268 5199 1433 5254 illum
1489 5202 1668 5272 [Vulg.
1722 5202 1898 5274 illos].

249 5282 533 5354 Egressus
578 5282 778 5353 itaque
830 5285 948 5353 Lot,
978 5283 1209 5342 locutus
1239 5293 1330 5341 est
1358 5289 1427 5343 ad
1461 5305 1705 5360 generos
1736 5309 1896 5364 suos,

314 5466 330 5498 ί
367 5461 655 5544 vulgatus
697 5461 988 5544 interpres
1021 5482 1037 5538 ι
1070 5469 1302 5536 Ρνορεεν
1331 5468 1699 5540 quadraginta
1727 5473 1893 5544 quin-

243 5551 361 5607 que.
391 5533 778 5590 dissentiente
810 5533 1046 5590 Hebraeo
1076 5533 1334 5599 magna.

308 5607 633 5684 f_Addit_et
667 5607 935 5684 tlebrwus
967 5619 1089 5676 ωδ,
1122 5610 1441 5684 et_Vulgat,
1475 5611 1762 5684 interpres
1812 5615 1894 5671 ibi

304 5680 328 5713 '
355 5678 468 5736 Pro
509 5677 630 5750 bis,
663 5678 746 5734 lbi
791 5678 1000 5736 locutus
1047 5687 1128 5737 est
1178 5677 1442 5739 Domum:
1489 5683 1558 5740 ad
1603 5677 1748 5755 eam,
1775 5685 1888 5744 He-

2023 4681 2154 4718 vare
2197 4665 2492 4736 possimus
2537 4681 2604 4718 ex
2654 4669 2815 4734 patre
2870 4667 3067 4717 nostro
3116 4677 3336 4716 semen.
3376 4657 3669 4718 Dederunt

2021 4753 2218 4826 itaque
2247 4756 2394 4825 patri
2425 4771 2530 4808 suo
2584 4753 2775 4808 bibere
2826 4752 3028 4806 vinum
3079 4758 3244 4806 nocte
3294 4750 3412 4806 illa.
3464 4751 3533 4806 Et
3579 4751 3667 4806 in-

2019 4858 2223 4914 gressa
2253 4850 2341 4898 est
2373 4845 2576 4915 major,
2630 4841 3018 4912 dormivitque
3049 4856 3182 4896 cum
3216 4845 3417 4912 patre;
3466 4845 3525 4897 at
3572 4840 3671 4896 ille

2021 4950 2133 4987 non
2161 4934 2364 5000 sensit,
2401 4950 2502 4987 nec
2535 4933 2769 5004 quando
2799 4931 3070 4986 accubuit
3119 4929 3259 5000 filia,
3292 4945 3397 4985 nec
3429 4931 3664 5002 quando

2017 5022 2286 5077 surrexit.
2324 5021 2509 5076 Altera
2538 5035 2767 5091 quoque
2798 5021 2890 5074 die
2921 5019 3066 5074 dixit
3113 5020 3303 5090 major
3353 5019 3424 5074 ad
3477 5019 3662 5074 mino-

2015 5127 2135 5166 rem
2169 5128 2181 5166 :
2216 5111 2357 5166 Ecce
2390 5109 2634 5165 dormivi
2669 5107 2791 5164 heri
2823 5125 2954 5164 cum
2989 5121 3152 5181 patre
3184 5124 3335 5173 meo,
3369 5107 3576 5162 demus
3609 5107 3660 5161 ei

2013 5199 2210 5254 bibere
2243 5200 2439 5255 vinum
2473 5201 2649 5254 etiam
2681 5199 2790 5253 hac
2822 5202 3006 5263 nocte,
3033 5203 3089 5252 et
3119 5197 3374 5252 dormies
3405 5212 3536 5250 cum
3570 5213 3656 5266 eo,

2011 5296 2074 5343 ut
2105 5290 2398 5343 salvemus
2428 5304 2626 5342 semen
2649 5290 2719 5342 de
2741 5293 2901 5359 patre
2925 5292 3143 5343 nostro.
3165 5287 3458 5342 Dederunt
3479 5289 3536 5340 et
3557 5283 3658 5340 illa

2007 5467 2197 5523 brzeus
2231 5467 2425 5534 habet,
2460 5469 2522 5522 Et
2551 5469 2761 5538 factum
2793 5472 2892 5529 est,
2924 5482 3045 5520 rum
3091 5465 3180 5538 illi
3219 5460 3538 5538 eduxisseul
3561 5480 3652 5538 eos

1999 5542 2172 5611 foras,
2195 5539 2355 5606 dixit,
2390 5546 2499 5595 etc.
2526 5533 2810 5611 Vulgatus
2841 5554 3069 5610 quoque
3098 5537 3384 5606 interpres
3405 5533 3654 5606 abludit,

2000 5615 2187 5684 Ibique
2217 5614 2384 5668 loculi
2409 5615 2536 5666 sunt
2566 5613 2635 5668 ad
2664 5629 2789 5667 eum
2817 5611 3070 5675 dicentes,
3107 5613 3212 5661 etc.
