4080 6186
330 286 440 343 219

1359 299 1418 352 8.
1460 297 1870 355 HIERONYMI
1913 301 2168 356 DIVINA
2203 300 2699 357 BIBLIOTHECA.

3629 295 3735 352 220

315 417 482 471 nocte
513 415 664 486 patri
693 415 894 473 vinum
929 421 969 488 ⁸,
1000 417 1382 492 ingressuque
1413 420 1606 477 minor
1647 420 1775 478 ﬁlia
1821 425 1958 479 dor-
1992 425 2041 492 Α
2074 439 2268 480 coram
2301 423 2465 479 vobis
2495 427 2604 490 est,
2640 421 2977 494 ubicunque
3017 420 3121 477 tibi
3174 419 3475 494 placuerit,
3507 419 3732 477 habita'

313 503 476 560 mivit
521 521 660 560 cum
700 523 787 574 eo,
820 513 878 563 et
926 523 1026 562 nec
1066 513 1206 564 tunc
1240 513 1480 582 quidem
1513 512 1702 568 sensit
1732 514 1963 585 quando

311 595 714 658 concubuerit,
747 597 831 650 vel
865 598 1097 666 quando
1148 599 1247 654 illa
1296 602 1634 658 surrexerit.
1670 602 1965 676 Concepe-

311 687 449 737 runt
473 699 610 754 ergo
641 685 770 740 duas
799 683 931 740 filias
976 686 1079 742 Lot
1128 689 1199 744 de
1250 695 1412 762 patre
1463 709 1590 748 suo.
1626 693 1965 765 Peperitque

312 773 502 843 major
531 772 737 838 ﬁlium,
772 778 829 828 et
866 777 1091 832 vocavit
1137 795 1351 835 nomen
1402 781 1531 852 ejus
1579 783 1744 837 Moab
1779 799 1793 837 :
1839 784 1964 855 ipse

309 867 398 916 est
427 867 591 932 pater
616 863 1002 921 Moabitarum
1056 884 1238 938 usque
1284 868 1345 925 in
1395 877 1742 943 praesentem
1784 872 1960 928 diem.

311 951 498 1007 Minor
547 969 782 1025 quoque
827 957 1050 1028 peperit
1108 959 1320 1031 ﬁlium,
1371 966 1430 1018 et
1471 963 1692 1018 vocavit
1751 979 1961 1020 nomen

310 1043 556 1097 Ammon
580 1043 621 1110 ’,
647 1043 702 1098 id
736 1049 846 1114 est,
873 1045 1030 1102 illius
1076 1049 1275 1120 populi
1309 1051 1424 1107 mei
1457 1069 1471 1108 :
1522 1052 1648 1125 ipse
1678 1057 1767 1108 est
1799 1058 1964 1125 pater

305 1131 775 1188 Ammonitarum
810 1150 991 1204 usque
1015 1135 1207 1194 hodie.

383 1217 473 1291 [Τ.
518 1219 654 1289 XIv,
688 1221 751 1276 B.
787 1223 964 1292 XXV,
996 1228 1055 1279 c.
1086 1225 1406 1296 XXXVIII,
1456 1231 1587 1301 Cap.
1621 1231 1776 1302 XX.]
1825 1236 1961 1287 Pro-

310 1306 495 1364 fectus
528 1308 664 1364 inde
694 1311 988 1368 Abraham
1021 1313 1077 1368 in
1112 1318 1326 1371 terram
1361 1317 1702 1386 australem,
1737 1319 1963 1376 habita-

309 1397 394 1452 vit
424 1398 577 1454 inter
599 1399 784 1457 Cades
814 1413 871 1457 et
899 1403 1033 1473 Sur,
1059 1411 1116 1460 et
1145 1405 1551 1479 peregrinatus
1581 1409 1755 1464 estin
1787 1410 1966 1465 Gera-

225 1519 229 1526 ι
313 1485 414 1542 ris.
450 1487 720 1560 Dixitque
751 1491 822 1546 de
866 1495 1010 1548 Sara
1040 1511 1216 1550 uxore
1247 1512 1354 1553 sua
1386 1513 1400 1552 :
1451 1497 1628 1553 Soror
1673 1513 1804 1554 mea
1849 1503 1960 1554 est.

316 1576 475 1632 Misit
524 1594 660 1650 ergo
711 1579 1046 1638 Abimelech
1100 1599 1201 1640 rex
1247 1585 1495 1654 Geraraa,
1527 1590 1584 1642 et
1632 1587 1770 1644 tulit
1811 1604 1960 1644 eam.

315 1667 484 1724 Venit
508 1675 697 1728 autem
719 1672 872 1730 Deus
885 1675 955 1730 ad
971 1676 1306 1733 Abimelech
1331 1696 1436 1751 per
1455 1679 1750 1736 somnium
1775 1685 1960 1748 nocte,

319 1760 371 1814 et
404 1758 487 1814 ait
517 1758 601 1814 illi
628 1776 641 1816 :
674 1761 754 1816 En
790 1763 1058 1820 morieris
1080 1770 1320 1838 propter
1341 1767 1642 1825 mulierem
1666 1786 1842 1842 quam
1874 1773 1960 1825 tu-

314 1847 432 1903 listi
463 1865 476 1904 :
530 1848 706 1905 habet
734 1851 893 1907 enim
923 1853 1134 1909 virum.
1158 1855 1493 1914 Abimelech
1524 1874 1658 1914 vero
1692 1876 1807 1915 non
1837 1857 1966 1914 teti-

318 1942 478 2009 gerat
509 1954 660 2008 eam,
685 1944 743 1996 et
771 1939 889 1997 ait:
926 1944 1187 2012 Domine,
1219 1961 1356 2001 num
1407 1953 1639 2019 gentem
1690 1948 1965 2020 ignoran-

319 2032 438 2084 tem
471 2037 523 2084 et
546 2030 767 2100 justam
803 2031 1118 2089 interﬁcies
1148 2034 1176 2089 ?
1205 2035 1406 2091 Nonne
1439 2037 1564 2108 ipse
1595 2038 1738 2093 dixit
1771 2037 1915 2092 mihi
1951 2052 1965 2092 :

321 2117 499 2172 Soror
531 2134 658 2174 mea
684 2124 791 2189 est,
823 2126 881 2175 et
921 2121 1050 2192 ipsa
1098 2123 1215 2179 ait:
1265 2125 1466 2182 Frater
1511 2142 1676 2183 meus
1729 2127 1865 2182 est?
1910 2126 1969 2181 in

323 2205 702 2276 simplicitate
735 2210 928 2264 cordis
960 2212 1073 2266 mei
1096 2217 1153 2267 et
1176 2214 1467 2270 munditia
1499 2233 1780 2272 manuum
1814 2233 1971 2272 mea-

325 2311 458 2350 rum
512 2296 617 2351 feci
669 2297 794 2353 hoc.
825 2299 1093 2371 Dixitque
1127 2303 1195 2357 ad
1228 2320 1360 2358 eum
1396 2310 1584 2362 Deus:
1621 2307 1686 2362 Et
1715 2322 1821 2378 ego
1853 2306 1973 2363 scio

329 2383 485 2454 quod
519 2384 771 2456 simplici
804 2389 975 2442 corde
1005 2389 1232 2459 feceris,
1258 2396 1315 2448 et
1345 2392 1472 2449 ideo
1503 2394 1786 2450 custodivi
1816 2400 1873 2451 te
1905 2411 1976 2451 ne

333 2489 600 2543 peccares
625 2473 682 2528 in
709 2481 886 2541 me,et
908 2495 1021 2534 non
1044 2479 1243 2535 dimisi
1264 2487 1325 2537 ut
1346 2486 1618 2556 tangeres
1638 2501 1788 2540 e-m.
1814 2490 1976 2541 Nunc

329 2561 512 2635 igitur
541 2563 719 2619 redde
759 2564 878 2622 viro
926 2583 1034 2622 suo
1067 2584 1325 2640 uxorem,
1358 2573 1496 2643 quia
1530 2573 1813 2645 proIiheta
1866 2578 1975 2642 est,

327 2656 386 2707 et
415 2652 603 2708 orabit
635 2670 737 2725 pro
767 2658 846 2720 te,
878 2658 936 2711 et
967 2655 1158 2726 vives;
1213 2659 1260 2714 si
1312 2667 1508 2716 autem
1558 2661 1817 2723 nolueris
1847 2663 1977 2718 red-

327 2743 483 2812 dere,
518 2743 663 2801 scito
694 2747 849 2818 quod
883 2753 1069 2804 morte
1101 2750 1387 2822 morieris,
1420 2757 1481 2808 tu
1523 2759 1580 2809 et
1630 2754 1824 2810 omnia
1851 2772 1978 2827 quas

325 2835 426 2887 tua
452 2850 518 2888 su
529 2834 872 2909 nt.Statimq
884 2854 953 2892 ue
974 2839 1044 2894 de
1060 2845 1225 2895 nocte
1238 2857 1602 2915 consurgens
1618 2844 1722 2900 Abi
1735 2843 1976 2916 melech,

326 2923 551 2978 vocavit
579 2942 785 2981 omnes
817 2944 1016 2984 servos
1046 2945 1209 2997 suos,
1241 2936 1299 2986 et
1325 2931 1559 2990 locutus
1589 2939 1679 2990 est
1709 2935 1982 2991 universa

328 3015 498 3068 verba
531 3013 653 3070 haec
682 3015 740 3069 in
774 3018 1016 3074 auribus
1051 3035 1276 3086 eorum,
1311 3021 1751 3095 timueruntque
1777 3041 1981 3080 omnes

327 3100 431 3155 viri
463 3101 645 3158 valde.
678 3103 916 3160 Vocavit
966 3112 1158 3162 autem
1211 3110 1542 3167 Abimelech
1583 3116 1757 3168 etiam
1791 3114 1977 3169 Abra-

2077 515 2233 570 Sarae
2265 519 2457 568 autem
2495 511 2678 567 dixit:
2711 512 2856 567 Ecce
2887 511 3046 568 mille
3077 515 3387 584 argenteos
3408 511 3541 566 dedi
3571 511 3731 568 fratri

2077 607 2217 670 tuo;
2269 603 2378 658 hoc
2409 602 2521 657 erit
2549 601 2655 656 tibi
2688 602 2744 656 in
2779 599 3040 656 velamen
3086 601 3390 657 oculorum
3423 601 3494 656 ad
3525 617 3732 656 omnes

2077 692 2178 764 qui
2210 696 2404 748 tecum
2438 695 2597 761 sunt,
2621 695 2678 746 et
2704 707 3058 764 quocunque
3086 689 3446 762 porrexeris:
3480 706 3732 746 memen-

2073 786 2250 852 toque
2303 788 2359 837 te
2408 781 2856 853 deprehensam.
2907 780 3118 837 Orante
3167 785 3362 836 autem
3411 781 3728 849 Abraham,

2074 872 2300 928 sanavit
2349 870 2504 926 Deus
2556 868 2909 936 Abimelech,
2958 875 3015 926 et
3074 885 3310 926 uxorem
3369 867 3731 940 ancillasque

2073 960 2290 1032 ejus,et
2312 965 2661 1032 pepererunt
2687 976 2702 1014 :
2728 959 3097 1016 concluserat
3116 959 3273 1015 enim
3298 958 3582 1015 Dominus
3599 974 3728 1013 om-

2073 1065 2206 1104 nem
2232 1049 2463 1105 vulvam
2490 1049 2703 1104 domus
2728 1049 3062 1104 Abimelech
3095 1053 3333 1121 propter
3359 1052 3563 1104 Saram
3595 1065 3730 1104 uxo-

2071 1155 2194 1196 rem
2228 1137 2494 1194 Abrahae.

2144 1229 2234 1298 [T.
2281 1227 2396 1295 xv,
2429 1228 2491 1284 Β.
2525 1229 2737 1293 XXVI,
2781 1231 2839 1282 ο.
2883 1227 3194 1298 XXXVIII,
3245 1227 3376 1300 Cap.
3418 1223 3585 1300 XXI.]
3627 1227 3727 1282 Vi-

2073 1317 2273 1376 sitavit
2303 1321 2499 1373 autem
2531 1317 2820 1373 Dominus
2849 1317 3075 1387 Saram,
3105 1316 3258 1373 sicut
3279 1315 3650 1389 promiserat,
3671 1319 3728 1373 et

2073 1409 2340 1481 implevit
2386 1424 2514 1479 quae
2565 1406 2798 1463 locutus
2845 1412 2955 1463 est.
2986 1407 3386 1479 Concepitque
3417 1411 3474 1464 et
3503 1405 3728 1478 peperit

2073 1496 2264 1553 filium
2295 1497 2352 1551 in
2386 1501 2689 1552 senectute
2711 1513 2842 1565 sua,
2866 1500 3129 1568 tempore
3160 1512 3276 1569 quo
3305 1495 3652 1568 praedixerat
3672 1496 3725 1551 ei

2073 1587 2246 1643 Deus.
2279 1585 2634 1657 Vocavitque
2668 1584 2962 1642 Abraham
2991 1602 3208 1641 nomen
3254 1585 3359 1641 ﬁlii
3401 1585 3515 1653 sui,
3549 1601 3724 1656 quem

2073 1676 2540 1749 genuitiei'Sara,
2574 1675 2734 1732 Isaac
2769 1694 2781 1732 :
2834 1681 2888 1731 et
2931 1673 3295 1732 circumcidit
3337 1691 3496 1732 eum
3523 1679 3724 1732 octavo

2045 1765 2373 1835 _die,'sicut
2402 1769 2755 1837 praeceperat
2791 1766 2841 1819 ei
2888 1770 3063 1835 Deus,
3095 1779 3229 1822 cum
3281 1765 3517 1821 centum
3568 1768 3724 1821 esset

2074 1869 2393 1911 annorum:
2421 1854 2526 1910 hac
2556 1855 2773 1927 quippe
2795 1858 2961 1910 aitate
2983 1855 3184 1928 patris,
3211 1859 3389 1911 natus
3419 1860 3509 1910 est
3539 1855 3718 1910 isaac.

2075 1944 2347 2015 Dixitque
2377 1944 2555 2011 Sara;
2602 1943 2802 2000 Risum
2839 1943 2974 1999 fecit
2999 1942 3145 1998 mihi
3182 1944 3352 2008 Deus,
3385 1943 3724 2016 quicunque

2076 2035 2348 2100 audierit,
2373 2034 2688 2089 corridebit
2717 2033 2882 2088 mihi.
2909 2033 3290 2105 Rursumque
3308 2033 3426 2090 ait:
3458 2033 3599 2099 Quis
3627 2050 3726 2088 au-

2079 2122 2341 2177 diturum
2390 2122 2652 2176 crederet
2699 2120 3020 2190 Abraham,
3081 2122 3234 2192 quod
3293 2121 3438 2178 Sara
3493 2121 3732 2177 laclaret

2080 2211 2288 2280 ﬁlium,
2311 2227 2485 2282 quem
2522 2210 2747 2282 peperit
2772 2209 2962 2280 eijam
2988 2210 3152 2266 seni?
3179 2211 3568 2282 Crevitigitur
3589 2227 3734 2283 puer

2081 2305 2139 2355 et
2169 2300 2497 2355 ablactatus
2531 2303 2616 2355 est
2649 2317 2664 2370 ;
2696 2299 2952 2370 fecitque
2980 2299 3276 2355 Abraham
3327 2299 3549 2370 grande
3595 2315 3733 2355 con-

2082 2389 2298 2445 vivium
2327 2389 2386 2444 in
2418 2389 2512 2444 die
2543 2388 2958 2444 ablactationis
3009 2390 3158 2460 ejus.
3195 2387 3279 2461 lC.
3308 2389 3442 2461 λιι]
3472 2388 3738 2460 Cumque

2081 2479 2327 2535 vidisset
2356 2482 2496 2534 Sara
2530 2478 2714 2533 filium
2742 2487 2900 2550 Agar
2917 2478 3191 2551 {Egyptiaa
3213 2476 3515 2534 ludentem
3533 2479 3576 2548 ³,
3597 2478 3744 2533 dixit

2085 2569 2155 2624 ad
2187 2568 2481 2624 Abraham
2515 2584 2530 2624 :
2558 2567 2714 2637 Ejice
2753 2567 3026 2624 ancillam
3082 2567 3234 2623 hanc
3265 2573 3324 2624 et
3354 2567 3541 2623 filium
3589 2568 3737 2639 ejus,

2085 2674 2202 2714 non
2233 2656 2390 2714 enim
2423 2657 2534 2712 erit
2563 2657 2747 2712 haares
2779 2656 2935 2712 filius
2981 2656 3207 2713 ancillae.
3257 2673 3390 2712 cum
3443 2657 3563 2713 tilio
3612 2673 3738 2713 meo

2087 2748 2269 2803 Isaac.
2297 2745 2447 2801 Dure
2478 2745 2702 2818 accepit
2731 2745 2840 2802 hoc
2861 2746 3154 2802 Abraham
3189 2763 3290 2817 pro
3324 2745 3442 2802 ﬁlio
3469 2763 3595 2802 suo.
3630 2745 3736 2802 Cui

2086 2836 2232 2892 dixit
2254 2835 2409 2891 Deus
2435 2853 2448 2891 :
2472 2836 2598 2891 Non
2623 2834 2728 2890 tibi
2754 2835 3016 2890 videatur
3037 2851 3311 2906 asperum
3336 2853 3516 2908 super
3537 2851 3737 2908 puero,

2086 2931 2144 2984 et
2174 2941 2352 2997 super
2377 2924 2590 2981 ancilla
2645 2930 2766 2995 tua,
2799 2925 3000 2981 omnia
3029 2942 3156 2996 qua:
3182 2926 3393 2982 dixerit
3420 2925 3526 2982 tibi
3553 2931 3694 2981 Sara
3721 2944 3736 2993 ;

2088 3015 2226 3073 audi
2249 3031 2447 3070 vocem
2473 3015 2771 3086 ejus,quia
2791 3014 2850 3070 in
2876 3016 3035 3071 Isaac
3058 3016 3360 3071 vocabitur
3380 3016 3485 3072 tibi
3515 3031 3735 3072 semen.

2091 3107 2200 3162 Sed
2235 3111 2290 3160 et
2317 3104 2504 3160 illium
2558 3103 2782 3160 ancillae
2827 3103 3036 3159 faciam
3072 3105 3127 3160 in
3157 3110 3389 3177 gentem
3439 3120 3739 3176 magnam,

327 3189 488 3260 ham,
514 3197 570 3247 et
599 3193 858 3250 dixitei:
894 3196 1042 3262 Quid
1069 3196 1259 3254 fecisti
1293 3165 1459 3256 nobis
1480 3165 1976 3275 {quiescas}.
2007 3165 2051 3232 θ
2090 3196 2226 3266 quia
2274 3211 2474 3250 semen
2524 3199 2686 3249 tuum
2734 3199 2842 3250 est.
2893 3165 3396 3264 Surrexituitaquo
3444 3165 3740 3251 Abraham

327 3296 458 3335 mus
482 3281 540 3336 in
575 3285 650 3348 te,
676 3284 816 3354 quia
837 3283 1121 3340 induxisti
1138 3304 1318 3360 super
1339 3306 1430 3346 me
1453 3296 1510 3346 et
1535 3308 1712 3364 super
1732 3308 1975 3360 regnum

326 3384 522 3425 meum
557 3379 858 3442 peccatum
891 3376 1150 3446 grande?
1173 3394 1298 3449 quae
1333 3396 1446 3434 non
1479 3381 1734 3438 debuisti
1767 3383 1974 3451 facere,

327 3459 514 3515 fecisti
548 3461 737 3516 nobis.
762 3463 1100 3535 Rursusque
1129 3467 1529 3539 expostulans,
1555 3470 1635 3526 ait
1668 3487 1682 3527 :
1715 3472 1862 3536 Quid
1893 3472 1977 3526 vi-

329 3547 492 3614 disti,
527 3554 590 3605 ut
617 3549 724 3606 hoc
757 3551 1025 3609 faceres?
1075 3555 1392 3627 Respondit
1421 3559 1706 3615 Abraham
1743 3577 1757 3616 :
1808 3561 1977 3633 Cogi-

325 3639 443 3693 tavi
476 3654 728 3702 mecum,
751 3641 951 3698 dicens
981 3660 994 3698 :
1028 3643 1291 3700 Forsitan
1325 3663 1440 3702 non
1473 3653 1564 3702 est
1593 3647 1768 3704 timor
1795 3649 1893 3705 Dei
1918 3650 1974 3705 in

325 3726 451 3782 loco
477 3728 614 3793 isto,
634 3735 691 3786 et
713 3730 1065 3788 interficient
1089 3750 1180 3790 me
1210 3742 1448 3807 propter
1469 3754 1705 3793 uxorem
1733 3755 1923 3794 meam
1961 3755 1975 3794 :

325 3816 472 3873 alias
521 3821 719 3876 autem
749 3837 880 3876 vero
911 3838 1078 3878 soror
1129 3841 1255 3878 mea
1305 3830 1411 3891 est,
1446 3826 1562 3882 filia
1610 3827 1793 3900 patris
1843 3828 1976 3897 mei,

325 3914 520 3963 etnon
553 3907 676 3964 ﬁlia
706 3910 913 3966 matris
944 3928 1105 3978 meae,
1133 3917 1191 3968 et
1239 3914 1376 3968 duxi
1425 3933 1550 3970 eam
1605 3916 1662 3970 in
1716 3934 1975 3972 uxorem.

325 3997 647 4071 Postquam
677 4007 872 4057 autem
906 4002 1107 4057 eduxit
1139 4019 1231 4058 me
1265 4007 1413 4060 Deus
1453 4006 1524 4060 de
1575 4008 1746 4062 domo
1795 4007 1980 4080 patris

332 4087 469 4158 mei,
502 4087 620 4144 dixi
653 4091 721 4144 ad
757 4105 924 4146 eam:
957 4089 1118 4147 Hanc
1161 4093 1620 4150 misericordiam
1656 4097 1830 4152 facies
1861 4113 1978 4153 me-

332 4193 468 4234 cum
502 4194 515 4232 :
568 4178 626 4233 in
657 4180 817 4234 omni
847 4178 994 4247 loco,
1025 4180 1096 4236 ad
1131 4197 1301 4250 quem
1347 4180 1769 4254 ingrediemur,
1799 4186 1981 4254 dices,

335 4267 491 4339 quod
525 4267 702 4323 frater
733 4274 874 4324 tuus
900 4270 1034 4326 sim.
1068 4268 1228 4325 Tulit
1257 4271 1436 4343 igitur
1465 4273 1800 4330 Abimelech
1846 4293 1980 4332 oves

333 4361 391 4412 et
419 4356 616 4422 boves,
647 4361 704 4412 et
735 4373 934 4413 servos
965 4362 1021 4413 et
1050 4358 1310 4428 ancillas,
1345 4365 1402 4415 et
1447 4362 1607 4418 dedit
1634 4364 1928 4419 Abraham.
1963 4381 1977 4421 :

2087 3301 2278 3355 mane,
2312 3289 2368 3339 et
2395 3283 2606 3340 tollens
2660 3299 2868 3354 panem
2910 3289 2968 3340 et
3015 3289 3206 3340 utrem
3241 3299 3424 3354 aquae,
3456 3284 3745 3356 imposuit

2086 3374 2339 3444 scapulae
2371 3375 2520 3444 ejus,
2553 3374 2913 3446 tradiditque
2945 3390 3215 3445 puerum,
3248 3379 3306 3429 et
3333 3373 3562 3430 dimisit
3585 3391 3735 3431 eam.

2087 3467 2220 3531 Quae
2252 3479 2385 3518 cum
2420 3463 2682 3533 abiisset,
2716 3464 2950 3519 errabat
2980 3463 3038 3518 iu
3073 3462 3392 3519 solitudine
3432 3463 3739 3520 Bersabee.

2084 3558 2348 3626 Cumque
2377 3559 2730 3624 consumpta
2750 3557 2901 3608 esset
2923 3569 3077 3624 aqua
3097 3554 3155 3607 in
3181 3557 3330 3619 utre,
3358 3553 3573 3624 abjeeit
3597 3568 3740 3625 pue-

2086 3661 2216 3700 rum
2253 3645 2455 3698 subter
2484 3659 2662 3698 unam
2694 3642 2992 3709 arborum,
3017 3657 3143 3713 qum
3176 3641 3258 3698 ibi
3284 3647 3469 3698 erant.
3487 3646 3551 3696 Et
3572 3642 3742 3714 abiit,

2086 3732 2354 3806 seditque
2385 3749 2416 3788 e
2453 3733 2691 3806 regione
2742 3731 2941 3804 procul
2992 3736 3284 3804 quantum
3335 3735 3526 3802 potest
3566 3747 3738 3788 arcus

2077 3823 2294 3895 jacere.
2325 3821 2474 3877 Dixit
2493 3821 2680 3889 enim;
2707 3821 2834 3876 Non
2856 3820 3065 3878 videbo
3089 3821 3436 3877 morientem
3464 3837 3735 3893 puerum;

2087 3917 2145 3969 et
2161 3913 2370 3968 sedens
2389 3915 2610 3979 contra,
2625 3910 2837 3966 levavit
2851 3926 3049 3967 vocem
3074 3926 3267 3979 suam,
3282 3915 3340 3966 et
3359 3909 3532 3966 ﬂevit.
3550 3911 3736 3967 Exau-

2087 4002 2233 4057 divit
2261 4006 2454 4056 autem
2489 4007 2643 4057 Deus
2674 4016 2875 4056 vocem
2909 3999 3463 4073 pueri;vocavitque
3494 4000 3741 4072 angelus

2088 4093 2186 4148 Dei
2219 4093 2372 4164 Agar
2401 4093 2470 4147 de
2501 4090 2666 4158 oculo,
2699 4091 2900 4147 dicens
2930 4106 2942 4145 :
2994 4089 3142 4155 Quid
3193 4092 3344 4162 agis,
3369 4090 3573 4161 Agar?
3599 4089 3740 4146 uolli

2089 4182 2337 4251 timere;
2385 4173 2864 4237 exaudivit'enim
2901 4179 3056 4236 Deus
3085 4195 3281 4236 vocem
3319 4180 3482 4252 pueri
3515 4179 3586 4234 de
3615 4178 3740 4235 loco

2089 4273 2150 4328 in
2182 4290 2298 4345 quo
2328 4277 2454 4340 est;
2501 4288 2698 4344 surge,
2736 4271 2875 4326 tolle
2908 4287 3178 4343 puerum,
3213 4276 3270 4326 et
3313 4275 3449 4326 tene
3500 4286 3741 4327 manum

2089 4362 2289 4430 illius;
2321 4362 2462 4434 quia
2492 4363 2549 4416 in
2581 4367 2814 4434 gentem
2849 4377 3125 4433 magnam
3161 4361 3366 4416 iaciam
3399 4377 3556 4416 eum.
3593 4367 3740 4432 Ape-

334 4445 706 4518 reddiditque
733 4445 815 4500 illi
847 4451 1049 4503 Saram
1082 4465 1320 4505 uxorem
1356 4467 1546 4522 suam,
1567 4459 1622 4507 et
1652 4453 1731 4509 ait
1761 4471 1774 4506 :
1805 4456 1980 4511 'I‘erra
2011 4437 2057 4503 D
2088 4451 2321 4525 ruitque
2344 4453 2543 4508 oculos
2569 4453 2697 4522 ejus
2719 4455 3035 4522 Deus;quaa
3057 4449 3263 4506 videns
3285 4455 3528 4521 puteum
3551 4465 3740 4521 aquae,

403 4627 420 4704 ξ
452 4626 693 4704 _A_ddunt
709 4626 984 4704 Hebraeus
1004 4631 1199 4704 textus
1211 4629 1512 4702 etVulgat.
1532 4631 1837 4704 interpres,
1857 4650 1974 4692 suo.

400 4698 422 4734 ²
453 4699 675 4754 Nomen
730 4699 958 4753 Ammon
1013 4702 1298 4758 excidisse
1347 4698 1574 4758 videtur
1623 4698 1703 4760 ex'
1743 4698 1977 4763 Hebrmo

329 4769 649 4838 hodierno;
687 4787 820 4826 nam
847 4773 1161 4849 _Benammz‘,
1177 4775 1342 4849 quod
1373 4781 1560 4831 exstat
1585 4775 1642 4830 in
1679 4778 1978 4849 Hebraico,

332 4859 447 4900 non
481 4849 570 4900 est
605 4860 814 4917 nomen
845 4843 1063 4916 ipsum,
1093 4847 1192 4901 sed
1209 4843 1275 4900 in
1301 4850 1567 4917 eoquasi
1595 4865 1772 4905 causa
1793 4843 1980 4906 reddi;

329 4920 450 5045 tu?
483 4931 588 5042 cuur
634 4915 861 4972 Ammon
911 4922 1150 4973 vocatus
1181 4919 1357 4974 fuerit
1388 4915 1544 4974 filius
1575 4921 1818 4978 minoris
1850 4922 1980 4977 ﬁliae

372 5005 404 5045 ο
439 5032 449 5043 .
538 5003 665 5044 sar.

372 5003 449 5046 οι.
483 5003 665 5044 MART.

396 5093 465 5102 —
493 5061 616 5134 Non
651 5065 738 5115 est
770 5061 826 5115 in
859 5060 1096 5116 llebraao
1131 5060 1442 5134 archetypo
1474 5061 1582 5117 hoc
1611 5079 1846 5130 nomen,
1880 5065 1981 5120 sed

327 5135 557 5188 tantum
587 5132 784 5197 habet,
807 5142 924 5192 una
946 5142 1056 5192 mn
1080 5144 1296 5222 usu-1:
1317 5132 1449 5194 $7313
1470 5145 1656 5222 mpm
1685 5153 1696 5192 :
1733 5137 1797 5192 Et
1826 5154 1981 5193 voca-

323 5221 405 5278 vit
429 5237 627 5277 nomen
656 5223 779 5293 ejus
812 5225 922 5296 Ben
962 5225 1155 5282 ammi.
1184 5226 1301 5293 ipse
1347 5234 1426 5280 est
1473 5221 1649 5296 pater,
1681 5232 1794 5282 etc.
1831 5227 1979 5284 Illud

330 5310 501 5367 porro
530 5294 847 5368 Ben-ammi
876 5301 1048 5368 sonat
1075 5296 1264 5362 filium
1293 5294 1484 5367 populi
1511 5298 1641 5361 mei,
1673 5315 1802 5368 qum
1851 5299 1978 5355 Hie-

330 5368 556 5438 ronymi
605 5366 1006 5438 interpretatio
1055 5373 1162 5420 est.
1203 5366 1660 5423 llinc'autumat
1693 5366 1976 5426 'Martian.

331 5437 545 5493 nomen
575 5437 805 5493 Ammon
837 5437 1120 5494 excidisse
1143 5456 1210 5512 ex
1238 5440 1470 5496 Hebraeo
1493 5441 1795 5506 hodierno,
1821 5444 1975 5512 quod

331 5513 527 5564 tamen
556 5512 700 5566 adeo
733 5527 848 5565 non
880 5514 968 5565 est
997 5511 1346 5578 verosimile,
1383 5519 1446 5568 ut
1476 5529 1637 5569 sacro
1681 5511 1977 5570 contextui

329 5581 576 5654 eiusque
601 5582 832 5658 ingenio
857 5581 1067 5658 linguas
1091 5589 1392 5658 repugnet,
1407 5585 1977 5658 etymologiam,quae

331 5668 439 5710 nec
469 5659 667 5712 tamen
696 5655 842 5713 satis
873 5655 1020 5714 bene
1050 5655 1691 5729 respondet,vernaouli
1711 5655 1973 5730 ejusdem

316 5915 390 5972 .ζο

2087 4629 2380 4688 sermonis
2429 4628 2682 4684 adnecti.
2714 4632 2849 4699 Hoc
2895 4626 3138 4699 propius
3189 4626 3258 4681 ad
3312 4625 3487 4699 fidem
3533 4629 3640 4695 est,
3672 4641 3742 4683 ex

2089 4703 2287 4784 Qrmca
2343 4701 2707 4784 paraphrasi,
2742 4692 2961 4754 ἐκᾶλίσε
2990 4692 3052 4752 ’ίὸ
3081 4692 3260 4782 ξίνομα
3287 4696 3458 4784 αρροὖ
3481 4692 3740 4784 ςἈξιμαγ,

2087 4769 2504 4855 λέχουςαξξςὶῥξ
2551 4771 2734 4855 γένους
2786 4791 2913 4845 μου,
2944 4771 3271 4827 versionem
3325 4769 3415 4825 hic
3464 4769 3737 4828 derivari.

2088 4847 2213 4906 Vid.
2243 4847 2344 4916 Qu.
2377 4847 2694 4901 Hebraicas.

2158 4936 2464 5016 f_Addunt,
2499 4938 2631 5006 post
2678 4929 3276 5016 _S_eptuaginta,nediti_
3301 4927 3437 4985 libri
3471 4947 3554 5016 Aac
3596 4947 3739 4990 mss.

2091 5007 2416 5065 Bibliorum
2469 5002 3037 5070 n'onnulli'codices,
3068 5007 3206 5059 Cum
3255 5002 3412 5058 Isaac
3459 5002 3576 5073 filio
3621 5021 3739 5061 suo.

2091 5082 2287 5138 Monet
2309 5096 2439 5135 vero
2471 5078 2745 5134 lectorem
2775 5077 3165 5148 Hieronymus
3188 5076 3244 5128 in
3275 5075 3481 5144 Quaest.
3501 5075 3740 5148 Hebrai-

2091 5153 2191 5216 cis.
2227 5153 2347 5207 haac
2394 5151 2571 5206 verba
2621 5167 2732 5206 non
2776 5165 2903 5206 esse
2931 5147 3394 5204 in'Hebraaorum
3424 5147 3743 5203 volumini-

2093 5227 2250 5282 bus:
2300 5222 2449 5293 Quod
2493 5224 2761 5294 sequitur,
2789 5221 3002 5292 inquit,
3035 5235 3170 5276 cum
3222 5219 3405 5287 Isaac,
3440 5218 3561 5275 filio
3609 5236 3743 5286 suo,

2089 5314 2199 5354 non
2229 5297 2461 5351 habetur
2490 5297 2551 5350 in
2583 5296 2825 5352 rlebrwo.
2861 5294 3049 5350 MART.

2161 5399 2226 5410 —
2260 5367 2436 5423 Vetus
2468 5367 2666 5422 Latina
2704 5382 2892 5421 versIo
2939 5364 3212 5430 addebat,
3241 5378 3366 5418 cum
3413 5365 3588 5428 Isaac,
3619 5361 3739 5432 ﬁlia

2086 5457 2203 5496 suo.
2232 5440 2424 5495 Nostri
2450 5455 2591 5494 mss.
2617 5455 2743 5493 cum
2772 5441 2926 5494 Isaac
2954 5441 3185 5492 tantum
3219 5435 3446 5490 addunt
3475 5451 3488 5500 ;
3522 5433 3579 5488 in
3615 5451 3734 5489 uno

2087 5517 2296 5583 autem,
2316 5511 2568 5567 Palatia.
2592 5527 2760 5568 voces
2780 5511 2898 5583 ﬁlio
2926 5525 3024 5567 suo
3053 5509 3110 5564 iu
3143 5505 3278 5564 libri
3309 5521 3411 5563 ora
3439 5505 3742 5564 adnotavit

2085 5582 2374 5658 posterior
2404 5599 2636 5642 manus.
