4080 6186
305 336 415 392 221

1750 330 1967 386 LIBER
2003 331 2333 388 GENESIS.

3613 328 3723 385 222

309 462 478 528 abiit,
502 464 563 518 et
594 458 859 533 implexit
879 461 1092 526 utrem,
1125 456 1402 528 deditque
1431 471 1609 528 puero
1631 447 1868 511 bibere.
1889 455 1960 510 Et
1988 461 2041 526 Α
2071 459 2362 527 perantes,
2405 460 2710 530 postquam
2745 457 3204 528 adoraverimus,
3254 461 3616 515 revertemur
3647 459 3718 515 ad

307 553 424 609 fuit
445 569 578 607 cum
611 568 700 617 eo;
725 550 823 621 qui
844 549 1044 618 crevit,
1065 553 1123 603 et
1144 553 1407 602 moratus
1429 553 1518 600 est
1539 546 1595 600 in
1629 545 1968 615 solitudine,

309 643 619 713 factusque
649 645 746 695 est
793 639 1030 709 juvenis
1078 637 1440 708 sagittarius.
1469 635 1878 705 Habitavitque
1908 635 1967 688 in

314 731 549 784 deserto
582 729 838 792 Pharan,
869 732 926 782 et
956 724 1180 796 accepit
1236 723 1320 779 illi
1368 728 1551 779 mater
1581 740 1685 778 sua
1731 739 1966 778 uxorem

315 820 386 874 de
422 827 578 873 terra
615 817 869 888 :Egypti.
924 816 1004 887 [C.
1039 814 1208 885 XLI.]
1255 814 1471 869 Eodem
1526 820 1790 884 tempore
1820 811 1968 868 dixit

311 907 670 974 Abimelech,
704 911 762 961 et
790 904 1050 971 Pbichol,
1089 905 1360 976 princeps
1393 903 1682 958 exercitus
1712 903 1862 973 ejus,
1895 902 1965 957 ad

308 997 609 1054 Abraham
636 1013 649 1049 :
676 996 830 1051 Deus
875 1001 1064 1050 tecum
1107 1000 1196 1049 est
1224 994 1282 1048 in
1327 993 1617 1048 universis
1659 1010 1785 1064 quae
1817 993 1965 1065 agis.

307 1088 453 1144 Jura
481 1103 621 1158 ergo
673 1102 776 1157 per
825 1084 1033 1151 Deum,
1067 1099 1138 1138 ne
1184 1099 1394 1137 noceas
1426 1081 1589 1147 mihi,
1630 1088 1686 1136 et
1718 1081 1968 1152 posteris

311 1177 483 1242 meis,
501 1175 789 1246 stirpique
804 1190 966 1239 mea;
981 1174 1077 1228 sed
1092 1173 1261 1239 juxta
1277 1171 1761 1239 misericordiam,
1790 1187 1967 1243 quam

308 1266 418 1322 feci
453 1266 584 1334 tibi,
629 1264 806 1336 facies
844 1263 1012 1328 mihi,
1065 1267 1123 1317 et.
1153 1267 1316 1317 terra:
1366 1262 1425 1316 i‘n
1468 1278 1584 1332 qua
1618 1265 1880 1316 versatus
1907 1276 1969 1316 es

307 1357 556 1411 advena.
592 1352 860 1426 Dixitque
891 1351 1188 1408 Abraham
1222 1367 1238 1406 :
1271 1351 1384 1421 Ego
1407 1351 1642 1422 jurabo.
1678 1352 1744 1403 Et
1774 1349 1968 1405 incre-

310 1446 468 1518 pavit
492 1443 830 1500 Abimelecb
850 1447 1086 1515 propter
1110 1447 1352 1512 puteum
1375 1456 1745 1512 aquai,quem
1765 1444 1814 1495 vI
1840 1440 1972 1495 abs-

311 1533 577 1589 tulerant
624 1532 775 1588 servi
830 1531 1009 1587 illius.
1074 1529 1512 1602 Responditque
1581 1528 1964 1585 Abimelech:

311 1624 543 1679 Nescivi
578 1622 712 1694 quis
756 1621 956 1677 ferierit
992 1621 1137 1676 hanc
1169 1635 1331 1688 rem;
1366 1619 1466 1675 sed
1500 1622 1556 1674 et
1583 1623 1647 1674 tu
1678 1636 1793 1675 non
1817 1617 1968 1673 indi-

313 1713 461 1769 casti
491 1712 658 1778 mihi,
693 1715 750 1767 et
779 1727 882 1781 ego
921 1726 1036 1765 non
1068 1709 1264 1765 audivi
1313 1713 1520 1780 praeter
1568 1707 1762 1765 hodie.
1812 1707 1970 1762 Tulit

2079 562 2198 602 vos.
2229 547 2640 620 Tulitquoque
2663 549 2822 620 ligna
2846 550 3192 618 holocausti,
3222 555 3279 606 et
3307 548 3592 621 imposuit
3617 566 3718 606 su-

2079 651 2180 706 per
2213 637 2370 691 Isaac
2394 636 2576 691 ﬁlium
2613 655 2789 694 suum
2817 658 2830 706 ;
2867 639 2991 710 ipse
3024 655 3158 694 vero
3201 639 3473 710 portabat
3503 639 3562 694 in
3597 655 3723 694 ma-

2079 725 2254 780 nibus
2279 724 2475 796 ignem
2508 732 2566 782 et
2599 726 2884 797 gladium.
2935 729 3198 799 Cumque
3251 734 3557 801 pergerent
3605 729 3724 784 duo

2078 813 2254 868 simul
2288 815 2433 870 dixit
2463 819 2620 871 Isaac
2651 817 2797 888 patri
2823 834 2929 872 suo
2963 833 2976 872 :
3012 817 3179 874 Pater
3209 819 3287 873 mi
3315 818 3327 873 Ι
3376 821 3447 873 At
3475 817 3574 874 ille
3605 835 3727 873 res-

2078 904 2283 974 pondit
2314 921 2327 971 ;
2360 904 2509 968 Quid
2546 907 2653 971 vis,
2695 905 2820 960 fili?
2853 907 3016 972 Ecce,
3038 907 3250 978 inquit,
3278 907 3431 978 ignis
3453 911 3510 963 et
3531 907 3721 977 ligna:

2079 993 2175 1048 ubi
2205 1000 2294 1048 est
2325 994 2571 1049 victima
2604 995 2975 1050 bolocausti?
3029 996 3177 1050 Dixit
3205 997 3494 1052 Abraham
3525 1017 3540 1062 ς
3579 1001 3728 1052 Deus

2079 1084 2406 1154 prowdebit
2428 1083 2538 1139 sibi
2561 1085 2857 1141 victimam
2893 1084 3242 1153 holocausti,
3277 1085 3354 1140 ﬁli
3384 1087 3484 1142 mi.
3508 1092 3615 1142 Per
3636 1103 3730 1156 ge-

2078 1171 2220 1227 bant
2250 1189 2387 1242 ergo
2412 1175 2666 1245 pariter;
2715 1181 3121 1245 veneruntque
3175 1175 3246 1230 ad
3307 1173 3499 1230 locum
3555 1191 3728 1248 quem

2078 1262 2414 1317 ostenderat
2444 1266 2493 1318 ei
2524 1265 2693 1323 Deus.
2731 1262 2790 1317 in
2827 1280 2943 1336 quo
2981 1263 3286 1319 aediﬁcavit
3315 1263 3519 1332 altare,
3552 1269 3610 1319 et
3634 1266 3731 1319 de-

2079 1367 2258 1422 super
2287 1350 2449 1422 ligna
2479 1352 2847 1423 composuit;
2903 1369 3158 1424 cumque
3184 1353 3528 1424 colligasset
3572 1355 3732 1410 Isaac

2078 1438 2264 1494 ﬁlium
2299 1458 2496 1511 suum,
2533 1444 2727 1514 posuit
2756 1459 2890 1498 eum
2924 1444 2982 1497 in
3015 1443 3181 1498 altari
3215 1459 3392 1515 super
3415 1449 3638 1499 struem
3660 1441 3726 1497 li-

2077 1544 2360 1600 gnorum.
2391 1532 2780 1604 Extenditque
2803 1548 3066 1601 manum,
3090 1538 3146 1588 et
3164 1531 3412 1603 arripuit
3440 1531 3728 1604 gladium,

2079 1623 2143 1673 ut
2173 1618 2507 1676 immolaret
2539 1621 2724 1677 ﬁlium
2758 1622 3033 1678 suum.Et
3061 1637 3192 1678 ecce
3213 1621 3460 1695 angelus
3491 1622 3724 1677 Domini

2079 1706 2151 1762 de
2172 1708 2313 1764 cmlo
2333 1709 2604 1766 clamavit
2629 1710 2830 1766 dicens
2856 1729 2870 1779 ;
2906 1711 3231 1767 Abraham!
3261 1710 3585 1767 Abraham!
3621 1709 3731 1776 Qui

312 1804 519 1873 itaque
542 1801 841 1856 Abraham
874 1816 1008 1855 oves
1030 1800 1298 1866 etboves,
1332 1803 1389 1854 et
1427 1799 1589 1854 dedit
1609 1797 1967 1854 Abimelech:
2004 1833 2051 1898 Β
2084 1800 2407 1869 respondit,
2438 1800 2694 1868 Adsum,
2724 1799 2996 1872 Dixitque
3017 1800 3107 1867 ei;
3144 1799 3269 1856 Non
3301 1801 3579 1856 extendas
3610 1815 3731 1855 ma-

312 1896 856 1965 percusseruntque
888 1890 1064 1946 ambo
1104 1889 1314 1944 foedus.
1347 1888 1418 1943 Et
1447 1889 1652 1944 statuit
1681 1887 1974 1944 Abraham

311 1987 541 2054 septem
576 1997 759 2053 agnas
781 1978 982 2051 gregis
1011 1993 1300 2034 seorsum.
1326 1977 1428 2034 Cui
1446 1977 1590 2032 dixit
1615 1976 1970 2033 Abimelech:

316 2071 466 2138 Quid
500 2070 611 2125 sibi
645 2069 852 2125 volunt
882 2074 1104 2139 septem
1139 2083 1300 2139 agnae
1343 2066 1493 2133 istis,
1527 2084 1674 2138 quas
1708 2073 1858 2122 stare
1891 2067 1973 2121 fe-

310 2160 443 2215 cisti
473 2175 747 2215 seorsum
772 2157 800 2214 ‘I
844 2156 1055 2225 Atille,
1097 2161 1353 2228 Septem,
1378 2157 1588 2228 inquit,
1622 2172 1805 2228 agnas
1827 2155 1974 2210 acci-

313 2251 440 2321 pies
496 2250 572 2303 de
616 2265 792 2304 manu
830 2264 979 2313 mea,
1012 2252 1076 2301 ut
1106 2246 1226 2301 sint
1255 2245 1315 2301 in
1371 2246 1774 2301 testimonium
1808 2243 1974 2311 mihi,

314 2338 602 2411 quoniam
633 2354 738 2410 ego
789 2337 906 2393 fodi
940 2342 1178 2407 puteum
1213 2336 1415 2391 istum.
1467 2335 1687 2392 Idcirco
1742 2341 1975 2390 vocatus

315 2435 405 2484 est
444 2429 606 2482 locus
656 2426 751 2482 ille
803 2427 1111 2492 Bersabee,
1167 2426 1306 2497 quia
1348 2425 1446 2480 ubi
1481 2425 1975 2496 uterquejurave-

319 2522 555 2574 runt.Et
578 2517 835 2572 inierunt
859 2517 1045 2571 foedus
1075 2533 1178 2588 pro
1201 2515 1734 2586 puteojuramenti.
1765 2515 1978 2570 Surre-

318 2609 406 2663 xit
436 2614 633 2664 autem
659 2605 995 2662 Abimelech
1046 2611 1102 2661 et
1148 2605 1411 2670 Pbichol,
1454 2604 1724 2677 princeps
1755 2604 1976 2659 militiai

322 2699 476 2769 ejus,
533 2695 870 2768 reversique
925 2700 1065 2750 sunt
1109 2694 1168 2749 in
1231 2699 1448 2750 terram
1507 2693 1975 2750 Philistinorum.

319 2786 620 2844 Abraham
655 2802 786 2840 vero
821 2783 1103 2856 plantavit
1141 2800 1352 2841 nemus
1383 2783 1440 2838 in
1473 2784 1776 2849 Bersabee,
1801 2789 1858 2839 et
1886 2784 1979 2838 in-

319 2876 555 2932 vocavit
586 2874 668 2930 ibi
699 2890 910 2930 nomen
944 2873 1175 2929 Domini
1233 2873 1333 2928 Dei
1367 2873 1584 2928 tsterni.
1639 2878 1707 2929 Et
1744 2873 1854 2928 fuit
1883 2889 1978 2929 co-

323 2966 499 3020 lonus
527 2970 695 3019 terra
718 2963 1161 3019 Pbilistinorum
1192 2963 1403 3018 diebus
1436 2963 1662 3020 multis.

393 3056 486 3127 [Τ.
522 3054 676 3118 XVI,
710 3053 775 3109 Β.
806 3052 1036 3122 XXVII,
1086 3053 1146 3108 C.
1199 3051 1366 3118 XLIl,
1400 3053 1534 3122 Cap.
1591 3053 1800 3124 XXII.]
1846 3053 1980 3116 Qua)

319 3152 647 3217 postquam
702 3148 867 3214 gesta
908 3146 1068 3208 sunt,
1103 3144 1350 3197 tentavit
1379 3141 1533 3197 Deus
1581 3143 1894 3208 Abraham,
1927 3147 1984 3198 et

321 3235 470 3290 dixit
502 3234 578 3287 ad
610 3249 744 3287 eum
781 3249 794 3287 :
829 3229 1159 3286 Abraham!
1204 3232 1305 3285 llte
1359 3232 1663 3302 respondit
1695 3249 1708 3288 :
1742 3233 1982 3287 Adsum.
2016 3221 2058 3288 C

320 3325 416 3378 Ait
436 3323 523 3378 illi
557 3340 571 3378 :
600 3321 738 3376 tolle
757 3321 942 3376 ﬁlium
965 3329 1132 3376 tuum
1159 3321 1734 3393 unigenitum,quem
1758 3322 1979 3393 diligis,

324 3418 488 3470 Isaac
509 3415 526 3449 ί
575 3418 630 3467 et
655 3412 798 3466 vade
819 3412 877 3465 in
907 3416 1122 3466 terram
1161 3410 1440 3479 Visionis,
1474 3415 1646 3482 atque
1679 3413 1822 3466 oti‘er
1843 3427 1978 3466 eum

322 3503 403 3557 ibi
462 3501 526 3556 in
574 3499 984 3556 holocaustum
1033 3516 1212 3570 super
1259 3516 1441 3554 unum
1490 3500 1776 3554 montium
1809 3516 1979 3571 quem

324 3597 733 3647 monstravero
766 3590 892 3646 tibi.
927 3588 1107 3661 igitur
1134 3589 1427 3644 Abraham
1458 3591 1528 3645 de
1548 3597 1716 3646 nocte
1738 3607 1980 3645 consur-

322 3698 489 3755 gens,
527 3680 737 3736 stravit
759 3680 990 3734 asinum
1011 3695 1211 3746 suum,
1252 3680 1473 3734 ducens
1495 3695 1693 3734 secum
1717 3681 1863 3735 duos
1887 3681 1980 3749 ju-

322 3788 500 3827 venes
533 3778 592 3824 et
623 3772 808 3837 Isaac,
853 3768 1039 3822 ﬁlium
1073 3785 1273 3822 suum.
1315 3772 1584 3840 Cumque
1629 3770 1982 3826 concidisset

321 3859 485 3930 ligna
519 3859 579 3913 in
615 3856 1049 3923 holocaustum,
1074 3857 1219 3913 abiit
1250 3858 1322 3912 ad
1355 3857 1548 3912 locum
1573 3874 1747 3929 quem
1780 3875 1984 3930 praece-

321 3955 484 4021 perat
525 3947 578 4002 ei
603 3952 776 4002 Deus.
803 3946 906 4001 Die
935 3953 1133 4001 autem
1155 3948 1352 4012 tertio,
1389 3947 1630 4003 elevatis
1652 3948 1864 4015 oculis,
1897 3949 1978 4003 vi-

326 4039 406 4092 dit
434 4039 637 4093 locum
687 4035 888 4107 procul
917 4053 931 4093 :
965 4036 1228 4108 dixitque
1272 4038 1340 4091 ad
1395 4054 1605 4108 pueros
1648 4054 1789 4094 suos
1822 4055 1835 4093 :
1870 4041 1979 4093 Ex—

325 4133 585 4200 spectate
607 4127 700 4182 hic
725 4142 859 4181 cum
883 4125 1088 4194 asino;
1123 4141 1228 4197 ego
1247 4133 1304 4181 et
1328 4143 1474 4198 puer
1496 4126 1634 4182 illuc
1659 4144 1841 4197 usque
1854 4145 1983 4200 pro-

395 4256 412 4289 ¹
446 4252 558 4308 Ubi
590 4267 746 4305 nunc
773 4250 1002 4314 dicitur,
1028 4251 1086 4306 in
1108 4258 1315 4305 terram
1365 4251 1618 4319 Visionis,
1652 4251 1709 4305 in
1745 4253 1982 4309 Hebraeo

331 4325 525 4390 habet,
552 4326 611 4377 in
632 4333 843 4376 terram
874 4332 1068 4382 num
1093 4323 1264 4377 Maria
1290 4339 1300 4377 :
1330 4327 1519 4377 textus
1551 4330 1704 4377 Sam.
1737 4335 1980 4386 ria-nm

327 4399 512 4469 lorea
544 4413 564 4469 ξ
586 4404 851 4469 2591mm
881 4394 1243 4457 domouroie,
1282 4395 1750 4469 Amorrltaeorum.
1803 4398 1983 4469 Syrus

330 4468 508 4540 legit;
548 4467 698 4522 LXX
730 4469 1192 4540 interpretantur
1221 4471 1425 4522 terram
1446 4467 1566 4540 ντὴν
1602 4464 1862 4540 donli”;
1885 4485 1980 4525 ea:-

327 4537 556 4616 cellsam,
589 4556 658 4616 ex
691 4547 795 4616 p711
815 4554 958 4616 run},
986 4537 1041 4592 ni
1070 4537 1238 4616 fallor
1269 4556 1281 4592 :
1307 4539 1537 4616 Aqu‘la,
1562 4537 1659 4605 nihil
1681 4545 1980 4616 ξίαταφανῆ,

331 4612 438 4666 boc
471 4609 873 4675 estlucidam;
908 4609 1316 4680 Symmachus,
1358 4615 1456 4676 τῆς
1496 4610 1773 4674 ὀπτασίας,
1815 4609 1980 4667 omp-

330 4688 437 4738 nis.
474 4683 615 4748 Alii,
661 4687 867 4736 terram
895 4680 1075 4752 divini
1097 4683 1294 4738 rullus.
1341 4684 1462 4737 sive
1490 4683 1852 4752 adora/iouis,
1893 4685 1979 4737 «li-

332 4762 491 4810 cunt:
516 4755 686 4809 aiunt
715 4755 871 4808 enim
909 4751 1132 4807 Hebraai
1163 4754 1338 4808 Maria
1371 4754 1524 4809 hunc
1553 4771 1680 4811 esse
1726 4751 1980 4810 montem

333 4829 390 4881 in
443 4843 563 4898 quo
611 4832 806 4895 postea
832 4823 1130 4898 templum
1173 4826 1476 4898 conditum
1528 4832 1634 4882 est.
1678 4827 1799 4881 Non
1861 4829 1986 4882 sine

332 4895 513 4954 causa
546 4901 761 4952 fatetur
788 4896 875 4949 hic
900 4895 1401 4968 S.Hieronymus,:
1431 4896 1622 4964 i'fﬁczle
1650 4914 1765 4953 esse
1783 4899 1985 4954 idimna

332 4973 550 5038 lingua
577 4971 822 5024 Hebraea:
852 4969 913 5020 in
943 4968 1180 5022 latinum
1209 4985 1517 5023 sermonem
1543 4981 1773 5024 vertere.
1825 4973 1988 5026 Certe

333 5043 486 5098 hanc
535 5041 942 5112 difﬁcultatem
979 5041 1229 5109 probant
1263 5046 1382 5094 tam
1430 5041 1670 5096 diversae
1721 5044 1986 5112 ejusdem

332 5115 492 5169 verbi
527 5125 680 5172 Πτπῇ
710 5112 878 5166 Maria
904 5111 1402 5179 intepretaliones.
1438 5115 1618 5167 MART.

417 5217 472 5226 --
503 5185 676 5240 Hebr.
713 5183 769 5237 in
802 5190 1007 5236 terram
1039 5195 1232 5244 mm
1286 5183 1480 5238 .lfurz'a.
1529 5185 1586 5239 S.
1636 5189 1804 5238 Pater
1851 5201 1985 5238 cum

334 5257 688 5330 Symmacho
721 5254 877 5316 facit,
909 5256 1005 5325 qui
1034 5259 1344 5330 Δ’μη-ιη,τῄ
1375 5255 1648 5318 ὀπτασίας.
1672 5257 1786 5330 ipsi
1810 5257 1986 5311 etiam

339 5327 617 5399 LXX,qui
650 5338 861 5382 terram
891 5327 1162 5381 excelsam
1187 5330 1546 5394 interpretati
1579 5336 1712 5382 sunt
1735 5329 1790 5382 in
1825 5345 1891 5382 eu
1906 5347 1988 5382 m-

336 5405 468 5457 dem
496 5400 814 5456 concinunt
840 5401 1391 5470 sensum,rdeducta
1425 5416 1559 5455 voce
1581 5418 1612 5454 a
1641 5402 1809 5455 verbo
1841 5412 1988 5470 l'tN'l,

340 5475 395 5528 id
428 5479 520 5528 est
549 5487 813 5540 aparere,
841 5475 897 5522 et
930 5469 1124 5541 procul
1155 5473 1308 5525 cerni
1335 5476 1407 5526 ob
1442 5472 1550 5529 loci
1583 5469 1986 5539 eminentiam,

343 5563 454 5601 non
486 5563 522 5599 a
552 5555 681 5605 cm,
715 5549 779 5597 ut
812 5541 1179 5597 Martianzsus
1215 5547 1398 5612 putat.

410 5619 430 5652 ³
459 5616 745 5672 Hebraice
778 5615 950 5669 habet
978 5625 1126 5690 ut):
1153 5614 1467 5690 bassabeclt.
1503 5614 1767 5690 UtAvocis
1797 5615 1991 5690 sabech

340 5692 456 5748 vim
489 5685 1472 5760 interpretaretur'ﬂisronymusin
1506 5685 1634 5744 suis
1649 5687 1992 5754 Questioni-

2083 1903 2222 1944 num
2256 1894 2420 1944 tuam
2452 1905 2630 1961 super
2659 1906 2930 1962 puerum,
2969 1905 3158 1962 neque
3188 1889 3365 1945 facias
3419 1888 3503 1944 illi
3553 1888 3729 1961 quid-

2083 1995 2298 2054 quam;
2351 1995 2509 2033 nunc
2544 1979 2785 2050 cognovi
2835 1980 2990 2051 quod
3047 1979 3255 2035 timeas
3287 1979 3494 2048 Deum,
3518 1984 3574 2034 et
3608 1994 3724 2034 non

2084 2067 2392 2142 pepercisti
2426 2067 2730 2140 unigenito
2761 2067 2880 2124 ﬁlio
2911 2074 3012 2124 tuo
3040 2074 3276 2140 propter
3319 2084 3432 2124 me.
3490 2067 3728 2123 Levavit

2081 2158 2374 2215 Abraham
2399 2157 2601 2213 oculos
2625 2173 2788 2224 suos,
2812 2157 3071 2228 viditque
3089 2162 3222 2229 post
3237 2163 3465 2229 tergum
3486 2157 3726 2212 arietem

2083 2248 2235 2303 inter
2267 2265 2468 2319 vepres
2544 2250 2857 2303 haerentem
2877 2248 3158 2303 cornibus
3196 2247 3321 2303 suis
3337 2247 3379 2316 ⁸,
3414 2262 3586 2318 quem
3620 2263 3711 2301 as-

2085 2353 2325 2393 sumens
2365 2336 2577 2392 obtulit
2599 2337 3004 2392 holocaustum
3048 2353 3150 2408 pro
3174 2335 3292 2391 ﬁlio
3309 2353 3438 2392 suo.
3461 2335 3730 2408 Appella-

2084 2428 2280 2499 vitque
2303 2443 2513 2483 nomen
2548 2426 2657 2482 loci
2688 2426 2869 2493 illius,
2902 2426 3188 2481 Dominus
3243 2425 3416 2480 videt.
3449 2426 3613 2482 Unde
3640 2441 3737 2478 us-

2085 2535 2198 2590 que
2231 2519 2404 2574 hodie
2447 2519 2697 2586 dicitur;
2751 2520 2814 2573 In
2875 2523 3072 2573 monte
3131 2517 3419 2574 Dominus
3449 2515 3732 2572 videbit‘.

2083 2608 2319 2663 Vocavit
2349 2613 2541 2664 autem
2565 2607 2811 2680 angelus
2857 2607 3085 2664 Domini
3128 2607 3422 2664 Abraham
3474 2606 3736 2662 secundo

2087 2699 2156 2754 de
2177 2697 2344 2764 cmlo,
2377 2698 2579 2753 dicens
2612 2714 2625 2752 :
2649 2703 2758 2752 Per
2783 2697 3433 2768 memetipsumjuravi,
3458 2694 3729 2751 dicitDo-

2087 2789 2284 2842 minus
2317 2803 2331 2842 :
2366 2787 2506 2858 quia
2561 2787 2748 2842 fecisti
2781 2803 2901 2841 rem
2939 2785 3110 2854 hanc,
3145 2789 3200 2841 et
3251 2802 3366 2840 non
3414 2784 3732 2856 pepercisti

2088 2878 2204 2933 ﬁlio
2235 2883 2336 2933 tuo
2369 2877 2670 2947 unigenito
2687 2876 2728 2942 ⁵,
2773 2875 3141 2931 benedictam
3175 2874 3304 2942 tibi,
3337 2879 3394 2929 et
3442 2872 3734 2944 multipli-

2086 2969 2228 3024 cabo
2260 2984 2455 3023 semen
2487 2974 2654 3021 tuum
2689 2964 2841 3021 sicut
2872 2963 3070 3020 stellas
3103 2961 3253 3029 caeli,
3307 2968 3365 3019 et
3411 2961 3567 3018 velut
3613 2978 3741 3018 are-

2089 3074 2222 3112 nam
2239 3073 2361 3128 qusa
2385 3061 2474 3110 est
2495 3054 2761 3110 inlittore
2776 3053 2986 3109 maris:
3008 3053 3334 3126 possidebit
3354 3069 3554 3108 semen
3569 3057 3737 3108 tuum

2089 3153 2286 3221 portas
2307 3145 2680 3200 inimicorum
2724 3160 2989 3211 suorum,
3018 3149 3072 3200 et
3104 3143 3526 3198 benedicentur
3555 3143 3613 3197 in
3645 3157 3738 3197 se-

2097 3237 2252 3291 mine
2283 3245 2382 3290 tuo
2413 3251 2617 3290 omnes
2657 3239 2860 3299 gentes
2909 3238 3074 3288 terras
3119 3232 3259 3304 quia
3303 3230 3552 3288 obedisti
3603 3230 3734 3286 voci

2092 3342 2255 3380 mea.
2276 3325 2570 3380 Reversus
2601 3327 2691 3378 est
2723 3322 3016 3377 Abraham
3050 3323 3119 3376 ad
3155 3338 3366 3394 pueros
3397 3337 3558 3388 suos,
3583 3320 3742 3376 abie-

2091 3421 2345 3487 runtque
2379 3414 2654 3468 Bersabee
2699 3411 2897 3480 simul,
2930 3417 2986 3468 et
3034 3412 3322 3467 habitavit
3350 3410 3450 3466 ibi.
3506 3409 3609 3466 His
3654 3409 3739 3466 ita

2090 3503 2635 3574 gestis,nuntiatum
2661 3506 2750 3556 est
2770 3501 3063 3556 Abraham
3081 3502 3234 3572 quod
3262 3499 3483 3556 Melcba
3505 3513 3739 3570 quoque

2089 3595 2389 3665 genuisset
2437 3593 2588 3648 ﬁlios
2621 3591 2815 3649 Nabor
2863 3590 3026 3646 fratri
3065 3590 3338 3646 suozllus
3378 3587 3740 3661 primogeni-

2090 3689 2238 3751 tum,
2272 3689 2328 3738 et
2359 3684 2473 3737 Buz
2505 3683 2742 3737 fratrem
2775 3681 2922 3751 ejus,
2957 3685 3012 3735 et
3042 3679 3278 3735 Camuel
3304 3684 3526 3751 patrem
3557 3683 3737 3750 Syro-

2088 3789 2240 3842 rum,
2274 3777 2331 3827 et
2353 3771 2601 3835 Chased,
2635 3775 2693 3826 et
2723 3772 2894 3838 Azau,
2946 3769 3195 3824 Pheldas
3237 3785 3468 3840 quoque
3511 3771 3570 3822 et
3598 3766 3736 3821 Jed-

2088 3863 2248 3934 lapb,
2282 3878 2346 3917 ac
2378 3859 2632 3930 Batbull,
2657 3861 2728 3916 de
2760 3876 2874 3932 quo
2906 3863 3042 3914 nata
3071 3863 3160 3914 est
3189 3859 3447 3914 Rebecca
3468 3872 3482 3912 :
3503 3859 3632 3911 octo
3654 3854 3740 3910 is—

2091 3957 2182 4008 tos
2213 3949 2416 4023 genuit
2464 3948 2712 4016 Melcha,
2763 3948 2960 4004 Nahor
3005 3948 3166 4002 fratri
3215 3947 3529 4002 Abraham.
3581 3947 3735 3998 Con-

2090 4043 2306 4098 cubina
2333 4056 2466 4096 vero
2494 4039 2651 4093 illius
2684 4039 2920 4093 nomine
2944 4037 3148 4103 Roma,
3182 4035 3409 4108 peperit
3438 4033 3655 4100 Tabes,
3679 4035 3736 4088 et

2093 4132 2312 4187 Gabam
2345 4134 2402 4185 et
2424 4130 2613 4183 Tabas
2642 4132 2698 4182 et
2723 4125 2983 4182 Maacba.

2094 4256 2204 4311 bus
2225 4251 2543 4316 Hebraicis,
2569 4248 2817 4320 longiori
2847 4266 2987 4304 usus
3005 4253 3093 4304 est
3117 4245 3736 4320 circuituverborum;

2093 4327 2191 4383 sed
2223 4330 2512 4380 nostrates
2542 4317 2739 4376 Sancti
2783 4321 2977 4376 Severi
3008 4323 3066 4375 in
3101 4321 3288 4391 capite
3325 4317 3630 4373 Vasconia:
3663 4317 3741 4391 si:

2093 4397 2495 4470 gniﬁcantiam
2547 4394 2821 4449 dictionis
2861 4393 3073 4470 saliech,
3105 4388 3370 4470 et'totam
3403 4388 3741 4470 Hieronymi

2093 4465 2672 4527 circumlocutionem
2707 4483 2823 4520 uno
2848 4466 3018 4519 verbo
3048 4465 3402 4536 exprimunt,
3433 4467 3740 4536 vepretum

2093 4542 2245 4599 enim
2278 4540 2362 4595 vel
2405 4539 2725 4610 spinetum,
2755 4538 3054 4610 condensa
3080 4533 3138 4591 et
3192 4537 3346 4592 inter
3375 4551 3438 4590 se
3484 4533 3741 4610 implexa

2019 4598 2060 4662 ι)
2092 4598 2622 4685 ὺίιεςυιιειννὶδοθῃρ
2651 4598 3025 4685 plcix,__quasi
3064 4610 3226 4685 dicas
3253 4609 3476 4679 plexum
3499 4598 3738 4685 autin:-

2090 4677 2576 4759 ρισῖῶιιημδιι-ιξειὴ
2611 4677 2787 4752 igitur
2818 4677 3188 4759 Bfibraeorum
3213 4677 3406 4753 ipsum
3440 4684 3531 4734 est
3559 4677 3742 4750 plcix,

2096 4752 2215 4814 sive
2241 4758 2414 4826 plez'gs
2439 4752 3012 4826 Vasconum.‘MAn'_r.

2165 4830 2186 4863 ³
2218 4819 2589 4884 Palatin.ms.
2619 4842 2751 4880 cum
2773 4823 2940 4894 Vulg.
2961 4823 3274 4894 interprete
3305 4822 3399 4877 hic
3420 4819 3741 4894 suiatacet,

2097 4901 2250 4972 quod
2289 4899 2412 4954 etin
2452 4898 2718 4972 sequenti
2743 4891 2914 4950 versu
2935 4896 3071 4950 facit
3094 4891 3224 4967 post
3244 4911 3437 4972 vocem
3460 4891 3582 4972 ﬁlio
3607 4891 3745 4972 ερε-

2097 4961 2193 5028 bet
2221 4961 2548 5026 econtrario
2579 4969 2867 5023 Hebraeus.
2921 4961 3207 5024 Caeterum
3233 4968 3363 5022 vide
3395 4961 3606 5031 Quaest.
3632 4961 3739 5017 He-

2097 5044 2278 5099 braic.
2309 5042 2365 5096 in
2397 5043 2552 5096 hunc
2587 5042 2796 5097 locum.
2821 5045 2875 5094 et
2898 5056 3046 5108 quos
3080 5057 3182 5094 nos
3206 5039 3282 5093 ibi
3310 5039 3740 5108 adnotavimus.

2169 5117 2188 5150 ‘
2224 5114 2412 5169 Lectio
2445 5114 2725 5168 hodierna
2758 5106 3248 5166 Messoretharum
3282 5116 3371 5164 est
3399 5117 3540 5166 mw
3568 5106 3744 5172 iorue,

2097 5188 2153 5242 id
2186 5194 2273 5240 est
2304 5186 2602 5244 videbitur.
2634 5188 2735 5239 dro
2767 5194 2930 5252 nm”,
2975 5189 3078 5253 ire,
3114 5183 3225 5237 hoc
3273 5187 3363 5236 est
3413 5179 3640 5246 videbit,
3685 5184 3746 5229 ut

2103 5260 2485 5329 Hieronymus
2518 5259 2677 5328 legit.
2717 5257 2893 5329 Mlier.

2170 5317 2449 5385 ——Eui.lem
2501 5317 2745 5398 utrunque
2779 5326 2835 5380 in
2871 5327 2996 5401 loco
3025 5323 3249 5401 Hebraei
3293 5326 3487 5377 textus
3516 5322 3603 5401 est
3633 5317 3746 5401 lec-

2100 5401 2201 5467 tio,
2231 5402 2457 5455 tametsi
2492 5391 2836 5453 varie'nunc
2871 5397 3362 5453 Massoretbarum
3391 5391 3622 5467 punctis
3656 5391 3742 5467 di-

2101 5462 2337 5528 stincta.
2375 5473 2552 5528 Reddi
2585 5475 2790 5544 potest,
2822 5471 3079 5525 Dominus
3111 5462 3408 5535 videbitur;
3440 5464 3526 5521 vel
3558 5462 3740 5519 Domi-

2100 5563 2206 5600 nus
2234 5544 2556 5616 providehit.

2173 5618 2194 5652 ⁸
2223 5608 2398 5673 Addit
2426 5616 2596 5687 Vulg.
2627 5622 2847 5686 propter
2875 5629 2980 5679 me,
3009 5611 3174 5682 juxta
3204 5608 3489 5665 Graecum.
