4080 6186
306 304 416 362 223

1362 314 1421 366 S.
1462 312 1870 368 HIERONYMI
1907 312 2160 368 DIVINA
2195 311 2700 366 BIBLIOTHECA.

3615 306 3723 364 224

380 433 469 502 [Τ.
528 433 692 500 XVII,
754 433 813 488 Ο.
873 433 1074 491 XLIII.
1125 434 1252 507 Cap.
1300 435 1531 508 XXIII.]
1561 436 1714 492 Vivit
1755 439 1951 493 autem
1985 438 2035 504 Α
2066 452 2301 493 servum
2335 435 2624 492 seniorem
2660 435 2872 492 domus
2894 451 3013 492 suis
3036 435 3134 508 qui
3167 437 3416 506 praeerat
3441 433 3718 490 omnibus

309 521 453 577 Sara
483 530 718 578 centum
767 524 986 595 vigenti
1019 529 1237 594 septem
1290 527 1480 581 annis.
1516 531 1581 581 Et
1609 532 1842 582 mortua
1867 532 1958 582 est
2068 543 2198 598 quae
2247 526 2500 582 habebat
2537 532 2734 581 :Pone
2782 543 3027 580 manum
3070 532 3228 580 tuam
3281 525 3483 580 subter
3535 527 3724 580 femur

309 610 366 666 in
399 612 630 667 civitate
650 613 852 679 Arbee,
887 629 1013 683 quae
1071 619 1160 669 est
1207 615 1459 681 Hebron,
1491 617 1551 671 in
1609 622 1763 672 terra
1805 617 1954 672 Cha-

306 717 455 755 naan
477 719 490 768 ;
516 703 790 772 venitque
813 703 1106 757 Abraham
1134 709 1196 758 ut
1218 705 1520 777 plangeret
1540 712 1596 761 et
1618 707 1780 762 fleret
1801 722 1952 762 eam.

303 791 563 860 Cumque
594 792 956 847 surrexisset
992 794 1064 848 ab
1097 795 1289 850 ofﬁcio
1325 796 1568 859 funeris,
1606 795 1835 851 locutus
1867 801 1954 852 est

305 881 375 934 ad
407 879 556 933 ﬁlios
603 879 776 943 Heth,
811 880 1012 936 dicens
1045 898 1057 935 :
1093 884 1328 938 Advena
1359 901 1490 939 sum
1524 892 1580 941 et
1612 887 1953 956 peregrinus

307 970 454 1038 apud
491 985 588 1023 vos
615 985 627 1023 :
656 970 786 1024 date
810 971 948 1024 mihi
970 973 1071 1040 jus
1091 975 1342 1044 sepulcri
1373 975 1767 1040 vobiscum,ut
1789 992 1953 1047 sepe-

302 1055 440 1111 liam
468 1064 764 1114 mortuum
799 1078 1017 1115 meum.
1047 1063 1613 1136 Responderuntque
1643 1065 1745 1120 ﬁlii
1778 1065 1947 1136 Heth,

305 1146 601 1202 dicentes:
631 1150 777 1202 Audi
813 1167 942 1215 nos,
976 1152 1233 1218 domine,
1274 1154 1545 1225 princeps
1578 1154 1676 1210 Dei
1708 1171 1769 1209 es
1799 1157 1951 1226 apud

303 1251 409 1288 nos
441 1253 452 1290 :
489 1236 547 1290 in
573 1236 771 1292 electis
814 1239 1102 1311 sepulcris
1151 1241 1368 1297 nostris
1410 1242 1590 1313 sepeli
1647 1249 1952 1299 mortuum

195 1381 198 1386 _
303 1327 470 1378 tuum
529 1325 847 1398 nullusque
875 1333 932 1383 te
965 1329 1271 1400 prohibere
1304 1333 1517 1403 poterit
1560 1334 1700 1403 quin
1734 1332 1792 1387 in
1826 1349 1952 1389 mo-

310 1421 595 1470 numento
646 1417 774 1487 ejus
823 1417 1071 1490 sepelias
1101 1425 1396 1476 mortuum
1444 1426 1632 1476 tuum.
1695 1423 1955 1478 Surrexit

306 1503 689 1575 Abraham,et
709 1507 972 1562 adoravit
988 1507 1271 1580 populum
1296 1517 1482 1576 terras,
1513 1510 1664 1566 ﬁilos
1683 1510 1956 1568 videlicet

306 1593 478 1660 Helh,
525 1594 788 1666 dixitque
822 1597 892 1651 ad
931 1613 1067 1653 eos:
1098 1598 1155 1652 Si
1191 1598 1378 1670 placet
1407 1599 1616 1654 animas
1649 1606 1849 1656 vestrae
1891 1604 1956 1656 ut

306 1682 584 1754 aspellam
613 1688 909 1740 mortuum
936 1703 1156 1753 meum,
1181 1688 1378 1743 audite
1401 1704 1514 1749 me.
1538 1693 1594 1744 et
1614 1688 1953 1745 intercedite

305 1788 408 1878 prp
436 1788 525 1878 me
549 1775 705 1878 apud
733 1774 985 1878 Ephron,
1011 1775 1194 1876 ﬁlium
1241 1777 1428 1832 Sohar
1459 1779 1636 1848 [ναις.
1670 1777 1852 1851 Seor],
1887 1784 1952 1832 ut
1985 1814 2028 1878 Β

300 1861 398 1916 det
422 1861 918 1932 mihispeluncam
943 1865 1262 1937 duplicem,
1289 1883 1466 1939 quam
1492 1868 1666 1923 habet
1689 1867 1747 1922 in
1768 1872 1946 1923 extre-

305 1966 399 2006 ma
440 1956 601 2022 parte
632 1951 751 2022 agri
776 1953 864 2007 sui
900 1955 1182 2024 :pecunia
1213 1956 1391 2027 digna
1419 1957 1610 2011 tradat
1642 1956 1782 2010 mihi
1817 1972 1946 2011 eam

303 2056 495 2094 coram
520 2041 683 2096 vobis
708 2042 764 2096 in
789 2043 1216 2112 possessionem
1241 2046 1831 2117 sepulcri.Habitabat
1848 2063 1948 2101 au-

300 2131 417 2183 tem
443 2129 710 2200 Epheron
741 2130 802 2186 in
835 2132 1021 2187 medio
1045 2133 1297 2190 ﬁliorum
1323 2133 1489 2190 Heth.
1520 2136 1952 2206 Responditque

309 2217 545 2290 Ephron
564 2220 889 2276 Hetthaaus'
909 2223 978 2276 ad
1001 2223 1294 2278 Abraham
1319 2224 1546 2279 cunctis
1576 2224 1952 2281 audientibus

305 2306 405 2378 qui
439 2307 916 2378 ingrediebantur
948 2315 1168 2382 portam
1199 2312 1453 2369 civitatis
1486 2313 1664 2380 illius,
1699 2313 1900 2369 dicens
1935 2332 1948 2370 :

308 2393 688 2464 Nequaquam
718 2395 799 2450 ita
831 2396 949 2459 ﬁat,
1001 2398 1235 2454 domine
1281 2400 1382 2469 mi,
1433 2401 1532 2455 sed
1583 2400 1771 2470 [Vulg].
1821 2401 1948 2458 add.

309 2482 394 2552 tu]
427 2483 614 2554 magis
638 2485 1089 2558 ausculta'quod
1119 2488 1317 2558 loquor
1349 2507 1362 2544 :
1399 2493 1614 2560 Agrum
1649 2492 1813 2547 trado
1844 2492 1950 2547 tibi

203 2638 206 2640 γ
307 2575 364 2626 et
393 2572 737 2643 speluncam
765 2591 890 2646 quae
922 2575 978 2630 in
1013 2592 1080 2632 eo
1102 2582 1191 2632 est
1219 2595 1234 2634 :
1263 2580 1649 2650 praesentibus
1681 2580 1819 2636 ﬁliis
1850 2599 1950 2653 po-

311 2661 432 2732 puli
463 2662 596 2728 mei,
623 2663 800 2734 sepeli
825 2671 1122 2722 mortuum
1159 2674 1345 2723 tuum.
1373 2669 1643 2725 Adoravit
1663 2671 1950 2726 Abraham

308 2766 501 2806 coram
537 2753 749 2824 pepulo
772 2759 955 2811 terrae.
985 2761 1050 2810 Et
1081 2755 1310 2814 locutus
1343 2775 1404 2814 es
1445 2760 1515 2815 ad
1545 2760 1802 2832 Ephron,
1839 2760 1948 2816 cir-

311 2846 647 2897 cumstante
672 2842 874 2914 plebe:
899 2845 1122 2916 Onaso,
1161 2853 1225 2902 ut
1256 2848 1464 2904 audias
1484 2866 1576 2905 me
1611 2865 1622 2903 :
1658 2849 1816 2905 Dabo
1848 2866 1950 2921 pe-

308 2931 537 2986 cuniam
573 2949 675 3003 pro
707 2949 846 3005 agro
878 2936 1110 3007 suscipe
1140 2953 1291 3003 eam,
1315 2944 1371 2993 et
1392 2937 1475 2993 sic
1497 2938 1772 3010 sepeliam
1798 2956 1950 2995 mor-

308 3023 472 3074 tuum
509 3037 703 3077 meum
740 3023 897 3078 ineo.
923 3027 1243 3097 Respondit
1274 3027 1506 3098 Ephron
1533 3046 1548 3094 ;
1573 3028 1817 3084 Domine
1849 3033 1951 3096 mi,

307 3109 484 3166 audi:
517 3114 750 3166 Terram
801 3129 977 3182 quam
1027 3115 1309 3184 postulas,
1345 3117 1808 3188 quadringentos
1857 3137 1951 3174 ar-

2067 633 2288 682 meum,
2319 619 2382 669 ut
2411 616 2677 683 adjurem
2711 621 2768 670 te
2802 632 2904 686 per
2947 615 3254 669 Dominum
3293 616 3470 670 Deum
3505 613 3630 669 ρωὶὶ
3664 619 3720 668 et

2064 709 2250 769 terrae,
2284 710 2351 759 ut
2381 721 2495 759 non
2524 705 2780 776 accipias
2812 721 3052 759 uxorem
3079 704 3197 760 ﬁlio
3227 720 3354 759 meo
3385 705 3456 759 de
3487 703 3722 758 ﬁliabus

2063 794 2580 861 Chananaarorum,
2614 796 2766 848 inter
2787 811 2937 864 quos
2961 793 3192 848 habito:
3238 795 3340 848 sed
3399 793 3466 848 ad
3503 798 3717 848 terram

2068 887 2297 942 meam5
2325 891 2382 942 et
2414 887 2482 940 ad
2537 887 2930 959 cognitionem
2985 903 3174 941 meam
3215 884 3629 957 proﬁciscaris,
3661 889 3723 939 et

2065 976 2201 1030 inde
2250 976 2505 1046 accipias
2560 993 2797 1030 uxorem
2843 976 2962 1030 ﬁlio
2999 991 3123 1031 meo
3162 977 3346 1030 Isaac.
3395 971 3717 1045 Respondit

2064 1081 2267 1120 servus
2293 1065 2378 1120 :Si
2414 1064 2667 1120 noluerit
2702 1064 2915 1119 mulier
2945 1065 3140 1118 venire
3162 1079 3397 1119 mecum
3422 1062 3480 1116 in
3505 1069 3718 1116 terram

2063 1153 2234 1217 hanc,
2287 1170 2426 1208 num
2469 1155 2741 1209 reducere
2772 1155 2953 1210 debeo
2995 1153 3182 1208 ﬁlium
3218 1159 3386 1208 tuum
3418 1152 3488 1207 ad
3524 1154 3716 1206 locum

2064 1243 2136 1297 de
2165 1259 2278 1314 quo
2301 1259 2572 1314 egressus
2591 1244 2684 1298 es?
2700 1243 2853 1299 Dixit
2883 1243 3180 1298 Abraham
3201 1258 3213 1297 :
3234 1243 3383 1299 Cave
3407 1243 3718 1313 nequando

2065 1332 2324 1387 reducas
2353 1331 2492 1387 illuc
2526 1332 2711 1386 filium
2759 1331 3311 1388 meuszominus
3364 1331 3519 1386 Deus
3569 1329 3718 1401 cmli,

2069 1421 2171 1492 qui
2207 1420 2346 1476 tulit
2385 1437 2480 1478 me
2507 1423 2576 1477 de
2603 1423 2776 1477 domo
2808 1421 2995 1493 patris
3037 1421 3174 1487 mei,
3205 1424 3263 1476 et
3285 1420 3356 1475 de
3385 1423 3542 1475 terra
3572 1421 3719 1475 natl-

2062 1509 2258 1565 vitatis
2318 1526 2484 1572 meze.
2544 1511 2644 1582 qui
2705 1510 2936 1566 locutus
3000 1515 3091 1566 est
3138 1509 3310 1578 mihi,
3347 1513 3404 1564 et
3434 1508 3718 1580 juravit‘,

2066 1601 2268 1655 dicens
2303 1617 2316 1654 :
2350 1600 2571 1656 Semini
2596 1605 2694 1656 tuo
2727 1601 2876 1656 dabo
2898 1604 3112 1655 terram
3137 1598 3290 1654 hanc
3325 1598 3489 1670 :ipse
3525 1597 3716 1654 mittet

2064 1690 2341 1762 angelum
2375 1707 2547 1746 suum
2576 1706 2777 1746 corum
2814 1694 2887 1756 te,
2920 1695 2976 1745 et
3005 1688 3257 1760 accipies
3292 1689 3427 1743 inde
3471 1703 3712 1743 uxorem

2066 1778 2184 1833 ﬁlio
2205 1795 2372 1848 meo;
2407 1780 2501 1834 sin
2537 1786 2732 1835 autem
2767 1778 2977 1834 mulier
3006 1778 3175 1850 sequi
3209 1783 3265 1833 te
3291 1776 3565 1843 noluerit,
3600 1792 3714 1832 non

2060 1868 2352 1924 teneberis
2378 1869 2717 1940 juramento
2741 1884 2752 1922 :
2779 1868 2966 1923 ﬁlium
2986 1871 3212 1922 tantum
3237 1882 3432 1922 meum
3451 1881 3522 1920 ne
3543 1866 3719 1921 redu-

2061 1972 2158 2011 cas
2185 1955 2343 2011 illuc.
2372 1957 2574 2012 Posuit
2605 1974 2741 2029 ergo
2765 1973 2970 2012 servus
3003 1972 3244 2029 manum
3263 1955 3374 2010 sub
3401 1956 3619 2010 femore
3640 1959 3716 2008 A-

2059 2044 2226 2100 bram
2247 2045 2470 2100 domini
2494 2045 2606 2114 sui,
2630 2046 2924 2116 etjuravit
2958 2044 3044 2100 illi
3078 2061 3258 2116 super
3293 2060 3562 2100 sermone
3586 2043 3716 2100 hoc.

2059 2133 2334 2206 Tulitque
2357 2135 2557 2190 decem
2589 2134 2845 2190 camelos
2877 2135 2948 2190 de
2979 2134 3256 2206 gregibus
3289 2133 3511 2189 domini
3543 2133 3636 2188 sui
3660 2137 3716 2188 et

2061 2223 2226 2293 abiit,
2257 2240 2324 2278 ex
2359 2225 2636 2280 omnibus
2682 2225 2856 2280 bonis
2886 2225 3012 2295 ejus
3044 2229 3288 2296 portans
3321 2240 3543 2288 secum,
3578 2240 3715 2295 pro-

2063 2312 2361 2384 fectusque
2394 2314 2646 2385 perrexit
2668 2313 3126 2385 Mesopotaniam
3151 2313 3223 2368 ad
3270 2313 3473 2368 urbem
3501 2311 3713 2369 Nahor.

2059 2405 2324 2474 Cumque
2348 2403 2605 2459 camelos
2636 2403 2869 2459 fecisset
2891 2403 3238 2458 accumbere
3252 2407 3412 2458 extra
3433 2401 3716 2473 oppidum

2053 2491 2224 2562 juxta
2254 2497 2500 2562 puteum
2533 2510 2697 2564 aqua:
2727 2507 2989 2563 vespere,
3012 2508 3078 2547 eo
3103 2495 3364 2563 tempore
3389 2507 3504 2562 quo
3529 2489 3720 2546 solent

2063 2580 2340 2637 mulieres
2369 2581 2564 2652 egredi
2595 2583 2664 2638 ad
2700 2581 3085 2636 hauriendam
3142 2596 3383 2652 aquam,
3405 2580 3586 2635 dixit:
3612 2586 3716 2636 Do-

2062 2671 2220 2725 mine
2241 2675 2392 2726 Deus
2415 2671 2639 2726 domini
2657 2670 2770 2726 mei
2798 2670 3114 2737 Abraham,
3141 2686 3404 2739 occurre,
3449 2669 3714 2738 obsecro,

2064 2758 2210 2814 mihi
2238 2759 2430 2824 hodie,
2455 2765 2511 2815 et
2532 2760 2618 2815 fac
2643 2759 3103 2815 misericordiam
3139 2775 3272 2814 cum
3317 2759 3553 2814 domino
3587 2774 3716 2814 meo

2064 2848 2380 2903 Abraham.
2416 2849 2554 2904 Ecce
2601 2864 2708 2921 ego
2747 2853 2836 2903 sto
2891 2839 3143 2920 propter
3179 2849 3397 2903 fontem
3442 2865 3629 2918 aquas,
3660 2850 3716 2904 et

2064 2935 2192 2991 ﬁlia:
2208 2936 2608 2993 habitatorum
2627 2937 2804 3008 hujus
2819 2937 3072 2992 civitatis
3088 2937 3463 3009 egredientur
3480 2937 3550 2991 ad
3567 2936 3713 2991 hau-

2063 3024 2327 3082 riendam
2370 3044 2603 3098 aquam.
2646 3027 2825 3096 Igitur
2876 3026 3091 3098 puella,
3151 3029 3243 3081 cui
3301 3042 3407 3097 ego
3466 3026 3710 3082 dixero:

2068 3115 2289 3174 lnclina
2318 3118 2586 3190 hydriam
2630 3121 2754 3171 tum
2794 3121 2857 3171 ut
2886 3117 3126 3172 bibam:
3159 3121 3218 3172 et
3247 3115 3347 3172 illa
3396 3115 3714 3188 responde-

309 3199 468 3269 genti
501 3199 676 3254 siclos
707 3178 893 3256 valet:
929 3178 1083 3257 istud
1133 3209 1225 3258 est
1267 3178 1517 3276 pretium
1551 3178 1705 3262 inter
1737 3225 1828 3264 me
1859 3213 1948 3265 te:
1984 3178 2028 3245 Ο
2069 3211 2162 3278 rit,
2197 3209 2329 3264 bibe
2353 3178 2542 3279 {quin
2575 3211 2631 3262 et
2657 3205 2896 3260 camelis
2926 3205 3046 3260 tuis
3097 3205 3246 3260 dabo
3292 3178 3526 3277 potum}
3586 3205 3715 3274 ipsa

308 3290 405 3342 sed
439 3294 722 3359 quantum
742 3290 1003 3346 esthoc?
1034 3293 1213 3364 sepeli
1240 3300 1533 3350 mortuum
1567 3300 1755 3352 tuum.
1787 3299 1947 3362 Quod

308 3393 440 3432 cum
475 3379 1076 3450 audissetAbraham,
1106 3384 1384 3455 appendit
1406 3385 1738 3456 pecuniam,
1771 3403 1948 3458 quam

309 3465 539 3536 Ephron
565 3468 585 3501 ²
611 3469 1028 3539 postulaverat,
1054 3472 1430 3529 audientibus
1452 3473 1587 3530 ﬁliis
1610 3475 1780 3544 Heth,
1801 3493 1946 3547 qua-

308 3555 650 3626 dringentos
687 3557 862 3614 siclos
901 3561 1123 3630 argenti
1157 3562 1411 3634 et[Vulg.
1447 3567 1551 3618 lac.
1581 3565 1660 3636 et]
1696 3567 1950 3637 probata:

309 3650 554 3699 monetae
575 3646 841 3717 publicae.
875 3648 1480 3722 Conﬁrmatusqueest
1499 3669 1634 3724 ager
1654 3655 1949 3725 quondam

309 3733 619 3804 Ephronis,
652 3737 710 3791 in
746 3754 860 3809 quo
893 3745 1018 3793 erat
1047 3739 1330 3811 spelunca
1369 3741 1604 3811 duplex,
1629 3743 1951 3814 respiciens

311 3821 550 3890 Mamre,
579 3829 696 3880 tam
725 3825 850 3898 ipse
881 3843 1058 3899 quam
1093 3828 1396 3901 spelunca,
1420 3835 1478 3886 et
1495 3848 1696 3888 omnes
1715 3835 1953 3891 arbores

308 3913 436 3983 ejus
469 3914 526 3968 in
551 3916 777 3971 cunctis
808 3917 1078 3974 terminis
1127 3935 1226 3990 per
1274 3919 1586 3976 circuitum
1611 3923 1652 3990 ³,
1706 3923 1950 3979 Abrahaa

311 4002 370 4056 in
419 4005 840 4075 possesionem,
887 4006 1221 4063 videntibus
1255 4008 1390 4064 ﬁliis
1439 4009 1585 4064 Hetb
1621 4014 1676 4065 et
1724 4013 1952 4070 cunctis

309 4091 409 4164 qui
443 4093 744 4150 intrabant
776 4101 1005 4167 portam
1039 4097 1295 4153 civitatis
1327 4097 1507 4154 illius.
1541 4101 1728 4171 Atque
1756 4101 1836 4156 ita
1866 4117 1954 4158 se-

309 4182 820 4254 pelivitAbraham
866 4186 1070 4242 Saram
1097 4203 1331 4242 uxorem
1365 4205 1534 4242 suam
1575 4189 1634 4244 in
1675 4190 1954 4262 spelunca

310 4272 432 4342 agri
466 4271 684 4344 duplici
712 4276 753 4341 1,
786 4291 912 4346 qua:
932 4275 1283 4348 respiciebat
1305 4277 1542 4333 Mamre.
1576 4278 1702 4335 Haec
1723 4285 1814 4335 est
1847 4282 1951 4338 He-

308 4361 454 4416 bron
484 4361 540 4416 in
577 4366 731 4418 terra
775 4363 1072 4420 Chanaan.
1122 4370 1184 4420 Et
1224 4366 1610 4424 conﬁrmatus
1661 4373 1752 4424 est
1791 4386 1951 4443 ager,

307 4455 361 4505 et
392 4456 627 4506 antrum
675 4453 827 4524 quod
872 4460 997 4509 erat
1027 4453 1085 4509 in
1130 4470 1197 4510 eo
1250 4455 1494 4512 Abrahae
1533 4457 1591 4512 in
1623 4460 1950 4530 possessio-

303 4556 436 4596 nem
470 4542 837 4598 monumenti
869 4559 903 4598 a
925 4541 1060 4599 ﬁliis
1083 4543 1251 4600 Heth.

377 4629 461 4696 [Τ.
481 4630 689 4698 XVIII,
719 4633 779 4687 Β.
813 4631 1132 4701 Χχνιιιβ..
1176 4635 1375 4701 XLIV,
1409 4636 1545 4708 Cap.
1580 4636 1948 4708 XXIV.]Erat

302 4727 496 4775 autem
544 4721 832 4778 Abraham
883 4738 1061 4778 senex
1111 4723 1459 4797 dierumque
1489 4728 1808 4783 multorum
1844 4745 1856 4784 :
1890 4733 1948 4785 et

299 4808 586 4868 Dominus
633 4811 692 4867 in
743 4813 975 4870 cunctis
1017 4814 1394 4871 benedixerat
1441 4815 1514 4872 ei.
1553 4817 1820 4889 Dixitque
1871 4819 1943 4876 ad

369 4989 385 5022 ¹
434 4989 606 5066 Tacet
650 4991 817 5063 Vulg.
859 4992 1154 5066 Hellliaeus,
1207 5009 1333 5066 quae
1382 4999 1472 5052 est
1515 5000 1713 5053 tamen
1747 4996 1806 5052 in
1833 5000 1942 5055 He-

298 5060 473 5135 brieo,
507 5062 701 5118 Grzeco
735 5060 911 5135 atque
943 5064 1094 5120 aliis.

368 5134 390 5168 ³
411 5134 603 5190 Nostri
635 5152 780 5190 mss.
812 5134 1051 5208 Ephron.
1107 5137 1227 5192 Vid.
1263 5138 1468 5207 Quaest.
1502 5140 1750 5196 Hebraic.
1797 5150 1946 5230 pay

296 5226 541 5302 Epicrate,
577 5243 688 5302 non
730 5227 970 5302 Ephron,
1015 5233 1077 5281 ut
1109 5227 1299 5293 hodie,
1339 5227 1632 5302 legebant
1680 5226 1945 5302 tempore

298 5297 628 5371 Hieronymi
667 5315 680 5352 :
715 5299 868 5371 quod
903 5299 1029 5371 ipse
1056 5297 1536 5355 manifestissime
1569 5297 1822 5357 testatur
1852 5304 1944 5360 his

300 5369 531 5443 verbis:
565 5371 623 5424 In
653 5369 906 5443 Hebraeo,
931 5369 940 5371 “
966 5373 1105 5425 sicul
1125 5371 1215 5425 hic
1242 5375 1552 5440 posuimus,
1573 5376 1811 5443 primum
1836 5392 1943 5430 no-

295 5457 419 5496 men
451 5442 570 5510 ejus
603 5442 865 5496 scribitur
903 5443 1019 5513 Eph
1034 5444 1470 5498 ron.secundum
1504 5442 1752 5510 Ephran.
1790 5448 1942 5501 Post-

296 5529 456 5582 quam
490 5515 640 5566 enim
675 5516 858 5582 pretio
890 5513 1065 5570 victus
1115 5525 1211 5576 est,
1241 5519 1300 5568 ul
1347 5517 1662 5584 sepulcrum
1695 5519 1946 5574 venderet

294 5592 547 5661 argento,
574 5585 928 5661 licelcogcnle
948 5587 1254 5661 Abraham,
1279 5583 1413 5641 Vau’
1428 5587 1630 5661 littera,
1650 5605 1776 5660 quae
1796 5589 1943 5661 apud

291 5654 426 5712 illa:
450 5670 551 5727 pro
571 5671 601 5711 ο
636 5654 864 5729 legitur,
893 5659 1078 5714 ablata
1109 5657 1173 5713 de
1204 5660 1323 5730 ejus
1361 5659 1585 5717 nomine
1615 5654 1724 5731 ea;
1755 5668 1809 5719 et
1830 5654 1941 5734 pro

2061 3305 2169 3366 est,
2201 3314 2378 3370 quam
2429 3295 2768 3368 praeparasti
2801 3311 2966 3350 servo
2994 3300 3094 3350 tuo
3124 3293 3284 3350 Isaac
3318 3310 3331 3348 :
3365 3300 3422 3349 et
3446 3311 3546 3365 per
3597 3293 3705 3349 hoc

2060 3389 2385 3458 intelligam
2418 3385 2570 3456 quod
2594 3384 2796 3440 feceris
2820 3383 3281 3438 misericordiam
3305 3399 3438 3438 cum
3466 3382 3706 3438 domino

2062 3493 2212 3534 meo.
2245 3475 2500 3532 Necdum
2537 3473 2690 3527 intra
2721 3489 2784 3527 se
2813 3474 2986 3527 verba
3031 3471 3442 3542 compleverat,
3473 3475 3529 3525 et
3576 3485 3707 3526 ecce

2060 3568 2320 3624 Rebecca
2349 3561 2780 3636 egrediebatur,
2823 3561 2944 3617 ﬁlia
2983 3560 3251 3630 Bathuel,
3284 3560 3389 3615 ﬁlii
3445 3558 3703 3629 Melchaa,

2061 3656 2260 3711 uxoris
2277 3652 2492 3718 Nahor,
2517 3651 2718 3705 fratris
2740 3649 3058 3716 Abraham,
3094 3649 3317 3704 habens
3349 3648 3617 3721 hydriam
3642 3648 3702 3703 in

2061 3743 2299 3816 scapula
2321 3739 2990 3812 [Vulg.add.sua,juxta
3005 3738 3203 3810 Hebr.]
3235 3754 3250 3794 :
3277 3738 3468 3809 puella
3499 3738 3709 3793 decora

2062 3834 2261 3899 nimis,
2305 3833 2584 3903 virgoque
2617 3828 3038 3902 pulcherrima,
3069 3827 3373 3899 incognita
3402 3828 3524 3882 viro
3557 3843 3570 3881 :
3604 3827 3709 3882 de-

2062 3923 2368 3981 scenderat
2390 3925 2583 3975 autem
2609 3919 2680 3974 ad
2715 3919 2958 3984 fontem,
2974 3922 3031 3973 et
3053 3916 3394 3989 impleverat
3413 3916 3704 3989 hydriam,

2061 4030 2129 4070 ac
2175 4008 2588 4067 revertebatur.
2648 4006 3032 4078 Occurritque
3084 4006 3137 4062 ei
3193 4022 3418 4075 servus,
3451 4009 3510 4061 et
3576 4005 3704 4060 ait:

2063 4100 2389 4158 Pauxillum
2442 4097 2587 4152 mihi
2642 4097 2711 4151 ad
2775 4096 3132 4152 sorbendum
3194 4096 3386 4168 praebe
3441 4111 3601 4166 aqua:
3637 4095 3708 4151 de

2061 4191 2270 4265 hydria
2335 4194 2456 4244 tua.
2515 4188 2651 4252 Qum
2707 4185 3245 4256 responditzBibe,
3294 4185 3529 4240 domine
3586 4185 3707 4246 mi;

2061 4281 2440 4351 celeriterque
2470 4277 2741 4348 deposuit
2770 4275 3041 4347 hydriam
3074 4291 3254 4345 super
3283 4275 3483 4330 ulnam
3509 4289 3700 4343 suam,

2061 4375 2118 4428 et
2147 4371 2308 4424 dedit
2339 4367 2392 4424 ei
2441 4371 2669 4439 potum.
2715 4368 2983 4435 Cumque
3013 4363 3110 4418 ille
3148 4363 3416 4432 bibisset,
3449 4363 3704 4434 adjecit:

2062 4458 2211 4527 Quin
2272 4457 2448 4513 etiam
2516 4458 2573 4510 et
2629 4453 2872 4509 camelis
2951 4453 3071 4508 tuis
3125 4451 3394 4507 hauriam
3468 4467 3705 4523 aquam,

1975 4555 2023 4620 1)
2054 4549 2237 4604 donec
2297 4544 2493 4602 cuncti
2533 4543 2759 4599 bibant.
2841 4540 3285 4613 Eﬁ'undensque
3337 4540 3602 4613 hydriam
3647 4540 3708 4596 in

2058 4636 2386 4702 canalibus,
2423 4632 2668 4690 recurrit
2697 4630 2770 4685 ad
2804 4634 3047 4701 puteum
3082 4635 3146 4686 ut
3167 4631 3430 4686 hauriret
3450 4646 3664 4702 aquam
3693 4648 3706 4687 :

2057 4732 2114 4784 et
2156 4727 2431 4784 haustam
2487 4721 2766 4778 omnibus
2839 4718 3083 4775 camelis
3135 4719 3316 4774 dedit.
3361 4717 3466 4774 Ille
3515 4725 3706 4776 autem

2055 4813 2562 4886 contemplabatur
2617 4826 2746 4866 eam
2799 4807 3040 4878 tacitus,
3086 4807 3236 4864 scire
3265 4808 3469 4864 volens
3503 4812 3703 4866 utrum

2053 4995 2287 5069 Ephron
2312 4991 2638 5069 Aappeliatus
2669 4998 2745 5047 est
2773 4989 3030 5069 Ephrapﬂ.
3055 4987 3241 5043 MART.

2125 5068 2146 5102 ³
2175 5058 2364 5122 Αᾶάἱί
2393 5058 2544 5134 Vulg.
2580 5068 2722 5136 ejus,
2746 5058 2900 5134 quod
2934 5060 3173 5116 afﬁxum
3213 5062 3270 5115 et
3299 5058 3576 5116 Hebraaus
3608 5077 3709 5117 no-

2052 5161 2146 5263 v‘t‘
2162 5141 2484 5282 1lannganone
2522 5221 2817 5278 Hebraicaa
2845 5220 3107 5276 veritatis
3135 5217 3384 5290 legimus
3417 5236 3433 5276 :
3471 5222 3530 5276 In
3587 5236 3708 5288 spe-

2055 5303 2218 5357 lunca
2248 5298 2376 5367 agri
2403 5293 2660 5366 duplicis,
2691 5293 2789 5367 qui
2811 5292 3117 5365 recepiebal
3147 5296 3374 5348 Mamre.
3398 5292 3559 5357 Quod
3585 5309 3703 5349 non

2055 5366 2308 5428 multum
2346 5370 2563 5424 recedit
2593 5373 2663 5420 ab
2687 5366 2944 5420 Hebraeo.
2981 5368 3162 5420 MART.

2124 5444 2379 5498 —Palat.
2413 5441 2540 5496 cod.
2590 5437 2851 5506 duplicis.
2886 5436 3130 5494 Urbinas
3154 5451 3310 5500 vero,
3338 5437 3433 5506 qui
3455 5451 3558 5518 pro
3575 5453 3703 5564 Ἡια.

2129 5514 2413 5564 ινιιιρειῐ.
2466 5517 2619 5564 tacet
2672 5526 2884 5564 meam.
2917 5509 3072 5564 ouod
3121 5513 3320 5562 tamen
3369 5514 3460 5562 est
3497 5524 3555 5563 in
3640 5526 3703 5564 e-

2129 5518 2150 5551 ι
2178 5514 2413 5583 Vulgat.
2466 5517 2619 5566 tacet
2672 5526 2884 5573 meam,
2917 5509 3072 5580 quod
3121 5513 3320 5562 tamen
3369 5514 3460 5562 est
3497 5509 3555 5563 in
3589 5509 3704 5564 He-

2059 5588 2214 5642 braeo
2245 5596 2384 5650 una

2130 5659 2151 5694 ⁸
2179 5658 2285 5716 Hic
2329 5671 2565 5730 quoque
2590 5653 2856 5714 Hebraic.
2901 5655 2959 5710 et
2994 5649 3164 5724 Vulg.
3196 5649 3424 5710 addunt
3448 5652 3602 5711 mihi
3625 5635 3703 5716 ἦ*
