4080 6186
321 367 432 423 225

1751 363 1966 418 LIBER
2001 363 2337 421 GENESIS.

3629 366 3737 423 226

318 508 664 567 prosperum
709 490 941 547 fecisset
986 490 1266 546 Dominus
1313 489 1424 546 iter
1469 507 1667 557 suum,
1709 505 1784 545 an
1828 505 1965 545 non.
1998 502 2051 567 Α
2081 488 2562 561 mittetangelum
2585 505 2760 545 suum
2787 495 2998 558 tecum,
3027 495 3084 546 et
3112 491 3325 565 diriget
3356 493 3508 549 viam
3541 497 3730 568 tuam,

318 584 634 654 Postquam
657 598 794 654 ergo
825 581 1006 653 [Vulg.
1033 581 1253 651 autem]
1283 581 1556 636 biberunt
1580 579 1814 642 cameli,
1839 595 1971 650 pro-

317 674 453 729 tulit
474 673 561 727 vir
582 674 820 727 inaures
839 687 1070 737 aureas,
1097 671 1497 742 appendentes
1526 668 1706 724 siclos
1739 669 1885 724 duos
1915 669 1929 701 ¹
1956 708 1972 736 ,

318 770 373 818 et
393 762 659 818 armillas
679 761 920 816 totidem
941 761 1131 831 pondo
1155 760 1433 815 siclorum
1458 760 1680 814 decem.
1707 757 1976 828 Dixitque

319 854 388 908 ad
427 868 595 906 eam:
631 851 805 921 cujus
837 867 896 904 es
933 849 1092 904 (illa?
1124 848 1317 904 indica
1375 848 1558 904 mihi:
1590 855 1680 903 est
1712 848 1768 902 in
1801 849 1975 902 domo

320 943 506 1014 patris
554 941 639 996 tui
689 941 855 994 locus
908 940 978 993 ad
1025 939 1422 993 manendum?
1452 939 1585 1002 Quae
1631 937 1970 1008 respondit:

322 1028 471 1084 Filia
521 1025 826 1081 Bathuelis
875 1042 1005 1081 sum
1057 1025 1160 1080 ﬁlii
1211 1025 1471 1092 Melchaa,
1523 1042 1696 1097 quem
1733 1024 1974 1096 peperit,

322 1117 504 1188 [Vulg.
537 1116 662 1170 add.
691 1115 830 1186 ipsi]
857 1113 1072 1169 Nahor.
1107 1114 1175 1168 Et
1224 1114 1473 1182 addidit,
1506 1115 1743 1170 dicens:
1776 1113 1977 1168 Palea-

323 1223 456 1261 rum
480 1221 717 1278 quoque
742 1210 799 1259 et
823 1204 937 1258 feni
962 1203 1284 1275 plurimum
1302 1204 1560 1275 estapud
1586 1221 1713 1270 nos,
1736 1208 1794 1258 et
1815 1203 1978 1258 locus

323 1295 634 1368 spatiosus
677 1293 748 1348 ad
800 1293 1184 1347 manendum.
1230 1292 1540 1348 lnclinavit
1585 1309 1647 1348 se
1694 1293 1891 1358 homo,
1923 1295 1981 1348 et

322 1383 593 1440 adoravit
635 1382 977 1448 Dominum,
1007 1381 1245 1437 dicens:
1304 1382 1648 1437 Benedictus
1695 1381 1979 1436 Dominus

325 1475 488 1530 Deus
521 1472 748 1528 domini
779 1471 892 1527 mei
917 1470 1348 1543 Abraham,qui
1381 1488 1496 1528 non
1529 1470 1774 1527 abstulit
1803 1469 1979 1527 mise-

325 1562 646 1618 ricordiam
672 1567 731 1616 et
745 1559 1047 1616 veritatem
1062 1577 1232 1616 suam
1264 1578 1298 1616 a
1315 1562 1552 1617 domino
1574 1577 1726 1632 meo,
1748 1565 1806 1616 et
1827 1568 1980 1616 recto

321 1654 541 1709 itinere
572 1666 665 1706 me
692 1651 966 1722 perduxit
994 1651 1053 1704 in
1087 1651 1326 1705 domum
1360 1652 1558 1707 fratris
1588 1650 1809 1706 domini
1843 1649 1980 1708 mei.

322 1741 604 1798 Cucurrit
632 1742 831 1812 itaque
853 1738 1068 1811 puella,
1099 1745 1157 1794 et
1177 1741 1470 1796 nuntiavit
1494 1741 1554 1796 in
1585 1741 1828 1796 domum
1861 1755 1982 1794 ma-

322 1832 439 1888 tris
471 1847 592 1886 suaa
622 1829 823 1885 omnia
851 1845 979 1899 quae
1026 1830 1310 1884 audierat.
1343 1830 1608 1885 Habebat
1641 1834 1840 1884 autem
1869 1828 1982 1883 Re-

2095 579 2464 650 accipiesque
2515 595 2752 635 uxorem
2787 579 2904 635 tilio
2949 597 3075 636 meo
3106 582 3178 636 de
3206 584 3546 655 cognatione
3580 603 3731 652 mea,

2086 670 2243 722 etde
2299 669 2470 723 domo
2529 671 2711 740 patris
2743 679 2879 725 mei.
2941 670 3223 726 lnnocens
3281 674 3394 728 eris
3425 675 3730 730 amaledi-

2086 757 2278 813 ctione
2301 775 2430 814 mea
2449 761 2822 815 cumveneris
2846 761 2914 814 ad
2943 762 3302 833 pr0pinquos
3324 779 3506 829 meos,
3534 772 3730 822 etnon

2087 846 2356 902 dederint
2404 847 2528 902 tibi.
2584 847 2727 903 Veni
2771 866 2907 920 ergo
2957 850 3130 906 hodie
3173 853 3243 906 ad
3297 852 3516 908 fontem
3570 855 3729 928 [Vulg

2087 936 2212 990 add.
2267 937 2476 1008 aquae],
2537 943 2594 991 et
2631 938 2771 1007 dixi,
2825 938 3068 993 Domine
3131 941 3278 994 Deus
3335 942 3559 996 domini
3618 945 3731 1000 mei

2087 1025 2403 1094 Abraham,
2437 1026 2486 1080 si
2518 1025 2780 1081 direxisti
2830 1030 2987 1081 viam
3042 1044 3253 1097 meam,
3302 1028 3360 1083 in
3413 1046 3530 1102 qua
3577 1049 3735 1090 nunc

2089 1113 2351 1179 ambulo,
2397 1130 2530 1170 ecce
2555 1121 2643 1169 sto
2687 1117 2859 1185 juxla
2906 1118 3125 1172 lentem
3174 1134 3376 1188 aquis;
3409 1125 3466 1174 et
3495 1121 3656 1195 virgo
3689 1125 3732 1194 ²,

2090 1219 2216 1274 quas
2247 1205 2577 1275 egredietur
2623 1205 2692 1259 ad
2745 1204 3132 1261 hauriendam
3174 1222 3388 1277 aquam
3421 1209 3673 1267 audierit
3703 1230 3738 1269 a

2091 1309 2204 1361 me,
2257 1298 2334 1348 Da
2384 1294 2526 1348 mihi
2575 1293 2901 1365 pauxillum
2951 1312 3118 1366 aqua:
3167 1297 3235 1350 ad
3288 1295 3608 1354 bibendum
3667 1318 3736 1358 ex

2090 1382 2297 1454 hydria
2327 1387 2448 1451 tua,
2481 1387 2538 1438 et
2566 1384 2776 1438 dixerit
2798 1383 2964 1453 mihi,
3017 1385 3086 1439 Et
3114 1391 3178 1439 tu
3235 1383 3385 1454 bibe,
3417 1390 3474 1439 et
3499 1390 3739 1447 camelis

2089 1472 2210 1527 tuis
2259 1472 2550 1543 hauriam,
2600 1473 2730 1543 ipsa
2773 1479 2863 1528 est
2912 1472 3126 1529 mulier
3169 1490 3345 1545 quam
3406 1481 3744 1547 praeparavit

2091 1560 2376 1616 Dominus
2407 1561 2527 1616 ﬁlio
2557 1561 2782 1616 domini
2822 1563 2956 1617 mei.
2989 1563 3138 1618 Dum
3186 1563 3305 1618 haec
3339 1579 3565 1620 mecum
3601 1569 3743 1624 taci-

2090 1654 2188 1705 tus
2219 1649 2532 1718 volverem,
2563 1651 2836 1722 apparuit
2882 1651 3141 1706 Rebecca
3185 1653 3420 1710 veniens
3469 1675 3600 1713 cum
3637 1660 3744 1732 hy-

2093 1738 2242 1807 dria,
2294 1755 2468 1810 quam
2503 1741 2773 1811 portabat
2803 1740 2862 1794 in
2892 1740 3155 1810 scapula,
3206 1743 3623 1818 descenditque
3669 1748 3740 1803 ad

2094 1827 2334 1896 fontem,
2368 1833 2424 1883 et
2457 1828 2650 1884 hausit
2682 1845 2913 1900 aquam.
2948 1833 3014 1884 Et
3043 1830 3134 1884 aio
3165 1832 3237 1886 ad
3270 1850 3420 1901 eam,
3461 1843 3547 1892 Da
3597 1837 3743 1892 mihi

327 1924 511 1977 becca
543 1921 782 1974 fratrem
803 1890 1036 1973 nomine
1062 1918 1281 1978 Laban.
1310 1921 1408 1990 qui
1430 1919 1680 1974 festinus
1710 1933 1984 1990 egressus
2018 1890 2064 1955 Β
2093 1890 2400 1988 paululum
2427 1917 2647 1972 bibere.
2681 1890 2815 1982 Quae
2847 1918 3134 1974 festinans
3165 1890 3435 1992 deposuit

325 2017 422 2066 est
447 2010 520 2065 ad
570 2009 890 2072 hominem,
926 2007 1024 2062 ubi
1071 2014 1197 2062 erat
1250 2009 1397 2063 fons.
1431 2010 1697 2079 Cumque
1745 2007 1987 2062 vidisset

327 2102 575 2156 inaures
588 2105 645 2153 et
665 2097 996 2152 armillasin
1024 2098 1298 2152 manibus
1313 2099 1530 2153 sororis
1553 2113 1694 2166 sua},
1720 2102 1775 2152 et
1798 2097 1990 2151 audis-

328 2195 426 2246 set
456 2196 672 2244 cuncta
699 2192 876 2242 verba
907 2187 1245 2242 referentis:
1297 2187 1426 2242 Hinc
1476 2187 1705 2242 locutus
1732 2191 1822 2242 est
1845 2184 1988 2240 mihi

329 2280 515 2334 homo
550 2295 564 2332 :
597 2279 754 2332 venit
774 2277 842 2330 ad
877 2276 1090 2340 virum,
1116 2277 1216 2347 qui
1235 2277 1429 2331 stabat
1449 2277 1618 2347 juxta
1643 2276 1918 2342 camelos,
1937 2277 1995 2329 et

329 2384 518 2441 prope
539 2368 753 2422 fontem
777 2364 963 2437 [Vulg.
996 2365 1122 2419 add.
1156 2367 1378 2436 aqua]:
1410 2365 1674 2437 dixitque
1713 2366 1782 2420 ad
1814 2379 1949 2419 eum
1976 2377 1991 2418 :

329 2458 672 2530 Ingredere,
706 2454 1008 2509 benedicte
1037 2454 1272 2509 Domini
1298 2471 1312 2509 :
1347 2471 1451 2510 cur
1477 2456 1617 2510 foris
1646 2461 1770 2510 stas
1791 2454 1818 2508 ‘I
1849 2469 1994 2525 prai-

331 2545 538 2619 paravi
573 2545 816 2598 domum
837 2548 894 2598 et
909 2543 1104 2598 locum
1128 2543 1390 2599 camelis.
1425 2544 1490 2598 Et
1518 2544 1843 2598 introduxit
1863 2556 1996 2597 eum

330 2653 400 2710 in
437 2633 807 2705 hospitium:
843 2648 908 2687 ac
938 2634 1223 2688 destravit
1269 2633 1546 2704 camelos,
1577 2633 1854 2704 deditque
1894 2648 1996 2703 pa-

330 2728 462 2782 leas
520 2730 578 2778 et
638 2723 836 2777 fenum
892 2721 1134 2777 camelis
1192 2723 1369 2794 [Vulg.
1433 2727 1540 2778 tac.
1599 2721 1884 2791 camelis],
1945 2724 2002 2775 et

329 2829 556 2886 aquam
579 2813 649 2866 ad
673 2811 953 2866 lavandos
975 2811 1150 2882 pedes
1173 2813 1324 2882 ejus,
1356 2817 1414 2867 et
1440 2812 1694 2867 virorum
1717 2812 1818 2882 qui
1840 2825 2001 2865 vene-

332 2909 476 2960 rant
495 2918 636 2958 cum
657 2917 744 2956 eo.
779 2901 847 2955 Et
876 2902 1184 2972 appositus
1205 2901 1378 2956 estin
1405 2906 1720 2972 conspectu
1743 2902 1874 2971 ejus
1896 2914 2000 2970 pa-

344 2995 465 3049 nis.
500 2992 610 3055 Qui
643 2991 761 3046 ait:
795 2991 920 3046 Non
970 2991 1297 3058 comedam,
1329 2992 1512 3047 donec
1541 2992 1752 3063 loquar
1781 3005 2003 3046 sermo-

337 3100 451 3139 nes
481 3079 1030 3152 meos.Rcspondit,
1063 3080 1154 3136 ei:
1189 3081 1465 3151 Loquere.
1494 3084 1566 3136 At
1597 3080 1693 3135 ille
1727 3098 1739 3136 :
1772 3082 2005 3148 Servus,

341 3172 567 3244 inquit,
587 3169 874 3225 Abraham
899 3185 1030 3224 sum
1050 3185 1062 3224 :
1079 3169 1433 3224 etDominus
1456 3169 1750 3225 benedixit
1771 3168 2007 3224 domino

2096 2007 2167 2060 de
2198 2006 2463 2073 humero,
2495 2012 2552 2061 et
2600 2007 2746 2060 dixit
2793 2007 2973 2060 mihi:
3007 2014 3064 2062 et
3115 2015 3173 2063 tu
3220 2011 3374 2081 bibe,
3420 2020 3476 2068 et
3506 2017 3748 2072 camelis

2097 2096 2219 2150 tuis
2248 2102 2448 2167 potum
2492 2096 2773 2150 tribuam.
2824 2095 2972 2166 Bibi,
3022 2102 3079 2151 et
3107 2099 3422 2170 adaquavit
3468 2104 3744 2160 camelos.

2097 2185 2571 2256 Interrogavique
2599 2201 2750 2252 eam,
2809 2190 2865 2240 et
2912 2185 3052 2253 dixi,
3094 2186 3272 2258 Cujus
3303 2205 3365 2245 es
3412 2190 3574 2246 ﬁlia?
3614 2193 3748 2256 Quae

2100 2275 2423 2344 respondit,
2454 2274 2602 2329 Filia
2644 2274 2943 2330 Bathuelis
2972 2292 3127 2343 sum,
3181 2277 3279 2332 ﬁlii
3322 2280 3536 2349 Nahor,
3575 2299 3746 2352 quem

2103 2363 2329 2434 peperit
2357 2364 2408 2418 ei
2434 2363 2678 2418 Melcha.
2711 2364 3000 2434 Suspendi
3049 2366 3246 2437 itaque
3279 2367 3510 2424 inaures
3543 2372 3613 2426 ad
3645 2389 3750 2426 or-

2105 2452 2360 2506 nandam
2401 2453 2606 2508 faciem
2628 2454 2779 2523 ejus,
2807 2459 2865 2508 et
2896 2453 3158 2509 armillas
3180 2457 3351 2526 posui
3381 2457 3439 2512 in
3474 2461 3750 2516 manibus

2104 2542 2254 2612 ejus.
2305 2547 2649 2613 Pronusque
2707 2543 2940 2597 adoravi
2997 2543 3335 2617 Dominum,
3395 2547 3754 2607 benedicens

2105 2631 2356 2687 Domino
2401 2631 2517 2686 Deo
2563 2631 2787 2686 domini
2846 2633 2957 2687 mei
3004 2633 3317 2704 Abraham,
3351 2637 3450 2706 qui
3485 2641 3757 2709 perduxit

2111 2735 2202 2775 me
2232 2726 2387 2776 recto
2410 2721 2638 2788 itinere,
2675 2726 2739 2775 ut
2769 2737 3065 2777 sumerem
3099 2723 3280 2778 filiam
3308 2727 3506 2782 fratris
3537 2729 3759 2784 domini

2113 2809 2226 2863 mei
2257 2809 2376 2864 filio
2402 2810 2550 2880 ejus.
2583 2810 2972 2872 Quamobrem
3005 2810 3056 2864 si
3089 2811 3276 2866 facitis
3299 2813 3759 2874 misericordiam

2113 2902 2172 2952 et
2202 2899 2504 2954 veritatem
2535 2915 2670 2954 cum
2701 2898 2936 2954 domino
2967 2913 3120 2967 meo,
3153 2899 3406 2957 indicate
3447 2903 3631 2973 mihi;
3667 2908 3759 2963 sin

2114 2991 2309 3043 autem
2343 2988 2503 3043 aliud
2534 2987 2740 3058 placet,
2775 2992 2831 3042 et
2860 2988 2968 3043 hoc
2999 2987 3172 3044 dicite
3202 2988 3399 3062 [Vulg.
3433 2993 3566 3049 add.
3594 2994 3761 3070 mihi]

2116 3087 2178 3135 ut
2207 3079 2412 3134 vadam
2443 3078 2516 3133 ad
2545 3079 2843 3132 dexteram
2875 3076 2994 3134 sive
3023 3078 3095 3132 ad
3141 3077 3466 3136 sinistram.
3504 3083 3765 3156 Respon-

2118 3170 2448 3239 deruntque
2475 3168 2558 3235 [ὴ.
2591 3167 2914 3238 respondit]
2967 3167 3154 3222 Laban
3184 3174 3241 3223 et
3264 3169 3530 3241 Bathuel,
3579 3176 3619 3227 Α
3650 3179 3768 3229 Do-

343 3277 480 3316 meo
511 3258 704 3327 valde,
727 3257 1256 3329 magniﬁcatusque
1274 3263 1402 3327 est;
1433 3264 1490 3313 et
1519 3258 1681 3314 dedit
1711 3258 1761 3313 ei
1789 3273 1924 3313 oves
1944 3260 2004 3312 et
2033 3263 2075 3330 α
2117 3259 2276 3314 mino
2303 3273 2577 3330 egressus
2609 3261 2698 3311 est
2728 3271 2943 3323 sermo,
2970 3272 3083 3310 non
3109 3273 3428 3328 possumus
3451 3265 3612 3316 extra
3640 3263 3764 3334 pla-

347 3353 556 3415 boves,
585 3352 895 3419 argentum
930 3353 988 3403 et
1017 3363 1250 3415 aurum,
1290 3365 1486 3403 servos
1529 3354 1586 3403 et
1616 3347 1880 3411 ancillas,
1912 3362 2007 3401 ca-

346 3439 542 3495 melos
591 3442 652 3492 ct
699 3437 918 3492 asinos.
981 3437 1046 3490 Et
1099 3436 1323 3507 peperit
1369 3437 1530 3506 Sara,
1582 3454 1726 3493 uxor
1787 3435 2010 3491 domini

349 3529 470 3583 mei
505 3526 698 3580 lilium
730 3525 966 3580 domino
997 3540 1124 3579 meo
1150 3525 1206 3579 in
1232 3530 1535 3581 senectute
1567 3542 1696 3592 sua,
1731 3527 2009 3597 deditque

345 3617 440 3672 illi
471 3617 678 3672 omnia
704 3631 831 3685 quae
861 3615 1164 3669 habuerat.
1203 3615 1266 3668 Et
1287 3616 1579 3685 adjuravit
1611 3632 1704 3670 me
1733 3616 2010 3671 dominus

357 3723 538 3762 meus
587 3705 823 3759 dicens:
857 3702 977 3758 Non
1030 3704 1281 3775 accipies
1328 3721 1561 3760 uxorem
1617 3703 1732 3758 lilio
1782 3721 1909 3760 meo
1940 3706 2012 3760 de

356 3795 603 3851 ﬁliabus
652 3793 1136 3861 Chananaorum,
1189 3793 1244 3847 in
1294 3810 1545 3864 quorum
1597 3800 1748 3848 terra
1792 3793 2011 3864 habito,

347 3886 452 3941 sed
488 3885 562 3939 ad
595 3883 836 3937 domum
868 3881 1048 3952 patris
1069 3882 1181 3936 mei
1204 3898 1432 3954 perges,
1466 3889 1522 3937 et
1552 3884 1622 3937 de
1665 3884 2014 3955 cognatione

354 3991 492 4030 mea
523 3973 776 4043 accipies
809 3988 1045 4026 uxorem
1079 3971 1200 4026 ﬁlio
1233 3989 1392 4041 meo;
1429 3989 1534 4044 ego
1564 3989 1699 4028 vero
1741 3971 2016 4044 respondi

355 4065 606 4119 domino
639 4077 792 4130 meo,
821 4060 965 4124 Quid
998 4062 1047 4116 si
1078 4061 1332 4116 noluerit
1373 4065 1568 4117 venire
1619 4079 1850 4118 mecum
1886 4080 2013 4117 mu-

363 4152 526 4208 lier?
576 4150 879 4220 Dominus,
929 4150 1029 4219 ait,
1062 4150 1123 4204 in
1171 4151 1342 4221 cujus
1390 4157 1706 4222 conspectu
1754 4152 2013 4220 ambulo,

444 4281 460 4312 ¹
499 4277 628 4350 P_ro_,
665 4275 1024 4350 appendentes
1053 4276 1216 4350 siclos
1241 4275 1381 4350 duos
1429 4276 1741 4350 legendum
1788 4276 2018 4332 videtur

356 4347 670 4405 semisiclos
697 4347 876 4403 duos:
931 4363 1064 4403 nam
1116 4349 1256 4418 quid
1309 4349 1467 4404 aliud
1492 4347 1624 4404 "nos
1667 4349 1874 4404 docent
1905 4349 2019 4406 ista

355 4420 706 4490 Hieronymi
750 4419 936 4490 ipsius
987 4419 1164 4473 verba
1215 4419 1273 4474 in
1326 4421 1523 4488 Quart.
1569 4420 1849 4476 Hebraicis
1879 4420 1906 4473 *Γ
1953 4423 2020 4476 Et

357 4493 493 4550 tulit
529 4489 634 4557 vir,
671 4489 881 4561 inquit,
915 4489 1190 4560 inaurem,
1210 4508 1438 4547 auream
1461 4491 1850 4547 didrachmum
1877 4508 2019 4560 pon-

360 4569 467 4620 dus
496 4565 636 4633 ejus.
672 4563 824 4618 BACI.
861 4565 1009 4633 quod
1038 4565 1098 4617 in
1117 4564 1215 4618 hoc
1244 4564 1357 4619 loco
1386 4580 1485 4630 pro
1517 4565 1860 4619 didrachmo
1882 4566 2018 4620 scri-

2117 3349 2300 3405 citum
2328 3348 2454 3417 ejus
2505 3345 2831 3417 quidquam
2865 3344 3024 3400 aliud
3070 3350 3267 3401 tecum
3318 3346 3499 3419 loqui.
3541 3349 3624 3404 En
3657 3351 3768 3406 Re-

2116 3439 2296 3494 becca
2325 3451 2518 3492 coram
2551 3439 2606 3490 te
2636 3439 2746 3501 est,
2799 3433 2938 3489 tolle
2969 3451 3119 3504 eam,
3171 3437 3560 3508 proficiscere,
3604 3446 3661 3495 et
3689 3441 3768 3497 sit

2118 3543 2263 3582 uxor
2291 3525 2396 3579 ﬁlii
2429 3522 2654 3579 domini
2703 3523 2813 3594 tui,
2863 3524 3016 3579 sicut
3046 3523 3278 3582 locutus
3327 3532 3417 3582 est
3463 3529 3768 3596 Dominus,

2118 3617 2280 3682 Quod
2329 3631 2462 3669 cum
2513 3614 2775 3668 audisset
2826 3629 2972 3684 puer
3020 3614 3338 3682 Abraham,
3397 3618 3587 3690 [Vulg.
3638 3620 3766 3677 add.

2121 3705 2449 3776 prouidens]
2476 3702 2742 3756 adoravit
2770 3701 2828 3755 in
2854 3709 3007 3756 terra
3035 3703 3373 3760 Dominum.
3399 3707 3767 3778 Prolatisque

2119 3794 2273 3849 vasis
2307 3793 2620 3861 argenteis,
2652 3796 2709 3845 et
2734 3790 2948 3858 aureis,
2973 3807 3039 3846 ac
3069 3793 3351 3861 vestibus,
3376 3794 3536 3849 dedit
3564 3811 3632 3851 ea
3664 3796 3766 3852 Re-

2121 3885 2304 3938 beccae
2334 3897 2436 3953 pro
2471 3896 2730 3944 munere,
2782 3881 3058 3935 fratribus
3127 3897 3364 3952 quoque
3418 3885 3547 3953 ejus
3599 3885 3772 3939 matri

2122 3971 2277 4026 dona
2306 3969 2538 4025 obtulit.
2565 3969 2831 4040 lnituque
2883 3969 3168 4039 convivio,
3219 3978 3518 4027 vescentes
3557 3973 3774 4044 pariter

2123 4066 2180 4114 et
2211 4061 2480 4114 bibentes
2510 4062 2852 4113 manserunt
2884 4059 2983 4112 ibi.
3038 4058 3298 4130 Surgens
3347 4065 3544 4114 autem
3579 4077 3769 4132 mane,

2123 4148 2357 4205 locutus
2386 4154 2475 4204 est
2514 4164 2675 4218 puer,
2710 4147 2952 4201 Dimitte
3003 4163 3096 4201 me
3148 4153 3211 4202 ut
3238 4149 3444 4203 vadam
3477 4150 3546 4204 ad
3581 4151 3770 4206 domi-

2124 4275 2376 4347 pendere
2404 4289 2519 4329 non
2553 4271 2865 4338 inﬁciatur,
2891 4275 3019 4347 octo
3040 4288 3171 4347 vero
3194 4272 3508 4347 drachmas
3539 4274 3772 4332 unciam

2126 4343 2429 4402 conficere.
2488 4350 2547 4399 In
2599 4343 3030 4418 commentario
3089 4344 3146 4398 in
3199 4345 3482 4414 Ezechiel,
3535 4363 3661 4418 cap.
3714 4349 3768 4402 4:

2124 4417 2332 4483 Sictus,
2353 4418 2560 4486 inquit,
2585 4416 2642 4470 id
2671 4423 2768 4483 est,
2798 4419 2974 4490 stater
2995 4421 3229 4486 quatuor
3256 4418 3546 4473 drachmas
3586 4416 3770 4490 liabet,

2126 4491 2411 4546 drachmae
2441 4497 2624 4543 autem
2660 4493 2775 4544 octo
2807 4489 3070 4542 Latinam
3120 4491 3342 4543 unciam
3367 4491 3604 4559 faciunt.

2201 4563 2222 4596 ²
2253 4567 2418 4616 Hunc
2480 4561 2672 4616 locum
2722 4561 3003 4614 adversus
3040 4559 3273 4614 Judzeos
3321 4567 3490 4631 urget
3537 4565 3780 4618 sanctus

364 4628 542 4704 bitur,
593 4628 902 4689 semiuncia
947 4638 1067 4689 est:
1128 4651 1296 4690 sacer.
1343 4628 1486 4706 vero,
1535 4635 1632 4707 qui
1657 4641 1850 4692 Latino
1905 4653 2022 4692 ser-
2055 4628 2099 4693 D
2131 4635 2522 4705 Hieronymus
2555 4633 2614 4707 in
2644 4631 2810 4686 libris
2853 4631 3055 4707 Quaest.
3109 4628 3555 4707 Hcebraica'rum,
3587 4641 3780 4690 osten-

361 4723 528 4764 mone
561 4707 740 4761 siclus
763 4717 1014 4776 corrupte
1037 4708 1376 4776 appellatur,
1404 4711 1589 4765 uncia:
1609 4709 1814 4778 pondus
1835 4710 1906 4762 hu
1918 4709 2019 4763 bet.

361 4781 559 4852 Igitur
587 4779 822 4852 inaures
840 4782 976 4852 duae
1018 4795 1132 4852 non
1162 4782 1572 4851 appendebant
1605 4782 1751 4836 duas
1795 4781 2020 4847 uncias,

361 4849 427 4906 id
459 4851 720 4924 estduos
752 4849 964 4924 siclos;
993 4851 1092 4924 sed
1118 4849 1486 4923 unaquaeque
1512 4852 1760 4907 habebat
1793 4854 2024 4924 pondus

364 4923 731 4996 semiunciaa,
753 4921 1199 4996 sivedimidium
1217 4921 1365 4988 sicli,
1389 4921 1454 4977 ex
1472 4921 2023 4996 Hieronymo.Chal-

362 4997 541 5049 daaus
569 5000 625 5048 et
671 4995 852 5066 Syrus
902 4994 1103 5065 legunt
1151 4995 1205 5048 in
1256 4995 1575 5065 singulari:
1631 4994 1887 5051 lnaurem
1929 5013 2026 5050 au-

361 5083 531 5121 ream
553 5067 946 5132 appendentem
967 5067 1478 5136 siclum,vel,pondo
1495 5067 1628 5123 sicli
1650 5071 1834 5124 unius.
1861 5069 2022 5132 Quod

365 5141 529 5195 favet
559 5137 787 5192 lectioni
822 5138 1181 5192 Latinorum.
1217 5140 1400 5196 MART.

442 5239 515 5252 -
554 5208 882 5280 Legendum
929 5209 1158 5263 videtur
1192 5212 1542 5276 Martianmo,
1589 5212 1890 5266 semisiclos
1922 5225 2024 5280 pro

361 5284 557 5346 εἰσίοι,
581 5298 649 5336 ex
674 5298 739 5336 eo
770 5281 922 5352 quod
955 5283 1149 5335 tradat
1177 5282 1408 5337 Hieron.
1446 5284 1505 5336 in
1533 5282 1730 5350 Quaest.
1765 5285 1834 5337 ad
1871 5283 2027 5336 hunc

370 5357 595 5418 locum,
621 5355 678 5409 in
710 5354 946 5408 Hebraeo
971 5352 1192 5425 haberi,
1225 5356 1390 5419 Buce,
1415 5359 1561 5425 quod
1583 5371 1685 5425 pro
1707 5353 2026 5409 didrachmo

368 5427 666 5494 scribitur,
729 5432 781 5479 et
850 5423 1196 5485 semiimcia;
1256 5423 1435 5482 Secel‘
1476 5423 1624 5494 vero,
1684 5426 1780 5496 qui
1835 5428 2026 5480 Latino

366 5499 855 5569 sermoneisiclusr
886 5502 1140 5566 corrupte
1186 5498 1533 5569 appellatur,
1582 5498 1765 5554 unciae
1818 5496 2029 5569 pondus

374 5569 594 5624 habere.
621 5568 1000 5624 Ostendimus
1027 5577 1223 5624 autem
1250 5568 1356 5626 nos
1378 5571 1480 5636 ibi,
1513 5571 1697 5640 ipsius
1727 5568 1853 5625 sicli
1893 5585 2030 5638 pon-

376 5641 491 5696 dus
523 5641 910 5714 semiunciam
945 5639 1148 5714 fuisse,
1196 5642 1374 5714 idque
1406 5657 1476 5697 ex
1522 5639 1833 5712 i’psiusmet
1859 5642 2028 5714 Hiero

382 5712 549 5786 nymi
605 5710 968 5784 testimonio,
1022 5710 1138 5784 qui
1167 5710 1380 5773 siclum
1428 5710 1680 5786 quatuor
1718 5712 2031 5772 drachmas

2134 4707 2332 4777 ditque
2358 4704 2418 4777 in
2462 4706 2724 4777 Hebraeo,
2751 4719 2853 4775 pro
2877 4704 3090 4777 virgine
3112 4704 3396 4774 scriptum
3419 4721 3548 4760 esse
3563 4708 3774 4762 aalma.

2133 4774 2295 4842 Quod
2328 4776 2563 4848 quidem
2596 4780 2651 4830 et
2680 4775 2738 4828 in
2761 4774 2943 4848 '_Isaia‘
2985 4774 3266 4848 habetur:
3304 4792 3431 4848 nam
3464 4778 3522 4832 in
3545 4795 3610 4834 eo
3654 4781 3777 4833 loco

2135 4850 2234 4904 ubi
2266 4845 2574 4921 infnostris
2603 4846 2905 4921 codicibus
2935 4845 3163 4921 legitur,
3193 4847 3483 4921 Ecceoirgo
3512 4852 3780 4921 concipiet

2134 4932 2184 4976 et
2216 4919 2403 4993 pariet
2449 4925 2504 4974 et
2560 4918 2770 4993 Aquila
2818 4918 3065 4972 sul-dole
3119 4918 3437 4976 transtulit.
3487 4927 3619 4978 Ecce
3648 4918 3778 4976 ado-

2135 4990 2428 5048 lescentulo
2454 4990 2724 5064 concipiet
2753 4998 2804 5045 et
2850 4993 3058 5061 pariet.
3110 4992 3167 5046 in
3220 4993 3450 5048 Hebraeo
3494 4995 3779 5064 scriptum

2133 5065 2346 5120 habet:
2394 5065 2524 5117 Ecce
2569 5063 2757 5116 aalma
2800 5064 3067 5132 concipiet
3108 5067 3160 5116 et
3204 5066 3402 5132 pariet.
3446 5063 3779 5118 Notandum

2134 5143 2330 5192 autem
2362 5151 2427 5189 ex
2461 5134 2659 5188 eodem
2715 5134 3084 5204 llieronymo,
3133 5137 3286 5204 quod
3328 5136 3567 5189 verbum
3600 5138 3782 5188 aalma

2135 5224 2438 5286 nunquam
2475 5206 2586 5286 nisi
2613 5221 2675 5286 ii:
2706 5204 2930 5286 virgine
2980 5206 3298 5286 scribituri
3325 5205 3475 5286 unde
3517 5207 3781 5286 disputa-

2136 5275 2356 5336 tionem
2399 5278 2578 5348 hujus
2612 5278 2717 5330 loci
2765 5276 2848 5330 ita
2878 5275 3209 5348 concludit:
3257 5276 3557 5333 Ostende-nt
3605 5275 3786 5344 igitur

2133 5351 2311 5408 Judaei
2341 5352 2398 5404 in
2429 5347 2724 5420 scripturis
2754 5347 2964 5402 alicubi
2989 5347 3228 5418 positum
3269 5350 3482 5412 aalma,
3513 5348 3608 5403 ubi
3645 5350 3784 5404 ado-

2137 5423 2494 5479 lescentulam
2542 5425 2777 5483 tantum,
2822 5423 2870 5473 et
2920 5434 3024 5472 non
3077 5421 3345 5488 virginem
3391 5425 3542 5474 sonet
3585 5425 3635 5474 et
3655 5437 3782 5475 con-

2135 5495 2375 5551 cedimus
2422 5492 2499 5547 eis
2547 5492 2717 5556 illud,
2751 5492 2894 5562 quod
2939 5489 2997 5544 in
3023 5492 3174 5545 Isaia
3203 5491 3349 5560 apud
3405 5506 3503 5545 nos
3533 5491 3779 5548 dicitur:

2140 5568 2285 5622 Ecce
2325 5565 2485 5636 virgo
2517 5563 2804 5635 concipiet
2862 5565 2935 5636 et»
2974 5564 3357 5636 parietzunon
3396 5563 3791 5636 absconditam

2136 5633 2441 5710 virginem,
2451 5635 2548 5692 sed
2567 5633 3030 5693 adolescentulam
3047 5633 3367 5705 signiﬁcare
3375 5634 3506 5706 jam
3533 5640 3788 5708 nuptam.

2140 5714 2325 5768 lum.
