4080 6186
341 312 446 366 227

1389 316 1448 368 S.
1488 311 1900 375 HIERONYMI
1937 313 2196 368 DIVINA
2231 312 2726 369 BIBLIOTHECA.

3632 316 3736 371 228

344 455 484 495 num
518 455 734 496 meum.
763 440 1211 514 Responderunt
1262 439 1467 495 fratres
1501 439 1630 508 ejus
1679 441 1736 494 et
1771 442 1995 498 mater:
2029 440 2079 506 Α
2111 438 2322 508 aetatis,
2347 443 2405 493 et
2453 437 2656 506 plenus
2709 438 2934 495 dierum
2962 457 2975 495 :
3037 444 3546 514 congregatusque
3569 447 3656 497 est
3689 444 3761 499 ad

347 530 578 587 Maneat
609 531 801 603 puella
831 535 1036 587 saltem
1067 533 1266 587 decem
1300 531 1425 586 dies
1456 531 1607 602 apud
1642 547 1771 597 nos,
1803 536 1860 584 et
1894 547 1995 600 po-

343 627 470 676 stea
518 621 940 693 proficiscetur.
991 620 1203 686 Nolite,
1253 621 1358 686 ait,
1392 637 1485 676 me
1535 619 1806 686 retinere,
1857 620 1998 690 quia

339 710 625 765 Dominus
673 710 884 765 direxit
941 711 1094 766 viam
1157 727 1399 780 meam;
1441 710 1722 765 dimittite
1781 723 1874 764 me
1933 715 1998 763 ut

337 815 575 872 pergam
608 800 679 854 ad
730 799 1038 856 dominum
1096 817 1310 856 meum.
1364 799 1664 870 Dixerunt,
1707 797 1996 854 Vocemus

337 887 618 958 puellam,
650 895 706 944 et
737 906 1072 961 quaeramus
1108 890 1296 960 ipsius
1319 889 1706 944 voluntatem.
1732 894 1995 958 Cumque

338 981 542 1033 vocata
589 978 868 1046 venisset,
923 979 1200 1034 sciscitati
1252 982 1430 1034 sunt:
1465 978 1564 1034 Vis
1613 978 1698 1033 ire
1723 993 1855 1032 eum
1889 976 1996 1031 ho-

2111 528 2393 600 populum
2419 544 2611 583 suum.
2637 529 2706 583 Et
2731 529 3088 601 sepelierunt
3107 547 3240 586 eum
3267 534 3430 587 Isaac
3452 539 3505 586 et
3533 534 3765 598 lsmael,

2108 616 2208 670 filii
2246 617 2336 670 sui
2367 617 2424 670 in
2475 618 2757 688 spelunca
2802 619 3042 689 duplici,
3102 637 3232 691 quas
3263 620 3376 675 sita
3407 621 3586 676 estin
3623 639 3762 692 agro

2108 705 2362 776 Ephron,
2399 706 2499 760 filii
2533 707 2726 763 Sohar
2753 709 2933 780 [Vulg.
2968 709 3131 779 Seor]
3164 710 3433 776 Hetthaai,
3465 727 3494 766 e
3529 712 3764 782 regione

2109 799 2344 860 Mamre,
2377 813 2552 866 quem
2585 809 2798 852 emerat
2824 816 2857 853 a
2891 798 3027 853 liliis
3051 799 3240 855 Heth:
3275 799 3352 854 ibi
3379 799 3650 872 sepultus
3672 808 3764 858 est

2110 885 2256 956 ipse,
2286 889 2340 940 et
2373 891 2514 941 Sara
2562 904 2703 941 uxor
2740 893 2890 959 ejus.
2941 889 3008 942 Et
3042 895 3172 960 post
3201 890 3426 945 obitum
3474 890 3638 947 illius
3662 892 3756 946 be-

2108 973 2330 1029 nedixit
2357 975 2512 1032 Deus
2545 977 2725 1042 lsaac,
2780 977 2902 1032 filio
2934 979 3084 1049 ejus,
3136 979 3234 1049 qui
3266 979 3569 1035 habitabat
3593 981 3765 1052 juxta

343 1065 500 1122 mine
550 1066 714 1121 isto?
770 1067 904 1130 Quae
961 1067 1062 1136 ait,
1121 1068 1389 1134 Vadam.,
1449 1067 1815 1123 Dimiserunt
1860 1081 1994 1138 ergo
2105 1068 2346 1134 puteum
2399 1065 2635 1121 nomine
2677 1066 2940 1124 Viventis
2990 1069 3174 1140 (Vulg.
3209 1069 3336 1125 add.
3369 1071 3446 1142 et]
3481 1070 3756 1127 videntis.

341 1168 496 1226 eam,
521 1160 578 1211 et
610 1155 895 1212 nutricem
939 1156 1120 1222 illius,
1167 1173 1516 1228 servumque
1545 1156 1858 1226 Abraham,
1906 1170 1989 1212 eo.
2104 1151 2188 1223 [C.
2248 1153 2468 1225 XLVI,]
2527 1160 2626 1210 Hae
2683 1160 2820 1210 sunt
2876 1159 3284 1228 generationes
3344 1158 3584 1225 Ismael,
3659 1159 3764 1216 lilii

342 1245 514 1299 mites
537 1246 687 1315 ejus,
711 1244 1098 1316 imprecantes
1120 1263 1399 1319 prospera
1423 1245 1617 1302 sonori
1642 1262 1783 1314 suae,
1816 1250 1992 1314 atque
2101 1242 2370 1311 Abrahae,
2420 1259 2592 1315 quem
2645 1245 2869 1318 peperit
2913 1246 2966 1301 ei
3009 1249 3166 1317 Agar
3206 1238 3498 1320 zEg'yptia,
3534 1248 3756 1304 famula

342 1333 640 1388 dicentes:
673 1334 849 1390 Soror
890 1339 1109 1400 nostra,
1158 1352 1387 1391 crescas
1420 1337 1478 1390 in
1523 1334 1684 1391 mille
1711 1333 1915 1404 millia,
1937 1339 1994 1390 et
2100 1335 2276 1400 Sarte,
2296 1339 2354 1387 et
2384 1332 2504 1388 hinc
2537 1334 2776 1388 nomina
2810 1333 3065 1390 filiorum
3100 1336 3228 1405 ejus
3269 1337 3326 1392 in
3369 1337 3670 1393 vocabulis
3702 1343 3760 1394 et

342 1422 651 1494 possedeat
679 1439 879 1480 semen
905 1429 1072 1480 tuum
1102 1429 1300 1497 portas
1331 1426 1712 1480 inimicorum
1748 1440 1990 1480 suorum
2101 1422 2580 1492 generationibus
2611 1422 2757 1478 suis.
2792 1423 3229 1494 Primogenitus
3268 1426 3531 1482 Ismaelis
3569 1426 3763 1482 Naba-

341 1511 525 1582 Igitur
555 1513 810 1570 Rebecca
837 1518 892 1570 et
925 1513 1127 1585 puellae
1178 1514 1358 1582 illius,
1409 1515 1674 1572 ascensis
1727 1513 1988 1582 camelis,
2092 1509 2246 1581 joth,
2280 1510 2491 1568 deinde
2520 1514 2722 1581 Cedar,
2753 1516 2811 1568 et
2840 1513 3080 1584 Adbeel,
3113 1518 3172 1570 et
3209 1514 3499 1582 Mabsam,
3536 1516 3760 1573 Masma

340 1606 555 1658 secutae
603 1608 744 1658 sunt
785 1604 997 1672 virum,
1050 1603 1150 1675 qui
1199 1605 1448 1660 festinus
1486 1605 1888 1660 revertebatur
1916 1605 1989 1660 ad
2099 1615 2354 1672 Quoque,
2404 1611 2458 1657 el.
2504 1605 2710 1670 Duma,
2761 1607 2817 1658 et
2871 1602 3059 1673 M888,
3093 1604 3312 1671 Hadar,
3345 1610 3402 1660 et
3432 1606 3677 1672 Thema,
3707 1609 3766 1662 et

340 1692 648 1748 dominum
698 1709 896 1748 suum.
941 1694 1018 1748 Eo
1069 1699 1334 1766 tempore
1376 1696 1540 1750 Isaac
1571 1695 1990 1750 deambulabat
2099 1689 2221 1745 Itur
2267 1689 2461 1762 [ναις.
2494 1691 2747 1758 Jethurl,
2775 1697 2831 1748 et
2859 1692 3100 1763 Naphis,
3148 1697 3204 1750 et
3230 1693 3467 1750 Cedma.
3493 1694 3592 1751 Isti
3625 1699 3765 1750 sunt

338 1797 444 1853 per
470 1781 621 1837 viam
655 1799 786 1854 quae
816 1783 978 1838 ducit
1000 1785 1072 1839 ad
1119 1789 1382 1855 puteum,
1433 1785 1601 1854 cujus
1633 1800 1867 1840 nomem
1896 1789 1988 1840 est
2021 1824 2065 1856 ι)
2101 1779 2204 1834 lilii
2238 1779 2467 1846 Ismael,
2492 1786 2549 1836 et
2592 1780 2714 1837 haec
2761 1781 3002 1837 nomina
3033 1798 3136 1853 per
3180 1783 3423 1839 castella
3451 1787 3507 1840 et
3535 1784 3755 1856 oppida

336 1869 599 1926 Viventis
631 1872 818 1943 [Vulg.
867 1871 995 1927 add.
1042 1873 1118 1944 et]
1167 1874 1441 1938 videntis,
1491 1873 1796 1928 habitabat
1831 1872 1986 1928 enim
2019 1869 2066 1889 ”
2096 1885 2298 1926 eorum
2330 1871 2640 1926 duodecim
2674 1872 2969 1944 principes
2999 1873 3262 1929 tribuum
3295 1890 3563 1930 suorum.
3594 1873 3749 1930 Anni

339 1959 399 2015 in
423 1965 578 2016 terra
593 1961 862 2030 australi,
894 1968 952 2018 et
982 1978 1257 2034 egressus
1282 1964 1470 2018 fuerat
1489 1965 1561 2018 ad
1583 1963 1986 2018 meditandum

247 2065 264 2084 ο
340 2049 399 2104 in
422 2066 582 2122 agro,
617 2050 1042 2121 inclinatajam
1069 2052 1161 2107 die
1187 2077 1201 2119 ;
1229 2069 1481 2124 cumque
1519 2052 1768 2108 levasset
1789 2052 1990 2108 oculos

335 2155 500 2206 suos,
562 2139 707 2194 vidit
763 2141 1017 2197 camelos
1074 2142 1373 2198 venientes
1448 2143 1670 2215 procul.
1732 2143 1992 2198 Rebecca

335 2245 592 2301 quoque,
633 2236 946 2300 conspecto
996 2233 1180 2296 Isaac,
1230 2232 1532 2288 descendit
1560 2233 1631 2288 de
1661 2231 1902 2298 camelo,
1934 2236 1992 2287 et

335 2318 418 2374 ait
447 2319 519 2373 ad
571 2334 840 2390 puerum.
893 2319 1033 2385 Quis
1073 2326 1161 2376 est
1209 2321 1304 2377 ille
1353 2321 1528 2377 homo
1575 2322 1670 2393 qui
1705 2321 1860 2377 venit
1893 2336 1995 2392 per

335 2422 545 2479 agrum
594 2407 655 2464 in
702 2424 1011 2465 occursum
1066 2410 1286 2466 nobis?
1327 2411 1597 2484 Dixitque
1639 2411 1712 2481 ei,
1746 2412 1876 2483 Ipse
1903 2414 1992 2466 est

336 2495 616 2552 dominus
642 2513 830 2554 meus.
863 2501 937 2554 At
967 2499 1064 2554 illa
1086 2500 1297 2556 tollens
1327 2500 1441 2556 cito
1466 2501 1729 2573 pallium,
1761 2499 1994 2573 aperuit

337 2601 423 2641 se.
458 2585 674 2644 Servus
731 2593 928 2645 autem
981 2595 1210 2659 cuncta,
1242 2607 1374 2662 qua:
1419 2596 1700 2662 gesserat,
1733 2589 1994 2646 narravit

337 2676 519 2731 Isaac.
550 2677 658 2740 Qui
704 2676 1027 2734 introduxit
1057 2695 1186 2735 eam
1232 2679 1291 2734 in
1340 2680 1784 2736 tabernaculum
1815 2685 1990 2747 Saris,

337 2764 545 2820 matris
573 2782 715 2833 suas,
747 2771 804 2821 et
853 2769 1076 2840 accepit
1115 2785 1241 2824 eam
1291 2786 1553 2837 uxorem,
1583 2776 1640 2824 et
1678 2770 1739 2824 iii
1757 2773 1987 2824 tantum

335 2853 538 2910 dilexit
567 2871 718 2924 eam,
756 2861 820 2912 ut
849 2856 1132 2925 dolorem,
1157 2858 1257 2929 qui
1289 2874 1359 2914 ex
1389 2865 1575 2916 morte
1616 2858 1824 2915 matris
1857 2859 1986 2930 ejus

339 2944 651 3015 acciderat,
684 2950 1055 3018 temperaret.

409 3033 494 3104 [T.
520 3032 724 3101 XVIII,
748 3033 809 3088 Β.
842 3035 1048 3091 XXIV.
1099 3035 1228 3108 Cap.
1268 3036 1462 3108 XXV].
1513 3037 1808 3092 Abraham
1858 3053 1991 3093 vero

338 3121 517 3180 aliam
543 3122 706 3178 duxit
736 3140 972 3180 uxorem
1005 3125 1241 3180 nomine
1286 3131 1579 3190 Ceturam,
1613 3145 1739 3198 quae
1773 3127 1994 3199 peperit

340 3213 394 3268 ei
424 3212 668 3268 Zamran
699 3217 756 3268 et
775 3213 1010 3282 Jecsan,
1041 3216 1346 3282 etMadan,
1389 3221 1446 3272 et
1487 3216 1744 3285 Madian,
1772 3223 1831 3272 et
1859 3217 1987 3272 Jes-
2019 3199 2062 3265 C

340 3301 470 3366 hoc,
503 3306 562 3356 et
593 3303 727 3357 Sus.
759 3302 967 3358 Jecsan
1002 3320 1234 3375 quoque
1256 3306 1458 3376 genuit
1478 3308 1652 3376 Saba,
1674 3310 1732 3361 et
1761 3307 1986 3362 Dadan.

337 3387 467 3444 Filii
498 3381 701 3446 Dadan
732 3391 990 3456 fuerunt,
1040 3395 1298 3464 Asurim,
1331 3399 1387 3450 et
1415 3395 1699 3463 Latusim,
1751 3401 1809 3450 et
1841 3395 1990 3451 Lao-

339 3478 508 3535 mim.
541 3484 614 3534 At
632 3495 768 3536 vero
798 3497 864 3536 ex
891 3481 1125 3538 Madian
1167 3490 1331 3539 ortus
1379 3490 1469 3539 est
1499 3484 1681 3557 Epha,
1715 3490 1772 3540 et
1803 3485 1992 3558 Epher

339 3568 524 3640 [Vulg.
558 3567 799 3640 Opher],
830 3577 886 3626 et
916 3571 1134 3639 Enocb,
1184 3576 1242 3628 et
1285 3573 1492 3643 Abida,
1533 3579 1590 3628 et
1621 3574 1836 3630 Eldaa:
1871 3591 1990 3630 om-

336 3673 442 3714 nes
480 3656 539 3714 hi
573 3657 675 3713 filii
707 3659 950 3717 Ceturie.
974 3661 1262 3734 Deditque
1291 3663 1583 3718 Abraham
1621 3670 1832 3720 cuncta
1861 3681 1989 3736 quas

339 3750 683 3820 possederat
722 3750 923 3808 Isaac:
972 3753 1109 3808 llliis
1153 3759 1347 3810 autem
1381 3757 1842 3812 concubinarum
1874 3757 1989 3812 lar-

339 3837 498 3908 gitus
530 3844 618 3894 est
650 3856 914 3910 munera,
948 3848 1006 3898 et
1052 3845 1343 3914 separavit
1390 3861 1487 3902 eos
1534 3846 1606 3901 ab
1653 3849 1834 3914 Isaac,
1871 3847 1989 3901 filio

337 3944 445 3983 suo
473 3928 614 3984 dum
649 3931 841 3987 adhuc
889 3932 1015 4005 ipse
1062 3933 1298 4001 viveret,
1351 3952 1418 3990 ac
1463 3935 1690 4008 plagam
1741 3937 1992 3992 orienta-

335 4015 449 4072 lem
485 4018 568 4090 [C.
603 4019 770 4092 XLV]
825 4022 1085 4078 Fuerunt
1131 4031 1323 4079 autem
1376 4025 1501 4080 dies
1540 4027 1669 4081 vitae
1721 4026 1989 4093 Abrabaa,

334 4121 567 4164 centum
625 4111 1001 4182 septuaginta
1059 4114 1321 4184 quinque
1378 4115 1536 4170 anni.
1597 4115 1664 4170 Et
1711 4116 1991 4172 detlciens

339 4202 609 4254 mortuus
668 4201 795 4256 est‘
851 4200 911 4256 in
967 4207 1268 4259 senectute
1343 4205 1515 4272 bona,
1595 4212 1993 4280 provectaeque

415 4355 876 4433 ‘_Hi_eror_iymus
919 4358 1068 4433 libro
1120 4361 1328 4429 Quaest.
1379 4363 1800 4433 Hebraicarum,
1851 4367 1994 4423 dicit

346 4427 501 4506 male
545 4428 603 4483 in
658 4427 1045 4506 Septuaginta
1103 4427 1525 4505 Interpretibus
1577 4427 1869 4506 additum,
1928 4443 1992 4495 Et

340 4499 600 4572 deﬁciens
629 4499 912 4558 Abrahuni
953 4508 1205 4560 mortuus
1245 4499 1340 4572 est,
1375 4507 1514 4572 quia
1563 4526 1675 4565 non
1725 4499 1995 4566 convenit

2098 1960 2224 2014 vilis
2257 1960 2520 2016 Ismaelis
2541 1969 2777 2016 centum
2810 1962 3055 2034 triginta
3081 1968 3306 2034 septem
3333 1965 3377 2028 ³,
3396 1969 3455 2020 et
3474 1963 3754 2020 deficiens

2100 2055 2371 2104 mortuus
2391 2055 2501 2112 est,
2527 2055 2586 2106 et
2615 2052 2918 2122 appositus
2940 2053 3011 2106 ad
3042 2051 3324 2123 populum
3351 2070 3548 2109 suum.
3587 2053 3758 2108 Habi-

2101 2139 2243 2194 tavit
2271 2145 2464 2194 autem
2518 2140 2590 2194 ab
2641 2139 2801 2194 Evila
2847 2157 3036 2211 usque
3068 2141 3202 2209 Sur,
3233 2157 3362 2213 quae
3394 2142 3632 2214 respicit
3661 2142 3757 2197 A3-

2101 2233 2273 2300 gyptu
2286 2244 2341 2282 m
2357 2229 2792 2284 introeuntibus
2809 2229 3634 2303 Assyrios.Coraui(a)cunetis
3651 2232 3764 2288 Ira-

2100 2317 2289 2371 tribus
2321 2317 2446 2374 suis
2469 2319 2615 2374 obiit
2636 2319 2720 2387 [C.
2755 2320 3005 2390 XLVll.]
3031 2324 3127 2376 Hie
3147 2337 3379 2392 quoque
3410 2326 3551 2376 sunt
3581 2337 3757 2395 gene-

2101 2405 2356 2462 rationes
2372 2406 2553 2473 Isaac,
2571 2407 2675 2462 ﬁlii
2698 2408 2990 2464 Abraham
3009 2425 3023 2464 :
3041 2414 3078 2463 A
3091 2409 3327 2465 braham
3354 2411 3757 2483 genuitIsaac:

2103 2495 2201 2567 qui
2230 2513 2365 2552 cum
2397 2499 2790 2571 quadraginta
2807 2504 2963 2554 esset
2984 2516 3298 2567 annorum,
3331 2501 3500 2556 duxit
3525 2517 3768 2556 uxorem

2101 2585 2443 2651 Rebeccam,
2495 2587 2678 2644 filiam
2729 2588 2975 2645 Bathuel
3022 2590 3148 2662 Syri
3197 2590 3268 2645 de
3323 2590 3767 2662 Mesopotamia,

2101 2691 2361 2731 sororem
2394 2677 2610 2733 Lahan.
2638 2683 3110 2750 Deprecatusque
3139 2683 3227 2734 est
3256 2681 3419 2734 Isaac
3449 2680 3768 2736 Dominum

2103 2781 2205 2836 pro
2236 2782 2415 2822 uxore
2447 2783 2573 2832 sua,
2608 2785 2673 2823 eo
2704 2769 2858 2840 quod
2893 2772 3051 2824 esset
3084 2769 3344 2824 sterilis:
3395 2769 3497 2841 qui
3527 2769 3762 2824 exaudi-

2099 2855 2182 2909 vit
2206 2871 2364 2925 eum,
2411 2861 2469 2912 et
2515 2858 2678 2914 dedit
2719 2864 3064 2930 conceptum
3111 2858 3404 2914 Rebeccae.
3437 2859 3548 2915 Sed
3581 2858 3747 2914 colli-

2101 2944 2396 2999 debantur
2440 2945 2498 3001 in
2553 2952 2718 3002 utero
2768 2949 2898 3016 ejus
2949 2946 3212 3019 parvuli;
3269 2963 3398 3018 qua
3428 2947 3545 3002 ait:
3580 2947 3641 3001 Si
3681 2947 3768 3002 sic

2103 3033 2248 3088 mibi
2299 3035 2560 3090 futurum
2606 3041 2730 3092 erat
2770 3037 2909 3108 quid
2959 3053 3196 3093 necesse
3245 3036 3354 3092 fuit
3411 3035 3763 3109 concipere?

2102 3122 2476 3195 Perrexitque
2499 3129 2562 3180 ut
2610 3125 2943 3180 consuleret
2993 3125 3321 3180 Dominum.
3358 3125 3464 3189 Qui
3517 3141 3761 3196 respon-

2099 3213 2262 3279 dens,
2297 3214 2407 3268 ait:
2458 3214 2594 3269 Dure
2641 3222 2844 3286 gentes
2902 3215 2961 3270 in
3014 3222 3178 3271 utero
3211 3221 3310 3270 tuo
3344 3219 3505 3281 sunt,
3553 3221 3610 3270 et
3643 3218 3758 3270 duo

2099 3302 2296 3374 populi
2328 3319 2398 3360 ex
2427 3311 2627 3361 ventre
2667 3310 2766 3360 tuo
2796 3305 3526 3376 dividentur,populusque
3569 3322 3750 3376 popu-

2097 3391 2222 3447 lum
2245 3394 2564 3463 superabit,
2596 3401 2653 3449 et
2692 3397 2880 3465 major
2918 3395 3130 3450 serviet
3180 3395 3412 3449 minori.
3442 3393 3571 3449 Jam
3603 3399 3758 3449 tem-

2100 3499 2211 3554 pus
2263 3481 2524 3554 pariendi
2574 3484 2907 3552 advenerat,
2959 3487 3017 3539 et
3059 3499 3190 3538 ecce
3233 3483 3452 3555 gemini
3503 3483 3560 3538 in
3595 3490 3760 3539 utero

2098 3573 2225 3640 ejus
2275 3571 2486 3641 reperti
2524 3577 2681 3628 sunt.
2736 3573 2844 3640 Qui
2897 3573 3054 3644 prior
3094 3588 3368 3644 egressus
3417 3577 3526 3639 est,
3579 3573 3751 3628 rufus

2096 3665 2238 3728 erat,
2265 3666 2323 3717 et
2349 3667 2508 3717 totus
2536 3661 2595 3716 in
2645 3679 2864 3718 morem
2908 3662 3078 3734 pellis
3110 3662 3382 3733 hispidus
3407 3679 3420 3718 :
3444 3668 3748 3718 vocatum-

2099 3766 2212 3822 que
2239 3755 2328 3806 est
2359 3767 2568 3806 nomen
2601 3752 2730 3823 ejus
2755 3757 2924 3807 Esau.
2952 3752 3223 3807 Protinus
3253 3751 3401 3807 alter
3424 3751 3756 3824 egrediens,

2101 3839 2360 3911 plantam
2394 3841 2591 3895 fratris
2615 3842 2853 3897 tenebat
2887 3857 3088 3908 manu,
3122 3847 3178 3896 et
3199 3841 3417 3897 idcirco
3440 3840 3764 3912 appellavit

2099 3953 2232 3993 eum
2264 3937 2464 3994 Jacob.
2511 3939 2936 4012 Sexagenarius
2966 3944 3109 4007 erat,
3145 3942 3307 3995 Isaac
3337 3939 3576 4010 quando
3637 3938 3762 3994 nati

2100 4032 2240 4082 sunt
2269 4029 2316 4080 ei
2353 4027 2598 4099 parvuli.
2633 4029 2858 4092 Quibus
2890 4028 3131 4096 adultis,
3158 4030 3347 4084 factus
3368 4035 3455 4083 est
3491 4029 3641 4084 Esau
3674 4029 3762 4084 vir

2100 4132 2321 4188 gnarus
2353 4119 2625 4186 venandi,
2658 4124 2714 4173 et
2764 4118 2940 4173 homo
2988 4117 3282 4189 agricola:
3335 4118 3519 4174 Jacob
3568 4127 3761 4174 aulam

2099 4207 2183 4262 vir
2214 4205 2463 4278 simplex
2486 4207 2793 4264 habitabat
2814 4206 2872 4262 in
2896 4207 3312 4264 tabernaculis.
3338 4209 3498 4263 Isaac
3527 4209 3763 4263 amabat

2171 4366 2199 4440 ’ί
2231 4366 2523 4423 Locushic
2546 4368 2796 4439 insignis
2827 4368 2982 4440 apud
3004 4367 3421 4440 Hieronymum
3466 4367 3524 4440 in
3559 4367 3760 4435 Quaest.

2103 4439 2406 4504 Hebraicis,
2438 4440 2535 4494 ubi
2569 4447 2758 4496 totum
2795 4439 2911 4496 fere
2963 4439 3289 4510 capitulum
3321 4439 3476 4494 istud
3509 4455 3638 4494 xm
3670 4455 3764 4494 re-

2105 4511 2321 4576 citans,
2353 4512 2586 4567 easdem
2622 4512 2774 4568 sacri
2822 4516 3128 4567 contextus
3176 4511 3495 4566 divisiones
3526 4516 3765 4566 secutus

339 4571 588 4654 Abrahie
613 4573 864 4654 deﬁcere
893 4581 948 4654 et
980 4577 1273 4633 imminui.
1299 4571 1407 4634 Sed
1432 4581 1741 4654 tuncludit
1770 4583 1824 4654 in
1850 4583 1992 4638 alle-
2025 4573 2071 4638 D
2102 4571 2352 4647 videtur,
2402 4600 2552 4654 quas
2603 4585 2661 4638 in
2713 4584 2821 4638 hoc
2864 4601 3037 4654 opere
3085 4599 3114 4638 e
3147 4600 3290 4639 mss.
3325 4582 3491 4638 libris
3522 4581 3764 4637 exhibe-

338 4645 540 4722 goriis,
573 4651 629 4722 et
658 4648 1010 4722 anagogicos
1061 4667 1269 4722 sensus
1317 4653 1692 4722 prosequitur
1719 4672 1732 4720 ;
1766 4653 1859 4708 hic
1891 4672 1992 4712 au-

339 4720 458 4770 tem
493 4717 669 4772 verba
693 4717 1002 4795 Scriptura:
1037 4721 1207 4791 plena
1259 4717 1389 4784 lide.
1427 4717 1780 4795 ut'optimus
1811 4727 1992 4782 inter—

341 4803 493 4866 pres2
526 4793 831 4866 expressit.
861 4794 1048 4866 Quare
1070 4802 1212 4854 n73“
1243 4803 1382 4858 νῚλτῚ
1413 4793 1631 4866 υαίὶρὶια
1664 4797 1992 4864 vaiiamoth,

338 4860 498 4986 quod
530 4859 700 4916 hodie
733 4863 788 4916 in
843 4865 1082 4920 Hebraeo
1141 4866 1442 4948 legimust
1467 4859 1898 4950 interpretatur,
1933 4859 1994 4927 Et

375 4932 593 4986 εῆειεης
640 4939 889 4986 mortuus
937 4941 1032 4986 est.
1089 4939 1264 4986 Addit
1312 4939 1580 4986 minililur
1652 4941 1862 4986 ili/erum
1919 4943 1987 4986 ml

375 4932 593 4996 eiiciens
634 4939 889 5008 mortuus
937 4941 1032 4991 est.
1089 4932 1264 4991 Addit
1312 4932 1896 5008 sirhililerﬁdierum,
1919 4943 1990 4998 ad

339 5020 536 5083 vocem
587 5006 1004 5083 plenusretsi
1033 5009 1091 5063 in
1143 5015 1320 5083 textu,
1355 5022 1488 5074 mw
1535 5006 1695 5068 sabea
1738 5006 1989 5083 tantum,

430 5080 516 5130 est
567 5075 727 5150 satur
765 5081 850 5134 vel
886 5081 1102 5150 plenus,
1151 5081 1399 5150 legatur.
1452 5083 1661 5138 Confer
1704 5084 1816 5140 ista
1855 5075 1988 5142 cum

337 5148 673 5229 Hieronymi
729 5147 1274 5229 commentariis_in
1309 5171 1488 5229 cap._i
1531 5156 1859 5229 Sophoniie.
1894 5158 1990 5214 ubi

333 5222 509 5342 ἕξει-δε
559 5220 660 5277 illa
712 5225 942 5295 probat,
1000 5240 1126 5295 quas
1186 5223 1279 5279 hic
1340 5220 1490 5282 male
1557 5220 1754 5284 addita
1826 5232 1987 5286 dicit.

389 5308 518 5342 ART.

389 5308 518 5346 ΛΒΤ.

403 5364 785 5439 aii-Ebrinus
817 5368 1048 5436 proprie
1071 5366 1265 5432 habet,
1299 5369 1620 5439 Exspiravit
1665 5377 1716 5426 et
1747 5379 1989 5431 mortuus

333 5438 432 5489 est.
462 5433 600 5491 Vide
644 5433 844 5506 Quaest.
899 5439 1149 5495 Ilcbraz'c.
1200 5445 1257 5494 et
1287 5433 1552 5510 qure'nos
1586 5443 1662 5498 ibi
1716 5446 1985 5503 observa-

335 5521 519 5661 Tgslh
574 5579 827 5653 Vulgata
872 5583 1145 5661 editione.
1200 5581 1262 5661 Et
1307 5584 1448 5652 [acti
1489 5589 1616 5642 sunt
1661 5590 1822 5661 anni,
1872 5594 1983 5647 etc.

333 5648 612 5708 Hebraeus
642 5648 748 5714 uia
776 5664 924 5719 nam
960 5658 1014 5713 et
1031 5654 1094 5712 hi
1110 5656 1269 5725 anni,
1303 5648 1411 5713 etc.

2106 4670 2279 4722 mus;
2313 4653 2578 4726 agnoscit
2625 4656 2781 4710 enim
2833 4653 3064 4710 extema
3113 4670 3242 4710 esse
3291 4654 3531 4725 capituli
3561 4653 3763 4726 verba,

2105 4743 2232 4798 quas
2265 4743 2400 4781 vere
2431 4727 2536 4782 hoc
2569 4727 2692 4782 loco
2729 4733 2988 4782 extrema
3018 4733 3176 4782 sunt.
3229 4727 3326 4780 Ait
3353 4727 3572 4798 igitur:
3611 4725 3762 4793 Quod

2103 4803 2289 4853 autem
2340 4800 2398 4852 in
2427 4804 2678 4854 mtrem!)
2729 4799 2890 4868 huius
2934 4800 3178 4868 capituli
3204 4799 3364 4866 iuxta
3407 4799 3764 4867 Septuaginta

2104 4869 2338 4940 legimus
2362 4908 2374 4922 .
2407 4872 2615 4926 Contra
2655 4871 2857 4925 faciem
2897 4870 3143 4925 fratrum
3179 4887 3416 4925 suorum
3455 4868 3761 4935 habitavit,

2101 4941 2285 5018 verius
2317 4942 2565 5018 estquod
2595 4944 3047 5018 nosgposuimus:
3099 4947 3301 5018 Coram
3336 4942 3613 5018 omnibus
3649 4942 3764 5018 fra-

2102 5015 2291 5068 tribus
2319 5013 2443 5068 suis
2470 5016 2763 5079 occubuit,
2799 5016 2855 5068 id
2883 5020 2977 5069 est.
3016 5016 3073 5067 in
3109 5017 3366 5068 manilius
3397 5015 3643 5068 omnium
3699 5013 3758 5066 ﬁ-

2103 5088 2305 5140 liarum
2357 5092 2606 5139 morluus
2653 5095 2747 5147 est,
2801 5093 2908 5141 etc.
2964 5087 3072 5140 Sed
3123 5101 3193 5140 ne
3247 5091 3442 5140 lucum
3478 5085 3765 5138 faciamus

2077 5157 2350 5211 .candido
2387 5157 2603 5214 lectori.
2658 5158 2910 5229 ingenue
2959 5159 3210 5212 fatemur
3239 5157 3496 5228 capitula
3527 5155 3763 5210 indiffe-

2100 5235 2295 5302 renter
2323 5231 2396 5283 ab
2428 5232 2780 5302 Hieronymo
2814 5232 3022 5294 vocari,
3074 5245 3439 5302 quaecunque
3483 5242 3762 5302 versuum

2101 5301 2248 5364 cola,
2281 5307 2339 5354 et
2367 5298 2666 5356 commata
2692 5298 3154 5369 Scripturarum,
3191 5318 3316 5371 qua:
3349 5298 3476 5355 suis
3507 5301 3632 5371 ipse
3661 5298 3762 5371 lu-

2097 5373 2540 5428 cubrationibus
2595 5374 2982 5438 intermiscet,
3025 5390 3090 5428 ac
3140 5370 3579 5428 commentariis
3623 5370 3764 5424 illu-

2097 5451 2265 5505 strat.
2315 5457 2370 5497 ut
2409 5445 2557 5499 infra
2593 5447 2648 5499 in
2704 5445 2866 5500 libris
2918 5447 3094 5510 Qua’st
3143 5445 3542 5499 Hebrairarum
3595 5446 3765 5497 vocat

2099 5515 2450 5585 capitulum,
2503 5517 2855 5572 versiculum
2908 5518 2975 5570 24
3024 5518 3235 5588 capitis
3277 5533 3446 5572 xxxv1
3479 5513 3610 5570 libri
3645 5513 3757 5570 Ge-

2095 5588 2272 5645 nesis.
2307 5587 2557 5646 Consule
2585 5589 2801 5648 locum.
2837 5589 3020 5646 Mam.
