4080 6186
22 5549 90 6186 ἰ

272 355 383 410 229

281 1199 426 1254 cob:
480 1197 630 1253 Jura
677 1213 809 1267 ergo
861 1196 1028 1252 mihi.
1077 1197 1299 1254 Iuravit
1331 1197 1542 1263 Esau',

282 668 398 718 tem
448 660 630 717 Jacob
689 659 1081 731 pulmentum,
1124 659 1194 713 ad
1258 675 1430 730 quem
1489 675 1623 713 cum
1683 657 1936 713 venisset

280 752 430 807 Esau
468 751 538 806 de
570 765 707 822 agro
739 748 958 814 lassus,
985 747 1103 803 ait:
1139 748 1221 802 Da
1254 747 1395 802 mihi
1430 749 1500 803 de
1532 750 1794 803 coctione
1825 747 1935 802 hac

286 842 438 905 rufa,
474 840 614 911 quia
658 838 873 910 oppido
925 839 1118 894 lassus
1172 855 1324 893 sum.
1378 840 1560 904 Quam
1591 839 1663 893 ob
1694 852 1934 894 causam

290 936 563 985 vocatum
616 933 704 983 est
737 944 946 982 nomen
1007 928 1138 998 ejus
1172 928 1371 983 Edom.
1404 929 1503 982 Cui
1539 928 1682 982 dixit
1710 927 1889 982 Jacob
1919 942 1932 980 :

281 1020 484 1075 Vende
516 1017 659 1074 mihi
712 1019 1096 1088 primogenita
1139 1023 1260 1072 tua.
1316 1017 1412 1073 llle
1461 1017 1809 1089 respondit:
1857 1017 1936 1070 En

284 1109 527 1172 morior,
557 1107 694 1179 quid
733 1106 876 1162 mihi
911 1107 1228 1177 proderunt
1253 1107 1646 1179 primogenita
1665 1106 1692 1161 ‘I
1716 1106 1808 1160 Ait
1835 1106 1936 1161 Ja-

1589 1203 1648 1251 et
1677 1195 1940 1250 vendidit

283 1287 700 1361 primogenita.
731 1286 801 1341 Et
831 1285 915 1342 sic
947 1290 1183 1358 accepto
1235 1302 1385 1357 pane
1428 1290 1485 1341 et
1515 1285 1690 1341 lentis
1722 1284 1939 1350 edulio,

283 1382 342 1434 et
390 1376 671 1446 comedit,
719 1381 777 1432 et
807 1375 974 1441 bibit,
1025 1380 1083 1431 et
1112 1374 1277 1446 abiit,
1326 1375 1758 1448 parvipendens
1788 1372 1941 1446 quod

287 1467 682 1540 primogenita
708 1466 1094 1522 vendidisset.

359 1559 444 1629 [Ο.
479 1555 730 1623 XLVIII,
765 1555 895 1626 Cap.
928 1553 1162 1627 XXVI.]
1194 1555 1332 1611 Orta
1361 1559 1558 1611 autem
1593 1557 1744 1612 fame
1767 1570 1946 1627 super

287 1652 540 1711 terram,
591 1649 720 1718 post
769 1661 897 1700 eam
951 1643 1317 1701 sterilitatem
1370 1661 1494 1716 quae
1544 1644 1836 1701 acciderat
1884 1643 1944 1698 in

284 1737 507 1791 diebus
539 1734 860 1799 Abraham,
892 1733 1037 1788 abiit
1085 1738 1246 1790 Isaac
1283 1734 1355 1789 ad
1390 1733 1716 1790 Abimelech
1750 1749 1944 1805 regem

289 1824 744 1880 Pbilistinorum
780 1825 838 1878 in
871 1824 1104 1880 Gerara.
1140 1824 1228 1896 [T.
1262 1823 1384 1889 XX,
1417 1823 1478 1878 Β.
1511 1823 1718 1900 ΧΧΧ.]
1752 1829 1943 1895 Appa-

290 1915 540 1986 ruitque
562 1915 612 1970 ei
652 1913 960 1980 Dominus,
994 1918 1049 1969 et
1071 1914 1189 1969 ait:
1223 1913 1304 1969 Ne
1336 1915 1660 1970 descendas
1692 1914 1750 1968 in
1781 1917 1950 1985 [Egy-

298 2010 499 2078 ptum,
524 2004 624 2059 sed
647 2004 882 2076 quiesce
912 2004 970 2058 in
1001 2008 1158 2059 terra
1187 2020 1364 2075 quam
1396 2003 1594 2058 dixero
1619 2003 1746 2058 tibi.
1772 2003 1840 2058 Et
1862 2017 1957 2074 pe-

301 2095 612 2166 regrinare
643 2095 702 2147 in
735 2110 821 2160 ea,
855 2109 1068 2164 eroque
1108 2097 1325 2161 tecum,
1352 2099 1410 2148 et
1442 2093 1775 2148 benedicam
1807 2091 1952 2146 tibi:

298 2183 409 2238 tibi
443 2182 602 2238 enim
647 2187 706 2237 et
752 2182 962 2238 semini
1015 2188 1115 2238 tuo
1153 2181 1304 2238 dabo
1355 2181 1658 2237 universas
1690 2183 1954 2254 regiones

300 2272 432 2342 bas,
465 2269 772 2342 complens
798 2272 1204 2343 juramentum
1239 2272 1393 2342 quod
1446 2271 1735 2344 spopondi
1767 2271 1954 2326 Abra-

293 2361 436 2417 ham
476 2361 631 2433 patri
660 2366 780 2416 tuo.
817 2361 886 2415 Et
918 2360 1323 2432 multiplicabo
1356 2376 1553 2417 semen
1580 2347 1773 2429 tuum,
1801 2361 1956 2416 sicut

295 2452 507 2506 stellas
538 2450 706 2518 caeli;
759 2450 1030 2521 daboque
1078 2450 1324 2522 posteris
1368 2450 1489 2507 tuis
1525 2453 1829 2507 universas
1862 2466 1955 2506 re-

293 2540 505 2612 giones
537 2539 664 2606 has,
699 2544 756 2594 et
804 2538 1225 2595 benedicentur
1270 2540 1327 2594 in
1361 2539 1587 2596 semine
1618 2545 1718 2596 tuo
1749 2553 1955 2594 omnes

296 2634 506 2701 gentes
566 2633 754 2697 terrae,
815 2644 884 2684 eo
941 2629 1097 2700 quod
1155 2629 1442 2684 obedierit
1499 2629 1799 2685 Abraham
1829 2627 1955 2684 voci

301 2734 473 2788 meae,
509 2722 564 2772 et
594 2717 937 2772 custodierit
989 2723 1276 2792 praecepta
1323 2723 1380 2774 et
1410 2720 1689 2774 mandata
1719 2735 1869 2785 mea,
1901 2721 1957 2774 et

299 2805 686 2863 caeremonias
741 2805 1019 2880 legesque
1087 2808 1424 2864 servaverit.
1485 2808 1702 2864 Mansit
1758 2809 1956 2880 itaque

300 2900 470 2954 Isaac
503 2895 562 2952 in
611 2895 862 2952 Geraris.
913 2896 1020 2964 Qui
1066 2913 1200 2954 cum
1252 2897 1715 2970 interrogaretur
1753 2914 1788 2953 a
1817 2897 1957 2956 viris

299 2986 419 3041 loci
454 2985 618 3041 illius
660 3003 838 3058 super
869 3002 1046 3041 uxore
1075 3003 1203 3054 sua,
1255 2987 1593 3058 respondit:
1625 2991 1798 3043 Soror
1827 3002 1960 3042 mea

303 3083 395 3132 est
422 3091 436 3130 ε
463 3075 745 3130 timuerat
772 3075 929 3130 enim
953 3075 1216 3132 confiteri
1247 3077 1402 3148 quod
1425 3075 1538 3131 sibi
1559 3081 1712 3132 esset
1741 3075 1960 3132 sociata

1604 309 1605 312 γ
1690 353 1907 410 mean
1941 353 2269 410 GENESIS.
3579 358 3688 415 230

276 484 453 546 Esau,
485 497 551 537 eo
582 479 734 550 quod
785 480 857 535 de
897 477 1304 534 venationibus
1351 477 1513 534 illius
1541 483 1875 534 vesceretur
1905 495 1919 546 ;
1950 494 2002 560 Α
2034 481 2300 550 taretque
2329 477 2409 532 ibi
2437 493 2451 532 :
2505 494 2854 550 rursumque
2900 481 3045 538 fodit
3091 481 3238 539 alios
3268 488 3498 557 puteos,
3531 502 3680 559 quos

272 579 328 630 et
363 572 624 628 Rebecca
674 568 955 640 diligebat
1005 568 1207 624 Jacob.
1263 569 1347 641 [Β.
1403 568 1586 640 ΧΧΧ.]
1631 567 1798 624 Coxit
1828 585 1931 623 au-

2042 569 2310 623 foderant
2360 568 2507 623 servi
2560 570 2744 639 patris
2792 569 2883 625 sui
2932 571 3251 642 Abraham,
3303 583 3358 628 et
3388 591 3560 648 quos,
3591 577 3690 633 illo

2044 657 2471 723 mortuo,.olim
2523 657 2934 714 obstruxerant
2983 661 3382 733 Philisthiim;
3425 666 3688 737 appella-

2043 747 2238 817 vitque
2263 763 2360 801 eos
2383 745 2590 801 iisdem
2618 749 2956 806 nominibus
2985 752 3201 822 quibus
3231 758 3366 810 ante
3397 763 3564 826 pater
3589 773 3690 812 vo-

2045 841 2294 892 caverat.
2359 836 2764 908 Foderuntque
2820 839 2878 893 in
2938 843 3195 897 torrente
3237 847 3293 897 et
3346 850 3689 915 repererunt
3736 907 3744 915 _

2045 942 2259 996 aquam
2317 925 2524 980 vivam.
2561 926 2670 981 Sed
2722 933 2777 982 et
2808 927 2885 982 ibi
2925 929 3192 1001 jurgium
3225 931 3336 986 fuit
3384 940 3685 1004 pastorum

2045 1014 2270 1070 Geraraa
2319 1016 2626 1070 adversum
2665 1022 2928 1086 pastores
2977 1019 3154 1088 Isaac,
3200 1020 3545 1089 dicentium,
3577 1028 3690 1080 No-

2048 1110 2170 1159 stra
2211 1110 2298 1159 est
2327 1122 2500 1176 aqua.
2556 1105 2738 1168 Quam
2791 1110 2862 1160 ob
2904 1123 3024 1162 rem
3077 1125 3286 1165 nomen
3338 1113 3494 1182 putei
3525 1129 3593 1168 ex
3623 1129 3691 1169 eo

2049 1195 2201 1265 quod
2252 1195 2564 1260 acciderat,
2614 1196 2834 1250 vocavit
2877 1195 3266 1254 Calumniam.
3313 1199 3608 1257 Fuderunt
3638 1207 3698 1259 et

2049 1283 2254 1346 alium.
2287 1288 2342 1338 et
2373 1301 2476 1354 pro
2523 1283 2624 1339 illo
2666 1302 2898 1356 quoque
2943 1286 3110 1341 rixati
3156 1292 3313 1356 sunt,
3349 1289 3696 1362 appellavit-

2049 1388 2164 1443 que
2193 1389 2330 1427 eum
2365 1372 2709 1428 Inimicitias
2731 1374 2773 1428 9.
2825 1374 3122 1431 Profectus
3175 1376 3311 1433 inde
3342 1378 3484 1434 fodit
3515 1379 3697 1437 alium

2054 1458 2315 1533 puteum,
2350 1479 2452 1534 pro
2485 1478 2600 1533 quo
2633 1479 2747 1518 non
2777 1466 3226 1536 contenderunt,
3252 1466 3450 1538 itaque
3477 1469 3704 1526 vocavit

2053 1566 2268 1606 nomen
2298 1551 2448 1620 ejus,
2484 1551 2781 1620 Latitudo,
2812 1552 3035 1610 dicens.
3076 1554 3243 1610 Nunc
3293 1557 3561 1613 dilatavit
3593 1575 3699 1616 nos

2053 1639 2426 1708 Dominus,et
2441 1640 2843 1697 fecitcrescere
2855 1658 2963 1697 nos
2979 1649 3402 1714 superterram.
3419 1647 3509 1719 {T.
3526 1647 3700 1720 XXI.]

2055 1729 2331 1784 Ascendit
2347 1735 2541 1814 autem
2573 1747 2642 1785 ex
2669 1729 2771 1785 illo
2801 1729 2926 1786 loco
2957 1731 3016 1787 in
3049 1733 3354 1805 Bersabee,
3390 1736 3488 1791 ubi
3519 1754 3702 1810 appa-

2060 1819 2177 1873 ruit
2205 1820 2254 1874 ei
2307 1818 2590 1874 Dominus
2623 1820 2680 1874 in
2728 1820 2857 1892 ipsa
2915 1827 3102 1900 nocte,
3151 1823 3373 1882 dicens.
3422 1827 3540 1898 Ego
3570 1843 3702 1883 sum

2067 1912 2218 1963 Deus
2242 1908 2529 1963 Abraham
2554 1912 2738 1980 patris
2761 1910 2871 1976 tui,
2896 1910 3010 1965 noli
3037 1918 3316 1980 metuere,
3341 1914 3479 1985 quia
3510 1922 3705 1972 tecum

2063 2013 2221 2067 sum,
2274 2002 2332 2052 et
2377 1997 2716 2054 benedicam
2768 1999 2898 2065 tibi,
2951 2005 3008 2056 et
3058 2002 3460 2074 multiplicabo
3505 2022 3704 2062 semen

2061 2092 2230 2142 tuum
2291 2091 2530 2159 propter
2586 2104 2816 2143 servum
2873 2104 3067 2145 meum
3126 2092 3442 2149 Abraham.
3504 2095 3709 2166 Itaque

2065 2178 2372 2232 aedificavit
2425 2176 2501 2231 ibi
2536 2176 2737 2243 altare,
2786 2183 2845 2233 et
2873 2177 3139 2236 invocato
3178 2182 3416 2238 nomine
3446 2183 3707 2251 Domini,

2063 2267 2324 2322 extendit
2353 2266 2822 2332 tabernaculum,
2859 2273 3247 2341 praecepitque
3275 2271 3460 2327 servis
3490 2272 3616 2329 suis
3649 2277 3712 2329 ut

2063 2357 2326 2412 foderent
2359 2363 2618 2426 puteum.
2644 2357 2723 2412 Ad
2756 2374 2929 2429 quem
2961 2357 3150 2414 locum
3185 2376 3320 2416 cum
3355 2362 3612 2418 venisset
3639 2365 3712 2420 de

2065 2443 2320 2512 Geraris,
2381 2444 2744 2512 Abimelech,
2805 2451 2864 2501 et
2911 2446 3173 2504 Ohuzath
3219 2451 3395 2520 [Vulg.
3429 2450 3713 2522 Ohozath]

2065 2534 2292 2590 amicus
2323 2532 2505 2601 illius,
2535 2539 2593 2590 et
2623 2534 2883 2600 Phichol,
2917 2537 3036 2592 dux
3067 2537 3341 2608 militum,
3370 2539 3603 2596 locutus
3629 2545 3716 2597 est

2064 2624 2149 2680 eis
2198 2623 2379 2680 Isaac.
2434 2624 2581 2690 Quid
2631 2623 2872 2682 venistis
2919 2627 2991 2682 ad
3042 2642 3155 2695 me,
3199 2627 3500 2684 hominem
3533 2647 3708 2702 quem

2065 2715 2274 2772 odistis
2319 2720 2377 2770 et
2417 2715 2725 2787 expulistis
2757 2733 2792 2772 a
2835 2715 3048 2774 vobis?
3088 2717 3196 2783 Qui
3229 2721 3661 2790 responderunt
3693 2737 3707 2776 :

2062 2804 2335 2860 Vidimus
2383 2808 2574 2860 tecum
2626 2821 2756 2860 esse
2812 2805 3151 2874 Dominum,
3202 2811 3259 2863 et
3307 2808 3522 2865 idcirco
3553 2826 3712 2866 nunc

2065 2895 2261 2968 [Vulg.
2313 2894 2441 2964 nos]
2490 2895 2766 2950 diximus.
2815 2894 2902 2950 Sit
2935 2897 3341 2966 juramentum
3391 2899 3544 2954 inter
3580 2916 3712 2970 nos,

2066 2989 2123 3039 et
2169 2983 2442 3039 ineamus
2491 2984 2704 3051 fmdus,
2737 2989 2804 3040 ut
2846 3001 2962 3040 non
3015 2985 3194 3041 facias
3226 2987 3397 3043 nobis
3427 2989 3712 3060 quiddam

2068 3072 2230 3140 mali,
2264 3073 2416 3130 sicut
2445 3078 2502 3129 et
2549 3091 2658 3129 nos
2686 3073 2832 3130 nihil
2861 3079 3098 3131 tuorum
3138 3076 3466 3148 attigimus,
3499 3094 3604 3134 nec
3631 3079 3716 3134 fe-

304 3167 438 3236 conj
451 3165 609 3236 ugio,
642 3171 922 3237 reputans
953 3181 1025 3220 ne
1063 3166 1209 3221 forte
1238 3166 1630 3222 interficerent
1656 3182 1791 3222 eum
1824 3182 1959 3238 pro-
2008 3237 2015 3238 ί
2070 3163 2262 3219 cimus
2291 3162 2446 3234 quod
2478 3168 2533 3218 te
2583 3162 2836 3228 laederet,
2888 3164 2989 3220 sed
3041 3180 3173 3221 cum
3214 3181 3355 3238 pace
3385 3167 3721 3225 dimisimus

305 3263 439 3328 pter
470 3253 635 3310 illius
659 3252 1179 3326 pulchritudinem.
1209 3253 1473 3326 Cumque
1505 3237 1963 3328 pet-transissent
1991 3237 2036 3309 C
2073 3256 2310 3309 auctum
2343 3252 2752 3309 benedictione
2775 3254 3025 3309 Domini.
3053 3237 3374 3328 Fecitergo
3405 3256 3493 3313 eis
3526 3258 3722 3314 convi-

306 3345 432 3400 dies
485 3342 752 3414 plurimi,
802 3348 860 3399 et
907 3341 1125 3399 ibidem
1186 3348 1518 3400 moraretur
1553 3363 1568 3413 ;
1602 3345 1966 3416 prospiciens

309 3431 680 3500 Abimelech,
715 3431 1156 3488 Pbilistinorum
1182 3449 1300 3503 rex,
1325 3449 1426 3505 per
1455 3434 1791 3502 fenestram,
1822 3434 1969 3490 vidit

311 3541 445 3580 eum
465 3523 773 3596 jocautem
807 3538 940 3577 cum
995 3521 1277 3593 Rebecca,
1311 3539 1486 3579 uxore
1518 3539 1645 3579 sua.
1679 3524 1746 3578 Et
1774 3539 1967 3580 accer-

313 3615 447 3681 sito,
487 3614 612 3670 ait:
664 3612 1048 3685 Perspicuum
1099 3619 1189 3669 est
1236 3614 1392 3685 quod
1435 3630 1580 3670 uxor
1609 3619 1711 3670 tua
1738 3613 1835 3683 sit,
1867 3630 1972 3670 cur

319 3704 616 3760 mentitus
646 3718 710 3757 es
745 3719 872 3758 eam
909 3718 1166 3758 sororem
1213 3708 1374 3758 tuam
1408 3703 1580 3759 esse?
1611 3703 1968 3775 Respondit:

317 3792 518 3849 Timui
551 3805 626 3846 ne
675 3807 933 3847 morerer
979 3795 1216 3863 propter
1245 3807 1394 3847 eam.
1441 3791 1712 3863 Dixitque
1741 3792 1973 3847 Abime-

319 3883 485 3938 lech:
521 3882 715 3944 Quare
764 3881 1098 3952 imposuisti
1149 3880 1365 3936 nobis?
1417 3880 1605 3953 potuit
1632 3880 1786 3936 coire
1814 3881 1975 3952 quis-

325 3974 482 4045 piam
516 3972 592 4026 de
626 3969 843 4042 populo
895 3986 1027 4025 cum
1065 3987 1240 4025 uxore
1291 3975 1412 4036 tua,
1445 3976 1502 4026 et
1533 3971 1846 4026 induxeras
1877 3987 1975 4026 su-

324 4079 422 4130 per
445 4077 558 4116 nos
580 4059 805 4132 grande
824 4058 1546 4130 peccatum.Pra3cepitque
1563 4059 1720 4114 omni
1739 4060 1977 4130 populo,

323 4154 562 4208 dicens:
599 4147 709 4212 Qui
741 4148 997 4219 tetigerit
1020 4147 1280 4204 hominis
1305 4148 1481 4218 hujus
1510 4163 1769 4215 uxorem,
1795 4153 1980 4203 morte

323 4237 795 4298 morietur.8evit
825 4242 1022 4293 autem
1051 4237 1212 4294 Isaac
1243 4237 1302 4292 in
1337 4244 1491 4293 terra
1516 4237 1638 4303 illa,
1669 4243 1726 4293 et
1755 4235 1982 4292 invenit

325 4331 379 4386 in
411 4330 546 4402 ipso
574 4344 731 4384 anno
762 4326 1102 4400 centuplum
1129 4343 1141 4381 :
1167 4326 1580 4399 benedixitque
1601 4326 1653 4382 ei
1673 4325 1977 4382 Dominus.

322 4421 390 4476 Et
420 4415 822 4487 locupletatus
864 4423 952 4472 est
983 4416 1180 4485 homo,
1212 4421 1271 4472 et
1308 4415 1433 4473 ibat
1463 4417 1774 4488 proficiens
1803 4420 1982 4488 atque

320 4523 729 4573 succrescens,
785 4505 970 4562 donec
1019 4522 1272 4578 magnus
1323 4506 1698 4563 vehementer
1738 4505 1981 4562 effectus

2073 3341 2260 3412 vium,
2310 3345 2367 3396 et
2395 3346 2528 3412 post
2553 3341 2752 3398 cibum
2803 3347 2862 3398 et
2910 3347 3137 3414 potum,
3182 3351 3492 3418 surgentes
3523 3363 3717 3414 mane,

2069 3431 2422 3502 juraverunt
2451 3430 2565 3486 sibi
2597 3437 2826 3499 mutuo,
2878 3431 3221 3506 dimisitque
3247 3450 3346 3492 eos
3378 3437 3540 3492 lsaac
3570 3436 3724 3510 paci-

2073 3520 2184 3576 ﬁce
2213 3519 2271 3575 in
2303 3518 2496 3576 locum
2529 3537 2726 3576 suum.
2765 3521 2905 3577 Ecce
2953 3526 3149 3579 autem
3188 3529 3474 3581 venerunt
3505 3527 3562 3581 in
3595 3527 3723 3598 ipso

2079 3609 2172 3664 die
2203 3607 2356 3664 servi
2403 3610 2586 3680 Isaac,
2638 3611 3058 3669 annuntiantes
3107 3612 3160 3668 ei
3205 3614 3276 3670 de
3325 3620 3499 3687 puteo
3549 3632 3726 3687 quem

2081 3699 2370 3768 foderant,
2404 3702 2578 3770 atque
2614 3700 2894 3756 dicentes.
2933 3702 3269 3759 Invenimus
3295 3721 3532 3776 aquam.
3569 3705 3730 3761 Unde

2082 3786 2394 3858 appellavit
2413 3803 2570 3849 eum,
2597 3790 3058 3860 Abundantium,
3080 3797 3138 3847 et
3160 3809 3370 3848 nomen
3397 3793 3526 3849 urbi
3550 3793 3732 3865 impo-

2084 3877 2266 3933 situm
2318 3882 2407 3932 est
2436 3877 2740 3946 Bersabee,
2803 3895 2991 3951 usque
3049 3880 3110 3935 in
3170 3889 3516 3953 presentem
3553 3883 3731 3938 diem.

2083 3971 2238 4022 Esau
2270 3982 2402 4021 vero
2425 3968 2928 4038 quadragenarius
2953 3969 3124 4024 duxit
3145 3986 3374 4040 uxores,
3405 3970 3629 4040 .Iudith,
3661 3971 3734 4026 ﬂ-

2084 4054 2222 4110 liam
2249 4056 2402 4112 Beeri
2444 4056 2708 4125 Hetthaai,
2742 4062 2797 4113 et
2818 4058 3150 4125 Basemath,
3185 4059 3363 4116 filiam
3397 4061 3538 4117 Elon
3569 4062 3730 4132 ejus-

2088 4146 2220 4200 dem
2250 4144 2520 4218 loci,quaa
2552 4146 2737 4201 ambae
2785 4147 3150 4204 offenderant
3187 4148 3451 4206 animum
3485 4151 3645 4206 Isaac
3673 4153 3733 4206 et

2088 4234 2380 4290 Rebeccae.

2163 4328 2242 4391 [Τ.
2298 4323 2468 4388 ΧΧΙΙ,
2521 4323 2585 4379 Β.
2636 4323 2857 4394 XXXII,
2905 4327 2966 4382 c.
3019 4327 3274 4384 XLVIII.
3319 4330 3444 4400 Cap.
3482 4328 3728 4401 xxvu.]

2089 4413 2294 4470 Senuit
2324 4418 2519 4469 autem
2556 4414 2737 4480 Isaac,
2785 4418 2842 4470 et
2870 4414 3267 4488 caligaverunt
3303 4417 3455 4473 oculi
3485 4419 3636 4489 ejus.
3669 4423 3733 4474 ut

2088 4503 2282 4559 videre
2314 4520 2429 4559 non
2460 4507 2720 4574 poterat:
2772 4503 3108 4577 vocavitque
3153 4507 3302 4562 Esau
3340 4507 3524 4563 filium
3556 4524 3731 4563 suum

321 4606 453 4657 est:
491 4596 704 4654 habuit
734 4611 964 4667 quoque
995 4595 1394 4668 possessiones
1436 4596 1631 4651 ovium
1664 4599 1720 4651 et
1749 4611 1980 4650 armen-
2012 4617 2058 4683 D
2091 4593 2396 4683 majorem,
2428 4597 2486 4648 et
2514 4592 2777 4683 dixitei:
2815 4591 2915 4683 Fili
2952 4593 3068 4683 mil
3103 4595 3210 4660 Qui
3244 4596 3583 4668 respondit:
3617 4595 3736 4651 Ad-

325 4697 554 4752 torum,
584 4690 643 4741 et
689 4683 920 4740 familia:
952 4684 1296 4755 plurimum.
1320 4684 1404 4740 Ob
1436 4684 1545 4740 hoc
1575 4685 1899 4740 invidentes
1929 4683 1982 4738 ei

321 4775 657 4844 Philistini,
691 4789 898 4829 omnes
946 4777 1170 4845 puteos,
1212 4789 1360 4844 quos
1409 4773 1673 4830 foderant
1702 4773 1852 4830 servi
1884 4789 1984 4844 pa-

325 4867 440 4923 tris
487 4864 654 4920 illius
703 4861 1020 4930 Abraham,
1070 4860 1171 4917 illo
1238 4867 1498 4934 tempore
1545 4862 1982 4931 obstruxerunt,

319 4955 656 5030 implentes
688 4952 888 5019 humo,
922 4951 980 5006 in
1016 4954 1268 5017 tantum,
1301 4952 1513 5024 utipse
1541 4951 1873 5008 Abimelech
1906 4951 1988 5007 di-

314 5053 493 5104 ceret
525 5043 599 5098 ad
652 5041 850 5097 Isaac:
904 5039 1126 5096 Recede
1173 5057 1206 5095 a
1240 5041 1430 5109 nobis,
1470 5040 1744 5112 quoniam
1779 5046 1986 5114 poten-

313 5138 452 5192 tior
504 5131 693 5187 nostri
741 5129 938 5202 [γαίῃ.
994 5127 1187 5202 nobis}
1235 5130 1422 5186 factus
1469 5146 1531 5187 es
1562 5130 1747 5186 valde.
1796 5136 1863 5185 Et
1890 5130 1989 5187 ille

2092 4697 2248 4750 sum,
2281 4680 2385 4736 Cui
2420 4685 2620 4751 pater:
2667 4679 2865 4748 Vides,
2897 4681 3106 4752 inquit,
3139 4685 3291 4756 quod
3325 4685 3645 4752 senuerim,
3680 4689 3738 4740 et

2092 4771 2355 4842 ignorem
2387 4769 2540 4825 diem
2573 4769 2781 4826 mortis
2811 4787 2974 4827 meae.
2998 4773 3176 4829 Sume
3198 4789 3360 4829 arma
3383 4779 3502 4840 tua,
3527 4773 3734 4847 phare-

2093 4865 2244 4916 tram
2279 4864 2336 4915 et
2365 4875 2591 4925 arcum,
2621 4864 2678 4915 et
2707 4861 2981 4932 egredere
3010 4861 3168 4917 foras
3192 4878 3205 4917 :
3236 4879 3490 4935 cumque
3519 4868 3734 4920 venatu

2094 4949 2318 5021 aliquid
2367 4949 2844 5020 apprehenderis,
2895 4950 2984 5006 fac
3015 4950 3159 5006 mihi
3200 4952 3336 5008 inde
3368 4953 3734 5024 pulmentum

2095 5039 2248 5094 sicut
2279 5037 2422 5093 velle
2472 5055 2564 5094 me
2596 5038 2771 5106 nosti,
2819 5043 2876 5093 et
2919 5039 3154 5106 εαξη-,ιιι
3203 5041 3529 5108 comedam,
3561 5046 3618 5098 et
3646 5042 3738 5096 be-

2098 5128 2328 5184 nedicat
2345 5127 2446 5182 tibi
2469 5127 2666 5182 anima
2684 5143 2812 5182 mea
2831 5133 3144 5201 antequam
3168 5131 3402 5186 moriar.
3425 5133 3584 5196 Quod
3603 5145 3735 5185 cum

315 5222 674 5291 discedens,
710 5223 774 5274 ut
799 5216 1020 5273 veniret
1065 5217 1136 5273 ad
1186 5223 1501 5275 torrentem
1543 5219 1790 5288 Gerarai,
1821 5219 1991 5275 habi-
2098 5217 2362 5273 audisset
2392 5216 2670 5284 Rebecca,
2699 5222 2758 5272 et
2785 5217 2882 5274 ille
2929 5219 3172 5275 abiisset
3201 5219 3260 5275 in
3293 5236 3496 5292 agrum
3529 5222 3591 5274 ut
3613 5221 3738 5290 jus-

406 5427 424 5459 ί
460 5413 870 5489 Νοιιηίὴὶιλᾳῂ
923 5413 1201 5489 Hebraico
1249 5418 1409 5489 textu
1461 5413 1712 5484 abludit,
1758 5415 1821 5489 in
1861 5433 1990 5489 Aquo
2099 5431 2330 5472 versum
2355 5417 2531 5489 a_tque
2551 5414 3029 5489 contrarium;in
3061 5417 3297 5489 Hebraeo
3350 5415 3526 5470 habet
3567 5424 3742 5474 nituit-1

310 5500 448 5563 est,
482 5493 623 5548 λιιι-α
669 5485 814 5563 mihi
833 5486 1003 5563 justa
1050 5485 1196 5539 hunc
1240 5487 1432 5563 diem;
1486 5496 1538 5563 et
1566 5487 1787 5559 juravit
1817 5485 1908 5545 ei}
1939 5493 1993 5545 et
2102 5490 2331 5545 Satana.
2367 5487 2592 5563 Exque
2645 5486 3030 5559 intelligimus
3075 5487 3337 5542 Satanam
3376 5489 3739 5543 contrarium

312 5559 598 5642 uendidit
621 5559 909 5642 primoqea
918 5559 1126 5612 ituram
1139 5574 1329 5642 suam.
1341 5561 1407 5642 ΞΙιι
1415 5560 1529 5642 cobn.

411 5638 438 5672 ³
473 5641 586 5693 Pro
618 5629 966 5702 inimicitiis,
1000 5630 1155 5702 quod
1184 5630 1394 5702 Aquila
1417 5635 1474 5686 et
1505 5631 1887 5702 Symmachus
1931 5630 1996 5686 τὸ

2103 5557 2507 5631 interpretari.
2527 5557 2710 5613 MART.

2175 5629 2541 5688 __.'Hebraic.
2581 5641 2762 5691 nmis
2791 5629 3016 5686 Satana.
3049 5629 3180 5684 Vid.
3241 5629 3444 5697 Quaest.
3497 5630 3744 5689 Hebrai-

315 5705 723 5781 ἆντιιείμινον
757 5706 815 5759 et
841 5697 1156 5756 tvavtliomv
1188 5697 1635 5773 transtuleruht,
1665 5703 1724 5760 id
1772 5708 1863 5761 est
1889 5705 1960 5761 ad

2107 5719 2220 5762 cas.
