4080 6186
396 321 498 378 231

1433 319 1492 371 S.
1532 317 1941 374 HIERONYMI
1979 319 2232 375 DIVINA
2270 319 2766 377 BIBLIOTHECA.

3697 319 3806 378 232

398 449 628 505 sionem
661 448 844 519 patris
892 448 1166 517 expleret,
1201 441 1342 498 dixit
1387 441 1508 498 filio
1540 459 1647 497 suo
1675 442 1891 500 Jacob:
1926 449 2047 500 Au-
2075 446 2127 513 Α
2158 444 2319 501 Isaac
2347 449 2585 518 stupore
2605 445 3014 512 vehementi,et
3037 443 3192 501 ultra
3212 461 3390 518 quam
3415 447 3570 502 credi
3591 451 3802 520 potest,

396 538 514 594 divi
547 544 777 610 patrem
807 541 974 592 tuum
999 534 1336 606 loquentem
1369 550 1501 588 cum
1526 533 1698 597 Esau,
1724 534 1900 590 fratre
1921 539 2046 600 tuo,

395 633 452 684 et
484 628 773 684 dicentem
808 628 858 682 ei
896 643 908 680 :
959 624 1112 681 Ati‘er
1161 623 1306 680 mihi
1357 624 1428 680 de
1475 623 1778 679 venatione
1827 627 1947 690 tua,
1993 629 2049 679 et

395 718 484 772 fac
508 717 668 774 cibos
689 722 752 772 ut
772 715 1099 780 comedam,
1125 718 1184 769 et
1207 713 1547 768 benedicam
1576 711 1682 767 tibi
1715 729 1910 768 coram
1944 713 2050 769 Do.

391 807 550 862 mino
573 811 889 878 antequam
911 802 1321 859 moriar.Nunc
1337 818 1494 873 ergo,
1512 800 1593 855 ﬁli
1618 802 1720 870 mi,
1739 801 2045 873 acquiesco

394 895 659 952 consiliis
711 897 895 950 meis:
931 899 988 949 et
1036 909 1284 965 pergens
1334 893 1402 945 ad
1439 906 1697 962 gregem,
1724 891 1867 946 affer
1897 891 2043 946 mihi

391 987 543 1041 duos
580 986 779 1040 haedos
823 985 1098 1055 Optimos,
1135 987 1199 1036 ut
1233 983 1441 1036 faciam
1488 997 1554 1034 ex
1583 996 1669 1035 eis
1700 997 1862 1035 escas
1895 981 2044 1051 patri

384 1081 510 1141 tuo,
548 1075 767 1145 quibus
815 1073 1065 1128 libenter
1115 1071 1387 1135 vescitur,
1422 1087 1566 1141 quas
1607 1086 1740 1125 cum
1774 1069 2045 1124 intuleris

390 1170 448 1220 et
482 1164 826 1227 comederit,
858 1161 1167 1216 benedicat
1209 1160 1314 1214 tibi
1357 1159 1703 1231 priusquam
1739 1161 2039 1214 moriatur.

393 1253 497 1309 Cui
534 1253 628 1309 ille
662 1251 1001 1324 respondit:
1036 1249 1200 1305 Nosti
1251 1250 1406 1320 quod
1442 1250 1614 1316 Esau,
1650 1250 1826 1304 frater
1857 1265 2044 1316 meus,

394 1343 568 1398 homo
602 1343 828 1414 pilosus
861 1342 957 1410 sit,
986 1345 1042 1395 et
1071 1356 1174 1412 ego
1218 1338 1365 1394 lenis
1392 1355 1404 1394 :
1450 1339 1499 1394 si
1529 1338 1921 1394 attrectaverit
1953 1353 2044 1394 me

394 1437 561 1503 pater
593 1448 785 1498 meus,
839 1435 894 1486 et
924 1429 1196 1498 senserit,
1252 1428 1425 1483 timeo
1483 1444 1553 1482 ne
1612 1432 1775 1499 putet
1807 1443 1898 1482 me
1930 1427 2042 1482 sibi

393 1519 651 1576 voluisse
683 1519 950 1588 illudere,
983 1517 1332 1573 etinducam
1358 1533 1534 1588 super
1567 1533 1657 1570 me
1689 1515 2045 1571 maledictio-

396 1625 531 1666 nem
559 1627 660 1682 pro
686 1609 1112 1665 benedictione.
1145 1608 1230 1663 Ad
1263 1623 1435 1678 quem
1472 1610 1691 1661 mater:
1726 1610 1790 1661 In
1825 1623 1916 1661 me
1945 1607 2040 1674 sit,

396 1698 498 1770 ait,
532 1700 646 1755 ista
702 1697 1059 1767 maledictio,
1120 1695 1202 1751 ﬁli
1235 1697 1336 1766 mi,
1399 1700 1626 1751 tantum
1676 1694 1812 1751 audi
1845 1711 2040 1751 vocem

2158 536 2463 590 admirans
2510 535 2627 590 ait:
2661 536 2802 601 Quis
2832 535 3018 608 igitur
3065 534 3162 591 ille
3210 542 3302 591 est
3328 536 3428 607 qui
3459 537 3683 592 dudum
3715 555 3806 595 ca-

2157 629 2318 695 ptam
2335 624 2700 680 venationem
2723 624 2918 680 attulit
2935 625 3399 692 mibi,etcomedi
3417 643 3485 682 ex
3501 628 3803 700 omnibus,

2157 713 2501 785 priusquam
2544 719 2608 769 tu
2657 714 2929 770 venires?
2961 714 3340 786 benedixique
3372 715 3446 782 ei,
3473 722 3529 772 et
3558 716 3670 772 erit
3700 717 3801 774 be-

2157 803 2446 859 nedictus.
2479 804 2711 860 Auditis
2753 803 2902 859 Esau
2949 805 3322 859 sermonibus
3355 806 3541 877 patris
3574 805 3807 880 irrugiit

2157 892 2410 947 clamore
2444 909 2676 962 magno,
2697 897 2753 948 et
2778 899 3190 950 consternatus
3213 893 3328 950 ait:
3354 896 3605 951 Benedic
3625 897 3801 953 etiam

2157 981 2323 1048 mihi,
2350 987 2514 1052 pater
2537 981 2636 1038 mi.
2662 983 2769 1046 Qui
2801 983 2883 1038 ait
2905 998 2918 1037 :
2943 982 3113 1038 Venit
3135 1000 3452 1055 germanus
3475 989 3613 1041 tuus
3639 987 3799 1042 frau-

2157 1072 2443 1140 dulenter,
2494 1078 2550 1128 et
2597 1074 2818 1145 accepit
2866 1075 3332 1130 benedictionem
3382 1081 3566 1132 tuam.
3598 1075 3800 1133 Atille

2155 1161 2495 1232 subjnnxit:
2528 1162 2695 1218 Juste
2741 1168 3005 1219 vocatum
3051 1169 3138 1220 est
3170 1182 3380 1220 nomen
3415 1167 3544 1237 ejus
3574 1165 3754 1222 Jacob
3782 1183 3797 1222 :

2155 1251 2558 1323 supplantavit
2588 1253 2742 1308 enim
2795 1269 2885 1307 me
2915 1252 2975 1308 in
3008 1255 3193 1310 altera
3236 1255 3377 1320 vice,
3410 1255 3801 1328 primogenita

2155 1357 2286 1396 mea
2316 1346 2450 1397 ante
2480 1341 2635 1412 tulit,
2669 1348 2725 1396 et
2756 1359 2910 1398 nunc
2955 1345 3212 1399 secundo
3245 1344 3532 1417 surripuit
3562 1345 3797 1401 benedi-

2153 1429 2406 1486 ctionem
2439 1447 2651 1486 meam.
2687 1431 3065 1503 Rursumque
3109 1434 3180 1488 ad
3215 1437 3436 1505 patrem
3472 1451 3485 1488 :
3519 1433 3798 1505 Nunquid

2153 1536 2268 1575 non
2298 1521 2630 1586 reservasti,
2651 1522 2751 1590 ait,
2774 1526 2830 1576 et
2851 1520 2997 1576 mihi
3019 1522 3479 1578 benedictionem
3496 1522 3796 1595 ?Respon-

2153 1609 2238 1663 dit
2259 1610 2455 1665 Isaac:
2483 1609 2797 1664 Dominum
2816 1615 2982 1664 tuum
3005 1610 3175 1666 illum
3201 1611 3502 1680 constitui,
3523 1617 3798 1668 etomnes

2151 1698 2362 1754 fratres
2392 1699 2520 1769 ejus
2552 1697 2818 1754 servituti
2849 1697 3008 1754 illius
3052 1699 3386 1772 subjugavi,
3421 1701 3711 1757 frumento
3741 1704 3800 1757 et

397 1804 611 1855 meam,
644 1793 701 1843 et
726 1803 972 1859 pergens
1021 1786 1159 1842 aﬁ‘er
1181 1802 1315 1887 quae
1348 1784 1506 1884 dixi:
1527 1784 1702 1855 Abiit,
1735 1789 1792 1840 et
1823 1784 2040 1887 attul‘i‘t,
2072 1823 2119 1887 Β
2149 1786 2282 1842 vino
2315 1786 2570 1843 stabilivi
2598 1803 2755 1854 eum,
2787 1792 2844 1843 et
2890 1787 2996 1843 tibi
3045 1794 3179 1860 post
3217 1789 3362 1855 haec,
3394 1788 3473 1844 ﬁli
3507 1789 3611 1857 mi,
3644 1789 3799 1846 ultra

395 1877 672 1949 deditque
696 1876 890 1931 matri.
911 1877 1140 1930 Paravit
1157 1873 1254 1929 illa
1272 1873 1615 1941 cibos,sicut
1637 1878 1874 1929 noverat
1893 1872 2041 1930 velle

394 1971 620 2039 patrem
654 1966 837 2021 illius.
874 1966 940 2020 Et
988 1965 1249 2020 vestibus
1288 1963 1440 2019 Esau
1472 1962 1638 2019 valde
1669 1963 1860 2031 bonis,
1895 1979 2041 2034 quas

395 2057 550 2127 apud
583 2073 645 2111 se
676 2056 932 2110 habebat
979 2053 1136 2108 domi
1168 2053 1361 2107 induit
1411 2069 1543 2108 eum
1571 2070 1584 2107 :
1620 2052 2040 2124 pelliculasque

396 2144 696 2200 haedorum
727 2144 1111 2198 circumdedit
1143 2141 1439 2208 manibus,
1469 2146 1526 2197 et
1555 2141 1686 2197 colli
1716 2142 1874 2197 nuda
1905 2159 2037 2213 pro-

395 2235 556 2288 texit.
609 2233 779 2289 Dedit
825 2233 1234 2304 pulmentum;
1268 2236 1324 2287 et
1373 2248 1574 2302 panes,
1608 2248 1756 2302 quos
1787 2235 2036 2300 coxerat,

398 2323 663 2378 tradidit.
717 2322 940 2387 Quibus
988 2321 1189 2388 illatis,
1237 2321 1420 2375 dixit:
1471 2321 1641 2376 Pater
1692 2321 1765 2375 mi
1796 2320 1807 2374 !
1843 2319 2038 2375 Atille

395 2412 740 2484 respondit:
772 2411 981 2466 Audio.
1037 2410 1177 2474 Quis
1224 2425 1286 2465 es
1341 2415 1423 2476 tu,
1487 2410 1565 2464 fili
1599 2410 1735 2464 mi?
1766 2409 2037 2482 Dixitque

394 2502 573 2558 Jacob
601 2519 612 2557 :
645 2502 758 2571 Ego
782 2517 913 2554 sum
937 2504 1084 2555 Esau
1109 2499 1534 2570 primogenitus
1556 2503 1693 2553 tuus
1718 2517 1731 2566 ;
1760 2498 1862 2554 feci
1886 2499 2039 2554 sicut

397 2589 726 2664 praecepisti
753 2589 897 2645 mihi
927 2606 940 2643 :
996 2604 1193 2660 surge,
1227 2592 1368 2644 sede.
1391 2592 1446 2643 et
1488 2588 1726 2643 comede
1756 2588 1826 2642 de
1855 2604 2034 2644 vena-

395 2682 554 2736 tione
585 2697 735 2749 mea,
773 2683 835 2734 ut
864 2679 1171 2734 benedicat
1201 2677 1345 2732 mihi
1379 2677 1576 2732 anima
1623 2682 1744 2732 tua.
1779 2677 2034 2732 Rursum

395 2769 557 2824 Isaac
583 2769 654 2824 ad
672 2769 855 2822 tilium
875 2783 1048 2822 suum
1069 2783 1080 2821 :
1102 2766 1418 2833 Quomodo,
1440 2765 1648 2836 inquit,
1674 2771 1794 2818 tam
1820 2764 1931 2820 cito
1955 2765 2036 2818 in.

393 2860 590 2914 venire
620 2857 880 2930 potuisti,
933 2857 1014 2910 ﬁli
1049 2858 1177 2910 mi?
1223 2856 1328 2920 Qui
1383 2855 1716 2926 respondit:
1749 2853 2036 2912 Voluntas

395 2949 497 3004 Dei
516 2949 706 3003 fuitut
726 2947 841 3002 cito
861 2946 1004 3000 mihi
1026 2949 1352 3001 occurreret
1373 2945 1528 3015 quod
1553 2943 1838 2998 volebam.
1869 2945 2036 2999 Dixit-

395 3057 507 3113 que
541 3041 740 3096 Isaac:
790 3039 1009 3094 Accede
1058 3039 1191 3104 huc,
1247 3042 1306 3092 ut
1339 3041 1576 3107 tangam
1625 3040 1700 3101 te,
1738 3035 1816 3088 ﬁli
1847 3035 1946 3101 mi,
1979 3039 2036 3090 et

397 3130 638 3201 probem
662 3138 856 3183 utrum
882 3133 942 3182 tu
972 3127 1054 3182 sis
1085 3126 1240 3181 ﬁlius
1272 3142 1440 3180 meus
1473 3125 1643 3192 Esau,
1675 3142 1744 3178 an
1770 3141 1906 3178 non.
1938 3130 2035 3179 Ac-

2152 1877 2291 1946 quid
2317 1877 2523 1932 faciam
2550 1876 2691 1932 PCui
2714 1877 2864 1932 Esau
2889 1895 2902 1933 :
2927 1877 3080 1932 Num
3105 1893 3302 1947 unam,
3325 1879 3539 1950 inquit,
3564 1883 3794 1936 tantum

2149 1964 2612 2020 benedictionem
2645 1965 2846 2034 babes,
2877 1964 3086 2037 pater?
3117 1965 3261 2020 mihi
3293 1982 3528 2038 quoque
3558 1965 3795 2022 obsecro

2151 2058 2214 2108 ut
2238 2053 2568 2110 benedicas.
2602 2057 2862 2125 Cumque
2887 2053 3101 2124 ejulatu
3144 2071 3354 2126 magno
3385 2055 3566 2124 ﬁeret,
3601 2060 3794 2110 motus

2148 2145 2327 2206 Isaac,
2365 2143 2509 2198 dixit
2531 2143 2600 2199 ad
2624 2160 2792 2198 eum:
2833 2144 2893 2198 ln
2926 2144 3280 2217 pinguedine
3313 2149 3477 2199 terra:
3507 2151 3564 2200 et
3585 2144 3639 2198 in
3665 2160 3794 2202 rore

2149 2232 2276 2288 ccsli
2310 2235 2579 2304 despper,
2613 2231 2724 2288 erit
2753 2233 3079 2288 benedictio
3128 2240 3250 2289 tua.
3287 2233 3455 2290 Vives
3487 2235 3543 2289 in
3575 2233 3791 2307 gladio,

2147 2326 2205 2377 et
2235 2321 2398 2377 fratri
2442 2327 2542 2378 tuo
2592 2322 2840 2378 servies:
2893 2328 3244 2394 tempusque
3272 2324 3486 2388 veniet,
3527 2339 3660 2377 cum
3693 2340 3792 2378 ex-

2147 2411 2337 2466 cutias
2370 2416 2425 2466 et
2447 2413 2639 2466 solvas
2668 2413 2878 2482 jugum
2920 2412 3048 2483 ejus
3081 2412 3151 2467 de
3174 2413 3503 2468 cervicibus
3535 2412 3673 2468 tuis.
3707 2413 3792 2484 [Β.

2145 2500 2428 2573 XXXIII].
2462 2499 2676 2555 Oderat
2695 2517 2831 2571 ergo
2856 2517 3087 2571 semper
3111 2501 3259 2556 Esau
3283 2501 3461 2558 Jacob
3481 2519 3584 2574 pro
3617 2502 3794 2558 bene-

2146 2591 2402 2645 dictione
2424 2606 2540 2660 qua
2561 2589 2938 2644 benedixerat
2961 2589 3011 2644 ei
3032 2596 3230 2662 pater:
3256 2591 3517 2662 dixitque
3540 2591 3593 2645 in
3620 2591 3791 2646 corde

2146 2695 2290 2734 suo:
2325 2678 2570 2734 Venient
2613 2678 2739 2734 dies
2784 2678 2980 2734 luctus
3030 2681 3213 2751 patris
3264 2681 3399 2746 mei,
3433 2685 3490 2736 et
3520 2681 3782 2736 occidam

2143 2768 2320 2824 Jacob
2342 2771 2383 2837 ί,
2409 2770 2643 2822 fratrem
2670 2768 3172 2825 meum.Nuntiata
3194 2769 3470 2825 sunthaec
3493 2771 3788 2839 Rebeccae,

2145 2875 2272 2930 qua:
2301 2858 2537 2913 mittens
2587 2861 2645 2912 et
2675 2874 2888 2914 vocans
2932 2857 3133 2925 Jacob,
3185 2858 3373 2914 ﬁlium
3407 2876 3603 2928 suum,
3639 2858 3787 2915 dixit

2145 2948 2213 3003 ad
2247 2964 2415 3003 eum:
2453 2947 2593 3002 Ecce
2625 2949 2774 3002 Esau
2812 2948 2986 3003 frater
3015 2953 3155 3003 tuus
3183 2948 3442 3004 minatur
3475 2955 3536 3004 ut
3562 2949 3788 3004 occidat

2141 3037 2392 3092 te.Nunc
2415 3053 2550 3108 ergo
2574 3037 2756 3107 [i'ulg.
2780 3037 2907 3091 add.
2935 3037 3037 3107 mi]
3072 3037 3324 3103 ﬁli,andi
3353 3055 3549 3093 vocem
3577 3054 3788 3107 meam,

2146 3131 2203 3180 et
2221 3142 2582 3197 consurgens
2603 3129 2736 3196 fuge
2758 3127 2827 3180 ad
2856 3127 3315 3190 Laban,fratrem
3354 3145 3568 3197 meum,
3605 3129 3658 3181 in
3690 3129 3793 3182 lla-

395 3198 571 3274 cessit
618 3217 717 3273 ille
765 3217 836 3273 ad
869 3221 1118 3288 patrem,
1172 3221 1228 3270 et
1261 3214 1494 3286 palpate
1533 3230 1619 3280 eo,
1653 3215 1796 3267 dixit
1827 3215 1986 3268 Isaac
2019 3231 2033 3270 :
2065 3198 2109 3261 (ἓ
2149 3231 2293 3271 ran:
2328 3215 2740 3287 habitabisque
2771 3232 2901 3270 cum
2934 3233 3000 3271 eo
3031 3216 3152 3271 dies
3187 3234 3424 3286 paucos,
3452 3217 3634 3272 donec
3666 3216 3799 3289 qui-

396 3307 514 3363 Vox
545 3305 806 3378 quidem,
839 3321 944 3360 vox
963 3303 1140 3359 Jacob
1166 3308 1284 3358 est:
1310 3303 1407 3356 sed
1437 3318 1647 3356 manus
1672 3318 1881 3356 manus
1906 3305 2040 3356 sunt

393 3395 643 3450 Esau.Et
663 3411 779 3449 non
810 3392 1393 3465 cognoviteum,quia
1417 3390 1614 3462 pilosas
1647 3406 1858 3444 manus
1881 3389 2040 3443 simi-

391 3484 706 3540 litudinem
758 3484 1000 3554 majoris
1046 3488 1469 3552 expresserant.
1512 3480 1863 3535 Benedicens
1902 3495 2036 3549 ergo

395 3573 503 3640 illi,
538 3573 656 3628 ait:
691 3575 777 3627 Tu
809 3590 869 3628 es
903 3572 1054 3627 ﬁlius
1105 3588 1272 3625 meus
1314 3570 1512 3625 Esau?
1545 3569 1886 3640 Respondit,
1918 3568 2035 3640 Ego

394 3680 549 3718 sum.
573 3665 645 3717 At
677 3662 806 3728 ille;
835 3662 989 3717 Aﬁ‘er
1009 3661 1177 3725 mihi,
1203 3660 1413 3730 inquit,
1438 3659 1597 3714 cibos
1629 3659 1699 3713 de
1730 3661 2036 3712 venatione

392 3756 514 3818 tua,
544 3752 624 3807 ﬁli
657 3752 759 3818 mi,
788 3757 851 3806 ut
880 3752 1187 3807 benedicat
1203 3751 1308 3804 tibi
1334 3751 1531 3804 anima
1554 3765 1701 3803 mea.
1722 3749 1877 3812 Quos
1899 3763 2033 3802 cum

395 3842 620 3897 oblatos
668 3842 1036 3907 comedisset,
1089 3839 1302 3896 obtulit
1347 3841 1396 3895 ei
1451 3839 1623 3893 etiam
1664 3839 1887 3906 vinum,
1920 3853 2032 3907 quo

392 3930 628 4001 hausto,
654 3931 800 3986 dixit
831 3931 900 3986 ad
949 3946 1120 3998 eum;
1174 3929 1394 3984 Accede
1425 3929 1493 3983 ad
1544 3945 1654 3994 me,
1701 3932 1757 3982 et
1787 3928 1856 3980 da
1889 3925 2033 3980 mihi

392 4021 683 4088 osculum,
717 4020 799 4075 ﬁli
857 4022 958 4075 mi.
1009 4019 1289 4088 Accessit,
1323 4023 1378 4072 et
1425 4019 1723 4074 osculatus
1756 4021 1845 4072 est
1874 4032 2030 4071 eum.

390 4109 718 4182 Statimque
777 4115 839 4165 ut
894 4110 1077 4165 sensit
1151 4108 1632 4163 vestimentorum
1699 4105 1860 4162 illius
1919 4107 2031 4160 fra-

389 4199 704 4269 grantiam,
765 4199 1116 4254 benedicens
1169 4198 1347 4268 [Vulg.
1397 4196 1520 4252 add.
1578 4195 1708 4266 illi],
1741 4196 1857 4264 ait;
1891 4194 2031 4250 Ecce

391 4287 536 4342 odor
577 4286 683 4340 ﬁlii
716 4287 830 4342 mei
878 4287 1032 4342 sicut
1075 4287 1218 4341 odor
1250 4286 1372 4358 agri
1403 4284 1580 4356 pleni,
1613 4284 1705 4339 cui
1739 4283 2034 4340 benedixit

390 4375 695 4431 Dominus.
730 4375 825 4431 Dei
851 4376 956 4430 tibi
979 4376 1133 4430 Deus
1170 4376 1240 4429 de
1262 4391 1390 4429 rore
1426 4372 1577 4440 coeli,
1607 4379 1663 4427 et
1693 4373 1764 4428 de
1796 4371 2032 4444 pingue-

390 4463 525 4519 dine
558 4470 741 4530 terras,
775 4465 1200 4518 abundantiam
1233 4463 1509 4517 frumenti
1548 4467 1604 4517 et
1633 4462 1773 4516 vini.
1807 4462 1877 4516 Et
1908 4478 2028 4516 ser-

2149 3309 2307 3360 escat
2361 3305 2522 3359 furor
2566 3305 2762 3360 fratris
2814 3305 2921 3373 tui,
2975 3310 3030 3360 et
3060 3313 3248 3361 cesset
3286 3306 3613 3378 indignatio
3644 3309 3794 3377 ejus,

2148 3394 2644 3465 obliviscaturque
2680 3411 2878 3449 eorum
2916 3411 3040 3466 quae
3075 3395 3260 3451 fecisti
3293 3396 3350 3451 in
3384 3413 3557 3452 eum:
3598 3402 3799 3468 postea

2149 3484 2400 3553 mittam,
2425 3487 2480 3538 et
2505 3484 2792 3538 adducam
2826 3488 2881 3538 te
2912 3483 3046 3538 inde
3079 3484 3335 3540 huc.Cur
3359 3491 3606 3556 utroque
3624 3486 3794 3541 orba-

2146 3573 2253 3628 hor
2273 3571 2392 3628 ﬁlio
2413 3573 2466 3626 in
2489 3589 2603 3627 uno
2628 3573 2758 3627 die?
2788 3572 2939 3627 Dixit
2962 3590 3194 3644 quoque
3232 3575 3490 3630 Rebecca
3506 3576 3573 3629 ad
3590 3573 3792 3630 Isaac:

2146 3662 2338 3716 Taedet
2364 3678 2453 3716 me
2475 3663 2524 3714 vi
2539 3667 2603 3716 tae
2629 3678 2768 3716 meis
2793 3661 3192 3733 prOpterﬁlias
3211 3663 3389 3732 Heth;
3415 3663 3462 3718 si
3497 3663 3792 3735 acceperit

2141 3752 2318 3806 Jacob
2379 3767 2613 3805 uxorem
2642 3751 2712 3806 de
2743 3752 2922 3822 stirpe
2963 3751 3144 3822 hujus
3194 3757 3382 3819 terrae,
3418 3751 3548 3807 nolo
3578 3752 3791 3809 vivere.

2212 3840 2302 3911 [Τ.
2339 3839 2533 3905 XXIII,
2579 3843 2636 3894 C.
2675 3839 2758 3906 L.,
2812 3839 2942 3912 Cap.
2987 3839 3276 3914 XXVIII.]
3331 3841 3561 3897 Vocavit
3592 3842 3789 3912 itaque

2146 3929 2306 3984 Isaac
2333 3928 2537 3996 Jacob,
2563 3937 2615 3983 et
2637 3928 2933 3984 benedixit
2958 3929 3033 3996 ei,
3059 3931 3448 4002 praecepitque
3469 3931 3520 3986 ei
3541 3929 3745 3986 dicens
3771 3945 3786 3986 :

2143 4017 2271 4072 Noli
2304 4017 2563 4088 accipere
2607 4019 2915 4090 conjugem
2975 4019 3046 4073 de
3077 4035 3290 4090 genere
3337 4019 3649 4075 Chanaan:
3685 4019 3788 4074 sed

2140 4107 2285 4162 vade
2316 4112 2373 4161 et
2405 4107 2772 4179 proﬁciscere
2796 4106 2858 4162 in
2886 4107 3362 4178 Mesopotamiam
3394 4107 3669 4181 Syriaa,ad
3691 4109 3788 4164 do-

2143 4211 2304 4250 mum
2325 4195 2564 4252 Bathuel
2592 4196 2770 4267 patris
2804 4196 3010 4251 matris
3032 4201 3169 4264 tuas,
3193 4203 3252 4252 et
3283 4197 3482 4270 accipe
3512 4197 3618 4252 tibi
3651 4198 3788 4253 inde

2142 4302 2377 4340 uxorem
2406 4287 2477 4341 de
2501 4285 2730 4341 ﬁliabus
2765 4286 2960 4341 Laban
2993 4286 3268 4344 avunculi
3295 4286 3570 4343 tui.Deus
3592 4291 3788 4343 autem

2141 4375 2512 4446 omnipotens
2560 4375 2867 4431 benedicat
2916 4375 3044 4443 tibi,
3095 4381 3151 4432 et
3193 4393 3451 4432 crescere
3501 4381 3557 4432 te
3591 4376 3788 4444 faciat,

2139 4468 2311 4534 atque
2332 4463 2728 4534 multiplicet:
2767 4473 2831 4518 ut
2863 4463 2945 4519 sis
2978 4465 3038 4519 in
3073 4465 3276 4519 turbas
3311 4464 3687 4537 populorum.
3721 4465 3792 4520 Et

388 4552 546 4607 viant
577 4552 679 4607 tibi
710 4551 931 4625 populi,
961 4558 1017 4606 et
1060 4556 1301 4607 adorent
1330 4557 1386 4607 te
1417 4551 1606 4606 tribus
1636 4569 1649 4617 ;
1683 4557 1806 4606 esto
1837 4550 2026 4604 domi-
2063 4572 2107 4635 υ
2139 4554 2235 4607 det
2265 4553 2368 4607 tibi
2426 4554 2888 4608 benedictionem
2934 4553 3255 4622 Abraham,
3304 4559 3360 4608 et
3417 4553 3627 4610 semini
3684 4559 3789 4609 tuo

390 4658 499 4697 nus
531 4642 776 4697 fratrum
831 4646 1089 4705 tuorum,
1139 4647 1194 4696 et
1243 4642 1622 4696 incurventur
1669 4644 1802 4694 ante
1835 4644 1889 4694 te
1923 4638 2026 4692 ﬁlii

390 4731 599 4786 matris
627 4737 778 4797 tuae;
830 4730 924 4802 qui
961 4730 1324 4785 maledixerit
1374 4729 1500 4798 tibi,
1534 4729 1611 4783 sit
1642 4728 2026 4794 maledictus;

390 4825 446 4874 et
479 4820 579 4891 qui
612 4820 972 4875 benedixerit
1003 4820 1126 4884 tibi,
1181 4819 1685 4874 benedictionibus
1717 4819 2030 4888 repleatur.

388 4908 497 4963 Vix
529 4913 688 4965 lsaac
716 4924 1046 4964 sermonem
1095 4907 1472 4978 impleverat;
1507 4912 1563 4961 et
1591 4921 1825 4976 egresso
1854 4906 2030 4959 Jacob

390 4997 567 5064 foras,
620 4997 776 5052 venit
834 4998 1006 5063 Esau,
1056 5003 1367 5068 coctosquc
1415 4997 1486 5051 de
1530 4995 1834 5051 venatione
1870 4995 2031 5049 cibos

387 5086 591 5142 intulit
625 5087 793 5158 patri,
845 5087 1082 5154 dicens;
1117 5088 1318 5156 Surge,
1367 5091 1528 5156 pater
1560 5087 1659 5151 mi,
1705 5092 1763 5139 et
1793 5086 2031 5139 comede

390 5177 462 5232 de
491 5177 797 5232 venatione
823 5176 924 5230 ﬁlii
961 5177 1078 5242 tui;
1104 5180 1165 5230 ut
1191 5175 1493 5230 benedicat
1517 5173 1655 5228 mihi
1681 5173 1874 5228 anima
1907 5179 2027 5227 tua.

392 5265 658 5335 Dixitque
678 5265 759 5322 illi
789 5266 945 5320 [saac
969 5284 981 5332 ;
1009 5265 1149 5330 Quis
1168 5265 1324 5318 enim
1343 5281 1404 5318 es
1429 5268 1486 5317 tu
1513 5263 1540 5317 ?
1561 5263 1666 5327 Qui
1694 5262 2027 5333 respondit;

389 5353 508 5427 Ego
557 5371 683 5411 sum
717 5354 876 5410 ﬁlius
925 5359 1060 5408 tuus
1114 5352 1540 5425 primogenitus
1585 5352 1758 5406 Esau.
1798 5349 2034 5422 Expavit

463 5589 479 5622 ί
511 5588 749 5645 Codices
782 5605 926 5644 mss.
959 5585 1320 5658 antiquiores
1374 5589 1432 5640 et
1460 5587 1613 5639 LXX
1643 5583 1846 5658 legunt
1877 5604 1890 5653 ;
1932 5585 2032 5640 Ve-

388 5660 550 5718 niant
580 5663 701 5718 dies
733 5662 913 5716 luctus
937 5657 1120 5733 patri:
1162 5657 1294 5731 mei,
1326 5665 1388 5713 ut
1414 5657 1658 5714 occidam
1701 5657 1883 5728 Jacob,
1916 5663 2031 5716 etc.

2141 4647 2272 4713 post
2300 4645 2390 4696 te:
2425 4645 2489 4696 ut
2511 4641 2815 4711 possideas
2866 4646 3083 4696 terram
3127 4641 3618 4714 peregrinationis
3650 4647 3786 4712 tum,

2141 4746 2317 4801 quam
2345 4729 2638 4800 pollicitus
2660 4734 2749 4784 est
2770 4746 2874 4784 avo
2897 4730 3102 4785 tuo.Cu
3115 4747 3288 4802 mque
3303 4731 3630 4786 dimisisset
3651 4747 3787 4787 eum

2140 4818 2319 4882 Isaac,
2356 4819 2649 4889 profectus
2699 4819 2855 4872 venit
2883 4818 2938 4872 in
2979 4819 3454 4890 Mesopotamiam
3489 4820 3665 4892 Syrias
3714 4820 3784 4875 ad

2142 4906 2550 4971 Laban,lilium
2579 4906 2820 4960 Bathuel
2843 4907 2986 4976 Syri,
3010 4909 3245 4962 fratrem
3280 4907 3547 4963 Rebecca
3580 4910 3789 4965 matris

2143 4994 2525 5050 sua).Videns
2561 5000 2756 5050 autem
2803 4996 2951 5050 Esau
3000 4996 3150 5065 quod
3203 4996 3590 5052 benedixisset
3625 5002 3790 5070 pater

2142 5101 2287 5139 suus
2308 5084 2575 5154 Jacob,et
2597 5084 2860 5138 misisset
2883 5100 3016 5139 eum
3039 5083 3097 5138 in
3123 5085 3789 5159 MesopotaniamSyrias,

2142 5173 2353 5228 utindc
2368 5189 2608 5228 uxorem
2624 5173 2894 5240 duceret;
2919 5179 2974 5228 et
2991 5191 3023 5245 q
3036 5175 3148 5229 uod
3171 5180 3301 5246 post
3322 5176 3789 5231 benedictionem

2142 5263 2515 5334 praecepisset
2545 5262 2867 5332 ei,dicens:
2903 5263 3026 5318 Non
3077 5264 3332 5335 accipias
3363 5265 3673 5337 conjugem
3707 5265 3784 5321 de

2141 5351 2374 5407 ﬁliabus
2399 5351 2677 5406 Chanaan
2703 5367 2715 5404 :
2742 5352 3018 5424 quodque
3031 5353 3308 5409 obediens
3323 5353 3504 5408 Jacob
3534 5353 3792 5425 parenti-

2141 5584 2329 5644 MART.

2215 5687 2284 5700 —-
2311 5653 2562 5714 Palatia.
2599 5669 2712 5715 ms.
2745 5660 2798 5713 et
2828 5655 3094 5715 occidam.
