4080 6186
234 348 346 402 233

1655 343 1870 398 LIBER
1908 340 2240 398 GENESIS.

3552 345 3658 403 234

230 475 345 531 bus
376 476 519 532 isset
552 478 568 511 ¹
603 476 660 531 in
693 476 920 548 Syriam
953 491 968 531 :
1008 474 1266 546 probans
1316 486 1550 542 quoque
1581 470 1734 542 quod
1768 485 1883 524 non
1914 470 1967 537 Α
1996 484 2230 540 gregem
2261 469 2390 540 ipsa
2422 469 2716 540 pascebat.
2743 470 2926 536 Quam
2960 485 3093 527 cum
3126 470 3365 528 vidisset
3393 471 3666 544 Jacob,et

233 565 486 621 libenter
505 566 793 638 aspiceret
816 566 965 621 ﬁlias
987 565 1263 620 Chanaan
1290 566 1451 634 pater
1482 576 1628 615 suus
1659 575 1671 614 :
1699 557 1800 613 ivit
1824 557 1897 612 ad

252 655 588 725 lsmaelcm,
621 662 678 711 et
709 657 876 710 duxit
908 670 1168 719 uxorem,
1204 652 1427 722 absque
1463 650 1534 704 iis
1559 665 1708 720 quas
1741 647 1903 718 prius

243 743 516 812 habebat,
570 745 894 812 Mahelatb,
943 743 1123 798 ﬁliam
1176 740 1406 809 lsmael,
1443 738 1544 793 tilii
1579 737 1896 804 Abraham,

241 849 500 889 sororem
546 835 862 906 Nabajoth.
895 832 978 906 [T.
1007 831 1206 901 XXIV,
1239 831 1296 884 Ο.
1336 829 1443 898 Ll.]
1478 827 1665 900 Igitur
1708 842 1898 896 egres-

245 938 341 976 sus
380 921 567 978 Jacob
618 925 688 978 de
737 923 1024 980 Bersabee
1069 920 1344 992 pergebat
1390 923 1604 978 tiaran,
1637 916 1902 986 Cumque

245 1012 504 1068 venisset
531 1013 606 1068 ad
639 1013 952 1084 quemdam
975 1010 1196 1077 locum,
1222 1013 1278 1064 et
1303 1006 1472 1064 vellet
1493 1007 1552 1062 in
1576 1023 1642 1062 eo
1666 1005 1904 1076 requie-

245 1117 403 1155 scere
455 1106 584 1173 post
617 1101 760 1157 solis
809 1099 1174 1166 accubitum,
1205 1097 1341 1153 tulit
1369 1097 1440 1151 de
1468 1094 1771 1166 lapidibus
1804 1107 1906 1164 qui

234 1191 602 1259 jacebant,et
622 1206 963 1263 supponens
986 1188 1163 1260 capiti
1187 1185 1670 1253 suo,dormivitin
1693 1183 1896 1240 eodem

241 1281 383 1336 loco.
437 1279 719 1352 Viditque
770 1281 830 1334 in
882 1278 1100 1334 somnis
1149 1276 1368 1333 scalam
1417 1279 1668 1330 stantem
1722 1288 1900 1345 super

240 1375 483 1438 terram,
517 1376 575 1425 et
623 1386 904 1426 cacumen
937 1367 1099 1423 illius
1129 1372 1376 1437 tangens
1406 1363 1613 1420 ccelum
1648 1380 1661 1418 :
1718 1379 1898 1433 ange-

241 1463 325 1516 los
363 1478 604 1532 quoque
657 1460 752 1516 Dei
799 1460 1178 1515 ascendentes
1227 1462 1283 1512 et
1327 1454 1748 1510 descendentes
1801 1467 1902 1523 per

237 1556 458 1619 eam,et
477 1549 792 1605 Dominum
814 1547 1083 1603 innixum
1101 1545 1276 1608 scalae
1304 1544 1592 1600 dicentem
1617 1542 1758 1596 sibi:
1783 1541 1900 1612 Ego

239 1655 369 1693 sum
428 1639 715 1694 Dominus
771 1637 928 1693 Deus
975 1635 1270 1691 Abraham
1307 1633 1490 1705 patris
1521 1629 1630 1699 tui,
1660 1635 1714 1686 et
1746 1629 1902 1685 Deus

241 1732 401 1783 Isaac
438 1745 453 1781 :
490 1728 754 1795 Terram,
779 1726 836 1780 in
871 1742 987 1798 qua
1017 1723 1260 1792 dormis,
1283 1721 1388 1777 tibi
1420 1720 1570 1776 dabo
1598 1724 1655 1775 et
1688 1716 1901 1774 semini

237 1825 361 1873 tuo.
390 1815 632 1886 Eritque
661 1832 862 1872 semen
893 1820 1060 1869 tuum
1093 1811 1260 1885 quasi
1293 1809 1482 1883 pulvis
1514 1815 1675 1907 terrae
1706 1810 1727 1842 ²
1751 1824 1772 1907 ς¹
1812 1807 1902 1905 di-
1934 1843 1980 1907 Β

238 1905 525 1961 lataberis
556 1905 630 1961 ad
662 1904 1058 1969 Occidentem,
1089 1908 1143 1958 et
1186 1901 1505 1967 Orientem,
1537 1895 1901 1968 Septentrio-

240 2012 398 2061 nem,
424 1999 487 2050 et
518 1994 820 2050 Meridiem
855 2011 868 2049 :
917 1997 973 2048 et
999 1991 1422 2048 benedicentur
1455 1988 1511 2042 in
1546 1993 1599 2042 te
1631 1989 1686 2042 et
1717 1984 1775 2039 in
1811 2001 1900 2040 se-

240 2087 398 2141 mine
445 2090 550 2140 tuo
599 2087 821 2139 cuncta:
861 2081 1052 2138 tribus
1082 2087 1267 2137 terrae.
1301 2080 1368 2134 Et
1397 2094 1495 2134 ero
1528 2079 1729 2132 custos
1762 2081 1900 2130 tuus

238 2190 602 2247 quocunque
618 2173 1025 2246 perrexeris,et
1048 2171 1322 2226 reducam
1339 2167 1466 2224 tein
1491 2172 1706 2222 terram
1725 2164 1897 2219 hanc:

238 2281 345 2319 nec
394 2262 700 2318 dimittam
735 2261 843 2316 nisi
879 2259 1242 2332 complevere
1269 2257 1547 2312 universa
1597 2271 1728 2325 quae
1759 2253 1899 2308 dixi.

237 2353 511 2422 Cumque
543 2349 881 2420 evigilasset
909 2348 1086 2404 Jacob
1119 2347 1189 2401 de
1220 2361 1450 2408 somno,
1471 2343 1586 2398 ait:
1621 2341 1766 2396 Vere
1789 2339 1902 2395 Do-

241 2442 444 2495 minus
476 2443 568 2494 est
598 2439 657 2493 in
685 2438 808 2493 loco
839 2438 974 2507 isto,
1008 2444 1062 2492 et
1104 2452 1208 2507 ego
1258 2432 1612 2490 nesciebam.
1648 2431 1900 2487 Pavens-

241 2546 376 2601 que,
401 2531 592 2594 Quam
625 2526 922 2596 terribilis,
945 2524 1160 2596 inquit,
1184 2528 1274 2579 est
1301 2521 1464 2578 locus
1497 2521 1601 2576 iste
1627 2517 1638 2574 l
1676 2536 1789 2574 non
1812 2522 1901 2574 est

244 2619 340 2674 bic
392 2618 556 2672 aliud
610 2616 722 2672 nisi
771 2617 982 2671 domus
1029 2613 1132 2669 Dei
1164 2618 1219 2668 et
1251 2617 1418 2684 porta
1461 2609 1611 2665 caeli.
1644 2612 1900 2679 Surgens

242 2725 384 2780 ergo
429 2707 614 2762 Jacob
650 2722 818 2762 mane
849 2705 979 2760 tulit
1009 2703 1266 2775 lapidem
1300 2717 1474 2772 quem
1506 2701 1902 2770 supposuerat

242 2797 420 2869 capiti
455 2814 587 2864 suo,
617 2802 674 2850 et
704 2794 882 2850 erexit
910 2794 972 2848 in
1003 2792 1263 2857 titulum,
1299 2791 1550 2845 fundens
1581 2787 1770 2844 oleum
1802 2787 1900 2841 de-

241 2903 444 2957 super.
465 2884 910 2956 Appellavitque
935 2898 1145 2938 nomen
1170 2879 1332 2936 urbis
1356 2876 1710 2948 Bethel,quae
1735 2875 1900 2948 prius

240 2983 396 3030 Luza
446 2976 784 3030 vocabatur.
828 2971 996 3028 Vovit
1042 2971 1220 3027 etiam
1270 2973 1490 3035 votum,
1541 2965 1788 3022 dicens:
1840 2964 1898 3019 Si

235 3066 413 3121 fuerit
463 3064 620 3118 Deus
675 3078 926 3130 mecum,
962 3065 1018 3116 et
1056 3058 1404 3115 custodierit
1436 3074 1527 3112 me
1561 3057 1618 3111 in
1652 3055 1765 3122 via,
1801 3071 1901 3126 per

234 3171 416 3227 quam
453 3153 639 3224 [ναις.
673 3152 800 3207 add.
834 3151 962 3222 ego]
991 3148 1250 3216 ambulo,
1283 3152 1339 3203 et
1371 3147 1595 3203 dederit
1628 3145 1765 3200 mihi
1802 3162 1899 3216 pa-

237 3261 368 3300 nem
385 3245 463 3300 ad
486 3243 863 3308 vescendum,
890 3245 945 3297 et
966 3239 1382 3295 vestimentum
1407 3237 1478 3292 ad
1506 3235 1892 3303 induendum,

236 3347 635 3402 reversusque
654 3331 811 3385 fuero
842 3345 1118 3401 prospere
1144 3329 1214 3383 ad
1248 3327 1485 3382 domum
1520 3325 1705 3396 patris
1740 3322 1893 3380 mei:

2007 557 2183 613 sciret
2212 558 2625 614 consobrinam
2658 575 3115 632 suam,ovesque
3149 561 3345 618 Laban
3377 562 3651 618 avunculi

2009 646 2122 712 sui,
2155 647 2372 703 amovit
2417 647 2669 718 lapidem
2721 665 2834 719 quo
2883 653 3095 720 puteus
3145 650 3548 709 claudebatur.
3583 653 3654 708 Et

2008 737 2295 806 adaquato
2327 737 2834 809 grege,osculatus
2855 743 2943 794 est
2966 755 3093 795 eam
3118 757 3130 794 :
3165 739 3499 814 elevataque
3520 758 3658 798 voce

2011 826 2186 894 ﬂevit,
2218 831 2274 882 et
2304 825 2579 882 indicavit
2629 827 2680 882 ei
2730 829 2883 898 quod
2933 829 3108 885 frater
3139 835 3292 886 esset
3321 831 3506 902 patris
3537 831 3653 904 sui,

2011 919 2068 970 et
2113 913 2268 971 (ilius
2302 915 2566 972 Rebeccae
2603 934 2616 972 :
2649 920 2709 972 at
2739 916 2839 972 illa
2870 917 3153 974 festinans
3182 921 3473 977 nuntiavit
3503 921 3653 992 patri

2011 1003 2263 1069 suo.Qui
2294 1021 2426 1060 cum
2459 1005 2721 1061 audisset
2749 1005 2978 1062 venisse
3007 1006 3186 1062 Jacob
3219 1007 3404 1064 filium
3438 1009 3658 1066 sororis

2013 1110 2152 1161 suae,
2187 1095 2442 1151 cucurrit
2471 1095 2702 1151 obviam
2746 1096 2818 1162 ei,
2851 1095 3306 1170 complexusque
3337 1104 3570 1170 eum,et
3598 1099 3660 1157 in

2012 1185 2213 1240 oscula
2242 1185 2608 1255 ruens,duxit
2641 1185 2700 1240 in
2733 1186 2972 1241 domum
3001 1188 3430 1244 suam.Auditis
3461 1193 3656 1247 autem

2009 1274 2426 1346 [Vulg.tamen]
2461 1274 2656 1330 causis
2687 1274 2936 1341 itineris,
2967 1276 3272 1348 respondit
3304 1295 3316 1333 :
3349 1277 3427 1334 Os
3459 1295 3654 1336 meum

2009 1367 2155 1432 es,et
2175 1381 2307 1419 caro
2322 1365 2544 1419 mea.Et
2560 1368 2872 1436 postquam
2896 1365 3105 1437 expleti
3129 1370 3268 1422 sunt
3291 1367 3415 1424 dies
3437 1369 3659 1424 mensis

2012 1451 2208 1518 unius,
2238 1453 2384 1507 dixit
2412 1453 2462 1507 ei
2498 1469 2510 1507 :
2544 1453 2698 1508 Num
2749 1454 2888 1525 quia
2939 1455 3116 1510 frater
3166 1472 3330 1512 meus
3362 1473 3444 1524 es,
3479 1458 3662 1529 gratis

2011 1542 2228 1598 servies
2255 1540 2396 1596 mihi
2429 1542 2456 1595 ‘I
2486 1542 2577 1596 dic
2609 1543 2749 1614 quid
2789 1544 3072 1600 mercedis
3104 1544 3358 1616 accipias
3387 1546 3532 1617 [ναι.
3565 1563 3663 1602 ac-

2012 1629 2234 1703 cipies].
2272 1631 2531 1686 Habebat
2569 1649 2701 1687 vero
2751 1631 2904 1688 ﬁlias
2953 1634 3122 1702 duas,
3157 1651 3370 1691 nomen
3420 1635 3662 1706 majoris

2014 1720 2112 1775 Lia
2142 1719 2224 1791 [h.
2251 1721 2385 1792 Lea]
2411 1737 2425 1776 :
2461 1721 2652 1776 minor
2681 1737 2812 1776 vero
2846 1721 3252 1794 appellabatur
3283 1723 3514 1780 Rachel.
3546 1725 3659 1782 Sed

2013 1809 2112 1865 Lia
2160 1809 2337 1882 lippis
2383 1815 2507 1865 erat
2537 1809 2723 1868 oculis
2757 1827 2770 1865 :
2805 1811 3019 1867 Rachel
3052 1813 3262 1870 decora
3287 1814 3454 1880 facie,
3485 1817 3542 1870 et
3573 1830 3662 1870 ve-

2013 1904 2187 1955 nusto
2219 1904 2478 1971 aspectu.
2515 1900 2702 1964 Quam
2733 1900 2985 1973 diligens
3013 1903 3215 1972 Jacob,
3251 1903 3371 1960 ait:
3405 1904 3662 1959 Serviam

2013 1989 2113 2044 tibi
2178 2005 2280 2060 pro
2335 1988 2544 2046 Rachel
2591 1989 2711 2045 ﬁlia
2759 1995 2862 2046 tua
2912 1991 3161 2060 minore,
3193 1996 3416 2065 septem
3469 1992 3662 2050 annis.

2010 2079 2329 2148 Respondit
2363 2079 2550 2135 Laban
2578 2097 2591 2135 :
2624 2078 2828 2135 Melius
2853 2085 2940 2136 est
2965 2085 3027 2135 ut
3051 2080 3155 2136 tibi
3175 2097 3303 2137 eam
3327 2083 3460 2138 dem
3482 2098 3660 2154 quam

2011 2167 2130 2222 viro
2176 2167 2367 2234 alteri,
2414 2185 2586 2224 mane
2634 2169 2787 2241 apud
2841 2185 2953 2225 me.
3003 2169 3246 2225 Servivit
3293 2187 3430 2244 ergo
3479 2170 3662 2228 Jacob

2011 2273 2113 2329 pro
2150 2256 2362 2312 Rachel
2393 2261 2618 2330 septem
2648 2257 2818 2313 annis
2855 2275 2866 2314 :
2903 2262 2959 2314 et
2989 2259 3339 2315 videbantur
3368 2259 3453 2314 illi
3488 2260 3660 2332 pauci

2012 2347 2136 2403 dies
2167 2363 2278 2418 prze
2309 2348 2528 2403 amoris
2568 2348 2994 2420 magnitudine.
3029 2349 3300 2421 Dixitque
3331 2351 3402 2406 ad
3435 2351 3657 2408 Laban.

2010 2437 2094 2492 Da
2126 2435 2268 2492 mihi
2293 2453 2528 2492 uxorem
2560 2453 2778 2493 meam:
2805 2437 2942 2509 quia
2960 2438 3084 2509 jam
3109 2445 3342 2510 tempus
3359 2438 3658 2510 expletum

2010 2530 2120 2596 est,
2152 2531 2216 2581 ut
2244 2525 2536 2596 ingrediar
2568 2528 2638 2582 ad
2670 2526 2856 2582 illam.
2880 2527 3008 2596 Qui,
3032 2528 3251 2583 vocatis
3285 2527 3484 2585 multis
3513 2528 3661 2584 ami-

2011 2631 2212 2670 corum
2242 2615 2432 2670 turbis
2459 2617 2527 2670 ad
2552 2615 3053 2684 convivium,fecit
3076 2617 3662 2688 nuptias.Etvespere

2011 2703 2190 2759 ﬁliam
2224 2721 2392 2760 suam
2427 2704 2588 2760 Liam
2621 2705 2943 2761 introduxit
2964 2706 3034 2762 ad
3059 2707 3370 2772 eum,dans
3388 2705 3660 2762 ancillam

2009 2792 2456 2864 ﬁliae,Zelpbam
2479 2793 2822 2849 nomine.Ad
2847 2811 3023 2864 quam
3049 2811 3182 2850 cum
3207 2810 3275 2850 ex
3297 2811 3458 2850 more
3478 2795 3660 2851 Jacob
3717 2857 3720 2860 ,

2012 2883 2221 2939 fuisset
2246 2883 2572 2954 ingressus,
2609 2884 2757 2939 facto
2791 2900 2983 2951 mane,
3015 2884 3160 2939 vidit
3196 2884 3348 2940 Liam
3384 2899 3398 2940 :
3429 2888 3486 2940 et
3513 2883 3661 2940 dixit

2011 2974 2077 3027 ad
2104 2988 2372 3028 socerum
2395 2989 2564 3030 suum
2596 2973 2772 3044 [Vulg.
2795 2981 2902 3028 tae.
2929 2976 3127 3044 suum]
3155 2990 3168 3028 :
3197 2973 3343 3039 Quid
3381 2976 3470 3029 est
3499 2973 3657 3044 quod

2010 3061 2197 3118 facere
2239 3061 2520 3117 voluisti?
2565 3063 2768 3118 Nonne
2813 3079 2914 3134 pro
2968 3062 3180 3118 Rachel
3232 3062 3439 3118 servivi
3496 3061 3660 3118 tibi?

2010 3168 2190 3222 quare
2217 3151 2546 3223 imposuisti
2581 3151 2723 3207 mihi
2744 3151 2772 3206 ‘I
2803 3152 3121 3223 Respondit
3153 3151 3340 3206 Laban
3367 3168 3380 3206 :
3411 3151 3534 3205 Non
3570 3154 3660 3207 est

2011 3240 2070 3294 in
2102 3241 2227 3295 loco
2259 3245 2460 3296 nostro
2489 3241 2955 3309 consuetudinis,
2989 3246 3052 3296 ut
3084 3241 3341 3296 minores
3369 3243 3503 3296 ante
3539 3244 3660 3296 tra-

2005 3330 2217 3384 damus
2249 3330 2319 3384 ad
2352 3330 2604 3401 nuptias.
2625 3329 2809 3401 Imple
2841 3329 3268 3386 hebdomadam
3294 3330 3523 3385 dierum
3546 3329 3658 3386 hu-

237 3425 344 3480 erit
393 3422 549 3478 mihi
602 3420 889 3476 Dominus
939 3417 1000 3473 in
1046 3422 1249 3485 Deum,
1283 3421 1341 3471 et
1369 3415 1519 3487 lapis
1553 3415 1684 3478 iste,
1719 3429 1894 3485 quem
2000 3420 2101 3490 jus
2132 3417 2390 3490 copula:
2424 3419 2574 3474 hanc
2605 3435 2839 3491 quoque
2871 3420 3020 3476 dabo
3048 3420 3151 3474 tibi
3187 3436 3291 3492 pro
3319 3435 3493 3490 opere
3541 3436 3658 3490 quo

237 3513 383 3570 erexi
409 3513 476 3568 in
503 3509 764 3575 titulum,
783 3507 1086 3564 vocabitur
1115 3507 1336 3562 Domus
1357 3505 1459 3560 Dei
1488 3522 1500 3560 :
1525 3507 1899 3559 cunctorum-

239 3619 346 3673 que
376 3618 514 3674 quae
548 3599 780 3654 dederis
808 3598 977 3664 mihi,
1007 3597 1264 3652 decimas
1293 3595 1530 3651 otl'eram
1562 3593 1688 3648 tibi.

306 3694 391 3760 [Β.
425 3689 682 3758 XXXIV,
712 3691 770 3744 C.
800 3687 922 3757 LII,
955 3687 1086 3756 Cap.
1132 3685 1363 3754 XXIX.)
1413 3684 1714 3738 Profectus
1762 3697 1896 3754 ergo

235 3782 402 3836 Jacob
443 3779 614 3835 venit
642 3779 715 3833 ad
748 3784 962 3833 terram
990 3774 1452 3832 Orientalem.Et
1481 3773 1625 3826 vidit
1658 3776 1897 3844 puteum

133 3925 142 3932 _
241 3874 291 3926 in
313 3888 484 3944 agro,
509 3876 633 3925 tres
656 3885 891 3941 quoque
911 3883 1116 3939 greges
1139 3865 1333 3921 ovium
1359 3862 1899 3932 accubantesjuxta

240 3979 363 4017 eum
400 3978 416 4016 :
454 3977 598 4016 nam
633 3976 702 4014 ex
728 3959 825 4013 illo
856 3957 1307 4028 adaquabantur
1337 3971 1567 4027 pecora,
1590 3957 1648 4010 et
1678 3970 1743 4009 os
1766 3953 1896 4024 eius

240 4052 444 4122 grandi
483 4049 675 4121 lapide
707 4047 1106 4103 claudebatur.
1138 4045 1432 4118 Morisque
1463 4047 1609 4110 erat,
1643 4047 1707 4098 ut
1749 4059 1896 4098 cun-

239 4142 340 4196 clis
389 4139 608 4196 ovibus
657 4136 1046 4209 congregatis,
1097 4134 1467 4191 devolverent
1522 4133 1801 4205 lapidem,
1839 4135 1898 4187 et

241 4232 471 4284 refectis
503 4227 806 4299 gregibus,
827 4242 1060 4281 rursum
1094 4240 1272 4296 super
1301 4241 1366 4278 os
1400 4223 1559 4294 putei
1593 4224 1891 4294 ponerent.

236 4318 512 4389 Dixitque
544 4317 619 4371 ad
654 4321 917 4387 pastores
943 4332 955 4370 :
989 4316 1243 4378 Fratres,
1270 4314 1424 4368 unde
1454 4311 1596 4367 estis
1616 4310 1643 4365 ?
1674 4311 1781 4375 Qui
1815 4324 1898 4365 re-

236 4409 639 4479 sponderunt:
662 4405 742 4460 De
763 4409 980 4460 Haran.
1005 4404 1160 4468 Quos
1185 4403 1572 4473 interrogans,
1594 4398 1894 4470 Nunquid,

234 4498 330 4565 ait,
365 4497 565 4552 nostis
601 4493 822 4561 Laban,
854 4493 1041 4548 ﬁlium
1073 4491 1313 4548 Nahor?
1343 4491 1626 4546 Dixerunt
1659 4504 1672 4543 :
1726 4485 1896 4542 Novi-

2007 3510 2329 3564 serviturus
2379 3525 2440 3564 es
2487 3508 2631 3563 mihi
2681 3514 2904 3582 septem
2954 3509 3127 3564 annis
3174 3509 3326 3564 aliis.
3359 3509 3662 3581 Acquievit

2009 3597 2242 3670 placito,
2265 3602 2321 3653 et
2343 3597 2708 3653 hebdomade
2736 3603 3054 3665 transacta,
3081 3598 3296 3654 Rachel
3327 3599 3494 3655 duxit
3525 3615 3659 3654 uxo-

2009 3705 2164 3743 rem:
2191 3687 2283 3743 cui
2316 3693 2482 3760 pater
2510 3706 2737 3744 servam
2772 3687 2971 3744 Balam
3003 3689 3261 3745 dederat.
3276 3689 3658 3760 Tandemque

2010 3777 2226 3849 potitus
2274 3779 2487 3850 optatis
2536 3777 2779 3850 nuptiis,
2814 3794 3073 3834 amorem
3128 3779 3429 3850 sequentis
3477 3776 3658 3850 priori

2011 3867 2284 3939 praetulit,
2317 3868 2577 3923 serviens
2627 3869 2781 3940 apud
2823 3884 2957 3924 eum
3003 3872 3226 3940 septem
3277 3868 3450 3923 annis
3499 3866 3653 3923 aliis.

2006 3959 2095 4029 [T.
2142 3956 2300 4026 XXV,
2321 3960 2379 4014 C.
2406 3957 2568 4028 ιω]
2593 3957 2804 4014 Videns
2838 3961 3032 4014 autem
3065 3957 3352 4013 Dominus
3384 3957 3539 4028 quod
3562 3957 3657 4012 de-

2005 4047 2256 4119 spiceret
2289 4047 2472 4114 Liam,
2507 4047 2735 4117 aperuit
2759 4046 2995 4101 vulvam
3042 4047 3190 4118 ejus,
3224 4061 3421 4101 sorore
3471 4043 3655 4100 sterili

2006 4141 2402 4208 permanente.
2439 4138 2573 4202 Qua
2606 4141 2951 4208 conceptum
3000 4135 3204 4208 genuit
3245 4135 3456 4200 filium,
3485 4150 3655 4190 voca-

2005 4225 2205 4297 vitque
2245 4241 2454 4280 nomen
2490 4226 2617 4296 ejus
2651 4225 2875 4295 Ruben,
2903 4224 3104 4280 dicens
3140 4241 3153 4280 :
3187 4223 3345 4279 Vidit
3373 4223 3658 4280 Dominus

2007 4314 2392 4369 humilitatem
2421 4330 2637 4376 meam:
2665 4331 2820 4369 nunc
2843 4315 3066 4370 amabit
3089 4331 3101 4367 ι
3129 4331 3181 4369 te
3200 4313 3285 4368 vir
3307 4317 3656 4369 meus.Rur-

2007 4419 2256 4475 sumque
2288 4404 2554 4475 concepit
2582 4408 2638 4458 et
2669 4403 2892 4476 peperit
2917 4403 3198 4474 ﬁlium,et
3219 4403 3336 4458 ait:
3372 4403 3659 4470 Quoniam

2009 4492 2232 4549 audivit
2255 4507 2345 4547 me
2363 4493 2647 4549 Dominus
2672 4493 2874 4549 haberi
2896 4492 3281 4566 contemptui,
3303 4491 3463 4548 dedit
3483 4491 3659 4547 etiam

236 4602 391 4641 mus.
418 4586 694 4640 Sanusne
721 4583 853 4638 est?
885 4582 1117 4653 inquit,
1142 4580 1331 4648 Valet,
1355 4579 1653 4650 inquiunt,
1678 4580 1734 4633 et
1763 4591 1896 4631 ecce
1929 4585 1971 4648 Ι)
2005 4587 2187 4644 istum
2242 4582 2407 4651 mihi,
2439 4581 2783 4654 vocaviique
2827 4599 3039 4638 nomen
3074 4583 3202 4653 ejus
3233 4581 3489 4637 δίωθοη,
3522 4579 3666 4636 Con.

235 4675 477 4743 Rachel,
503 4673 628 4728 ﬁlia
660 4673 809 4743 ejus,
830 4671 990 4728 venit
1021 4687 1155 4726 cum
1187 4686 1360 4742 grege
1381 4669 1565 4740 [ναις.
1590 4666 1715 4722 add.
1741 4665 1896 4735 suo].

240 4765 516 4836 Dixitque
545 4762 768 4818 Jacob:
807 4761 1011 4817 Adhuc
1045 4760 1298 4816 multum
1335 4759 1447 4813 diei
1478 4760 1762 4828 superest,
1798 4770 1902 4810 nec

235 4859 325 4909 est
353 4859 603 4924 tempus
652 4855 721 4905 ut
771 4851 1127 4906 reducantur
1157 4849 1228 4904 ad
1257 4847 1456 4903 caulas
1487 4862 1692 4918 greges
1723 4861 1736 4900 :
1771 4845 1904 4900 date

233 4949 370 4998 ante
407 4947 620 5014 potum
654 4940 883 5006 ovibus,
916 4944 974 4994 et
1012 4940 1096 4995 sic
1127 4939 1198 4994 ad
1228 4942 1462 5010 pastum
1493 4952 1591 4991 eas
1623 4935 1900 4991 reducite.

230 5032 340 5096 Qui
393 5029 889 5102 responderunt:
941 5027 1066 5082 Non
1117 5043 1456 5099 possumus,
1491 5026 1675 5080 donec
1707 5021 1906 5079 omnia

233 5137 453 5193 pecora
488 5125 942 5190 congregantur,
965 5121 1020 5172 et
1041 5132 1419 5172 amoveamus
1439 5113 1689 5184 lapidem
1715 5113 1785 5167 de
1808 5128 1905 5168 ore

233 5210 421 5282 putei,
455 5214 523 5263 ut
575 5208 939 5278 adaquemus
990 5223 1212 5280 greges.
1250 5204 1454 5260 Adhuc
1485 5203 1906 5275 loquebantur,

233 5308 289 5356 et
312 5317 455 5357 ecce
481 5297 700 5354 Rachel
720 5299 994 5354 veniebat
1014 5313 1147 5354 cum
1169 5296 1374 5354 ovibus
1396 5293 1575 5367 patris
1602 5293 1693 5348 sui
1721 5310 1733 5348 :
1769 5307 1906 5347 nam

2011 4671 2164 4743 cepit
2221 4670 2416 4737 tertio,
2469 4675 2526 4726 et
2580 4670 2783 4741 genuit
2831 4670 3063 4726 alium:
3125 4668 3434 4739 dixitque:
3497 4666 3665 4722 Nunc

2012 4776 2244 4833 quoque
2263 4759 2634 4832 copulabitur
2655 4759 2795 4815 mihi
2823 4760 3068 4815 maritus
3092 4775 3278 4827 meus,
3301 4774 3367 4812 eo
3391 4756 3546 4828 quod
3574 4771 3668 4827 pe-

2014 4850 2262 4922 pererim
2314 4851 2363 4905 ei
2409 4855 2529 4905 tres
2564 4849 2736 4916 filios,
2767 4854 2825 4904 et
2853 4848 3069 4906 idcirco
3101 4846 3418 4922 appellavit
3452 4860 3664 4901 nomen

2015 4941 2164 5011 ejus,
2201 4939 2354 4995 Levi.
2389 4939 2606 5003 Quarto
2656 4939 2942 5011 concepit,
2976 4943 3033 4995 et
3083 4938 3313 5010 peperit
3369 4935 3580 5005 ﬁlium,
3611 4937 3669 4989 et

2015 5029 2138 5084 ait:
2191 5028 2363 5083 Modo
2413 5027 2734 5083 conﬁtebor
2780 5027 3052 5093 Domino,
3085 5039 3144 5082 et
3187 5026 3260 5082 ob
3302 5025 3408 5081 hoc
3442 5020 3669 5079 vocavit

2013 5133 2170 5182 eum,
2201 5117 2415 5172 Judam
2453 5132 2480 5193 ε.
2521 5116 2884 5186 cessavitque
2917 5129 3138 5184 parere.

2084 5207 2165 5278 [Ο.
2205 5205 2342 5272 LlV,
2375 5209 2507 5276 Cap.
2536 5205 2729 5274 XXX.]
2765 5204 3019 5258 Cernens
3052 5207 3246 5258 autem
3280 5199 3490 5257 Rachel
3513 5197 3666 5270 quod

2016 5296 2329 5351 infecunda
2379 5304 2554 5364 esset,
2587 5292 2795 5349 invidit
2841 5291 3022 5349 sorori
3073 5308 3211 5362 suae,
3243 5294 3299 5346 et
3343 5289 3426 5346 ait
3457 5285 3667 5344 marito

310 5484 326 5517 ¹
358 5479 610 5545 angat.
635 5477 799 5533 addit
815 5476 968 5538 suis;
989 5477 1192 5540 Hebr.,
1215 5475 1365 5545 patri
1394 5489 1489 5528 suo
1516 5479 1567 5527 et
1598 5470 1910 5545 matrima?
2020 5465 2288 5545 habetur,
2322 5467 2544 5537 Eritque
2571 5479 2792 5534 germen
2837 5467 2994 5518 tuum
3044 5461 3209 5534 quasi
3251 5459 3437 5530 pulvis
3483 5461 3667 5514 terrae.

235 5553 443 5608 habet.
481 5541 651 5606 Eevia
679 5550 736 5605 id
770 5565 958 5621 genus
992 5541 1267 5617 deinceps
1314 5545 1460 5601 satis
1494 5543 1664 5599 nobis
1697 5541 1806 5598 erit
1836 5541 1907 5597 ad

237 5625 376 5680 libri
410 5639 583 5679 oram
616 5629 957 5677 annotasse.

313 5698 336 5731 ³
368 5698 438 5752 ln
459 5709 684 5751 canone
706 5693 846 5749 Heb.
871 5693 1061 5762 verit.,
1078 5690 1258 5761 inque
1281 5686 1553 5760 plurimis
1572 5683 1738 5742 libris
1760 5699 1904 5740 mss.

582 5812 846 5874 PATROL.
892 5806 1159 5871 XXVIII.

2019 5541 2201 5592 Maa'r.

2090 5639 2158 5649 —-
2190 5608 2370 5664 Palat.
2407 5625 2546 5676 ms.,
2573 5623 2796 5678 germen
2827 5623 2929 5677 pro
2959 5619 3166 5660 semen.
