4080 6186
419 306 528 363 235

1461 311 1520 363 S.
1562 307 1970 362 HIERONYMI
2009 307 2263 362 DIVINA
2300 308 2799 362 BIBLIOTHECA.

3734 304 3835 362 236

424 451 534 490 suo
571 451 583 489 :
619 434 702 489 Da
732 431 874 488 mihi
905 431 1140 497 liberos,
1176 429 1435 501 alioquin
1471 429 1705 485 moriar.
1734 429 1838 486 Cui
1891 430 2075 484 iratus
2109 435 2159 496 Α
2193 432 2507 500 antequam
2539 429 2798 485 venirem
2833 429 3010 501 [Vulg].
3035 429 3160 485 add.
3186 431 3254 486 ad
3282 431 3382 501 te],
3405 434 3460 487 et
3491 449 3646 488 nunc
3678 433 3833 491 dives

429 523 732 596 respondit
761 523 979 578 Jacob:
1013 525 1162 574 Num
1201 536 1301 591 pro
1327 519 1442 575 Deo
1473 536 1609 592 ergo
1641 535 1797 585 sum,
1826 519 1925 591 qui
1957 519 2078 590 pri-

425 613 579 668 vavit
610 619 664 669 te
691 613 881 668 fructu
920 609 1137 665 ventris
1170 610 1296 664 tui?
1335 612 1406 664 At
1443 609 1541 664 illa
1570 626 1584 664 :
1618 611 1830 676 Habeo,
1863 609 2075 681 inquit,

427 701 708 758 famulam
743 699 940 756 Balam
977 716 992 754 :
1025 699 1328 771 ingredere
1350 699 1420 754 ad
1455 697 1640 765 illam,
1665 704 1728 752 ut
1759 699 1947 768 pariat
1977 714 2075 752 su-

427 808 530 863 per
559 807 748 863 genua
780 805 907 844 mea
937 793 992 844 et
1018 788 1266 844 habeam
1299 804 1367 843 ex
1398 805 1465 843 ea
1496 787 1670 845 ﬁlias.
1697 786 1956 859 Dedique
1987 785 2073 840 illi

425 883 623 939 Balam
648 883 705 938 in
739 881 1104 953 conjugium,
1134 897 1280 952 quae,
1305 879 1571 951 ingresso
1593 879 1660 934 ad
1688 894 1750 933 se
1770 878 1913 946 viro,
1938 893 2074 932 con-

426 972 599 1045 cepit,
633 977 690 1027 et
723 971 946 1044 peperit
973 969 1182 1025 ﬁlium.
1218 974 1284 1023 Et
1315 968 1460 1023 dixit
1491 967 1704 1024 Rachel
1738 986 1750 1022 :
1785 965 2076 1022 Judicavit

427 1063 572 1119 mihi
607 1067 779 1130 Deus,
801 1065 858 1117 et
879 1060 1175 1115 exaudivit
1204 1075 1401 1114 vocem
1435 1075 1649 1123 meam,
1673 1061 1729 1111 et
1748 1055 1909 1111 dedit
1930 1053 2074 1110 mihi

428 1152 664 1207 ﬁlium:
714 1156 771 1206 et
820 1150 1036 1204 idcirco
1087 1147 1401 1220 appellavit
1449 1163 1658 1202 nomen
1711 1145 1896 1214 illius,
1928 1149 2074 1200 Dan.

429 1243 802 1311 Rursumque
845 1239 984 1294 Bala
1031 1237 1366 1309 concipiens
1411 1237 1635 1308 peperit
1687 1235 1930 1290 alterum
1975 1249 2077 1304 pro

430 1348 546 1403 quo
577 1330 659 1385 ait
687 1328 898 1384 Rachel
936 1347 949 1384 :
1000 1327 1373 1399 Comparavit
1403 1342 1495 1380 me
1526 1326 1680 1381 Deus
1713 1339 1846 1380 cum
1883 1338 2078 1378 sorore

429 1437 580 1486 mea,
641 1425 697 1476 et
767 1419 1011 1476 invalui.
1091 1417 1436 1488 Vocavitque
1510 1432 1666 1471 eum.
1741 1413 2077 1486 Nephthali.

429 1511 512 1582 [Ο.
579 1511 710 1582 LV.]
767 1509 1039 1565 Sentiens
1110 1507 1208 1561 Lia
1273 1507 1424 1577 quod
1507 1520 1707 1576 parere
1783 1503 2078 1570 desiisset,

395 1649 400 1655 .
429 1600 700 1670 Zelpham
731 1597 1002 1654 ancillam
1035 1614 1200 1653 suam
1233 1595 1444 1651 marito
1477 1593 1741 1650 tradidit.
1775 1597 1899 1660 Qua
1951 1596 2083 1664 post

432 1692 775 1760 conceptum
809 1688 1015 1742 edente
1047 1685 1255 1749 ﬁlium,
1288 1684 1436 1739 dixit
1466 1701 1479 1739 :
1536 1682 1806 1739 Feliciter
1840 1699 1852 1737 :
1902 1687 1958 1736 et
1990 1681 2079 1734 id-

2189 519 2428 575 ell‘ectus
2487 536 2548 574 es
2583 538 2594 574 :
2627 519 3042 590 benedixitque
3072 520 3179 575 tibi
3211 521 3496 576 Dominus
3529 521 3597 577 ad
3633 523 3835 578 introi-

2187 611 2312 663 tum
2363 625 2580 664 meum.
2614 613 2850 664 Justum
2884 615 2973 664 est
3002 609 3200 681 igitur,
3237 615 3302 666 ut
3340 610 3657 683 aliquando
3707 629 3837 684 pro-

2184 698 2411 753 videam
2427 699 2603 754 etiam
2619 698 2818 754 domui
2837 699 3277 772 meae.Dixitque
3302 700 3675 765 Labanzouid
3692 702 3836 758 dabo

2185 786 2338 842 tibi?
2365 789 2438 842 At
2489 786 2588 842 ille
2639 791 2719 843 ait
2750 805 2763 842 :
2813 787 2971 843 Nihil
3000 787 3134 844 volo
3169 806 3182 844 :
3235 790 3333 845 sed
3369 791 3417 845 si
3450 790 3653 846 feceris
3684 792 3836 862 quod

2185 874 2439 946 postulo,
2475 876 2684 932 iterum
2738 893 2994 948 pascam,
3027 881 3086 933 et
3115 877 3444 934 custodiam
3477 895 3686 950 pecora
3717 883 3834 935 tua.

2185 965 2335 1036 Gyra
2385 981 2589 1020 omnes
2640 981 2846 1038 greges
2893 971 3048 1034 tuos,
3081 971 3139 1022 et
3188 983 3395 1039 separa
3426 973 3671 1023 cunctas
3705 983 3841 1025 oves

2186 1054 2376 1110 varias
2405 1059 2461 1110 et
2492 1072 2697 1127 sparso
2727 1055 2972 1112 vellere:
3006 1060 3065 1112 et
3098 1057 3498 1129 quodcun_que
3527 1055 3750 1113 fulvum
3785 1061 3842 1114 et

2187 1143 2576 1213 maculosum,
2596 1145 2939 1216 variumque
2971 1145 3167 1212 fuerit,
3189 1150 3312 1206 tam
3342 1125 3399 1202 ἱῖι
3429 1146 3836 1218 ovibus,quam

2186 1233 2243 1286 in
2279 1232 2491 1305 capris,
2526 1234 2636 1288 erit
2683 1250 2904 1290 merces
2955 1251 3103 1290 mea.
3139 1235 3659 1308 Respondebitque
3697 1235 3840 1291 mihi

2187 1339 2316 1376 cras
2340 1322 2996 1396 justitiamea,quando
3030 1323 3229 1397 placiti
3261 1329 3499 1396 tempus
3544 1325 3841 1380 advenerit

2189 1427 2379 1466 coram
2415 1415 2491 1477 te,
2518 1416 2576 1467 et
2608 1413 2802 1468 omnia
2837 1429 2966 1484 qua
3006 1429 3122 1470 non
3174 1413 3392 1469 fuerint
3419 1414 3600 1481 varia,
3631 1419 3690 1470 et
3719 1431 3840 1470 ma-

2187 1500 2409 1569 culosa,
2443 1506 2500 1556 et
2529 1503 2659 1557 rufa
2689 1501 2868 1573 [va/9.
2902 1503 3112 1575 furva],
3138 1506 3259 1559 tam
3309 1503 3369 1560 in
3416 1504 3622 1560 ovibus
3667 1520 3839 1576 quam

2189 1589 2246 1644 in
2282 1590 2494 1661 capris,
2530 1592 2666 1646 furti
2705 1608 2793 1647 me
2825 1597 3094 1664 urguent.
3128 1593 3400 1664 Dixitque
3432 1593 3626 1648 Laban
3656 1611 3669 1649 :
3700 1597 3840 1650 Gra-

2190 1681 2316 1733 tum
2376 1679 2561 1734 habeo
2593 1681 2741 1751 quod
2773 1680 2942 1752 petis.
2975 1682 3042 1736 Et
3074 1681 3367 1753 separavit
3396 1681 3455 1736 in
3488 1682 3583 1738 die
3612 1681 3711 1738 illo
3742 1699 3838 1738 ca-

429 1783 583 1836 circo
633 1779 859 1836 vocavit
912 1793 1123 1834 nomen
1179 1778 1331 1847 ejus,
1377 1775 1520 1831 Gad.
1573 1773 1804 1846 Peperit
1846 1787 2080 1844 quoque
2115 1807 2159 1872 Β
2191 1785 2349 1839 pras,
2376 1773 2433 1822 et
2477 1785 2630 1837 oves,
2664 1769 2880 1834 hircos,
2913 1773 2971 1825 et
3015 1768 3222 1826 arietes
3263 1771 3454 1826 varios
3499 1774 3673 1843 atque
3716 1788 3842 1827 ma-

427 1869 641 1940 Zelpha
672 1868 947 1924 alterum.
972 1867 1242 1937 Dixitque
1279 1864 1405 1919 Lia:
1440 1864 1556 1918 Hoc
1586 1880 1688 1934 pro
1721 1861 2082 1918 beatitudine

431 1973 597 2014 mea:
633 1958 863 2013 Beatam
897 1955 1111 2028 quippe
1143 1970 1233 2008 me
1266 1952 1459 2007 dicent
1492 1951 1785 2006 mulieres.
1819 1955 2082 2021 Propter-

438 2064 506 2102 ea
555 2045 865 2118 appellavit
913 2060 1071 2109 eum,
1105 2045 1259 2097 Aser.
1312 2043 1596 2113 Egressus
1635 2043 1829 2094 autem
1880 2039 2078 2094 [iuben

435 2139 696 2207 tempore
741 2133 953 2189 messis
1000 2131 1243 2188 triticea:
1291 2132 1346 2184 in
1396 2146 1624 2202 agrum,
1657 2128 1871 2200 reperit
1915 2144 2082 2182 man-

437 2225 763 2296 dragorae:
816 2239 960 2294 quas
1009 2220 1184 2276 matri
1234 2221 1339 2276 Lizs
1385 2218 1614 2274 detulit.
1648 2217 1921 2288 Dixitque
1971 2217 2085 2271 Ra-

434 2313 596 2368 chel:
630 2313 713 2368 Da
737 2312 882 2367 mihi
917 2315 1138 2383 partem
1173 2310 1243 2364 de
1276 2307 1681 2379 mandragoris
1713 2305 1815 2360 ﬁlii
1851 2305 1956 2360 tui.
1983 2304 2084 2360 Illa

434 2401 774 2473 respondit:
812 2402 1098 2456 Parumne
1124 2398 1228 2453 tibi
1262 2397 1512 2466 videtur,
1534 2398 1684 2467 quod
1714 2394 2086 2466 praeripueris

434 2491 711 2547 maritum
763 2489 933 2558 mihi,
985 2487 1097 2544 nisi
1147 2487 1322 2542 etiam
1374 2486 1798 2556 mandragorae
1830 2483 1933 2538 ﬁlii
1969 2484 2082 2539 mei

430 2579 682 2636 tuleris?
712 2579 812 2634 Ait
842 2578 1054 2634 Rachel
1083 2595 1097 2632 :
1135 2576 1395 2632 Dormiat
1417 2580 1608 2631 tecum
1643 2574 1751 2629 hac
1783 2578 1948 2628 nocte
1980 2590 2082 2645 pro

433 2667 840 2740 mandragoris
866 2667 969 2722 ﬁlii
1002 2666 1108 2721 tui.
1136 2664 1538 2734 llcdeuntique
1571 2665 1639 2719 ad
1675 2679 1978 2734 vesperam
2011 2661 2083 2717 de

431 2773 571 2831 agro
598 2758 802 2825 Jacob,
828 2772 1065 2829 egressa
1095 2760 1185 2811 est
1214 2755 1270 2810 in
1304 2770 1614 2810 occursum
1648 2753 1776 2823 ejus
1811 2753 1912 2806 Lia
1943 2767 1955 2806 :
2001 2757 2079 2822 et,

431 2847 516 2900 Ad
550 2861 663 2912 me,
697 2845 908 2916 inquit,
941 2844 1191 2900 intrabis
1225 2860 1238 2898 ε
1272 2842 1412 2914 quia
1445 2842 1712 2898 mercede
1743 2839 1993 2896 conduxi
2025 2845 2080 2894 te

432 2950 535 3006 pro
569 2934 976 3006 mandragoris
1007 2933 1111 2988 ﬁlii
1141 2932 1281 2988 mei.
1309 2932 1597 2987 Dormivit
1649 2946 1780 2985 cum
1813 2945 1881 2983 ea
1913 2933 2080 2984 nocte

431 3022 552 3077 illa.
575 3024 646 3077 Et
672 3021 965 3078 exaudivit
994 3021 1148 3076 Deus
1180 3037 1378 3091 preces
1412 3021 1578 3090 ejus:
1612 3018 1992 3090 concepitque
2023 3022 2081 3072 et

430 3111 656 3184 peperit
684 3111 872 3166 ﬁlium
904 3111 1199 3181 quintum,
1232 3113 1289 3164 ct
1317 3108 1399 3163 ait
1432 3125 1445 3162 :
1483 3107 1648 3163 Dedit
1681 3110 1828 3162 Deus
1859 3123 2076 3162 merce-

2189 1857 2735 1926 culosos,cunctum
2769 1863 2962 1914 autem
2997 1875 3230 1930 gregem
3265 1859 3706 1930 unicolorem,id
3731 1867 3839 1929 est,

2188 1948 2304 2003 albi
2359 1952 2416 2003 et
2467 1948 2616 2021 nigri
2661 1949 2914 2020 velleris,
2954 1951 3200 2006 tradidit
3248 1950 3309 2006 in
3360 1967 3533 2008 manu
3583 1950 3838 2007 ﬁliorum

2188 2054 2451 2092 suorum.
2486 2039 2553 2093 Et
2583 2038 2778 2109 posuit
2825 2039 3082 2111 spatium
3135 2039 3365 2095 itineris
3396 2039 3578 2096 trium
3612 2040 3838 2097 dierum

2190 2127 2340 2181 inter
2369 2143 2431 2182 se
2462 2131 2521 2181 et
2553 2127 2634 2195 [h.
2667 2127 2870 2198 Jacob]
2917 2143 3222 2198 generum,
3256 2128 3358 2199 qui
3399 2130 3676 2201 pascebat
3707 2130 3840 2185 reli-

2189 2232 2338 2286 quos
2369 2231 2574 2289 greges
2619 2218 2767 2287 ejus.
2803 2217 2890 2288 [Τ.
2921 2216 3134 2288 XXVIJ
3185 2216 3421 2274 Tollens
3469 2235 3606 2292 ergo
3655 2219 3836 2275 Jacob

2188 2305 2383 2374 virgas
2433 2305 2712 2377 populeas
2743 2306 2958 2362 virides
2988 2309 3045 2361 et
3074 2305 3504 2379 amygdalinas,
3537 2311 3596 2364 et
3619 2325 3686 2364 ex
3719 2307 3840 2380 pla-

2189 2393 2366 2464 tanis,
2392 2411 2458 2448 ex
2491 2400 2655 2466 parte
2685 2395 3063 2451 deeorticavit
3083 2412 3181 2452 eas
3205 2412 3218 2450 :
3240 2396 3639 2468 detractisque
3663 2397 3840 2453 corti-

2190 2482 2453 2549 cibus,in
2478 2483 2568 2538 his
2602 2501 2727 2555 qua:
2759 2483 3006 2556 spoliata
3038 2485 3268 2540 fuerant
3298 2487 3518 2541 candor
3547 2486 3838 2559 apparuit:

2187 2572 2289 2627 illa
2308 2588 2443 2626 vero
2467 2590 2592 2643 qua:
2615 2573 2835 2644 integra
2857 2574 3106 2641 fuerant,
3127 2574 3334 2630 viridia
3356 2581 3839 2647 permanserunt:

2189 2662 2436 2731 atquein
2464 2661 2620 2716 hunc
2655 2663 2894 2717 modum
2928 2662 3088 2718 color
3117 2663 3357 2719 effectus
3377 2668 3467 2720 est
3489 2665 3709 2722 varius.
3734 2666 3840 2722 Po-

2187 2750 2424 2822 suitque
2454 2767 2554 2806 eas
2583 2750 2642 2806 in
2676 2751 3001 2817 canalibus,
3037 2753 3137 2808 ubi
3196 2753 3605 2810 effundebatur
3633 2771 3790 2826 aqua
3821 2771 3836 2810 :

2188 2845 2254 2894 ut
2282 2857 2413 2895 cum
2446 2840 2742 2896 venissent
2769 2857 2976 2912 greges
3006 2842 3074 2896 ad
3109 2841 3451 2912 bibendum,
3480 2847 3616 2899 ante
3638 2843 3839 2900 oculos

2187 2928 2469 2983 haberent
2516 2929 2731 3001 virgas,
2759 2933 2814 2984 et
2845 2928 2904 2984 in
2936 2936 3169 3001 aspectu
3201 2947 3401 2987 earum
3435 2933 3832 3005 conciperent.

2186 3019 2556 3090 Factumque
2587 3023 2676 3074 est
2708 3024 2773 3073 ut
2802 3018 2858 3073 in
2893 3019 3021 3090 ipso
3054 3019 3244 3076 calore
3265 3021 3456 3077 coitus
3486 3038 3618 3078 oves
3650 3023 3841 3078 intue-

2188 3111 2393 3163 rentur
2421 3108 2637 3180 virgas,
2669 3112 2726 3162 et
2776 3112 3049 3179 parerent
3096 3108 3417 3178 maculosa,
3450 3113 3506 3166 et
3534 3111 3713 3180 varia,
3749 3110 3838 3166 di-

431 3177 563 3257 dam
623 3200 791 3267 mihi,
820 3177 958 3271 quia
1006 3199 1135 3254 dedi
1185 3177 1460 3253 ancillam
1511 3213 1701 3252 meam
1753 3197 1873 3251 viro
1924 3212 2074 3266 meo,
2108 3177 2150 3242 (ἶ
2191 3213 2355 3251 verso
2388 3195 2577 3252 colore
2613 3213 2897 3268 respersa.
2933 3197 3260 3269 Divisitque
3288 3215 3523 3270 gregem
3556 3198 3762 3266 Jaco'n,
3785 3205 3845 3256 et

429 3289 857 3360 appellavitque
888 3304 1101 3344 nomen
1129 3287 1279 3357 ejus,
1313 3285 1581 3342 Issachar
1615 3286 1655 3340 ¹.
1690 3285 1945 3340 Rursum
1973 3285 2075 3340 Lia

427 3379 785 3450 concipiens,
818 3378 1044 3450 peperit
1072 3381 1299 3432 sextum
1333 3376 1543 3443 ﬁlium,
1577 3379 1635 3430 et
1664 3376 1746 3429 ait
1777 3391 1790 3429 :
1839 3375 2075 3429 Dotavit

428 3483 521 3522 me
570 3467 725 3522 Deus
773 3467 905 3522 dote
957 3467 1112 3521 bona
1142 3481 1155 3520 :
1203 3465 1378 3520 etiam
1412 3463 1519 3519 hac
1551 3463 1673 3520 vicc
1704 3479 1931 3518 mecum
1967 3463 2078 3519 erit

429 3555 679 3610 maritus
712 3571 900 3625 meus,
928 3570 993 3609 eo
1038 3554 1188 3625 quod
1224 3553 1523 3619 genuerim
1555 3552 1607 3606 ei
1638 3569 1737 3607 sex
1768 3551 1918 3606 ﬁlios
1953 3568 1966 3606 :
2018 3556 2076 3607 et

427 3645 643 3701 idcirco
672 3644 983 3716 appellavit
1015 3659 1225 3698 nomen
1259 3640 1698 3711 ejus,Zabulon.
1734 3641 1868 3696 Post
1899 3655 2073 3712 quem

427 3735 650 3805 peperit
666 3733 867 3805 ﬁliam,
883 3732 1119 3789 nomine
1142 3733 1368 3787 Dinam.
1395 3731 1474 3801 [C.
1505 3733 1559 3785 L.
1581 3729 1699 3800 VL]
1725 3730 2075 3785 Recordatus

427 3804 659 3895 quoque
707 3804 858 3877 Deus
907 3821 1197 3891 Rachelis,
1225 3819 1521 3875 exaudivit
1567 3835 1718 3885 eam,
1753 3817 2079 3889 etapcruit

427 3915 659 3968 vulvam
690 3913 841 3983 ejus.
879 3913 1012 3976 Quae
1053 3909 1318 3981 concepit
1365 3912 1421 3963 et
1468 3908 1694 3980 peperit
1743 3907 1950 3975 ﬁlium,
1984 3907 2074 3961 di-

423 4019 594 4059 cens:
629 4000 891 4057 Abstulit
919 4000 1074 4055 Deus
1105 3998 1482 4071 opprobrium
1510 4012 1727 4052 meum.
1755 3996 1821 4051 Et
1848 3996 2073 4051 vocavit

424 4109 639 4148 nomen
697 4090 861 4146 illius
914 4089 1154 4161 Joseph,
1206 4087 1456 4142 dicens:
1508 4086 1699 4140 Addat
1753 4085 1898 4139 mihi
1959 4084 2068 4140 Do-

422 4183 623 4236 minus
672 4180 881 4235 Filium
928 4177 1199 4233 alterum.
1234 4176 1380 4232 Nato
1429 4181 1624 4230 autem
1655 4173 1892 4245 Joseph,
1926 4174 2070 4229 dixit

414 4268 594 4323 Jacob
625 4284 824 4324 socero
855 4283 962 4322 suo
993 4282 1005 4321 :
1057 4265 1294 4321 Dimitte
1338 4280 1430 4319 me
1459 4269 1524 4318 ut
1551 4268 1806 4320 revertar
1850 4263 1908 4317 in
1960 4279 2068 4332 pa-

416 4356 612 4425 triam,
634 4362 690 4412 et
712 4358 781 4411 ad
809 4361 1024 4411 terram
1059 4371 1270 4410 meam.
1301 4355 1384 4409 Da
1415 4354 1557 4407 mihi
1586 4369 1812 4419 uxores,
1837 4356 1894 4407 et
1920 4353 2063 4408 libe-

415 4463 513 4501 ros
539 4462 722 4510 meos,
747 4461 850 4517 pro
872 4445 1087 4516 quibus
1103 4443 1307 4498 servivi
1332 4443 1459 4511 tibi,
1485 4447 1548 4496 ut
1568 4442 1800 4509 abeam;
1823 4445 1884 4496 tu
1910 4442 2062 4498 nosti

2187 3287 2382 3358 posuit
2411 3286 2601 3359 virgas
2634 3287 2814 3357 [Vulg].
2847 3286 2974 3342 add.
3006 3286 3065 3341 in
3098 3287 3426 3358 canalibus]
3463 3294 3597 3344 ante
3633 3289 3838 3346 oculos

2186 3375 2432 3430 arietum
2460 3395 2474 3443 ;
2508 3380 2675 3430 erant
2697 3379 2889 3430 autem
2917 3375 3050 3431 alba
3072 3393 3316 3448 quazque
3338 3382 3396 3432 et
3419 3377 3586 3450 nigra
3620 3379 3835 3448 [.aban;

2186 3469 2394 3519 caetera
2422 3481 2574 3530 vero,
2597 3465 2800 3531 Jacob,
2825 3464 3112 3535 separatis
3143 3465 3296 3521 inter
3317 3483 3377 3522 se
3399 3467 3696 3539 gregibus.
3721 3467 3842 3538 Igi-

2187 3558 2282 3608 tur
2303 3555 2537 3625 quando
2570 3554 2759 3625 primo
2792 3559 3054 3624 tempore
3084 3555 3553 3611 ascendebantur
3574 3573 3843 3628 oves,po-

2187 3645 2362 3698 nebat
2407 3643 2586 3698 Jacob
2637 3643 2831 3716 virgas
2879 3643 2938 3698 in
2991 3643 3298 3700 canalibus
3357 3661 3639 3714 aquarum
3701 3650 3844 3701 ante

2185 3732 2387 3788 oculos
2400 3732 2646 3787 arietum
2668 3737 2725 3787 et
2747 3733 3037 3800 ovium,ut
3054 3733 3110 3786 in
3127 3749 3328 3788 earum
3346 3733 3850 3805 contemplatione

2185 3822 2558 3893 conciperent
2583 3840 2595 3876 :
2629 3823 2863 3892 quando
2885 3838 3018 3877 vero
3043 3822 3298 3878 serotina
3325 3823 3664 3879 admissura
3694 3829 3850 3894 erat,

2184 3916 2241 3966 et
2271 3916 2589 3982 conceptus
2619 3916 2936 3979 extremus,
2973 3928 3088 3967 non
3121 3912 3378 3984 ponebat
3409 3913 3849 3984 eas.Factaque

2182 4006 2320 4058 sunt
2348 4019 2437 4068 ea,
2471 4019 2598 4073 quae
2625 4006 2791 4058 erant
2821 4003 3098 4073 serotina,
3133 4005 3328 4059 Laban
3367 4019 3382 4062 :
3415 4009 3472 4061 et
3502 4021 3628 4075 quas
3663 4005 3849 4076 primi

2180 4091 2696 4163 temporis,Jacob.
2725 4092 3070 4164 Ditatusque
3092 4097 3184 4148 est
3206 4093 3378 4150 homo
3399 4092 3553 4148 ultra
3572 4093 3849 4162 modum,

2179 4184 2236 4234 et
2255 4179 2460 4235 habuit
2479 4196 2686 4253 greges
2716 4179 2958 4248 multos,
2984 4180 3232 4237 ancillas
3255 4186 3314 4238 et
3333 4199 3558 4251 servos,
3580 4181 3851 4239 camelos

2179 4273 2231 4324 et
2266 4268 2486 4323 asinos.

2245 4357 2328 4424 [Ο.
2367 4356 2526 4424 LVII,
2564 4356 2693 4428 Cap.
2726 4357 2946 4429 XXXH
2995 4363 3313 4429 Postquam
3364 4363 3559 4416 autem
3610 4359 3855 4415 audivit

2173 4446 2350 4501 verba
2406 4445 2658 4501 ﬁliorum
2718 4446 2911 4503 Laban
2971 4447 3296 4503 dicentium
3349 4464 3363 4502 :
3425 4447 3589 4504 Tulit
3650 4449 3848 4505 Jacob

416 4535 755 4590 servitutem
780 4551 906 4605 quas
926 4532 1130 4589 servivi
1153 4531 1278 4586 tibi.
1304 4531 1398 4586 Ait
1419 4533 1466 4585 ei
1498 4531 1686 4586 Laban
1715 4547 1727 4586 :
1764 4530 2057 4586 Inveniam
2096 4553 2139 4617 Ι)
2173 4536 2370 4590 omnia
2385 4552 2509 4607 qum
2535 4536 2765 4591 fuerant
2783 4537 2967 4608 patris
2992 4537 3263 4607 nostri,et
3284 4538 3354 4593 de
3378 4537 3538 4594 illius
3559 4536 3855 4595 facultate

413 4625 664 4696 gratiam
723 4625 781 4678 in
841 4627 1154 4692 conspectu
1211 4625 1311 4677 tuo
1363 4639 1376 4676 :
1429 4620 1825 4692 experimento
1883 4620 2062 4675 didici

414 4715 569 4785 quod
618 4712 980 4769 benedixerit
1027 4711 1170 4766 mihi
1207 4712 1354 4766 Deus
1381 4715 1616 4780 propter
1645 4714 1740 4779 te;
1772 4708 2062 4765 constitue

414 4804 743 4859 mercedem
776 4808 939 4858 tuam
971 4817 1146 4871 quam
1173 4801 1312 4856 'dem
1345 4798 1474 4854 tibi.
1496 4801 1569 4854 At
1599 4799 1695 4854 ille
1727 4799 2060 4870 respondit:

414 4893 498 4948 Tu
533 4892 688 4948 nosti
719 4891 1012 4964 quomodo
1044 4889 1340 4945 servierim
1375 4888 1478 4943 tibi
1507 4893 1564 4942 et
1593 4891 1814 4958 quanta
1845 4888 1900 4943 in
1931 4905 2060 4943 ma-

411 4982 590 5038 nibus
620 4982 769 5037 meis
799 4979 974 5036 fuerit
1005 4977 1298 5051 possessio
1330 4982 1450 5033 tua.
1474 4976 1763 5032 Modicum
1799 4976 2061 5032 habuisti

479 5211 494 5244 ¹
530 5206 910 5278 Manuscripti
935 5205 1166 5261 codices
1192 5205 1412 5278 Isachar
1433 5218 1666 5278 semper
1687 5201 1892 5278 legunt
1923 5220 2054 5260 cum

405 5281 579 5336 unico
609 5297 656 5349 δ,
679 5285 736 5334 et
765 5274 1092 5333 in'llebraso
1126 5276 1406 5349 hodierno
1428 5274 1686 5349 alterum
1720 5277 1874 5349 scfiin
1907 5278 2052 5349 otio-

403 5369 534 5408 sum
566 5345 695 5407 esse
720 5351 968 5417 videtur,
1001 5349 1139 5420 quia
1169 5347 1394 5420 nullam
1428 5345 1602 5420 habet
1633 5346 1884 5420 vocalem
1940 5348 2052 5404 sibi

403 5427 644 5480 sociam.
668 5417 1066 5478 Nihilominus
1089 5419 1301 5489 duplex
1319 5435 1369 5471 ss
1388 5419 1460 5472 ab
1483 5417 1832 5490 Hieronymo
1856 5417 2052 5490 legen-

405 5498 544 5550 dum
569 5496 873 5561 discimus;
891 5495 960 5548 de
982 5492 1186 5545 eodem
1209 5489 1626 5561 enimnomine
1649 5489 1730 5543 ita
1750 5490 2053 5561 disserunt

403 5567 462 5623 in
493 5569 710 5633 Quaest.
735 5560 1058 5620 Hebraicis.
1079 5560 1500 5634 Etymologiam,
1526 5560 1742 5631 inquit,
1764 5560 1927 5631 hujus
1955 5581 2050 5620 no-

400 5632 577 5694 mini:
598 5636 959 5710 Septuaginta
981 5632 1310 5706 Interpretes
1329 5632 1638 5701 ediderunt,
1669 5637 1760 5688 est
1790 5649 2046 5692 merces:

2170 4625 2416 4695 ditatus,
2451 4625 2639 4680 factus
2689 4629 2775 4680 est
2815 4625 3072 4697 inclytus
3106 4644 3119 4682 :
3153 4626 3574 4682 animadvertit
3603 4643 3855 4699 quoque

2171 4714 2375 4768 faciem
2411 4715 2628 4784 Laban,
2657 4715 2807 4786 quod
2842 4732 2958 4770 non
2993 4720 3152 4771 esset
3171 4732 3312 4787 erga
3341 4733 3405 4771 se
3439 4717 3596 4772 sicut
3622 4716 3748 4772 heri
3779 4721 3857 4772 et

2169 4802 2622 4870 nudiustertius,
2701 4803 2956 4859 maxime
3033 4805 3264 4860 dicente
3339 4805 3453 4861 sibi
3528 4804 3786 4861 Domino
3833 4821 3855 4861 :

2168 4895 2471 4948 Revertere
2500 4891 2559 4947 in
2596 4896 2812 4948 terram
2848 4897 3080 4966 patrum
3115 4898 3376 4961 tuorum,
3401 4898 3459 4949 et
3489 4895 3558 4950 ad
3587 4910 3860 4967 genera-

2171 4981 2388 5038 tionem
2415 4986 2600 5050 tuam,
2625 4998 2841 5053 eroque
2864 4987 3080 5039 tecum.
3106 4982 3264 5040 Misit
3287 4987 3344 5040 et
3361 4983 3588 5040 vocavit
3618 4981 3860 5040 Rachel

2163 5221 2285 5278 non,
2300 5206 2485 5278 utique
2506 5210 2566 5260 ut
2583 5206 2851 5278 plerique,
2873 5206 3058 5262 addito
3074 5208 3422 5278 pronomine,
3446 5208 3594 5264 male
3615 5208 3859 5278 legunt,

2162 5277 2554 5351 aestimandum
2583 5279 2658 5332 est
2690 5277 2768 5333 ita
2798 5277 3083 5350 scriptum
3098 5295 3229 5346 esse,
3264 5277 3417 5350 quod
3465 5284 3552 5335 est
3576 5277 3858 5351 merces,

2161 5349 2456 5424 sgedglotum
2483 5365 2684 5424 nomen
2707 5353 3244 5424 interpretaturgtest
3275 5349 3522 5408 merces.
3545 5353 3596 5408 Is
3626 5349 3865 5424 quippé

2159 5419 2368 5476 dicitur
2397 5426 2486 5476 est
2514 5429 2565 5477 et
2593 5422 2814 5487 Sacbar
2841 5419 3067 5478 merces.
3103 5423 3294 5478 MART.

2232 5524 2298 5533 —
2331 5492 2523 5569 Nostri
2576 5509 2718 5569 mss.
2767 5499 3104 5552 constanter
3150 5495 3377 5552 Isachar
3425 5494 3650 5569 legunt.
3683 5494 3858 5553 Vid-

2158 5566 2374 5631 Quaast.
2409 5564 2746 5623 Hebraicas.
