4080 6186
245 395 357 450 237

1691 393 1909 448 LIBER
1947 395 2274 450 GENESIS.

3566 394 3674 449 238

247 521 461 577 etliam
486 519 544 576 in
570 535 778 593 agrum
805 519 904 574 ubi
929 518 1206 590 pascebat
1235 531 1464 590 greges,
1487 515 1749 587 dixitque
1780 516 1864 572 eis
1892 533 1904 572 :
1938 520 1987 585 Α
2021 523 2077 573 et
2109 518 2391 574 citharis?
2421 519 2542 574 Non
2579 535 2639 574 es
2669 536 2878 591 passus
2912 523 2975 575 ut
3004 521 3301 577 oscularer
3335 521 3485 577 filios
3518 537 3680 578 meos

245 611 430 667 Video
483 610 691 665 faciem
741 608 926 681 patris
958 606 1136 664 vestri
1200 607 1354 678 quod
1390 623 1504 662 non
1539 605 1616 661 sit
1647 621 1786 677 erga
1818 618 1910 660 me

250 700 408 756 sicut
481 698 602 754 heri
653 701 711 754 et
759 695 1216 753 nudiusterius:
1270 697 1419 750 Deus
1482 699 1676 750 autem
1729 692 1910 765 patris

253 789 367 844 mei
427 787 538 843 fuit
599 802 856 843 mecum.
910 787 981 842 Et
1055 785 1196 858 ipse
1274 785 1462 840 nostis
1538 784 1692 855 quod
1768 781 1910 837 totis

252 877 480 933 viribus
545 877 694 933 meis
761 874 1060 932 servierim
1132 875 1287 947 patri
1344 878 1559 929 vestro.
1622 873 1733 928 Sed
1806 888 1908 944 pa-

251 973 338 1024 ter
382 972 579 1023 vester
618 966 974 1022 cicumvenit
1015 981 1126 1034 me,
1169 969 1227 1019 et
1277 963 1523 1019 mutavit
1582 961 1907 1017 mercedem

251 1072 444 1113 meam
479 1056 678 1112 decem
709 1054 935 1110 vicibus
970 1071 983 1110 :
1033 1057 1091 1109 ct
1136 1057 1330 1110 tamen
1366 1068 1481 1107 non
1510 1049 1736 1106 dimisit
1774 1065 1908 1105 cum

250 1147 426 1216 Deus,
471 1152 538 1200 ut
587 1148 823 1201 noceret
872 1133 1052 1200 mihi.
1086 1142 1144 1197 Si
1199 1142 1435 1214 quando
1485 1141 1675 1196 dixit:
1723 1138 1910 1193 Varias

247 1243 422 1292 erunt
455 1235 750 1291 mercedes
783 1238 936 1288 tuae:
979 1231 1285 1305 pariebant
1315 1247 1519 1286 omnes
1551 1245 1685 1286 oves
1717 1228 1908 1283 varios

249 1326 443 1394 fetus;
478 1324 715 1396 quando
746 1338 883 1378 vero
930 1321 1250 1377 econtrarie
1300 1320 1427 1375 ait:
1482 1319 1622 1374 Alba
1668 1334 1911 1390 quisque

245 1414 502 1486 accipies
527 1430 630 1486 pro
647 1412 930 1470 mercede:
951 1427 1157 1467 omnes
1171 1425 1376 1482 greges
1390 1408 1519 1465 alba
1535 1411 1906 1480 pepererunt.

244 1504 524 1576 Tulitque
572 1504 727 1559 Deus
779 1500 1175 1558 substantiam
1216 1499 1398 1571 patris
1429 1499 1630 1566 vestri,
1663 1504 1721 1553 et
1750 1497 1912 1552 dedit

249 1595 416 1649 mibi.
450 1594 766 1663 Postquam
826 1591 982 1647 enim
1041 1594 1358 1662 conceptus
1417 1589 1608 1644 ovium
1671 1592 1907 1658 tempus

242 1684 583 1752 advenerat,
617 1682 800 1738 levavi
833 1680 1033 1736 oculos
1084 1696 1266 1749 meos,
1299 1684 1356 1733 et
1400 1677 1519 1732 vidi
1567 1677 1627 1731 ir.
1683 1675 1908 1732 somnis

243 1773 639 1829 ascendentes
690 1787 884 1826 mares
935 1785 1113 1842 super
1163 1768 1432 1833 feminas,
1472 1766 1662 1822 varios
1693 1771 1751 1820 et
1783 1781 1907 1820 ma-

244 1862 484 1918 culosos
517 1865 577 1916 et
607 1861 972 1916 diversorum
1019 1857 1303 1914 colorum.
1345 1857 1618 1928 Dixitque
1667 1853 1908 1925 angelus

245 1951 341 2007 Dei
377 1951 452 2006 ad
488 1965 582 2006 me
614 1951 672 2004 in
704 1949 928 2006 somnis
964 1965 976 2004 :
1025 1949 1207 2003 Jacob
1243 1947 1254 2000 ι
1313 1950 1379 2001 Et
1425 1962 1530 2016 ego
1581 1944 1856 2016 respondi
1889 1959 1904 1999 :

244 2041 496 2096 Adsum.
525 2039 631 2106 Qui
666 2039 792 2095 ait:
842 2039 988 2093 Leva
1037 2036 1240 2093 oculos
1289 2041 1446 2106 tuos,
1495 2039 1554 2091 et
1599 2035 1728 2090 vide
1776 2033 1907 2089 uni-

242 2147 445 2186 versos
475 2127 776 2184 masculos
806 2127 1188 2184 ascendentes
1211 2141 1389 2198 super
1409 2123 1905 2193 feminas,varios,

2021 625 2086 663 ac
2117 607 2268 662 ﬁlias
2303 625 2315 663 :
2352 607 2527 663 stulte
2560 614 2832 680 operatus
2864 627 2946 677 es,
2979 615 3037 664 et
3070 627 3226 665 nunc
3259 611 3494 681 quidem
3528 610 3683 667 valet

2021 713 2233 752 manus
2285 713 2414 752 mea
2457 698 2696 753 reddere
2730 699 2830 754 tibi
2864 699 3086 754 malum
3121 718 3132 754 :
3171 702 3270 755 sed
3305 700 3462 756 Deus
3495 699 3678 772 patris

2020 787 2194 842 vestri
2229 787 2349 842 heri
2387 787 2532 841 dixit
2564 787 2742 842 mihi:
2775 791 2922 844 Cave
2949 805 3018 844 ne
3041 788 3303 860 loquaris
3325 805 3458 844 cum
3488 790 3677 862 (Vulg.

2021 880 2220 931 contra
2249 876 2429 932 Jacob
2477 876 2800 948 quidquam
2855 877 3082 932 durius.
3124 879 3284 945 Esto,
3317 879 3386 934 ad
3421 882 3556 934 tuos
3587 880 3672 934 ire

2019 967 2320 1038 cupiebas,
2355 971 2406 1022 et
2442 965 2732 1021 desiderio
2763 966 2868 1021 tibi
2921 972 3045 1022 erat
3092 969 3304 1023 domus
3353 967 3534 1040 patris
3569 969 3675 1036 tui,

2021 1072 2124 1111 cur
2147 1056 2374 1112 furatus
2405 1072 2467 1111 es
2501 1055 2636 1112 deos
2671 1055 2877 1128 meos'ﬂ
2909 1057 3226 1128 Respondit
3248 1058 3427 1113 Jacob
3457 1075 3468 1112 :
3504 1057 3666 1121 Quod

2021 1146 2204 1202 inscio
2232 1150 2287 1200 te
2318 1146 2610 1217 profectus
2642 1161 2795 1212 sum,
2818 1145 2988 1200 timui
3022 1161 3093 1200 ne
3116 1145 3392 1202 violenter
3415 1147 3675 1202 auferres

2020 1235 2172 1291 tilias
2193 1240 2343 1290 tuas.
2368 1235 2528 1300 Quod
2557 1240 2752 1290 autem
2778 1235 2917 1290 furti
2942 1251 3034 1291 me
3057 1235 3439 1307 arguis,apud
3465 1251 3669 1306 quem-

2021 1341 2250 1396 cunque
2300 1325 2590 1380 inveneris
2638 1325 2777 1380 deos
2826 1330 2983 1395 tuos,
3017 1330 3259 1380 necetur
3307 1341 3500 1380 coram
3549 1325 3670 1380 fra-

2019 1415 2210 1470 tribus
2240 1415 2479 1470 nostris.
2506 1415 2775 1470 Scrutare
2803 1413 3087 1485 quidquid
3123 1418 3360 1468 tuorum
3395 1413 3547 1484 apud
3583 1431 3676 1470 me

2020 1504 2334 1573 inveneris,
2363 1508 2420 1558 et
2469 1505 2677 1559 aufer:
2731 1504 2851 1558 hac
2902 1504 3125 1571 dicens,
3162 1502 3471 1574 ignorabat
3520 1504 3673 1574 quod

2021 1593 2231 1648 Rachel
2279 1593 2470 1648 furata
2513 1597 2667 1648 esset
2704 1591 2880 1648 idola.
2917 1595 3225 1664 Ingressus
3259 1592 3454 1664 itaque
3483 1592 3673 1648 Laban

2018 1681 2464 1738 tabernaculum
2497 1682 2676 1737 Jacob
2708 1686 2765 1736 et
2797 1681 2924 1752 Liaa,
2959 1687 3016 1736 et
3047 1681 3360 1752 utriusque
3419 1680 3674 1747 famulae,

2019 1789 2132 1828 non
2166 1771 2404 1828 invenit.
2429 1776 2691 1842 Cumque
2722 1771 2998 1826 intrasset
3030 1771 3346 1826 tentorium
3380 1769 3671 1839 Rachelis,

2020 1861 2119 1917 illa
2151 1861 2436 1918 festinans
2469 1859 2778 1916 abscondit
2799 1860 2956 1916 idola
2987 1860 3190 1915 subter
3221 1863 3546 1916 stramenta
3576 1876 3671 1914 ca-

2019 1949 2177 2018 meli,
2209 1955 2265 2006 et
2293 1951 2448 2006 sedit
2477 1951 2726 2021 desuper
2759 1967 2772 2005 :
2806 1949 3209 2022 scrutantique
3255 1964 3428 2005 omne
3477 1953 3670 2004 tento-

2018 2039 2196 2106 rium,
2227 2044 2283 2094 et
2314 2038 2458 2095 nihil
2492 2039 2828 2104 invenienti,
2858 2039 2941 2094 ait
2977 2057 2989 2094 :
3040 2039 3123 2093 Ne
3158 2039 3448 2093 irascatur
3479 2037 3670 2094 domi-

2018 2146 2130 2185 nus
2163 2144 2329 2184 meus
2359 2129 2512 2200 quod
2548 2145 2741 2184 coram
2780 2133 2833 2184 te
2866 2143 3173 2200 assurgere
3204 2142 3430 2198 nequeo
3466 2145 3478 2182 :
3531 2126 3672 2198 quia

245 2219 587 2275 maculosos
619 2223 796 2290 atque
826 2232 1146 2289 respersos.
1179 2215 1309 2270 Vidi
1359 2215 1513 2270 enim
1549 2213 1748 2269 omnia
1780 2230 1906 2284 quae
1938 2221 1985 2286 Β
2008 2221 2178 2290 juxta
2195 2220 2681 2277 consuetudinem
2704 2218 3056 2275 feminarum
3079 2234 3234 2274 nunc
3261 2217 3476 2274 accidit
3498 2216 3664 2273 mihi:

245 2309 380 2364 fecit
409 2307 523 2363 tibi
557 2308 777 2364 Laban.
811 2307 930 2378 Ego
965 2322 1096 2361 sum
1129 2305 1280 2360 Deus
1313 2301 1654 2374 Bethel,ubi
1688 2302 1904 2358 unxisti

2021 2309 2105 2364 sic
2155 2309 2358 2364 delusa
2401 2307 2732 2364 sollicitudo
2790 2307 3111 2379 quaerentis
3155 2311 3264 2362 est.
3297 2307 3672 2377 Tumensque

245 2397 535 2469 lapidem,
569 2402 626 2452 et
675 2400 876 2452 votum
908 2394 1113 2450 vovisti
1145 2393 1311 2449 mihi.
1345 2393 1511 2450 Nunc
1541 2407 1676 2463 ergo
1708 2407 1904 2462 surge,
2009 2399 2212 2464 Jacob,
2239 2415 2371 2454 cum
2395 2399 2596 2469 jurgio
2628 2399 2747 2454 ait:
2781 2400 2966 2462 Quam
3001 2397 3073 2453 ob
3098 2397 3334 2468 culpam
3371 2411 3583 2467 meam,
3617 2398 3674 2450 et

247 2492 304 2542 et
333 2486 617 2559 egredere
645 2486 717 2540 de
748 2490 902 2541 terra
934 2483 1064 2553 hac,
1093 2488 1389 2544 revertens
1414 2482 1469 2536 in
1503 2489 1716 2536 terram
1751 2478 1905 2535 nati-

246 2577 446 2632 vitatis
474 2579 613 2630 tuae.
645 2573 1210 2646 Responderuntque
1242 2570 1451 2627 Rachel
1484 2575 1540 2625 et
1573 2569 1672 2624 Lia
1707 2587 1718 2624 :
1753 2572 1906 2624 Nun-

246 2665 384 2736 quid
419 2664 714 2721 habemus
744 2662 962 2719 residui
995 2663 1314 2735 quidquam
1348 2662 1406 2715 in
1442 2659 1821 2715 facultatibus
1852 2663 1909 2714 et

246 2755 591 2810 hereditate
621 2754 833 2810 domus
864 2753 1048 2825 patris
1081 2752 1264 2806 nostri
1290 2754 1313 2806 Ρ
1341 2749 1543 2805 Nonne
1573 2748 1740 2820 quasi
1774 2747 1904 2803 alie-

246 2860 351 2900 nas
382 2843 683 2914 reputavit
715 2859 841 2913 nos,
867 2846 923 2898 et
950 2840 1235 2907 vendidit,
1256 2839 1625 2910 eomeditque
1657 2837 1906 2910 pretium

246 2933 559 2989 nostrum?
579 2933 686 2988 Sed
712 2932 866 2987 Deus
886 2931 1022 2986 tulit
1053 2946 1192 3002 opes
1225 2929 1404 3000 patris
1440 2927 1909 2998 nostri,etnobis

243 3037 344 3078 eas
373 3022 646 3090 tradidit,
672 3037 737 3077 ac
761 3021 897 3076 filiis
929 3021 1180 3088 nostris;
1206 3019 1360 3074 unde
1384 3018 1583 3074 omnia
1604 3033 1731 3088 qua
1765 3034 1909 3088 prte-

245 3113 400 3185 eepit
447 3112 559 3168 tibi
613 3115 788 3178 Deus,
833 3111 942 3166 fac.
994 3110 1080 3181 [Β.
1115 3108 1362 3181 ΧΧΧν.]
1408 3107 1670 3162 Surrexit
1717 3107 1912 3178 itaque

245 3204 450 3268 Iacob,
475 3207 536 3256 et
557 3199 850 3273 impositis
881 3199 1084 3256 liberis
1115 3203 1172 3254 et
1201 3196 1548 3269 coniugibus
1580 3196 1704 3252 suis
1737 3211 1914 3268 super

248 3290 1008 3362 camelos,abiit.Tulitque
1026 3304 1259 3345 omnem
1293 3287 1684 3343 substantiam
1720 3303 1911 3356 suam,

249 3390 304 3439 et
333 3398 568 3454 greges,
586 3385 646 3436 et
675 3379 965 3452 quidquid
999 3379 1058 3434 in
1092 3377 1513 3450 Mesopotamia
1539 3375 1910 3447 acquisierat,

249 3487 502 3544 pergens
532 3469 608 3524 ad
638 3473 801 3524 Isaac
823 3472 1045 3540 patrem
1072 3485 1246 3524 suum
1279 3466 1338 3522 in
1368 3471 1583 3522 terram
1617 3464 1911 3520 Chanaan.

250 3563 325 3617 Eo
375 3567 647 3630 tempore
698 3558 894 3614 Laban
945 3559 1095 3614 ierat
1143 3557 1214 3612 ad
1267 3556 1594 3612 tondendas
1654 3571 1809 3624 oves,
1861 3556 1918 3608 et

251 3649 467 3707 Rachel
520 3649 717 3704 furata
761 3653 851 3704 est
895 3647 1050 3703 idola
1101 3648 1116 3682 ¹
1176 3645 1358 3718 patris
1420 3645 1534 3702 sui.
1577 3645 1914 3715 Noluitque,

251 3741 430 3797 Jacob
461 3737 733 3794 confiteri
765 3753 965 3793 socero
1015 3753 1121 3793 suo
1171 3736 1326 3806 quod
1375 3735 1620 3807 fugeret.
1653 3734 1916 3805 Cumque

256 3831 502 3886 abiisset
533 3831 656 3882 tam
687 3826 816 3898 ipse
847 3842 1023 3898 quam
1057 3825 1254 3881 omnia
1278 3841 1404 3896 qua:
1425 3825 1575 3895 juris
1603 3825 1730 3895 ejus
1751 3826 1918 3878 erant

258 3926 309 3976 et
338 3933 515 3975 amne
546 3917 902 3972 transmisso
947 3919 1215 3987 pergeret
1263 3918 1464 3970 contra
1517 3919 1772 3968 montem
1807 3915 1915 3968 Ga-

259 4013 382 4068 laad
402 4014 448 4079 9,
476 4009 819 4066 nuntiatum
853 4012 940 4064 est
972 4007 1167 4062 Laban
1191 4007 1284 4062 die
1304 4005 1477 4061 tertio
1508 4004 1660 4076 quod
1695 4004 1921 4074 fugeret

259 4101 459 4157 Jacob.
481 4099 620 4169 Qui,
645 4097 965 4169 assumptis
987 4095 1267 4152 fratribus
1299 4095 1446 4162 suis,
1470 4097 1812 4166 persecutus
1831 4094 1921 4146 est

262 4208 393 4246 eum
426 4189 644 4244 diebus
675 4191 917 4260 septem,
943 4190 1000 4242 et
1021 4183 1464 4257 comprehendit
1486 4199 1617 4239 eum
1643 4182 1699 4237 in
1726 4185 1922 4237 monte

260 4279 504 4335 Galaad.
537 4277 812 4348 Viditque
858 4275 916 4331 in
969 4274 1194 4331 somnis
1225 4273 1514 4329 dicentem
1547 4273 1657 4328 sibi
1687 4273 1868 4328 Deum
1905 4289 1918 4327 :

261 4371 405 4426 Cave
437 4385 514 4424 ne
536 4367 862 4439 quidquam
914 4381 1118 4436 aspere
1167 4363 1427 4436 loquaris
1475 4366 1678 4418 contra
1721 4361 1921 4417 Jacob.

261 4460 515 4529 Jamque
538 4457 722 4512 Jacob
753 4455 1089 4512 extenderat
1118 4455 1177 4510 in
1206 4457 1403 4516 monte
1429 4449 1870 4508 tabernaculum
1907 4466 1920 4505 :

265 4563 524 4621 cumque
556 4545 657 4602 ille
689 4549 1043 4601 consecutus
1073 4544 1277 4599 luisset
1305 4559 1440 4598 eum
1471 4558 1605 4597 cum
1647 4539 1926 4594 fratribus

262 4639 412 4704 suis,
449 4639 512 4694 in
553 4635 758 4691 eodem
811 4638 1009 4689 monte
1053 4631 1272 4688 Galaad
1319 4631 1444 4685 fixit
1491 4627 1826 4685 tentorium.
1861 4628 1929 4682 Et

263 4729 415 4783 dixit
443 4727 516 4782 ad
551 4725 734 4780 Jacob
768 4740 781 4778 :
815 4723 1000 4786 Quare
1030 4722 1112 4776 ita
1142 4720 1335 4793 egisti,
1369 4723 1434 4774 ut
1468 4717 1615 4774 clam
1668 4733 1758 4772 me
1806 4715 1928 4772 abi-

263 4832 437 4888 geres
465 4814 623 4868 ﬁlias
655 4827 817 4867 meas
849 4811 1016 4883 quasi
1044 4809 1302 4880 captivas
1333 4807 1526 4880 gladio
1547 4807 1574 4860 ‘I
1621 4806 1737 4861 Cur
1766 4806 1928 4878 igno-

265 4912 438 4960 rante
495 4919 610 4972 me,
657 4901 858 4973 fugere
898 4899 1156 4967 voluisti,
1208 4915 1315 4954 nec
1363 4897 1623 4952 indicare
1671 4894 1836 4967 mihi,
1869 4898 1934 4950 ut

266 5006 670 5066 prosequerer
689 4994 744 5046 te
765 5006 900 5046 cum
923 4988 1162 5062 gaudio,
1185 4991 1242 5044 et
1271 4984 1517 5042 canticis
1536 4989 1592 5041 et
1614 4984 1931 5058 tympanis,

344 5217 360 5249 ι
401 5209 512 5268 Ubi
546 5208 734 5264 nund.
767 5205 922 5262 idola
950 5204 1223 5278 legimus,
1257 5203 1316 5258 in
1348 5203 1582 5278 Hebraeo
1617 5211 1808 5278 qan
1830 5203 1938 5278 the:

270 5284 503 5354 mphim
552 5279 843 5354 scriptum
883 5273 1444 5354 _est,'quod_A_quila
1472 5273 1846 5354 pepou’nﬁam,
1882 5275 1938 5329 id

267 5361 362 5410 est
419 5361 670 5424 ﬁgurata
726 5361 816 5406 vel
870 5365 1146 5418 imagines
1204 5361 1647 5418 interpretatur.
1685 5361 1798 5401 uoe
1839 5364 1940 5402 au-

269 5433 390 5482 tem
446 5425 583 5481 ideo
635 5425 838 5478 monet
883 5421 943 5476 S.
974 5420 1381 5492 Hieronymus,
1417 5423 1480 5473 ut
1510 5417 1768 5474 sciamus
1801 5419 1940 5490 quid

273 5499 334 5554 in
364 5497 658 5554 Judicum
691 5494 843 5549 libro
874 5492 1190 5564 theraphim
1219 5495 1407 5546 sonet.
1440 5493 1624 5544 MART.

419 5347 693 5424 ﬁguram—
726 5349 816 5406 vel
870 5347 1146 5424 imagines
1204 5347 1647 5424 interpretatur.
1685 5349 1798 5401 Hoc
1839 5364 1942 5424 au:

2012 2488 2084 2542 ob
2112 2488 2265 2559 quod
2300 2493 2605 2560 peccatum
2656 2502 2852 2542 meum
2884 2487 2970 2542 sic
3001 2486 3270 2542 exarsisti
3305 2489 3436 2557 post
3467 2501 3581 2551 me,
3617 2487 3674 2540 et

2012 2581 2308 2633 scrutatus
2329 2595 2390 2632 es
2411 2593 2644 2632 omnem
2673 2575 3134 2648 suppellectilem
3159 2590 3348 2630 meam
3374 2575 3393 2628 ἒ
3417 2573 3564 2640 Quid
3587 2573 3671 2628 in-

2012 2667 2224 2723 venisti
2253 2667 2322 2722 de
2355 2671 2565 2722 cuncta
2591 2667 2926 2723 substantia
2959 2667 3169 2720 domus
3197 2668 3308 2719 tua:
3329 2663 3356 2718 ?
3397 2678 3544 2734 pone
3574 2661 3669 2717 hic

2014 2773 2206 2812 coram
2241 2756 2521 2812 fratribus
2551 2755 2694 2810 meis
2727 2758 2781 2810 et
2812 2754 3092 2810 fratribus
3124 2753 3266 2817 tuis,
3299 2755 3357 2808 et
3396 2752 3668 2823 judicent

2015 2846 2168 2901 inter
2226 2862 2319 2901 me
2367 2850 2424 2902 et
2473 2851 2549 2901 te.
2581 2844 2796 2900 Idcirco
2823 2842 3026 2915 viginti
3074 2841 3245 2897 annis
3290 2841 3372 2896 fui
3422 2839 3667 2895 tecum?

2015 2952 2149 2992 oves
2197 2938 2313 2990 tuae
2360 2939 2417 2991 et
2462 2951 2647 3006 caprae
2697 2933 2927 2988 steriles
2980 2948 3093 2986 non
3144 2931 3403 2998 fuerunt,
3453 2929 3666 2984 arietes

2017 3024 2209 3097 gregis
2231 3024 2317 3079 tui
2342 3039 2454 3080 non
2479 3021 2703 3079 comedi
2731 3039 2744 3077 :
2779 3039 2883 3078 nec
2907 3024 3145 3094 captum
3172 3037 3204 3075 a
3225 3019 3413 3074 bestia
3435 3016 3667 3073 ostendi

2016 3115 2145 3182 tibi,
2174 3130 2278 3186 ego
2311 3115 2591 3169 damnum
2613 3127 2784 3168 omne
2803 3111 3157 3166 reddebam:
3192 3109 3478 3180 quidquid
3513 3108 3668 3162 furto

2020 3206 2302 3278 periebat,
2326 3223 2358 3261 a
2379 3223 2471 3262 me
2491 3205 2760 3276 exigebas
2787 3222 2800 3260 :
2836 3204 2928 3259 die
2953 3207 3247 3274 noctuque
3265 3205 3408 3256 testu
3437 3198 3671 3266 urebar,

2021 3300 2077 3350 et
2122 3295 2276 3368 gelu,
2311 3294 2683 3368 fugiebatque
2733 3310 2980 3348 somnus
3027 3293 3098 3347 ab
3149 3290 3335 3347 oculis
3385 3289 3550 3345 meis.
3583 3287 3676 3344 Sic

2021 3403 2121 3457 per
2148 3385 2353 3458 viginti
2385 3401 2569 3439 annos
2593 3383 2650 3437 in
2675 3384 2849 3438 domo
2879 3387 2980 3438 tua
3006 3380 3213 3438 servivi
3239 3379 3370 3447 tibi,
3393 3385 3676 3451 quatuor-

2022 3475 2208 3530 decim
2234 3491 2335 3546 pro
2359 3474 2616 3539 filiabus,
2640 3477 2695 3528 et
2726 3489 2824 3528 sex
2851 3489 2952 3543 pro
2977 3470 3254 3544 gregibus
3276 3469 3394 3524 tuis
3417 3486 3429 3524 :
3453 3467 3678 3523 immu-

2021 3564 2155 3620 tasti
2189 3579 2422 3636 quoque
2455 3563 2780 3618 mercedem
2815 3577 3007 3616 meam
3041 3561 3243 3615 decem
3275 3558 3522 3613 vicibus.
3554 3555 3678 3612 Nisi

2023 3659 2175 3710 Deus
2202 3655 2384 3726 patris
2416 3653 2527 3708 mei
2557 3651 2875 3720 Abraham,
2909 3656 2965 3705 et
2993 3651 3168 3704 timor
3199 3653 3359 3704 Isaac
3391 3647 3680 3703 adfuisset

2023 3746 2192 3816 mihi,
2223 3743 2467 3800 forsitan
2502 3743 2674 3798 modo
2707 3741 2935 3796 nudum
2969 3756 3062 3795 me
3093 3738 3428 3794 dimisisses
3461 3755 3473 3793 :
3527 3735 3684 3790 allii-

2030 3838 2279 3892 ctionem
2327 3848 2514 3888 meum
2548 3836 2603 3886 et
2631 3831 2888 3886 laborem
2933 3845 3215 3885 manuum
3276 3843 3539 3882 mearum
3589 3841 3680 3880 re-

2030 3924 2219 3998 spexit
2249 3923 2424 3989 Deus,
2451 3925 2506 3976 et
2525 3920 2720 3992 arguit
2747 3925 2802 3974 te
2833 3919 2976 3974 beri.
3007 3917 3327 3989 Respondit
3358 3917 3415 3970 in
3453 3915 3679 3969 Laban:

2027 4015 2182 4071 Filiae
2215 4030 2354 4070 meas
2382 4016 2438 4068 et
2470 4010 2598 4079 filii,
2625 4016 2682 4066 et
2728 4025 2934 4082 greges
2964 4008 3048 4064 tui
3080 4012 3136 4063 et
3167 4006 3365 4062 omnia
3391 4022 3519 4077 quae
3550 4020 3674 4059 cer-

2032 4106 2143 4174 nis,
2177 4121 2306 4159 mea
2337 4106 2476 4158 sunt
2508 4119 2521 4156 :
2569 4100 2709 4171 quid
2751 4115 2994 4170 possum
3029 4099 3215 4152 facere
3240 4095 3379 4150 filiis
3411 4098 3468 4150 et
3500 4109 3676 4164 nepo-

2029 4194 2189 4249 tibus
2221 4192 2414 4247 meis?
2460 4190 2602 4246 Veni
2651 4204 2809 4260 ergo,
2841 4192 2898 4242 et
2948 4187 3216 4242 ineamus
3267 4185 3478 4250 fcedus,
3511 4186 3575 4238 ut
3605 4181 3683 4238 sit

2031 4284 2091 4338 in
2125 4280 2527 4337 testimonium
2559 4278 2712 4333 inter
2737 4293 2829 4333 me
2858 4281 2913 4332 et
2944 4281 3020 4331 te.
3055 4275 3213 4330 Tulit
3261 4274 3460 4345 itaque
3501 4269 3680 4327 Jacob

2031 4371 2309 4443 lapidem,
2335 4374 2391 4426 et
2420 4367 2599 4424 erexit
2628 4367 2795 4422 illum
2832 4368 2888 4421 in
2923 4365 3159 4421 titulum
3195 4381 3208 4420 :
3257 4363 3518 4435 dixitque
3565 4362 3680 4416 fra-

2034 4463 2227 4517 tribus
2258 4459 2415 4514 suis:
2447 4458 2659 4512 Alferte
2692 4455 2936 4527 lapides.
2959 4454 3067 4518 Qui
3094 4457 3518 4526 congregantes
3544 4451 3687 4506 fece-

2038 4555 2177 4607 runt
2208 4547 2528 4616 tumulum,
2561 4546 3060 4616 comederuntque
3092 4561 3270 4615 super
3294 4558 3427 4598 eum
3465 4560 3476 4597 :
3513 4555 3683 4612 quem

2039 4641 2264 4696 vocavit
2310 4637 2526 4702 Laban,
2559 4634 2872 4689 Tumulum
2905 4634 3072 4689 testis
3106 4649 3120 4688 :
3173 4637 3230 4688 et
3275 4631 3480 4698 Jacob,
3513 4635 3686 4684 Acer-

2039 4746 2176 4786 vum
2207 4724 2568 4792 testimonii;
2621 4728 2860 4795 uterque
2900 4725 3071 4794 juxta
3113 4721 3524 4794 proprietatem
3575 4718 3691 4773 lin-

2041 4836 2167 4891 guas
2199 4833 2317 4873 sum
2345 4816 2386 4868 ³.
2426 4813 2689 4885 Dixitque
2724 4813 2912 4868 Laban
2950 4830 2962 4868 :
3011 4811 3304 4866 Tumulus
3355 4809 3466 4863 iste
3525 4805 3694 4861 testis

2041 4908 2154 4963 erit
2182 4905 2337 4960 inter
2366 4920 2457 4959 me
2487 4907 2543 4957 et
2573 4907 2629 4957 te
2657 4901 2852 4968 hodie,
2887 4906 2944 4956 et
2974 4901 3193 4956 idcirco
3219 4896 3576 4971 appellatum
3607 4898 3698 4950 est

2045 5011 2257 5052 nomen
2289 4994 2417 5064 ejus
2447 4990 2688 5062 Galaad,
2709 4990 2766 5046 id
2795 4994 2904 5059 est,
2929 4989 3219 5046 Tumulus
3250 4986 3436 5043 testis.
3473 4987 3698 5040 Intuea-

2117 5210 2139 5244 ⁸
2168 5206 2359 5262 Verba
2401 5205 2604 5261 isthmc
2635 5205 2708 5260 ab
2739 5205 3054 5277 interprete
3086 5203 3289 5277 addita
3317 5203 3477 5277 sunt,
3510 5208 3698 5266 neque

2049 5283 2110 5336 in
2144 5279 2514 5334 Hebrzeorum
2546 5271 2946 5332 voluminibus
2976 5277 3085 5331 hoc
3115 5274 3286 5329 modo
3319 5271 3510 5344 posita
3539 5281 3701 5337 repe-

2054 5354 2325 5408 riuntur:
2360 5350 2460 5405 sed
2494 5350 2571 5404 ibi
2601 5348 2882 5418 scriptum
2917 5353 3024 5417 est,
3063 5347 3219 5418 quod
3248 5345 3446 5418 Laban
3481 5353 3705 5418 deerunt

2056 5407 2302 5495 lapidum
2351 5422 2638 5495 vocaverit
2669 5407 2793 5495 {ger
2819 5407 3444 5495 seduthofdacobvero
3477 5407 3702 5495 Qalaad.

2058 5484 2220 5552 Unde
2251 5495 2309 5549 S.
2345 5484 2731 5561 Hieronymus
2763 5493 2819 5547 in
2854 5484 3067 5557 Quaest.
3099 5487 3444 5543 Hebraicis:
3478 5484 3708 5538 Acervus

347 5585 660 5642 Monsiste
682 5581 1396 5661 per_an_ti.cipationem,ut
1418 5579 1756 5661 frequenter
1781 5579 1950 5661 docet
1980 5571 2025 5636 D
2059 5585 2254 5661 lingua
2288 5583 2522 5661 "ceram
2557 5568 2681 5661 (⁸η)Δ
2706 5581 2796 5653 gat
2830 5582 3062 5661 dicitur,
3094 5578 3211 5647 (Ἰν)
3253 5576 3516 5661 saduero
3559 5571 3710 5628 testi-

277 5647 705 5731 Hieronymus,
739 5655 842 5731 illo,
885 5647 1266 5731 bic'vocatur
1296 5647 1556 5719 nomine,
1589 5666 1706 5721 quo
1755 5659 1952 5724 postea
2062 5647 2332 5731 mortium.
2366 5647 2604 5731 Rursum
2632 5647 2836 5731 lingua
2858 5653 2998 5721 Syra
3030 5647 3584 5731 acervus-(uixiga'r
3612 5659 3710 5731 ap.-

281 5725 734 5803 nuncnpandus
764 5730 872 5784 est.
907 5725 1092 5783 MART.

2063 5729 2328 5803 pellatur,
2362 5715 2745 5782 testimonia";
2775 5715 3069 5796 (animo)
3110 5715 3381 5778 sedutha.
3403 5715 3575 5776 'Jacob
3604 5715 3716 5786 igi-
