4080 6186
390 340 502 396 239

1407 346 1466 397 S.
1507 343 1915 398 HIERONYMI
1955 345 2208 399 DIVINA
2245 344 2737 398 BIBLIOTHECA.

3709 339 3809 394 240

387 477 484 525 tur
518 468 797 525 Dominus
818 467 1112 538 etjudicet
1142 467 1294 522 inter
1325 484 1432 524 nos
1459 469 1693 540 quando
1729 469 2040 525 recesseri-
2070 473 2124 541 Α
2155 469 2352 525 asinas
2385 468 2611 541 viginti,
2637 472 2696 523 et
2725 467 2919 539 pullos
2951 481 3151 523 earum
3183 466 3404 522 decem.
3429 467 3499 522 Et
3529 466 3693 523 misit
3713 483 3807 538 per

395 578 527 616 mus
559 578 591 617 a
625 562 813 628 nobis,
845 560 891 616 si
926 558 1200 615 afﬂixeris
1249 558 1397 614 ﬁlias
1447 576 1628 627 meas,
1661 563 1717 615 et
1765 559 1814 615 si
1865 561 2049 615 intro-

397 651 632 732 duxeris
667 666 869 706 uxores
914 647 1058 704 alias
1109 665 1284 721 super
1311 667 1453 706 eas:
1511 649 1711 706 nullus
1761 648 2050 705 sermonis

398 741 582 796 nostri
613 739 777 794 testis
809 742 898 794 est
929 739 1151 810 absque
1185 739 1323 806 Deo,
1355 740 1452 810 qui
1501 755 1755 810 praisens
1791 738 2050 809 respicit.

394 829 667 899 Dixitque
697 843 906 883 rursus
927 828 997 882 ad
1021 827 1197 882 Jacob
1223 844 1235 881 :
1266 828 1344 882 En
1377 827 1643 883 tumulus
1676 828 1792 894 hic,
1818 833 1876 883 et
1905 826 2056 898 lapis

400 934 574 989 quem
625 916 776 971 erexi
826 917 982 972 inter
1031 933 1122 972 me
1155 921 1213 972 et
1243 922 1320 986 te,
1355 917 1520 974 testis
1553 918 1662 973 erit
1695 935 1707 973 :
1762 916 2053 987 tumulus,

402 1006 671 1077 inquam,
703 1006 812 1062 iste
843 1011 898 1061 et
929 1005 1080 1078 lapis
1133 1007 1251 1062 sint
1294 1007 1349 1062 in
1402 1007 1831 1073 testimonium,
1862 1005 1912 1062 si
1956 1009 2057 1061 aut

406 1110 512 1167 ego
538 1093 847 1150 transierio
881 1094 1044 1150 illum
1080 1111 1328 1168 pergens
1359 1096 1429 1151 ad
1464 1100 1539 1165 te,
1572 1101 1674 1151 aut
1703 1103 1765 1151 tu
1816 1101 2057 1167 praeter-

406 1184 567 1254 ieris,
623 1184 842 1240 malum
905 1185 1050 1240 mihi
1107 1186 1388 1257 cogitans.
1443 1190 1588 1241 Deus
1634 1185 1950 1252 Abraham,
2001 1187 2059 1238 et

409 1275 564 1330 Deus
615 1274 822 1339 Nahor,
849 1273 1072 1344 judicet
1102 1275 1254 1329 inter
1280 1261 1405 1342 nos,
1440 1281 1594 1331 Deus
1620 1275 1803 1346 patris
1833 1289 2055 1330 eorum.

407 1362 754 1435 Juravitque
801 1364 972 1418 Jacob
1021 1379 1124 1435 per
1167 1364 1437 1420 timorem
1497 1365 1680 1436 patris
1726 1363 1818 1418 sui
1865 1363 2057 1435 Isaac,

407 1452 1118 1523 immolatisquevictimis
1134 1452 1192 1507 in
1215 1453 2059 1522 monte,vocavitfratressuos,

412 1547 478 1597 ut
498 1543 736 1598 ederent
761 1541 1104 1612 panem.Qui
1130 1558 1262 1596 cum
1290 1542 2062 1612 comedissent,manserunt

408 1631 510 1686 ibi.
539 1632 730 1686 Laban
766 1647 920 1701 vero,
944 1632 1014 1686 de
1037 1636 1203 1686 nocte
1235 1648 1617 1704 consurgens,
1641 1630 1942 1686 osculatus
1973 1632 2063 1684 est

415 1719 565 1775 filios
596 1725 651 1775 et
684 1719 834 1775 tilias
865 1737 1026 1786 suas,
1056 1724 1111 1775 et
1141 1719 1438 1776 benedixit
1471 1720 1586 1775 illis
1619 1737 1631 1775 :
1683 1733 2063 1790 reversusque

411 1813 501 1865 est
534 1809 590 1862 in
625 1808 817 1864 locum
851 1825 1050 1865 suum.

483 1898 573 1968 [T.
606 1897 828 1967 XXVII,
861 1899 920 1951 C.
959 1897 1153 1963 LVIII,
1204 1900 1337 1968 Cap.
1387 1897 1645 1968 XXXII.]
1690 1897 1868 1953 Jacob
1917 1912 2066 1967 quo-

409 2002 522 2058 que
547 1987 692 2042 abiit
712 1986 916 2041 itinere
941 2003 1051 2056 quo
1075 1990 1355 2058 coeperat;
1384 1987 1735 2057 fueruntque
1761 1985 1810 2040 ei
1834 1986 2064 2041 obviam

2161 576 2373 614 manus
2405 575 2706 613 servorum
2739 573 2979 612 suorum
3005 555 3270 628 singulos
3298 572 3562 611 seorsum
3586 572 3802 628 greges:

2160 648 2420 719 dixitque
2453 647 2652 718 pueris
2685 645 2845 702 suis:
2875 645 3211 701 Anteceditc
3235 661 3347 716 me,
3371 650 3428 701 et
3449 645 3525 701 sit
3554 646 3804 717 spatium

2162 736 2314 792 inter
2338 753 2569 808 gregem
2599 743 2655 791 et
2684 750 2944 808 gregem.
2972 735 3037 789 Et
3067 734 3340 806 praecepit
3372 735 3552 806 priori
3575 735 3774 789 dicens

2163 826 2222 882 Si
2253 825 2489 880 obvium
2522 825 2800 881 habueris
2833 829 2981 880 Esau
3016 824 3256 879 fratrem
3290 839 3511 889 meum,
3543 828 3601 879 et
3631 823 3807 878 inter-

2165 915 2452 986 rogaverit
2499 919 2570 982 te,
2596 915 2780 985 Cujus
2820 914 2932 970 es?
2981 913 3242 980 aut,Quo
3291 913 3502 968 vadis?
3548 921 3604 968 et
3634 913 3808 984 [Vulg.

2165 1004 2307 1075 aut],
2339 1004 2520 1074 Cujus
2552 1007 2692 1058 sunt
2723 1003 2836 1059 ista
2865 1019 2991 1074 quaa
3025 1001 3290 1072 sequeris
3310 1002 3337 1058 ?
3367 1001 3806 1074 Respondebis:

2167 1091 2326 1149 Servi
2360 1093 2465 1159 tui,
2497 1092 2696 1162 Jacob,
2729 1109 2975 1147 munera
3005 1091 3168 1146 misit
3197 1091 3435 1147 domino
3465 1107 3593 1147 meo
3625 1091 3805 1147 Esau:

2167 1182 2292 1254 ipse
2342 1199 2575 1254 quoque
2633 1185 2764 1253 post
2824 1197 2928 1236 nos
2975 1181 3152 1236 venit.
3202 1179 3482 1236 Similiter
3541 1181 3812 1236 mandata

2167 1272 2328 1327 dedit
2358 1273 2634 1340 secundo,
2658 1276 2714 1327 et
2737 1270 2926 1338 tertio,
2950 1275 3009 1326 et
3037 1270 3266 1325 cunctis
3291 1269 3391 1341 qui
3421 1270 3814 1342 sequebantur

2169 1380 2395 1436 greges,
2429 1365 2630 1418 dicens
2660 1381 2672 1419 :
2731 1363 2942 1419 Iisdem
2968 1363 3160 1417 verbis
3194 1361 3507 1433 loquimini
3538 1363 3610 1417 ad
3643 1363 3810 1429 Esau,

2171 1470 2301 1508 cum
2353 1453 2690 1508 inveneritis
2752 1469 2908 1508 eum.
2959 1453 3029 1507 Et
3081 1451 3357 1507 addetis:
3410 1454 3542 1524 Ipse
3589 1465 3818 1522 quoque

2171 1559 2374 1598 servus
2424 1549 2561 1597 tuus
2608 1543 2786 1597 Jacob
2835 1541 2945 1596 iter
2975 1547 3244 1596 nostrum
3294 1541 3644 1612 insequitur,
3679 1539 3818 1594 dixit

2172 1635 2327 1687 enim
2362 1649 2374 1686 :
2432 1631 2676 1686 Placabo
2707 1629 2872 1685 illum
2908 1631 3248 1686 muneribus
3299 1647 3427 1700 quae
3462 1630 3816 1700 praecedunt,

2172 1726 2228 1776 et
2260 1725 2462 1792 postea
2491 1719 2697 1775 videbo
2730 1736 2886 1787 eum,
2921 1718 3165 1774 forsitan
3194 1717 3605 1790 propitiabitur
3655 1715 3819 1772 mihi.

2173 1814 2602 1865 Praecesserunt
2655 1810 2852 1880 itaque
2895 1824 3146 1863 munera
3175 1812 3310 1863 ante
3340 1823 3499 1876 eum,
3535 1807 3660 1879 ipse
3693 1821 3821 1862 vero

2177 1898 2394 1954 mansit
2427 1903 2590 1953 nocte
2618 1897 2718 1953 illa
2748 1898 2806 1952 in
2841 1897 3072 1953 castris.
3103 1898 3370 1968 Cumque
3419 1901 3648 1952 mature
3693 1913 3822 1950 sur-

2177 1989 2442 2052 rexisset,
2477 1987 2611 2042 tulit
2641 1988 2789 2042 duas
2822 2003 3026 2042 uxores
3057 2003 3217 2052 suas,
3252 1991 3310 2041 et
3341 1985 3586 2041 totidem
3633 1986 3822 2040 famu-

414 2077 602 2148 angeli
634 2075 757 2143 Dei,
783 2092 931 2146 quos
963 2091 1095 2130 cum
1128 2076 1392 2142 vidisset,
1417 2076 1533 2130 ait:
1564 2075 1764 2130 Castra
1801 2076 1894 2131 Dei
1929 2078 2069 2131 sunt
2176 2077 2284 2145 las,
2315 2095 2449 2132 cum
2486 2077 2756 2132 undecim
2790 2075 2927 2131 ﬁliis
2949 2081 3004 2130 et
3037 2075 3309 2131 transivit
3335 2075 3549 2130 vadum
3583 2073 3821 2130 Jebboc.

411 2167 574 2220 haec:
628 2169 685 2219 et
723 2164 1034 2236 appellavit
1069 2181 1278 2220 nomen
1311 2165 1422 2220 loci
1457 2164 1615 2220 illius
1648 2165 1968 2231 Mabnaim,
2004 2164 2062 2219 id
2097 2173 2139 2236 Β
2171 2166 2672 2235 Transductisque
2719 2163 2996 2220 omnibus
3044 2181 3174 2234 qua:
3223 2164 3294 2218 ad
3335 2180 3397 2219 se
3431 2163 3819 2235 pertinebant,

413 2259 523 2320 est,
549 2254 772 2309 Castra.
799 2254 958 2308 Misit
990 2269 1058 2307 au
1071 2258 1184 2309 tem
1210 2258 1265 2309 et
1289 2253 1526 2309 nuntios
1558 2260 1691 2309 ante
1713 2271 1774 2309 se
1806 2255 1877 2308 ad
1911 2255 2062 2308 Esau

416 2343 654 2397 fratrem
725 2358 899 2396 suum
960 2341 1016 2396 in
1071 2347 1286 2397 terram
1354 2343 1541 2415 [ναις.
1603 2343 1662 2397 in
1718 2342 2060 2414 regionem.]

413 2431 556 2495 Seir,
594 2431 847 2502 regionis
881 2431 1036 2485 Edon
1066 2449 1078 2486 :
1113 2431 1503 2502 praecepitque
1535 2431 1657 2487 eis:
1693 2431 1932 2487 dicens:
1968 2430 2063 2487 Sic

413 2519 724 2591 loquimini
757 2520 995 2575 domino
1028 2536 1151 2575 meo
1182 2521 1364 2575 Esau:
1391 2525 1520 2575 Haec
1545 2521 1684 2575 dicit
1719 2521 1896 2575 frater
1925 2525 2062 2575 tuus

415 2608 626 2665 Jacob:
652 2608 819 2680 Apud
860 2608 1052 2663 Laban
1085 2609 1488 2680 peregrinatus
1520 2615 1746 2676 sum,et
1769 2609 1847 2664 fui
1882 2625 2064 2679 usque

419 2699 477 2753 in
513 2701 856 2769 praesentem
890 2698 1066 2752 diem.
1104 2698 1294 2752 Ilabeo
1327 2697 1522 2767 boves,
1555 2702 1612 2753 et
1655 2697 1873 2765 asinos,
1907 2713 2064 2765 oves,

418 2791 474 2843 et
504 2802 724 2854 servos,
767 2791 943 2856 atque
974 2785 1218 2842 ancillas
1249 2803 1262 2842 :
1314 2787 1599 2858 mittoque
1638 2804 1792 2842 nunc
1822 2786 2064 2858 legatio-

420 2892 553 2931 nem
586 2875 658 2930 ad
691 2875 998 2930 dominum
1028 2891 1245 2943 meum,
1279 2881 1345 2931 ut
1386 2875 1678 2930 inveniam
1724 2877 1972 2948 gratiam
2006 2876 2063 2930 in

309 3024 316 3028 _
418 2969 734 3036 conspectu
784 2969 905 3019 tuo.
954 2963 1188 3019 Reversi
1233 2969 1374 3020 sunt
1417 2964 1607 3019 nuntii
1639 2966 1712 3019 ad
1741 2964 1939 3030 Jacob,
1974 2965 2062 3018 di-

420 3058 616 3108 centes
648 3069 661 3107 :
712 3053 998 3107 Venimus
1048 3054 1118 3106 ad
1171 3053 1320 3108 Esau
1356 3053 1590 3108 fratrem
1625 3058 1816 3118 tuum,
1850 3058 1907 3108 et
1936 3069 2065 3109 ecce

417 3145 691 3214 properat
719 3141 777 3194 in
809 3157 1119 3196 occursum
1144 3142 1245 3197 tibi
1270 3158 1403 3196 cum
1427 3143 1872 3213 quadringentis
1903 3143 2061 3197 viris.

415 3231 756 3299 Timuitque
779 3230 960 3285 Jacob
991 3230 1157 3285 valde
1192 3247 1204 3284 :
1256 3236 1310 3286 et
1344 3233 1690 3303 perterritus
1728 3231 1924 3287 divisit
1959 3249 2061 3304 po-

412 3321 618 3392 pulum
668 3317 768 3390 qui
820 3335 1020 3375 secum
1053 3325 1198 3386 erat,
1231 3335 1434 3392 greges
1498 3337 1730 3393 quoque
1763 3326 1816 3376 et
1846 3338 1977 3376 oves
2009 3326 2064 3377 et

412 3411 587 3465 boves
617 3414 676 3464 et
706 3411 981 3474 camelos,
1011 3408 1069 3463 in
1105 3410 1251 3464 duas
1284 3414 1530 3480 turmas,
1565 3410 1767 3465 dicens
1799 3429 1811 3465 :
1862 3411 1917 3466 Si
1971 3427 2062 3466 ve-

417 3498 567 3554 nerit
601 3499 748 3552 Esau
781 3499 851 3552 ad
889 3514 1065 3553 unam
1100 3501 1378 3563 turmam,
1412 3503 1470 3552 et
1520 3499 1875 3569 percusserit
1911 3516 2060 3564 eam,

417 3587 531 3643 alia
579 3591 797 3652 turma,
838 3603 964 3658 quae
1016 3587 1236 3657 reliqua
1283 3592 1393 3654 est,
1421 3587 1757 3644 salvabitur.
1800 3589 2066 3660 Dixitque

416 3675 594 3732 Jacob
630 3693 642 3730 :
678 3682 831 3732 Deus
880 3677 1062 3748 patris
1114 3677 1222 3732 mei
1272 3677 1578 3744 Abraham,
1615 3684 1668 3732 et
1696 3678 1851 3734 Deus
1882 3679 2065 3750 patris

422 3764 536 3822 mei
588 3767 784 3820 Isaac:
839 3766 1100 3831 Domine,
1152 3766 1250 3837 qui
1302 3766 1502 3820 dixisti
1553 3767 1717 3833 mihi,
1761 3768 2066 3824 Revertere

2174 2254 2455 2311 remansit
2483 2253 2642 2309 solus
2677 2270 2690 2307 :
2733 2269 2864 2308 ecce
2895 2255 2984 2308 vir
3014 2253 3347 2308 luctabatur
3377 2269 3511 2308 cum
3543 2268 3608 2308 eo
3641 2267 3822 2322 usque

2174 2360 2364 2400 mane.
2393 2344 2500 2407 Qui
2551 2359 2679 2397 cum
2714 2341 2935 2397 videret
2984 2342 3139 2414 quod
3191 2358 3325 2397 eum
3375 2358 3655 2414 superare
3705 2358 3819 2397 non

2173 2438 2390 2504 posset,
2415 2432 2609 2502 tetigit
2631 2449 2874 2487 nervum
2907 2431 3143 2486 femoris
3174 2431 3388 2501 ejus,et
3411 2433 3607 2486 statim
3630 2447 3824 2486 emar-

2175 2523 2313 2577 cuit.
2367 2521 2636 2591 Dixitque
2687 2521 2756 2576 ad
2808 2537 2990 2575 eum:
3045 2519 3283 2576 Dimitte
3334 2537 3446 2588 me,
3493 2521 3619 2591 jam
3663 2521 3820 2577 enim

2176 2610 2438 2666 ascendit
2470 2626 2698 2664 aurora.
2733 2609 3095 2680 Respondit:
3129 2608 3254 2664 Non
3286 2608 3582 2666 dimittam
3617 2615 3690 2678 te,
3712 2608 3825 2665 nisi

2175 2698 2538 2754 benedixeris
2571 2699 2738 2754 mihi.
2772 2699 2866 2754 Ait
2897 2714 3031 2770 ergo
3065 2715 3078 2752 :
3113 2700 3275 2765 Quod
3309 2715 3520 2754 nomen
3553 2708 3637 2754 est
3666 2698 3830 2768 tibi}

2175 2787 2540 2860 Respondit:
2597 2787 2797 2843 Jacob.
2844 2790 2915 2841 At
2971 2786 3088 2857 ille,
3148 2786 3556 2859 Nequaquam,
3616 2787 3825 2858 inquit,

2173 2877 2353 2933 Jacob
2386 2876 2778 2948 appellabitur
2809 2894 3019 2932 nomen
3050 2883 3240 2941 tuum,
3274 2877 3378 2933 sed
3412 2876 3590 2932 Israel
3625 2893 3637 2933 :
3688 2893 3821 2947 quo-

2176 2968 2332 3022 niam
2384 2967 2433 3022 si
2477 2971 2679 3020 contra
2729 2965 2912 3021 Deum
2966 2966 3129 3021 fortis
3171 2965 3356 3034 fuisti,
3391 2971 3607 3036 quanto
3641 2965 3827 3037 magis

2174 3060 2380 3111 contra
2457 3054 2727 3109 homines
2804 3055 3187 3125 praevalebisl
3253 3054 3638 3126 Interrogavit
3695 3069 3828 3109 eum

2171 3144 2349 3199 Jacob
2379 3161 2392 3199 :
2429 3143 2527 3197 hic
2563 3142 2728 3209 mihi,
2765 3159 2880 3215 quo
2914 3142 3228 3215 appellaris
3262 3143 3496 3199 nomine
3523 3147 3544 3198 Ρ
3569 3144 3828 3213 Respon-

2175 3234 2260 3287 dit
2293 3250 2305 3288 :
2340 3234 2452 3287 Cur
2482 3232 2692 3303 qumris
2727 3248 2935 3288 nomen
2971 3232 3217 3287 meum?
3261 3233 3329 3287 Et
3361 3231 3657 3288 benedixit
3684 3231 3733 3286 ei
3767 3231 3826 3285 in

2174 3322 2376 3376 eodem
2425 3320 2570 3375 loco.
2606 3319 2962 3392 Vocavitque
3011 3320 3187 3375 Jacob
3240 3337 3454 3376 nomen
3506 3319 3617 3375 loci
3671 3318 3831 3374 illius

2175 3409 2453 3475 Phanuel,
2490 3409 2688 3465 dicens
2727 3425 2738 3462 :
2790 3409 2923 3463 Vidi
2977 3409 3159 3464 Deum
3208 3409 3352 3465 facie
3393 3410 3463 3465 ad
3507 3409 3736 3478 faciem,
3773 3411 3832 3463 et

2175 3500 2334 3556 salva
2381 3499 2532 3554 facta
2563 3503 2652 3554 est
2682 3497 2879 3554 anima
2923 3515 3071 3554 mea.
3105 3498 3398 3570 Ortusque
3427 3503 3516 3554 est
3545 3497 3595 3553 ei
3629 3497 3830 3553 statim

2175 3590 2283 3657 sol,
2317 3593 2621 3659 postquam
2653 3593 3054 3656 transgressus
3083 3592 3172 3642 est
3197 3586 3460 3642 Phanuel
3486 3605 3497 3641 :
3539 3587 3668 3658 ipse
3696 3601 3832 3641 vero

2176 3677 2544 3733 claudicabat
2575 3677 2740 3748 pede.
2765 3677 2949 3741 Quam
2981 3677 3053 3731 ob
3089 3692 3326 3731 causam
3360 3693 3476 3732 non
3509 3676 3834 3730 comedunt

2177 3766 2279 3821 filii
2312 3765 2490 3822 Israel
2525 3783 2788 3834 nervum,
2821 3764 2918 3836 qui
2968 3765 3254 3820 emarcuit
3287 3765 3344 3819 in
3379 3764 3596 3820 femore
3625 3762 3835 3833 Jacob,

421 3855 480 3910 in
554 3859 765 3910 terram
826 3859 1011 3921 tuam,
1074 3859 1129 3910 et
1184 3854 1240 3909 in
1303 3853 1495 3910 locum
1549 3856 1865 3911 nativitatis
1921 3865 2066 3930 tuae,
2101 3865 2143 3932 ο
2185 3871 2369 3926 usque
2419 3855 2476 3909 in
2525 3857 2865 3925 praesentem
2899 3852 3084 3909 diem:
3127 3869 3191 3908 eo
3221 3854 3372 3924 quod
3405 3851 3662 3924 tetigerit
3703 3867 3842 3907 ner-

419 3949 476 4000 et
531 3944 894 4000 benefaciam
953 3944 1056 3998 tibi
1104 3961 1117 3999 :
1180 3945 1371 4000 minor
1424 3961 1555 3999 sum
1610 3947 1838 4000 cunctis
1890 3947 2067 4002 mise-

421 4034 769 4101 rationibus,
829 4039 886 4089 et
936 4035 1176 4090 veritate
1243 4033 1420 4108 [Vulg.
1480 4034 1956 4090 miserationibus
2013 4041 2070 4092 et

417 4124 660 4180 veritate
707 4123 849 4195 tua],
885 4139 1062 4196 quam
1113 4123 1353 4196 explesti
1405 4140 1569 4178 servo
1610 4128 1730 4179 tuo.
1767 4124 1825 4179 In
1863 4125 2067 4180 baculo

421 4229 547 4267 meo
604 4213 848 4274 transivi
909 4213 1226 4268 Jordanem
1287 4213 1467 4268 istum
1530 4230 1542 4268 :
1602 4219 1657 4268 et
1715 4231 1872 4270 nunc
1929 4232 2062 4270 cum

417 4301 647 4357 duabus
726 4302 940 4356 turmis
1019 4303 1336 4373 regredior.
1400 4303 1547 4357 Erue
1608 4319 1698 4359 me
1756 4305 1826 4359 de
1887 4321 2064 4360 manu

418 4389 614 4445 fratris
682 4390 828 4454 mei,
897 4391 968 4445 de
1034 4407 1210 4445 manu
1277 4393 1471 4462 [ναις.
1546 4402 1657 4445 [ηε.
1734 4393 1804 4447 de
1865 4395 2064 4463 manu]

415 4478 588 4543 Esau,
617 4479 752 4550 quia
775 4479 942 4534 valde
971 4495 1104 4534 eum
1140 4479 1356 4534 timeo:
1393 4496 1461 4534 ne
1497 4480 1638 4534 forte
1673 4481 1909 4536 veniens
1942 4499 2069 4552 per-

415 4569 598 4622 cutiat
631 4575 875 4622 matrem
907 4585 1037 4623 cum
1075 4567 1326 4623 Iiliis.Tu
1355 4569 1585 4623 locutus
1615 4585 1677 4623 es
1709 4570 1861 4639 quod
1891 4570 2064 4625 bene-

415 4657 636 4712 faceres
677 4657 841 4725 mihi,
877 4663 932 4712 et
981 4657 1260 4713 dilatares
1294 4674 1487 4713 semen
1525 4673 1718 4712 meum
1753 4659 1906 4713 sicut
1937 4675 2065 4714 are-

417 4763 554 4801 nam
587 4746 940 4818 maris,qure
1001 4763 1116 4817 pra:
1169 4746 1548 4801 multitudine
1602 4747 1896 4802 numerari
1950 4764 2062 4802 non

414 4841 628 4909 potest.
664 4837 922 4906 Cumque
948 4836 1257 4891 dormisset
1298 4836 1372 4889 ibi
1427 4840 1592 4890 nocte
1625 4835 1743 4902 illa,
1777 4837 2065 4907 separavit

415 4927 486 4981 de
518 4925 610 4980 his
642 4941 765 4997 quae
794 4925 1066 4993 habebat,
1098 4941 1342 4979 munera
1391 4924 1535 4979 Esau
1588 4925 1751 4978 fratri
1803 4941 1930 4993 suo,
1965 4943 2060 4980 ca-

413 5032 548 5087 pras
598 5015 904 5080 ducentas,
956 5014 1149 5068 hircos
1199 5013 1427 5085 viginti,
1479 5030 1612 5069 oves
1662 5014 1968 5079 ducentas,
2009 5017 2065 5069 et

413 5104 625 5161 arietes
664 5103 894 5176 viginti,
950 5103 1206 5159 camelos
1254 5103 1399 5158 fetas
1431 5118 1563 5158 cum
1599 5101 1776 5173 pullis
1804 5104 1928 5158 suis
1959 5103 2062 5158 tri-

409 5195 594 5267 ginta,
655 5209 858 5249 vaccas
919 5192 1336 5264 quadraginta,
1394 5195 1450 5246 et
1506 5199 1702 5246 tauros
1763 5191 1962 5246 decem
2021 5193 2058 5259 ί,

406 5325 503 5374 tur
529 5336 792 5375 acervum
823 5317 1145 5385 testimonii,
1181 5317 1288 5370 hoc
1320 5319 1437 5388 est.
1458 5314 1698 5388 Calaad,
1726 5317 1923 5388 lingua
1962 5335 2059 5388 ap-

406 5390 639 5460 pellavit
671 5394 905 5447 Hebra’a
937 5406 956 5447 :
1005 5390 1188 5444 Laban
1228 5403 1354 5460 vero
1387 5386 1646 5456 itlz'psum,
1680 5387 1736 5442 id
1783 5398 1861 5442 est
1903 5386 2061 5444 acer-

409 5459 533 5517 vum
584 5464 904 5530 testimonii,
941 5464 1064 5533 igar
1111 5459 1382 5525 sedutha,
1424 5461 1602 5533 genti:
1647 5473 1765 5533 sitae
1811 5475 2062 5517 sermone

406 5537 662 5602 vocavit;
708 5538 828 5591 erat
866 5529 1017 5589 enim
1046 5534 1243 5604 Syrus,
1275 5534 1329 5604 et
1360 5532 1640 5604 antiquam
1676 5529 1932 5600 linguam
1959 5549 2061 5604 pa-

406 5613 644 5671 rentum,
673 5605 975 5678 provinciz
1016 5601 1230 5675 in'qua
1276 5601 1587 5670 habitabat,
1615 5618 1864 5659 sermone
1910 5601 2062 5662 com-

409 5680 746 5734 mutaverat.
780 5679 966 5734 MART.

2176 3961 2310 4000 vum
2345 3943 2579 3999 femoris
2611 3943 2761 4014 ejus,
2795 3945 2850 3997 et
2880 3941 3272 4013 obstupuerit.

2250 4032 2407 4105 [Cap.
2434 4030 2713 4103 XXXIII.]
2738 4029 2957 4086 Levans
2990 4034 3188 4086 autem
3219 4030 3398 4086 Jacob
3431 4029 3629 4086 oculos
3661 4044 3834 4094 suos,

2174 4122 2318 4176 vidit
2377 4121 2702 4175 venientem
2753 4119 2924 4190 Esau,
2958 4123 3016 4174 et
3061 4136 3196 4174 cum
3247 4135 3313 4175 eo
3362 4118 3835 4190 quadringentos

2174 4210 2347 4280 viros,
2377 4208 2685 4280 divisitque
2719 4207 2869 4263 filios
2904 4209 3012 4262 Lize
3042 4214 3098 4263 et
3130 4206 3368 4277 Rachel,
3401 4207 3837 4277 ambarumque

2175 4298 2563 4354 famularum:
2597 4301 2653 4352 et
2673 4297 2871 4368 posuit
2891 4300 3204 4368 utramque
3227 4296 3589 4364 ancillam,et
3611 4295 3840 4352 liberos

2172 4371 2397 4455 earum,
2433 4389 2488 4443 in
2523 4386 2850 4459 principio:
2903 4386 3067 4442 Liam
3097 4402 3254 4454 vero,
3288 4391 3344 4441 et
3383 4385 3536 4442 filios
3585 4386 3737 4457 ejus,
3775 4385 3844 4439 in

2173 4479 2430 4535 secundo
2469 4477 2642 4533 loco:
2696 4475 2909 4532 Rachel
2959 4482 3151 4531 autem
3203 4481 3260 4532 et
3305 4475 3550 4548 Joseph,
3581 4474 3852 4531 novissi-

2174 4584 2319 4622 mos.
2348 4567 2410 4621 Et
2433 4566 2558 4638 ipse
2586 4565 2966 4636 progrediens
2997 4565 3261 4621 adoravit
3285 4581 3509 4636 pronus
3530 4564 3592 4619 in
3617 4569 3849 4620 terram

2173 4657 2410 4728 septies,
2436 4656 2618 4710 donec
2648 4655 3150 4726 appropinquaret
3179 4655 3356 4709 frater
3386 4654 3536 4724 ejus.
3571 4653 3849 4709 Currens

2171 4745 2371 4817 itaque
2427 4744 2582 4799 Esau
2636 4743 2864 4798 obviam
2931 4743 3098 4798 fratri
3157 4760 3282 4814 suo,
3325 4742 3694 4814 amplexatus
3749 4748 3856 4798 est

2171 4850 2299 4890 eum
2333 4851 2346 4888 :
2400 4832 2815 4904 stringensque
2857 4831 3075 4886 collum
3104 4832 3231 4902 ejus
3253 4837 3310 4888 et
3341 4832 3614 4888 osculans
3647 4831 3847 4886 ﬂevit.

2173 4923 2508 4996 Levatisque
2540 4923 2900 4992 oculis,vidit
2919 4922 3191 4978 mulieres
3217 4927 3273 4978 et
3306 4921 3584 4994 parvulos
3604 4937 3854 4990 earum,

2169 5019 2226 5070 et
2253 5014 2376 5070 ait:
2429 5014 2576 5078 Quid
2627 5013 2741 5068 sibi
2777 5011 2978 5068 volunt
3024 5010 3169 5067 isti?
3218 5021 3271 5067 et
3321 5011 3370 5067 si
3422 5013 3494 5067 ad
3545 5017 3600 5067 te
3648 5011 3853 5082 perti-

2169 5104 2358 5160 nent?
2391 5103 2744 5174 Respondit:
2771 5100 3002 5157 Parvuli
3034 5105 3197 5168 sunt,
3231 5117 3378 5173 quos
3411 5102 3650 5157 donavit
3680 5100 3851 5156 mihi

2169 5193 2324 5248 Deus
2357 5209 2519 5248 servo
2552 5195 2675 5246 tuo.
2703 5192 2770 5246 Et
2801 5189 3342 5262 appropinquantes
3375 5189 3600 5246 ancills:
3638 5192 3696 5244 et
3733 5188 3860 5245 ﬁlii

2237 5349 2303 5356 —
2336 5317 2495 5372 Hanc
2546 5315 2912 5399 clausulam,
2942 5322 3177 5399 uterque
3215 5317 3383 5386 juxta
3426 5314 3863 5399 proprietqu

2171 5387 2381 5456 lingua:
2411 5405 2540 5455 suae,
2577 5388 2743 5443 addit
2796 5388 3035 5444 Latinus
3080 5385 3377 5460 interpres
3421 5385 3492 5442 de
3533 5385 3662 5444 suo.
3697 5385 3860 5442 Vid.

2172 5462 2385 5525 Quaest.
2421 5460 2754 5516 Hebraicas.

2249 5532 2261 5566 '
2294 5532 2488 5588 Nostri
2517 5548 2722 5587 omnes
2756 5548 2896 5587 mss.
2929 5530 3132 5601 viginti
3163 5533 3500 5599 numerant,
3535 5545 3670 5586 cum
3727 5528 3872 5602 Sy-

2177 5602 2332 5659 riaco
2366 5609 2422 5659 et
2451 5603 2697 5676 Vulgato
2731 5603 3071 5675 interprete.
