4080 6186
309 352 415 407 241

1734 354 1951 408 LIBER
1987 353 2314 409 GENESIS.

3629 357 3742 413 242

309 497 536 551 earum,
569 477 853 534 incurvati
900 481 1062 533 sunt.
1095 478 1356 534 Accessit
1402 495 1636 551 quoque
1689 479 1782 534 Lia
1829 495 1964 534 cum
1995 481 2048 546 Α
2080 483 2168 534 est
2200 480 2395 550 itaque
2429 479 2603 534 Emor
2632 478 2701 534 ad
2743 496 2862 546 eos,
2895 483 2951 535 et
2981 481 3163 535 dixit:
3216 481 3447 539 Sichem
3482 482 3584 540 ﬁlii
3619 484 3732 540 mei

307 569 510 624 liberis
544 568 731 642 [ναις.
758 568 980 640 pueris]
998 567 1121 623 suis
1147 584 1158 623 :
1186 572 1398 623 etcum
1427 567 1698 622 similiter
1722 569 1962 623 adoras-

306 665 459 726 sent,
506 657 746 712 extremi
797 656 1009 728 Ioseph
1061 661 1116 712 et
1166 656 1372 712 Rachel
1424 658 1831 713 adoraverunt.
1865 657 1964 711 Di-

305 747 504 817 xitqne
554 750 705 800 Esau
765 763 778 800 :
838 744 1112 808 Quaenam
1165 750 1306 800 sunt
1358 745 1480 800 ista:
1530 749 1756 810 turmae,
1816 762 1964 816 quas

307 835 537 891 obviam
589 833 824 889 habui?
853 833 1170 906 Respondit
1202 851 1214 887 :
1269 833 1340 888 Ut
1368 833 1680 889 invenirem
1712 834 1960 906 gratiam

305 941 501 979 coram
550 924 788 979 domino
842 939 989 978 meo.
1024 927 1095 978 At
1125 923 1222 978 ille
1260 923 1386 978 ait:
1437 925 1635 978 Habeo
1687 923 1959 994 plurima,

305 1013 484 1068 frater
514 1012 614 1082 mi,
645 1012 764 1068 sint
794 1018 894 1066 tua
924 1011 1050 1067 tibi.
1086 1012 1358 1083 Dixitque
1406 1013 1583 1068 Jacob
1619 1030 1631 1067 :
1685 1011 1806 1067 Noli
1857 1013 1958 1080 ita,

302 1102 584 1157 obsecro:
619 1102 720 1157 sed
754 1102 801 1157 si
837 1102 1026 1156 inveni
1058 1102 1304 1172 gratiam
1338 1101 1396 1156 in
1429 1101 1614 1158 oculis
1644 1102 1782 1172 tuis,
1811 1102 1961 1158 acci-

301 1207 370 1264 pe
405 1191 829 1246 munusculum
879 1191 949 1246 de
1004 1190 1276 1246 manibus
1305 1192 1451 1246 meis
1481 1208 1493 1246 :
1539 1191 1621 1247 sic
1653 1191 1808 1246 enim
1842 1191 1961 1246 vidi

300 1281 506 1336 faciem
559 1287 750 1346 tuam,
812 1281 975 1352 quasi
1031 1281 1280 1336 viderim
1328 1280 1554 1335 vultum
1619 1281 1714 1336 Dei
1761 1297 1774 1337 :
1836 1284 1959 1336 esto

297 1371 444 1424 mihi
470 1369 854 1441 propitius,et
871 1369 1103 1440 suscipe
1121 1369 1584 1425 benedictionem
1608 1385 1784 1442 quam
1810 1374 1960 1424 attu-

295 1457 333 1511 li
408 1459 542 1523 tibi,
591 1462 649 1512 et
717 1474 892 1529 quam
973 1458 1214 1513 donavit
1285 1458 1426 1513 mihi
1486 1464 1634 1514 Deus
1691 1459 1959 1514 tribuens

294 1549 519 1602 omnia.
575 1547 680 1601 Vix
744 1547 920 1601 fratre
977 1545 1362 1618 compellente
1420 1546 1768 1618 suscipiens,
1829 1546 1956 1602 ait:

295 1636 658 1692 Gradiamur
704 1635 905 1705 simul,
938 1651 1153 1706 eroque
1198 1636 1394 1692 socius
1441 1636 1667 1691 itineris
1715 1635 1821 1690 tui.
1861 1636 1955 1691 Di-

297 1728 505 1797 xitque
554 1725 733 1780 Jacob
771 1743 784 1780 :
833 1724 1018 1792 Nosti,
1051 1725 1288 1781 domine
1332 1726 1434 1791 mi,
1487 1726 1641 1797 quod
1685 1725 1956 1797 parvulos

297 1815 556 1870 habeam
605 1819 856 1880 teneros,
889 1819 944 1869 et
972 1831 1108 1870 oves
1151 1819 1207 1870 et
1249 1815 1424 1871 boves
1474 1815 1640 1882 fetas,
1673 1830 1901 1870 mecum
1938 1830 1950 1868 :

295 1921 452 1975 quas
493 1905 545 1958 si
595 1903 726 1975 plus
769 1904 828 1958 in
879 1903 1236 1958 ambulando
1287 1905 1472 1960 fecero
1519 1904 1804 1972 laborare,
1837 1920 1956 1960 mo-

293 1994 530 2048 rientur
558 2009 675 2046 una
723 1991 816 2046 die
865 1993 1057 2047 cuncti
1091 2009 1318 2064 greges.
1353 1993 1647 2048 Praecedat
1678 1993 1954 2049 dominus

284 2099 460 2137 meus
513 2086 648 2136 ante
679 2098 909 2137 servum
943 2099 1142 2146 suum,
1177 2087 1232 2137 et
1257 2099 1363 2154 ego
1397 2099 1610 2154 sequar
1668 2081 1950 2154 paulatim

2076 567 2320 623 adhaesit
2351 567 2549 622 anima
2579 567 2705 622 ﬁlia:
2733 572 2933 623 vestra:
2966 586 2978 624 :
3027 569 3159 626 date
3189 586 3316 626 eam
3349 571 3432 626 illi
3465 589 3726 644 uxorem,

2073 656 2734 727 etjungamusvicissim
2762 658 3080 726 connubia;
3108 657 3258 714 ﬁlias
3273 668 3492 716 vestras
3513 662 3724 718 tradite

2074 744 2262 812 nobis,
2297 749 2353 799 et
2384 743 2534 799 ﬁlias
2565 749 2793 799 nostras
2825 746 3086 818 accipite.
3126 749 3191 802 Et
3234 748 3492 805 habitata
3525 751 3721 807 nobis-

2073 849 2242 889 cum:
2295 838 2450 888 terra
2481 833 2538 887 in
2573 837 2858 904 potestate
2888 841 3080 891 vestra
3125 841 3250 893 est:
3302 844 3582 907 exercete,
3618 857 3718 895 ne-

2070 923 2399 994 gotiamini,
2443 927 2499 977 et
2547 922 2840 994 possidete
2897 940 3047 980 eam.
3093 926 3201 980 Sed
3253 930 3310 981 et
3360 927 3592 984 Sichem
3645 929 3718 984 ad

2071 1016 2294 1082 patrem
2328 1016 2383 1065 et
2416 1012 2623 1066 fratres
2654 1011 2781 1081 ejus
2814 1011 2932 1066 ait:
2985 1013 3278 1069 Inveniam
3329 1017 3578 1087 gratiam
3623 1035 3720 1073 co-

2071 1117 2193 1154 ram
2227 1101 2414 1168 vobis,
2440 1105 2497 1155 et
2529 1117 2894 1173 quaecunque
2925 1103 3269 1169 statueritis,
3293 1105 3480 1162 dabo:
3515 1112 3722 1179 augete

2071 1189 2290 1254 dotem,
2311 1207 2560 1244 munera
2591 1190 2902 1261 postulate,
2925 1197 2981 1246 et
3011 1191 3198 1247 libens
3232 1194 3417 1265 [ναις.
3451 1193 3721 1268 libenter}

2071 1278 2328 1333 tribuam
2361 1279 2514 1350 quod
2549 1279 2862 1351 petieritis:
2889 1285 3116 1336 tantum
3143 1282 3271 1337 date
3296 1283 3440 1338 mihi
3466 1285 3720 1355 puellam

2069 1366 2219 1423 hanc
2273 1385 2530 1423 uxorem.
2570 1369 3016 1440 Responderunt
3047 1369 3152 1424 ﬁlii
3183 1370 3361 1428 Jacob
3391 1371 3624 1430 Sichem
3663 1381 3720 1431 et

2068 1455 2220 1528 patri
2266 1459 2392 1528 ejus
2426 1458 2482 1512 in
2520 1458 2672 1525 dolo,
2707 1459 3007 1515 saevientes
3040 1461 3111 1515 ob
3145 1464 3416 1532 stuprum
3450 1463 3667 1520 sororis
3702 1482 3717 1520 :

2066 1545 2188 1600 Non
2225 1563 2543 1617 possumus
2591 1547 2774 1602 facere
2806 1547 2958 1618 quod
2992 1549 3213 1620 petitis,
3246 1566 3355 1606 nec
3387 1551 3524 1606 dare
3551 1568 3714 1607 soro-

2067 1652 2189 1690 rem
2224 1640 2486 1690 nostram
2513 1635 2736 1690 homini
2770 1636 3217 1693 incircumciso:
3255 1640 3408 1711 quod
3441 1639 3713 1696 illicitum

2065 1730 2123 1780 et
2168 1725 2455 1780 nefarium
2511 1731 2598 1780 est
2645 1726 2800 1797 apud
2853 1743 2978 1781 nos.
3014 1727 3122 1782 Sed
3157 1727 3213 1782 in
3248 1727 3358 1784 hoc
3387 1729 3714 1786 valebimus

2066 1813 2353 1884 fmderari,
2379 1815 2425 1868 si
2451 1831 2577 1869 esse
2599 1814 2896 1869 volueritis
2916 1817 3097 1870 nostri
3121 1817 3363 1884 similes,
3387 1823 3444 1874 et
3465 1819 3714 1875 circum-

2064 1903 2296 1958 cidatur
2348 1903 2404 1956 in
2467 1904 2632 1958 vobis
2683 1919 2854 1958 omne
2911 1905 3092 1976 [Vulg.
3127 1906 3346 1978 omnis]
3399 1907 3711 1963 masculini

2063 2007 2237 2047 sexus
2272 2008 2284 2046 :
2346 1998 2484 2047 tunc
2533 1991 2808 2048 dabimus
2839 1998 2894 2048 et
2925 1993 3282 2066 accipiemus
3325 2001 3530 2052 mutuo
3565 1997 3715 2055 ﬁlias

2061 2087 2294 2137 nostras
2325 2099 2390 2137 ac
2422 2086 2666 2152 vestras,
2700 2086 2757 2137 et
2787 2081 3191 2139 habitabimus
3238 2084 3566 2152 vobiscum,
3601 2087 3715 2142 eri-

280 2171 538 2243 vestigia
591 2171 720 2241 ejus
772 2170 926 2226 sicut
969 2170 1168 2226 videro
1219 2187 1393 2243 posse
1445 2170 1716 2242 parvulos
1771 2187 1954 2241 meos,
1987 2178 2033 2242 Β
2066 2187 2315 2242 musque
2349 2187 2503 2226 unus
2535 2170 2828 2243 pepulus:
2881 2171 2972 2226 sin
3005 2177 3198 2227 autem
3233 2173 3572 2229 circumcidi
3607 2191 3716 2230 no-

279 2261 467 2316 donec
499 2260 732 2314 veniam
768 2260 840 2314 ad
869 2260 1173 2314 dominum
1211 2277 1404 2315 meum
1433 2260 1491 2314 in
1526 2261 1670 2316 Seir.
1695 2261 1949 2332 Respon-

273 2351 357 2404 dit
394 2351 552 2405 Esau
590 2367 603 2403 :
639 2349 750 2404 Oro
799 2353 876 2416 te,
910 2355 975 2404 ut
1023 2349 1093 2404 de
1147 2349 1361 2422 populo
1420 2350 1518 2420 qui
1555 2366 1780 2404 mecum
1836 2353 1944 2415 est,

269 2444 484 2494 saltem
520 2439 662 2494 socii
697 2442 1040 2493 remaneant
1088 2439 1189 2492 viaa
1239 2443 1373 2494 tuas.
1405 2439 1530 2493 Non
1580 2446 1686 2508 est,
1730 2438 1944 2510 inquit,

270 2544 565 2584 necesse:
615 2528 722 2582 hoc
775 2545 890 2583 uno
941 2531 1173 2582 tantum
1226 2527 1483 2599 indigeo,
1534 2533 1598 2582 ut
1647 2527 1940 2582 inveniam

271 2619 531 2690 gratiam
565 2617 624 2670 in
658 2621 976 2688 conspectu
1027 2617 1248 2671 domini
1282 2618 1387 2672 mei
1424 2620 1462 2670 ¹.
1516 2617 1799 2672 Reversus
1846 2620 1936 2671 est

273 2707 477 2779 itaque
536 2705 634 2760 illo
687 2707 779 2760 die
830 2707 980 2760 Esau
1033 2706 1240 2761 itinere
1287 2723 1402 2776 quo
1448 2711 1681 2762 venerat
1715 2706 1767 2759 in
1801 2706 1942 2761 Seir.

271 2797 359 2868 [Ο.
389 2795 557 2866 LIX]
587 2796 655 2850 Et
681 2796 858 2850 Jacob
892 2795 1048 2850 venit
1080 2796 1138 2850 in
1171 2795 1419 2850 Sochoth
1451 2813 1462 2851 :
1516 2796 1612 2850 ubi
1663 2797 1948 2851 aadiﬁcata

274 2887 457 2940 domo
493 2888 554 2940 et
584 2885 712 2938 ﬁxis
746 2885 1034 2953 tentoriis,
1063 2883 1374 2955 appellavit
1407 2900 1619 2940 nomen
1646 2883 1755 2940 loci
1786 2883 1946 2940 illius

275 2974 567 3034 Sochoth,
621 2974 676 3026 id
727 2978 815 3028 est
865 2973 1264 3028 tabernacula.
1309 2972 1390 3045 [Β.
1427 2973 1683 3042 ΧΧΧνΙ.]
1727 2974 1946 3030 Trans-

271 3065 508 3136 ivitque
542 3062 600 3116 in
633 3061 823 3117 Salem
853 3062 874 3096 ²
907 3063 1110 3117 urbem
1143 3063 1559 3130 Sichimorum,
1596 3080 1719 3133 quin
1765 3068 1856 3118 est
1886 3063 1944 3118 in

270 3159 431 3211 terra
464 3154 770 3219 Chanaan,
800 3158 1112 3225 postquam
1158 3169 1425 3209 reversus
1456 3159 1545 3210 est
1577 3155 1646 3209 de
1678 3155 1943 3226 Mesopo-

269 3243 460 3299 tamia
492 3243 694 3315 Syriae,
727 3248 783 3297 et
813 3242 1100 3298 habitavit
1131 3244 1305 3314 juxta
1335 3244 1638 3316 oppidum.
1674 3245 1945 3316 Emitque

271 3339 508 3404 partem
559 3331 683 3404 agri
735 3331 792 3386 in
845 3347 961 3402 qua
1011 3332 1214 3388 ﬁxerat
1271 3333 1675 3396 tabernacula,
1723 3350 1756 3389 a
1802 3333 1942 3389 ﬁliis

270 3423 453 3478 Emor
519 3420 704 3493 patris
759 3420 1013 3488 Sichem,
1076 3427 1309 3477 centum
1372 3423 1570 3494 agnis.
1631 3424 1699 3478 Et
1755 3428 1941 3478 erecto

267 3512 349 3566 ibi
381 3511 587 3577 altari,
624 3511 908 3566 invocavit
953 3527 1130 3584 super
1163 3511 1302 3567 illud
1339 3512 1727 3568 fortissimum
1763 3518 1939 3568 Deum

272 3600 487 3656 Israel.

344 3692 440 3763 [T.
477 3689 754 3756 XXVIII,
801 3691 936 3758 Cap.
990 3689 1252 3761 XXXIV.]
1306 3691 1554 3762 Egressa
1611 3696 1699 3746 est
1745 3695 1940 3746 autem

279 3781 452 3849 Dina,
519 3779 642 3835 ﬁlia
717 3778 851 3848 Liae,
914 3783 979 3833 ut
1037 3779 1260 3834 videret
1336 3779 1615 3836 mulieres
1686 3781 1941 3853 regionis

271 3868 460 3924 illius.
481 3869 672 3932 Quam
698 3884 831 3923 cum
858 3868 1103 3924 vidisset
1131 3868 1362 3924 Sichem
1396 3868 1555 3926 ﬁlius
1578 3870 1753 3926 Emor
1775 3871 1942 3941 Evasi,

273 3960 563 4029 princeps
614 3961 780 4011 terrae
836 3955 1019 4028 illius,
1064 3958 1356 4013 adamavit
1414 3974 1562 4028 eam,
1612 3964 1668 4013 et
1727 3959 1938 4030 rapuit,

270 4053 328 4102 et
351 4045 646 4102 dormivit
694 4061 825 4101 cum
876 4045 994 4116 illa,
1027 4047 1084 4100 vi
1140 4047 1480 4118 opprimens
1534 4048 1838 4118 virginem.
1881 4047 1941 4101 Et

271 4135 693 4208 conglutinata
741 4139 833 4190 est
883 4135 1081 4190 anima
1129 4137 1257 4205 ejus
1302 4152 1436 4191 eum
1477 4152 1562 4203 ea,
1597 4136 1942 4207 tristemque

269 4224 592 4279 blanditiis
639 4222 924 4280 delinivit.
959 4225 1026 4279 Et
1073 4241 1322 4297 pergens
1370 4226 1441 4279 ad
1495 4225 1668 4280 Emor
1714 4230 1939 4296 patrem

267 4331 479 4384 suum,
518 4313 729 4386 Accipe
778 4313 942 4378 mihi,
975 4313 1190 4384 inquit,
1226 4313 1482 4385 puellam
1535 4314 1685 4368 hanc
1734 4316 1938 4383 conju-

267 4419 420 4477 gem.
464 4402 634 4466 Quod
685 4418 819 4456 cum
867 4402 1132 4458 audisset
1176 4403 1378 4469 Jacob,
1406 4403 1748 4459 absentibus
1783 4403 1940 4472 ﬁliis,

267 4495 406 4548 etin
431 4495 610 4564 pastu
633 4506 910 4563 pecorum
929 4492 1252 4563 occupatis,
1277 4492 1437 4548 siluit
1459 4494 1639 4550 donec
1659 4493 1936 4548 redirent.

268 4581 534 4652 Egresso
565 4587 758 4634 autem
809 4581 986 4635 Emor
1017 4587 1178 4650 patre
1207 4581 1458 4646 Sichem,
1494 4588 1557 4636 ut
1606 4581 1943 4651 loqueretur

269 4672 344 4725 ad
387 4669 607 4732 Jacob,
640 4684 774 4723 ecce
823 4668 928 4722 ﬁlii
973 4670 1101 4739 ejus
1148 4669 1457 4724 veniebant
1483 4669 1553 4724 de
1583 4685 1743 4740 agro,
1774 4669 1939 4724 audi-

266 4764 460 4831 toque
517 4758 674 4828 quod
715 4757 1024 4822 acciderat,
1070 4757 1201 4813 irati
1253 4762 1392 4813 sunt
1438 4759 1624 4825 valde,
1657 4774 1724 4812 eo
1782 4757 1938 4829 quod

263 4849 503 4904 foedam
556 4863 678 4902 rem
725 4854 879 4903 esset
923 4851 1198 4918 operatus
1248 4847 1307 4902 in
1359 4847 1559 4915 Israel,
1605 4851 1680 4918 et,
1727 4847 1942 4903 violata

265 4937 394 4992 ﬁlia
450 4934 661 4998 Jacob,
710 4951 833 4990 rem
894 4934 1157 4989 illicitam
1221 4939 1632 5006 perpetrasset.
1688 4936 1942 4990 Locutus

332 5117 348 5150 ¹
391 5112 583 5183 Vulg.
623 5113 681 5167 in
709 5114 994 5183 conspectu
1041 5115 1154 5180 tuo,
1187 5111 1408 5167 domine
1450 5111 1550 5182 mi,
1582 5092 1820 5185 longius
1870 5113 1942 5168 ab

353 5189 550 5240 braeo.

257 5191 357 5294 He’
399 5261 586 5312 Error
617 5253 880 5309 oboritur
913 5253 1004 5307 hic
1038 5253 1168 5320 loci,
1203 5254 1251 5308 si
1284 5255 1554 5308 credatur
1601 5255 1714 5309 ista
1761 5256 1943 5312 Salem

261 5346 399 5385 esse
440 5328 784 5393 Jerusalem,
819 5343 948 5396 quas
995 5326 1173 5380 Solem
1221 5327 1393 5380 etiam
1446 5331 1580 5381 ante
1629 5327 1784 5382 dicta
1835 5332 1942 5396 est,

262 5405 319 5456 in
355 5398 790 5473 quaﬂregnavit
821 5396 1251 5473 Melchisedech
1295 5397 1446 5469 (Gen.
1507 5399 1740 5473 x1518)
1794 5402 1940 5473 Con,-

263 5470 400 5528 sulé
466 5470 571 5525 lib.
624 5471 822 5537 Quaest.
881 5470 1283 5525 Hebraz'carum
1339 5471 1525 5525 sancti
1586 5470 1939 5543 Hieronymi.

271 5551 681 5668 ΜΛΚΕ-,Γῆἵοςεῑη
731 5613 916 5668 Salem
962 5612 1210 5669 Urbinas
1252 5629 1363 5668 ms.
1395 5617 1567 5685 tacet.
1602 5614 1796 5669 Fuerit
1825 5616 1954 5685 ejus

277 5686 626 5758 deseriptor
655 5685 714 5740 in
746 5700 816 5741 ea
845 5685 1287 5755 sententia,non
1310 5701 1440 5740 esse
1468 5683 1615 5740 illud
1652 5683 1952 5758 proprium

1975 3875 2017 3940 ο
2055 3867 2307 3938 ingressi
2357 3869 2494 3921 sunt
2545 3867 2751 3920 urbem
2804 3866 3166 3920 conﬁdenter
3208 3881 3220 3920 :

2063 2259 2313 2326 lueritis,
2365 2259 2640 2315 tollemus
2691 2260 2870 2314 ﬁliam
2927 2266 3212 2328 nostram,
3246 2266 3301 2316 et
3350 2264 3712 2319 recedemus.

2058 2348 2282 2404 Placuit
2320 2348 2536 2404 oblatio
2567 2366 2765 2405 eorum
2800 2354 2994 2417 Emor,
3027 2355 3084 2405 et
3114 2351 3348 2406 Sichem
3385 2352 3504 2408 ﬁlio
3535 2354 3664 2424 ejus
3701 2372 3714 2409 :

2057 2454 2160 2493 nec
2191 2437 2421 2493 distulit
2447 2439 2785 2494 adolescens
2805 2439 2946 2510 quin
2975 2439 3172 2495 statim
3203 2442 3355 2512 quod
3381 2443 3708 2514 petebatur,

2057 2527 2347 2598 expleret:
2385 2529 2620 2582 amabat
2651 2528 2804 2582 enim
2843 2528 3098 2600 puellam
3132 2530 3316 2600 valde,
3339 2536 3394 2585 et
3431 2531 3556 2604 ipse
3589 2537 3713 2587 erat

2057 2616 2307 2689 inclytus
2339 2617 2398 2671 in
2431 2617 2590 2672 omni
2625 2617 2797 2672 domo
2830 2618 3008 2688 patris
3041 2619 3154 2674 sui.
3182 2619 3554 2690 Ingressique
3587 2638 3716 2691 por-

2057 2709 2174 2760 tam
2213 2705 2396 2775 urbis,
2431 2706 2606 2760 locuti
2659 2710 2800 2761 sunt
2849 2706 3110 2778 populo:
3163 2708 3284 2761 Viri
3342 2708 3435 2762 isti
3487 2709 3711 2778 paciﬁci

2057 2799 2218 2863 sunt,
2251 2799 2307 2850 et
2336 2793 2540 2867 volunt
2569 2795 2831 2851 habitare
2863 2795 3169 2850 nobiscum
3199 2812 3210 2850 :
3248 2797 3624 2867 negotientur
3653 2797 3712 2853 in

2056 2889 2229 2952 terra,
2263 2889 2320 2938 et
2349 2863 2655 2939 e’xerceant
2683 2901 2833 2952 eam,
2868 2901 2994 2955 qua:
3026 2885 3282 2955 spatiosa
3333 2890 3388 2939 et
3436 2885 3557 2940 lata
3606 2903 3711 2940 cu-

2056 2972 2308 3028 ltoribus
2356 2972 2618 3044 indiget:
2673 2972 2822 3028 ﬁlias
2855 2989 3055 3029 eorum
3089 2973 3446 3045 accipiemus
3479 2991 3710 3044 uxores,

2056 3067 2112 3117 et
2160 3067 2391 3118 nostras
2421 3061 2540 3117 illis
2572 3061 2866 3118 dabimus.
2899 3067 3091 3118 Unum
3143 3067 3253 3130 est,
3289 3080 3404 3134 quo
3447 3063 3714 3119 diﬁ‘ertur

2053 3157 2280 3208 tantum
2296 3152 2610 3206 bonum:Si
2627 3151 3114 3207 circumcidamus
3140 3151 3434 3208 masculos
3454 3157 3708 3225 nostros,

2054 3242 2232 3296 ritum
2281 3241 2472 3313 gentis
2519 3241 2838 3296 imitantes.
2883 3242 2953 3296 Et
3004 3241 3349 3297 substantia
3397 3257 3621 3310 eorum,
3655 3247 3713 3298 et

2054 3348 2262 3403 pecora
2290 3332 2330 3401 ³,
2362 3334 2418 3386 et
2449 3336 2658 3385 cuncta
2707 3347 2834 3402 quae
2883 3330 3185 3401 possident
3235 3334 3435 3387 nostra
3482 3337 3654 3387 erunt
3692 3350 3706 3388 :

2054 3425 2282 3476 tantum
2318 3421 2374 3474 in
2407 3419 2516 3475 hoc
2550 3420 3016 3490 acquiescamus,
3043 3425 3101 3474 et
3136 3419 3468 3476 habitantes
3501 3420 3706 3490 simul,

2053 3527 2237 3565 unum
2291 3509 2614 3564 efﬁciemus
2661 3508 2966 3580 populum.
3000 3509 3238 3564 Assensi
3293 3515 3432 3564 sunt
3479 3525 3702 3580 omnes,

2052 3599 2417 3655 circumcisis
2468 3599 2697 3653 cunctis
2749 3598 3030 3654 maribus.
3080 3599 3147 3654 Et
3195 3613 3326 3654 ecce
3371 3599 3464 3654 die
3510 3600 3707 3668 tertio,

2054 3689 2288 3761 quando
2337 3687 2721 3761 gravissimus
2751 3687 3056 3743 vulnerum
3093 3687 3259 3743 dolor
3287 3693 3398 3753 est,
3431 3689 3706 3759 arreptis,

2055 3779 2170 3833 duo
2191 3778 2368 3834 Jacob
2393 3777 2496 3832 ﬁlii
2519 3777 2754 3832 Simeon
2776 3781 2833 3831 et
2856 3777 3006 3843 Levi,
3032 3777 3240 3832 fratres
3267 3776 3445 3846 Dinae,
3469 3776 3708 3848 gladiis,

3275 3866 3713 3936 interfectisque

2053 3957 2330 4012 omnibus
2358 3954 2660 4023 masculis,
2685 3958 2741 4010 et
2764 3956 2937 4009 Emor
2954 3959 3009 4008 et
3029 3954 3260 4009 Sichem
3289 3953 3476 4008 ﬁlium
3503 3970 3675 4009 suum
3694 3965 3714 3997 ι

2055 4046 2274 4117 pariter
2321 4048 2697 4109 necaverunt,
2727 4043 2998 4098 tollentes
3034 4043 3235 4097 Dinam
3277 4044 3347 4098 de
3395 4043 3565 4098 domo
3622 4043 3715 4097 Si-

2055 4135 2223 4190 chem
2275 4150 2536 4188 sororem
2588 4149 2779 4188 suam.
2831 4133 3056 4198 Quibus
3104 4131 3380 4204 egressis,
3415 4131 3717 4188 irrucrunt

2055 4239 2233 4295 super
2262 4222 2485 4278 occisos
2535 4223 2722 4276 caeteri
2775 4221 2878 4275 ﬁlii
2929 4221 3108 4276 Jacob
3154 4222 3238 4290 [In
3273 4221 3331 4274 h.
3368 4237 3482 4276 non
3513 4221 3710 4291 habet,

2056 4313 2243 4368 ceteri
2305 4311 2409 4366 ﬁlii
2467 4311 2667 4377 Jacob,
2701 4311 2798 4365 sed
2855 4309 2969 4379 ﬁlii
3015 4311 3186 4368 Jacob
3238 4319 3506 4366 venerunt
3551 4327 3704 4383 super

2054 4401 2297 4471 occisas],
2321 4405 2377 4455 et
2403 4398 2739 4472 depopulati
2772 4404 2913 4454 sunt
2947 4400 3144 4455 urbem
3178 4399 3234 4454 in
3269 4398 3552 4456 ultionem
3587 4404 3713 4455 stu-

2055 4491 2162 4562 pri.
2198 4490 2345 4547 Oves
2376 4506 2602 4554 eorum,
2635 4497 2688 4544 el
2718 4494 3012 4557 armenta,
3047 4493 3102 4544 et
3133 4489 3351 4558 asinos,
3385 4497 3714 4560 cunctaque

2052 4585 2348 4635 vastantes
2380 4596 2507 4650 qum
2530 4578 2589 4632 in
2613 4579 2886 4632 domibus
2915 4584 2972 4633 et
2995 4579 3051 4632 in
3078 4579 3234 4650 agris
3257 4583 3462 4648 erant;
3495 4595 3714 4649 parvu-

2051 4669 2139 4724 los
2187 4685 2416 4738 quoque
2465 4672 2520 4722 et
2568 4683 2776 4722 uxores
2827 4683 3031 4722 eorum
3082 4669 3381 4722 duxerunt
3428 4667 3710 4739 captivas.

2052 4759 2273 4822 Quibus
2308 4756 2548 4828 patratis
2581 4757 2876 4818 audacter,
2910 4755 3088 4812 Jacob
3121 4756 3266 4810 dixit
3295 4757 3363 4812 ad
3397 4756 3631 4812 Simeon
3655 4760 3713 4812 et

2054 4847 2188 4902 Levi
2212 4865 2223 4902 :
2259 4846 2574 4902 Turbastis
2602 4862 2714 4912 me,
2741 4846 3084 4901 etoiliosum
3111 4862 3204 4901 me
3232 4845 3453 4902 fecistis
3484 4847 3711 4902 Chana-

2052 4937 2195 4992 naais
2243 4940 2299 4991 et
2349 4935 2667 4991 Pheresaeis
2698 4934 3129 4990 habitatoribus
3160 4939 3328 4990 terra:
3360 4933 3561 5006 hujus.
3594 4935 3710 4990 Nos

2052 5113 2215 5170 urbis
2249 5128 2504 5182 nomen;
2553 5112 2925 5168 Hebraeorum
2958 5113 3114 5168 enim
3149 5112 3414 5184 magistri
3461 5110 3532 5165 de
3579 5110 3708 5181 ipso

2051 5203 2229 5274 Jacob
2264 5201 2578 5274 accipiunt,
2606 5201 2762 5274 quod
2791 5185 2926 5262 Et")?!
2948 5202 3209 5270 salem,id
3235 5205 3344 5269 est,
3365 5200 3601 5274 ίιίάειξμεξ,
3625 5201 3710 5274 in:

2053 5273 2313 5341 calamis,
2364 5270 2588 5329 venerit
2622 5270 2891 5328 Sichem.
2945 5274 3190 5329 Obstare
3237 5278 3433 5329 autem
3491 5270 3706 5324 Hebraei

2055 5352 2248 5403 textus
2281 5344 2543 5403 svntaxis
2576 5346 2829 5400 videtur.

2125 5418 2146 5450 ³
2180 5417 2341 5471 Istud
2374 5427 2426 5472 et
2455 5433 2669 5488 pecora,
2705 5417 2857 5488 quod
2891 5417 2946 5470 in
2982 5417 3220 5472 Hebraeo
3252 5428 3488 5486 quoque
3547 5429 3704 5467 reso-

2057 5494 2181 5549 nat,
2216 5490 2502 5560 Vulgatus
2533 5489 2822 5559 interpres
2853 5491 3056 5543 nescit.

2129 5561 2151 5594 ‘
2181 5563 2277 5616 Hic
2334 5555 2570 5632 quoque
2626 5555 2808 5630 ﬁlium
2861 5577 3040 5622 suum,
3076 5558 3227 5630 quod
3263 5557 3318 5610 in
3351 5555 3588 5610 Hebreo
3616 5557 3704 5610 est

2064 5642 2174 5704 ’33,
2210 5633 2269 5689 in
2298 5633 2527 5706 Vulgat.
2561 5633 2698 5688 edit.
2733 5632 3116 5688 desideratur.
