4080 6186
316 325 425 383 243

1364 328 1423 382 s.
1463 322 1875 379 HIERONYMI
1913 317 2172 373 DIVINA
2209 319 2704 377 BIBLIOTHECA.
2819 307 2821 310 ‘

3619 324 3726 382 244

319 453 489 528 pauci
521 469 768 522 sumus;
803 453 886 508 illi
917 451 1248 524 congregati
1285 450 1613 524 percutiant
1645 465 1756 514 me,
1788 451 1846 503 et
1877 447 1972 502 de-
2004 444 2056 510 Α
2089 443 2228 500 min.
2270 445 2391 500 Filii
2427 446 2576 502 Baiae
2607 447 2830 503 ancillae
2879 447 3169 520 Rachelis,
3203 453 3327 506 Dan
3359 455 3418 508 et
3447 451 3741 524 Nephtali.

319 542 484 599 leber
511 559 638 615 ego,
663 548 720 599 et
748 544 958 598 domus
992 558 1139 597 mea.
1175 541 1661 613 Responderunt:
1695 534 1973 608 Nunquid

322 637 388 688 ut
411 637 603 702 scorto
630 633 790 688 abuti
823 632 1076 687 debuere
1107 647 1303 687 sorore
1337 629 1576 688 nostra?

401 720 479 787 lC.
515 719 627 791 LX,
660 720 790 792 Cap.
825 719 1083 791 XXXV.]
1134 722 1365 776 Interea
1409 719 1638 775 locutus
1688 721 1773 774 est
1825 717 1979 772 Deus

327 811 398 865 ad
429 810 606 866 Jacob
632 825 646 864 :
700 809 904 881 Surge,
929 812 987 864 et
1019 809 1268 865 ascende
1300 809 1522 879 Betbel,
1545 809 1618 880 {et
1645 807 1846 863 habita
1877 805 1980 870 ibi,

324 898 531 968 facque
557 897 737 953 altare
762 899 873 953 Deo
893 898 992 969 qui
1011 898 1284 970 apparuit
1316 899 1420 953 tibi
1453 898 1690 969 quando
1715 895 1982 968 fugiebas

323 991 473 1044 Esau
527 987 766 1043 fratrem
819 991 1008 1042 tuum.
1039 987 1221 1043 Jacob
1277 1004 1432 1058 vero,
1467 991 1778 1044 convocata
1822 993 1982 1047 omni

325 1077 499 1132 domo
530 1094 659 1144 sua,
695 1077 811 1132 ait:
852 1077 1105 1147 Abjicite
1138 1078 1277 1132 deos
1310 1076 1533 1133 alienos
1566 1077 1663 1148 qui
1703 1077 1757 1130 in
1794 1075 1984 1130 medio

323 1165 503 1222 vestri
553 1169 710 1231 sunt,
743 1169 800 1220 et
849 1166 1241 1235 mundamini,
1271 1182 1336 1220 ac
1384 1170 1608 1221 mutate
1639 1165 1988 1220 vestimenta

325 1260 536 1313 vestra.
563 1256 817 1327 Surgite,
840 1261 896 1310 et
923 1257 1320 1311 ascendamus
1352 1256 1411 1311 in
1445 1255 1664 1322 Bethel,
1699 1261 1753 1311 et
1797 1253 1983 1324 [Vulg.

328 1345 414 1414 ut]
447 1344 731 1400 faciamus
761 1345 840 1400 ibi
877 1345 1058 1400 altare
1086 1345 1222 1415 Deo,
1246 1345 1345 1416 qui
1381 1344 1678 1400 exaudivit
1705 1345 1872 1400 mein
1896 1344 1986 1398 die

329 1434 730 1490 tribulationis
759 1451 920 1502 mea),
947 1438 1003 1490 et
1033 1434 1229 1490 socius
1263 1434 1370 1489 fuit
1397 1435 1623 1490 itineris
1657 1433 1790 1489 mei.
1812 1433 1986 1488 Dede-

331 1528 472 1580 runt
501 1541 636 1596 ergo
659 1525 709 1579 ei
743 1541 946 1580 omnes
981 1524 1120 1579 deos
1151 1523 1373 1579 alienos
1407 1540 1552 1595 quos
1584 1523 1898 1588 habebant,
1931 1527 1988 1577 et

333 1612 569 1668 inaures
600 1630 726 1684 quae
761 1616 928 1668 erant
949 1614 1008 1667 in
1032 1612 1276 1668 auribus
1300 1629 1500 1668 eorum
1531 1629 1543 1667 :
1579 1617 1638 1667 at
1660 1611 1756 1666 ille
1779 1609 1989 1666 infodit

334 1719 432 1758 eas
455 1703 660 1758 subter
683 1702 1236 1773 terebintbum,quae
1253 1706 1342 1758 est
1357 1707 1486 1773 post
1501 1702 1704 1756 urbem
1729 1699 1983 1757 Sichem.

335 1795 595 1863 Cumque
643 1791 886 1863 profecti
937 1796 1154 1863 essent,
1190 1796 1377 1847 terror
1407 1791 1508 1847 Dei
1542 1791 1754 1846 invasit
1785 1805 1987 1845 omnes

335 1895 438 1953 per
468 1879 779 1936 circuitum
833 1879 1120 1950 civitates,
1153 1886 1210 1935 et
1241 1899 1356 1936 non
1389 1885 1527 1936 sunt
1556 1880 1680 1935 ausi
1716 1879 1986 1951 persequi

333 1971 688 2027 recedentes.
722 1970 800 2036 [Ο.
839 1969 977 2035 LXI,
1011 1974 1072 2024 Β.
1107 1969 1415 2040 XXXVII.]
1446 1969 1614 2024 Venit
1663 1969 1842 2040 igitur
1886 1968 1986 2024 Ja-

333 2060 437 2116 cob
473 2060 706 2128 Luzam,
733 2076 860 2131 qua
892 2071 978 2114 est
1008 2059 1066 2114 in
1099 2065 1254 2114 terra
1283 2059 1603 2125 Chanaam,
1635 2074 1986 2130 cognomen-

2089 533 2218 589 Filii
2238 534 2465 606 Zelphae
2487 535 2710 592 ancilla;
2735 537 2998 605 Lize,Gad
3025 542 3083 594 et
3107 543 3288 607 Aser;
3324 539 3384 595 hi
3408 540 3513 596 ﬁlii
3537 542 3739 612 Jacob,

2088 624 2188 694 qui
2223 625 2342 680 nati
2375 631 2515 681 sunt
2547 626 2599 682 ei
2631 626 2690 682 in
2723 627 3548 702 MesopotamiaSyrim.Venit
3564 632 3738 690 etiam

2091 713 2158 766 ad
2200 711 2363 768 Isaac
2397 719 2619 785 patrem
2655 732 2829 772 suum
2864 716 2921 771 in
2955 717 3506 785 Mamre,civitatem
3530 721 3737 792 Arbee,

2090 800 2211 856 haec
2243 806 2332 858 est
2361 804 2621 873 Hebron;
2647 805 2706 860 in
2741 822 2857 878 qua
2889 807 3296 879 peregrinatus
3325 813 3416 866 est
3443 810 3738 867 Abraham

2092 894 2146 946 et
2179 891 2360 948 Isaac.
2397 893 2462 947 Et
2490 893 2764 965 completi
2797 900 2937 950 sunt
2967 895 3092 952 dies
3124 899 3286 954 Isaac
3317 903 3554 954 centum
3588 905 3741 956 octo-

2092 979 2258 1052 ginta
2281 998 2591 1037 annorum.
2611 986 3129 1057 Consumptusque
3145 989 3316 1042 aetate
3338 994 3609 1045 mortuus
3629 993 3738 1045 est:

2095 1074 2149 1125 et
2179 1071 2483 1142 appositus
2506 1075 2596 1128 est
2617 1071 2829 1144 populo
2852 1090 2958 1129 suo
2981 1090 3158 1130 senex
3176 1079 3232 1131 et
3253 1075 3461 1148 plenus
3483 1078 3737 1134 dierum:

2096 1163 2151 1215 et
2182 1159 2539 1230 sepelierunt
2559 1178 2693 1217 eum
2717 1163 2866 1218 Esau
2891 1163 3141 1220 etJacob
3169 1164 3271 1220 ﬁlii
3293 1166 3406 1222 sui.

2168 1249 2258 1318 [T.
2291 1249 2460 1316 XXX,
2493 1251 2553 1306 Ο.
2589 1251 2785 1318 LXIII,
2821 1251 2951 1322 Cap.
2993 1253 3254 1326 XXXVI.]
3304 1260 3401 1311 Hae
3456 1260 3596 1312 sunt
3642 1274 3742 1312 au-

2096 1342 2213 1392 tem
2246 1339 2653 1411 generationes
2674 1340 2991 1413 Esau,ipse
3015 1347 3104 1398 est
3129 1343 3333 1399 Edom.
3350 1349 3497 1402 Esau
3523 1346 3745 1418 accepit

2100 1443 2307 1482 uxores
2338 1427 2407 1482 de
2440 1427 2675 1484 ﬁliabus
2715 1429 3026 1500 Chanaan;
3079 1433 3197 1487 Ada
3227 1432 3406 1489 ﬁliam
3441 1434 3579 1490 Elon
3610 1440 3744 1491 Het-

2101 1515 2258 1585 thzni,
2276 1516 2610 1572 etOlibama
2624 1517 2801 1573 ﬁliam
2815 1521 2958 1586 Ana,
2975 1520 3155 1576 ﬁliam
3171 1521 3396 1578 Sebeon
3409 1525 3612 1580 Hevei:
3637 1525 3744 1580 Ba-

2097 1621 2217 1660 sem
2228 1605 2322 1660 atb
2339 1623 2569 1678 quoque
2584 1605 2755 1662 ﬁliam
2770 1608 2975 1665 Ismael
2990 1611 3744 1685 sororemNabajoth.Pepe-

2099 1695 2174 1750 rit
2200 1699 2396 1751 autem
2428 1697 2575 1764 Ada,
2608 1696 2843 1770 Eliphaz
2870 1715 2883 1754 :
2920 1701 3230 1756 Basameth
3263 1702 3462 1771 genuit
3490 1703 3741 1759 Rabuei:

2099 1783 2404 1840 Oolibama
2435 1785 2617 1841 edidit
2638 1786 2812 1843 Jesus
2841 1791 2896 1842 et
2915 1787 3102 1844 Jalam
3124 1790 3300 1861 [Vulg.
3325 1791 3747 1863 genuitJelom]

2099 1878 2157 1928 et
2179 1876 2336 1930 Core.
2361 1873 2433 1929 Hi
2469 1874 2571 1930 lilii
2604 1876 2754 1931 Esau
2789 1876 2888 1948 qui
2921 1878 3040 1932 nati
3067 1884 3209 1934 sunt
3241 1881 3292 1935 ei
3325 1880 3383 1934 in
3415 1885 3569 1936 terra
3598 1880 3748 1938 Cha-

2098 1979 2273 2018 naan.
2297 1963 2455 2018 Tulit
2471 1969 2667 2020 autem
2690 1965 2836 2022 Esau
2863 1982 3069 2023 uxores
3090 1985 3230 2024 suas
3252 1973 3308 2024 et
3331 1969 3481 2026 ﬁlios
3497 1975 3555 2026 et
3575 1970 3745 2038 ﬁlias,

2097 2057 2153 2108 et
2183 2069 2414 2108 omnem
2450 2053 2708 2110 animam
2742 2055 2952 2112 domus
2984 2073 3124 2127 suae,
3157 2065 3213 2113 et
3241 2059 3661 2130 substantiam,
3691 2064 3751 2116 et

334 2152 393 2205 to
425 2148 663 2215 Betbel;
699 2148 823 2218 ipse
845 2151 902 2202 et
923 2147 1116 2203 omnis
1151 2147 1403 2220 populus
1436 2163 1569 2202 cum
1602 2164 1688 2203 eo.
1725 2146 1986 2202 Aidiﬁca-
2015 2145 2063 2210 B
2097 2158 2326 2214 pecora,
2372 2147 2428 2198 et
2485 2149 2699 2200 cuncta
2747 2161 2876 2217 quae
2924 2145 3138 2202 habere
3191 2152 3417 2220 poterat
3475 2149 3535 2204 in
3598 2153 3755 2205 terra

333 2237 534 2308 vitque
565 2237 645 2292 ibi
677 2235 878 2307 altare,
913 2240 969 2291 et
1013 2236 1331 2307 appellavit
1381 2253 1594 2292 nomen
1645 2235 1753 2290 loci
1804 2237 1983 2307 [Vulg.

335 2325 464 2382 add.
497 2325 679 2397 illius]
714 2326 936 2381 Domus
967 2326 1068 2381 Dei
1097 2341 1110 2381 ε
1145 2325 1227 2382 ibi
1259 2325 1417 2381 enim
1449 2325 1723 2398 apparuit
1752 2325 1803 2380 ei
1836 2330 1987 2381 Deus

339 2431 474 2472 cum
508 2415 732 2487 fugeret
761 2415 1003 2470 fratrem
1035 2432 1210 2470 suum
1255 2414 1454 2486 [Vulg.
1489 2418 1593 2470 tac.
1628 2416 1846 2485 suum].
1881 2415 1987 2470 Eo-

339 2506 473 2560 dem
505 2508 766 2576 tempore
801 2509 1032 2560 mortua
1062 2509 1150 2560 est
1181 2504 1447 2559 Debbora
1473 2503 1666 2559 nutrix
1697 2504 1986 2573 Rebeccae,

340 2599 398 2650 et
427 2592 657 2664 sepulta
685 2596 776 2649 est
805 2593 877 2648 ad
913 2592 1136 2648 radices
1165 2591 1361 2648 Betbel
1412 2593 1617 2648 subter
1669 2609 1946 2664 quercum
1974 2610 1988 2648 :

336 2688 726 2755 vocatumque
783 2690 867 2738 est
930 2698 1144 2738 nomen
1201 2682 1316 2738 loci
1367 2682 1542 2753 (Vulg.
1603 2682 1727 2737 add.
1784 2681 1989 2754 illius],

339 2776 598 2839 Quercus
631 2771 1128 2842 ﬂetus.Apparuit
1159 2774 1355 2827 autem
1385 2770 1598 2826 iterum
1634 2772 1785 2826 Deus
1816 2772 1992 2826 Jacob

338 2866 654 2935 postquam
686 2877 953 2917 reversus
985 2865 1075 2916 est
1107 2862 1176 2916 de
1209 2859 1629 2932 Mesopotamia
1665 2859 1859 2932 Syriae,
1892 2861 1992 2916 be-

337 2951 677 3023 nedixitque
708 2951 758 3006 ei
792 2950 990 3006 dicens
1027 2967 1039 3004 :
1096 2950 1218 3007 Non
1271 2950 1566 3006 vocaberis
1610 2949 1764 3005 ultra
1794 2951 1991 3015 Jacob,

339 3042 440 3099 sed
475 3041 652 3096 Israel
683 3039 793 3095 erit
823 3055 1034 3094 nomen
1069 3044 1261 3094 tuum.
1297 3039 1362 3093 Et
1393 3037 1707 3110 appellavit
1737 3056 1871 3093 eum
1907 3039 1992 3093 Is-

339 3130 480 3196 rael,
513 3128 773 3199 dixitque
807 3128 857 3183 ei
895 3145 907 3184 :
955 3128 1072 3199 Ego
1106 3128 1259 3182 Deus
1289 3128 1683 3198 omnipotens,
1717 3143 1912 3183 cresce
1941 3135 1995 3183 et

341 3217 752 3289 multiplicare:
779 3220 980 3289 gentes
1005 3221 1060 3272 et
1082 3215 1280 3288 populi
1304 3217 1607 3272 nationum
1632 3221 1805 3272 erunt
1826 3234 1896 3273 ex
1919 3222 1992 3286 te,

344 3323 508 3378 reges
539 3307 610 3361 de
642 3305 857 3360 lumbis
878 3305 996 3360 tuis
1019 3305 1412 3377 egredientur.
1437 3306 1793 3377 Terramque
1816 3323 1993 3377 quam

346 3396 478 3452 dedi
509 3393 799 3450 Abraham
826 3398 882 3449 et
905 3395 1088 3462 Isaac,
1115 3395 1262 3448 dabo
1293 3394 1395 3448 tibi
1423 3399 1479 3449 et
1499 3395 1707 3450 semini
1738 3399 1834 3450 tuo
1867 3399 1998 3466 post

347 3490 425 3541 te.
450 3484 519 3538 Et
548 3483 788 3538 recessit
820 3485 890 3538 ab
922 3499 1010 3538 eo.
1039 3483 1120 3554 [Ο.
1147 3483 1345 3554 LXlI.]
1390 3483 1489 3539 Ille
1519 3499 1649 3539 vero
1699 3483 1878 3539 erexit
1924 3484 1994 3540 ti-

352 3573 540 3629 tulum
576 3571 872 3644 lapideum
898 3574 953 3627 in
977 3571 1101 3628 loco
1120 3589 1234 3644 quo
1259 3571 1488 3627 locutus
1521 3573 1710 3628 fuerat
1731 3573 1779 3627 ei
1805 3573 1991 3629 Deus:

347 3663 543 3718 libans
575 3678 752 3733 super
772 3677 905 3716 eum
932 3660 1216 3716 libamina
1239 3666 1294 3717 et
1315 3660 1829 3734 elfundensloleum
1853 3680 1866 3718 ε
1892 3679 1992 3718 vo-

346 3767 606 3822 cansque
663 3765 875 3805 nomen
931 3750 1045 3804 loci
1102 3749 1282 3815 illius,
1345 3749 1561 3805 Bethel.
1627 3751 1707 3821 [Τ.
1772 3750 1990 3820 ΧΧΙΧ.]

2095 2232 2408 2287 Chanaan:
2444 2237 2500 2288 et
2530 2233 2674 2288 abiit
2707 2234 2764 2288 in
2798 2233 3043 2291 alteram
3077 2237 3091 2270 ί
3125 2237 3444 2309 regionem,
3479 2239 3754 2294 recessit~

2096 2337 2207 2391 que
2238 2338 2270 2376 a
2304 2321 2478 2377 fratre
2505 2338 2613 2377 suo
2643 2322 2840 2379 Jacob.
2865 2323 3085 2381 Divites
3116 2327 3269 2380 enim
3305 2330 3473 2382 erant
3503 2325 3754 2396 valde,et

2099 2409 2276 2465 simul
2311 2410 2574 2466 habitare
2599 2428 2713 2468 non
2745 2416 3013 2484 poterant
3044 2431 3056 2469 :
3108 2431 3212 2470 nuc
3267 2415 3601 2472 sustinebat
3647 2432 3750 2472 eos

2098 2502 2252 2554 terra
2300 2499 2785 2572 peregrinationis
2835 2519 3031 2558 eorum
3068 2521 3180 2574 prae
3215 2504 3600 2562 multitudine
3631 2522 3754 2579 gre-

2100 2603 2263 2660 gum.
2296 2588 2704 2661 Habitavitque
2747 2595 2897 2646 Esau
2947 2593 3004 2647 in
3055 2597 3250 2650 monte
3295 2594 3443 2665 Seir,
3490 2594 3616 2667 ipse
3663 2598 3756 2651 est

2101 2679 2302 2733 Edom.
2337 2683 2434 2732 Ha:
2483 2683 2621 2735 sunt
2667 2685 2861 2736 autem
2912 2683 3316 2753 generationes
3363 2684 3515 2741 Esau
3569 2685 3755 2758 patris

2103 2768 2283 2823 Edom
2318 2767 2374 2822 in
2407 2773 2604 2824 monte
2634 2769 2777 2839 Seir,
2801 2774 2857 2825 et
2889 2769 3009 2826 haec
3041 2772 3283 2828 nomina
3312 2771 3570 2829 ﬁliorum
3602 2775 3752 2845 ejus:

2104 2855 2341 2928 Eliphaz
2374 2857 2530 2914 ﬁlius
2559 2859 2682 2913 Ada
2714 2860 2910 2914 uxoris
2943 2864 3089 2915 Esau
3124 2877 3137 2916 :
3170 2861 3390 2918 Rahuel
3421 2879 3653 2935 quoque
3689 2863 3760 2918 ﬁ-

2103 2946 2219 3000 lius
2242 2947 2556 3002 Basematb
2581 2948 2778 3003 uxoris
2801 2949 3342 3023 ejus.Fueruntque
3364 2951 3467 3007 ﬁlii
3495 2952 3758 3025 Eliphaz:

2105 3035 2390 3102 Theman,
2425 3036 2619 3106 Omar,
2654 3037 2876 3109 Sephu,
2907 3043 2961 3094 et
2992 3038 3264 3107 Gatham,
3299 3044 3355 3096 et
3381 3041 3584 3097 Cenez.
3618 3041 3758 3098 Erat

2107 3128 2301 3180 autem
2355 3124 2637 3193 Thamna,
2697 3127 3025 3183 concubina
3085 3128 3322 3200 Eliphaz
3374 3129 3481 3184 ﬁlii
3539 3131 3686 3186 Esau
3730 3148 3746 3186 ε

2107 3230 2234 3285 quae
2283 3214 2509 3286 peperit
2540 3215 2592 3269 ei
2620 3215 2919 3272 Amalech.
2953 3216 3021 3271 Hi
3069 3222 3209 3273 sunt
3258 3205 3360 3273 ﬁlii
3395 3220 3526 3275 Adw
3563 3219 3761 3276 uxoris

2105 3305 2280 3358 Esau.
2316 3304 2438 3358 Filii
2475 3308 2669 3360 autem
2717 3303 2974 3361 Rabuel:
3025 3306 3215 3363 Nahat
3244 3313 3301 3363 et
3330 3309 3492 3376 Zara,
3525 3310 3758 3366 Semma

2107 3397 2164 3448 et
2212 3393 2358 3448 Miza
2403 3394 2579 3465 [Vulg.
2612 3398 2850 3449 Summa
2880 3398 2937 3450 et
2968 3394 3166 3467 Meza].
3202 3395 3270 3451 Hi
3304 3397 3407 3451 ﬁlii
3439 3397 3752 3456 Basematb

2105 3481 2301 3537 uxoris
2347 3482 2520 3538 Esau.
2557 3481 2657 3537 Isti
2702 3498 2932 3554 quoque
2964 3488 3127 3539 erant
3158 3485 3259 3539 ﬁlii
3290 3485 3591 3542 Oolibama
3619 3486 3754 3542 ﬁliae

2106 3577 2250 3641 Ana,
2273 3569 2402 3626 ﬁliae
2435 3571 2679 3638 Sebeon,
2706 3571 2901 3627 uxoris
2924 3572 3094 3642 Esau,
3119 3590 3265 3643 quos
3295 3574 3496 3646 genuit
3519 3576 3592 3644 ei,
3613 3574 3755 3632 Jeus

2103 3664 2159 3716 et
2204 3659 2417 3729 Jalam,
2452 3665 2508 3715 et
2555 3659 2714 3716 Core.
2759 3664 2831 3727 [0.
2873 3660 3076 3732 LXIV.)
3130 3661 3200 3717 Hi
3259 3664 3436 3720 duces
3494 3663 3752 3720 ﬁliorum

2103 3749 2256 3806 Esau
2283 3764 2296 3804 :
2321 3748 2424 3804 ﬁlii
2449 3748 2687 3821 Eliphaz
2717 3749 3090 3822 primogeniti
3119 3754 3437 3809 Esau:dux
3465 3754 3753 3825 Theman,

341 3843 628 3913 Egressus
649 3847 843 3894 autem
869 3839 1188 3909 inde,venit
1206 3855 1383 3894 verno
1408 3848 1665 3910 tempore
1689 3841 1761 3894 ad
1779 3847 1988 3894 terram
2023 3840 2063 3906 C
2101 3839 2219 3893 dux
2249 3838 2444 3907 Omar,
2477 3839 2594 3893 dux
2622 3838 2843 3910 Sephu,
2873 3839 2990 3894 dux
3031 3839 3235 3911 Cenez,
3271 3843 3389 3897 dux
3435 3843 3597 3909 Core,
3630 3845 3754 3899 dux

337 3948 462 4003 quae
485 3929 648 3985 ducit
671 3928 1009 4001 prratam:
1035 3930 1092 3983 in
1115 3946 1230 4000 qua
1251 3946 1383 3984 cum
1408 3933 1577 4000 partu
1590 3929 1730 3983 riret
1753 3928 1988 3996 Rachel,

337 4022 408 4077 ob
439 4018 850 4075 difﬁcultatem
884 4022 1084 4085 partus
1109 4016 1424 4089 periclitari
1451 4018 1923 4090 cmpit.Dixitque
1941 4018 1990 4073 ei

335 4109 659 4166 obstetrix:
690 4107 817 4163 Noli
852 4107 1229 4179 timere,quia
1254 4107 1488 4162 ethunc
1515 4106 1758 4162 habebis
1781 4107 1988 4162 ﬁlium.

335 4197 679 4271 Egrediente
711 4201 904 4252 autem
939 4195 1137 4251 anima
1169 4213 1284 4267 pra
1316 4195 1538 4263 dolore,
1563 4199 1620 4250 et
1646 4195 1991 4251 imminente

327 4289 454 4358 jam
489 4292 696 4355 morte,
722 4285 947 4341 vocavit
979 4302 1190 4341 nomen
1244 4285 1345 4340 ﬁlii
1400 4286 1490 4342 sui
1542 4285 1781 4354 Benoni,
1815 4284 1872 4340 id
1905 4289 1994 4341 est

337 4375 496 4432 ﬁlius
527 4375 748 4430 doloris
782 4376 893 4428 mei
923 4392 935 4430 :
971 4380 1136 4446 pater
1164 4391 1295 4430 vero
1331 4374 1644 4447 appellavit
1676 4390 1811 4430 eum
1843 4373 1989 4429 Ben-

325 4465 542 4538 jamin,
566 4463 622 4518 id
656 4467 746 4519 est
775 4462 933 4518 ﬁlius
965 4465 1195 4519 dextrae.
1221 4464 1446 4520 Mortua
1477 4469 1565 4520 est
1594 4481 1728 4535 ergo
1751 4463 1986 4530 Rachel,

333 4560 391 4610 et
437 4551 667 4624 sepulta
719 4552 779 4607 in
828 4551 921 4608 via
972 4569 1098 4624 quae
1149 4553 1311 4608 ducit
1358 4553 1700 4625 Ephratam,
1734 4553 1856 4608 haec
1901 4558 1983 4609 est

332 4643 696 4700 Bethlehem.
730 4641 1036 4712 Erexitque
1083 4643 1263 4698 Jacob
1307 4642 1546 4698 titulum
1578 4659 1752 4714 super
1783 4643 1984 4713 sepul-

333 4749 494 4790 crum
547 4733 694 4802 ejus.
745 4731 849 4786 Hic
909 4737 999 4787 est
1056 4732 1266 4787 titulus
1324 4732 1691 4788 monumenti
1751 4731 1983 4802 Rachel,

334 4839 522 4894 usque
553 4821 612 4876 in
646 4826 990 4893 praesentem
1023 4821 1199 4877 diem.
1234 4825 1520 4893 Egressus
1553 4820 1708 4890 inde,
1745 4820 1865 4874 ﬁxit
1899 4826 1982 4876 ta-

333 4911 717 4968 bernaculum
751 4915 914 4966 trans
939 4915 1161 4966 turrem
1181 4909 1670 4983 gregis.Cumque
1694 4909 1987 4964 habitaret

332 5003 393 5058 in
425 5001 526 5057 illa
559 5001 815 5072 regione,
849 5001 994 5056 abiit
1026 5001 1252 5066 Ruben,
1287 5004 1343 5054 et
1374 4997 1650 5054 dormivit
1682 5014 1813 5053 cum
1849 4998 1985 5053 Bala

331 5091 659 5148 concubina
707 5089 890 5162 patris
941 5090 1052 5153 sui,
1087 5089 1241 5161 quod
1282 5087 1451 5144 illum
1502 5087 1745 5142 minime
1790 5086 1983 5142 latuit.

328 5184 718 5238 Erantautem
746 5178 850 5233 ﬁlii
873 5178 1050 5234 Jacob
1075 5177 1402 5234 duodecim.
1429 5176 1555 5231 Filii
1583 5175 1690 5231 Liaa
1719 5192 1731 5232 :
1769 5175 1984 5248 primo-

327 5271 564 5344 genitus
595 5269 820 5336 Ruben,
860 5272 916 5322 et
947 5267 1178 5323 Simeon
1220 5271 1279 5322 et
1317 5266 1469 5335 Levi,
1493 5273 1549 5321 et
1579 5265 1785 5334 Judas,
1810 5269 1868 5320 et
1904 5265 1985 5320 ls-

330 5359 557 5428 sachar,
583 5361 639 5413 et
664 5357 942 5412 Zabulon.
971 5356 1101 5411 Filii
1135 5354 1346 5412 Rachel
1377 5371 1390 5412 :
1442 5354 1656 5425 Joseph
1692 5357 1749 5409 et
1774 5353 1984 5423 Benja-

405 5522 423 5597 ξ
451 5521 648 5597 Neque
708 5519 846 5574 Heb.
876 5523 1088 5597 textus,
1116 5535 1330 5597 neque_
1350 5518 1634 5597 vulgatus
1691 5516 1979 5597 interpres
2009 5532 2075 5597 D.

2101 3927 2366 3995 Gatbam,
2403 3928 2519 3982 dux
2544 3927 2841 3983 Amalech.
2875 3928 2942 3984 Hi
2977 3929 3156 3986 duces
3208 3930 3448 4003 Eliphaz
3490 3932 3549 3987 in
3598 3936 3757 3989 terra

2100 4017 2305 4084 Edom,
2327 4020 2384 4070 et
2422 4016 2481 4070 bi
2530 4015 2636 4070 ﬁlii
2661 4018 2794 4072 Adae.
2823 4018 2867 4072 9.
2890 4017 2958 4072 Hi
2991 4035 3226 4091 quoque
3259 4021 3365 4075 ﬁlii
3394 4021 3616 4077 Rahuel
3647 4021 3752 4077 ﬁlii

2104 4106 2276 4174 Esau,
2310 4105 2428 4160 dux
2456 4104 2708 4174 Nahath,
2733 4106 2850 4161 dux
2879 4108 3037 4178 Zata,
3067 4108 3180 4164 dux
3210 4109 3464 4178 Ssmma,
3496 4111 3615 4166 dux
3644 4111 3754 4166 Mi-

2099 4213 2184 4251 za.
2218 4196 2286 4250 Hi
2319 4201 2514 4252 autem
2546 4196 2724 4252 duces
2751 4196 2970 4252 Rahuel
3002 4197 3060 4252 in
3094 4202 3246 4254 terra
3276 4199 3453 4254 Edom
3482 4214 3496 4254 :
3553 4198 3649 4254 isti
3681 4199 3753 4254 ﬁ-

2099 4283 2164 4340 lii
2200 4285 2504 4342 Basemath
2535 4286 2733 4342 uxoris
2765 4287 2938 4342 Esau.
2971 4286 3039 4342 Hi
3080 4292 3278 4344 autem
3311 4288 3416 4344 ﬁlii
3449 4290 3758 4345 Oolibama

2101 4375 2298 4429 uxoris
2315 4376 2455 4430 Esau
2477 4375 2930 4440 :duxJeus,dux
2945 4376 3549 4443 Jalam,duxCore.Hi
3573 4380 3756 4436 duces

2099 4463 2400 4519 Oolibama
2423 4463 2553 4519 ﬁliae
2578 4471 2705 4520 Ana
2726 4466 2925 4522 uxoris
2948 4465 3118 4523 Esau.
3143 4467 3247 4523 Isti
3280 4467 3381 4522 ﬁlii
3414 4468 3590 4536 Esau,
3615 4472 3672 4524 et
3694 4469 3755 4524 hi

2098 4555 2275 4609 duces
2291 4569 2424 4608 eoru
2437 4571 2514 4609 m:
2537 4553 2661 4626 ipse
2675 4559 2763 4609 est
2779 4555 2976 4610 Edom.
2998 4556 3099 4611 Isti
3114 4560 3253 4612 sunt
3268 4557 3371 4612 lilii
3386 4556 3512 4614 Seir
3528 4558 3753 4629 Horraai

2097 4642 2454 4698 habitatores
2500 4647 2704 4697 terrae:
2755 4643 2956 4710 Lotan,
2987 4649 3041 4699 et
3087 4645 3279 4716 Sobal,
3311 4651 3367 4702 et
3416 4647 3662 4715 Sebeon,
3694 4652 3756 4702 et

2095 4734 2239 4796 Ana,
2264 4731 2536 4799 Dison,et
2560 4732 2720 4800 Eser,
2744 4736 2799 4786 et
2821 4731 3020 4787 Disan.
3047 4733 3113 4788 Hi
3138 4735 3315 4789 duces
3339 4735 3619 4805 Horrbaei,
3646 4735 3751 4790 lilii

2094 4819 2240 4886 Seir,
2274 4819 2331 4874 in
2366 4823 2521 4874 terra
2549 4821 2751 4874 Edom.
2788 4820 2946 4876 Facti
2978 4831 3118 4877 sunt
3149 4830 3349 4878 autem
3385 4823 3490 4878 ﬁlii
3524 4824 3748 4880 Lolhan

2094 4908 2227 4964 Hori
2254 4913 2310 4963 et
2331 4908 2553 4963 Heman
2577 4932 2591 4974 ;
2625 4913 2748 4964 erat
2769 4913 2964 4965 autem
2992 4927 3158 4965 soror
3179 4911 3425 4982 Lotban,
3452 4913 3746 4970 Thamna.

2093 4999 2164 5054 Et
2196 4997 2292 5053 isti
2327 4996 2427 5051 ﬁlii
2462 4997 2636 5053 Sobal
2667 5013 2679 5054 :
2735 4998 2917 5054 Alvan
2950 5004 3005 5054 et
3037 5000 3350 5056 Manabatb
3375 5006 3432 5057 et
3459 5003 3662 5069 Hebal,
3693 5008 3754 5058 et

2095 5087 2286 5159 Sepho
2319 5092 2376 5141 et
2397 5084 2606 5141 Onam.
2629 5090 2695 5141 Et
2723 5085 2782 5142 hi
2813 5086 2916 5141 ﬁlii
2950 5087 3211 5143 Sebeon:
3267 5091 3369 5161 Aja
3399 5095 3456 5146 et
3483 5093 3624 5147 Ana.
3657 5091 3748 5146 Is-

2094 5180 2150 5232 te
2176 5182 2263 5232 est
2290 5177 2414 5231 Ana
2442 5175 2539 5246 qui
2571 5175 2791 5231 invenit
2820 5193 3004 5248 aquas
3037 5177 3258 5234 calidas
3290 5179 3370 5250 [in
3403 5181 3560 5236 Hebr.
3587 5191 3749 5241 cum

2097 5265 2288 5320 mulos
2320 5264 2379 5319 in
2413 5263 2774 5336 solitudine].
2809 5281 2943 5320 cum
2992 5273 3254 5337 pasceret
3293 5268 3493 5324 asinos
3522 5269 3746 5325 Sebeon

2095 5353 2277 5426 patris
2310 5353 2439 5410 sui:
2473 5352 2797 5424 habuitque
2828 5354 3013 5410 ﬁlium
3047 5356 3246 5424 Disan,
3277 5361 3332 5413 et
3375 5356 3553 5413 ﬁliam
3588 5358 3740 5414 Ooli~

2159 5517 2181 5549 ²
2212 5514 2306 5590 Sic
2367 5517 2421 5568 et
2456 5514 2650 5590 LHebr.
2683 5515 2858 5572 habet
2887 5525 3075 5588 imm,
3116 5518 3294 5574 duces.
3324 5517 3576 5590 Vulgata
3615 5518 3741 5574 edi-

330 5581 841 5665 habent-alteram,-
867 5593 967 5650 sed
988 5581 1244 5665 Targum
1275 5581 1608 5660 Chald.,ubi
1636 5581 1978 5660 explicatius
2009 5581 2054 5597 "
2087 5587 2166 5644 tio
2191 5587 2302 5658 ﬁlii
2331 5587 2577 5658 praefert.

332 5663 570 5720 additur
598 5672 789 5726 rima.
