4080 6186
274 335 378 391 245

1701 330 1914 384 LIBER
1954 301 2278 386 causam.

3579 333 3687 389 246

271 462 461 517 hama.
485 464 556 516 Et
577 459 674 514 isti
707 457 812 513 ﬁlli
839 456 1012 514 Disan
1040 473 1053 511 :
1088 455 1362 525 Amdam,
1387 460 1444 511 et
1467 453 1718 520 Eseban,
1753 462 1806 508 et
1834 452 1929 507 Je-
1959 453 2013 518 Α
2043 453 2248 525 pulum
2283 472 2502 527 meum,
2533 461 2590 512 et
2619 461 2796 527 stare,
2832 461 3176 529 vestrosque
3200 457 3535 530 manipulos
3569 457 3684 515 cir-

273 551 463 620 thran,
497 555 554 605 et
584 548 832 604 Charan.
870 547 936 602 [Ii
967 563 1202 618 quoque
1240 544 1342 599 ﬁlii
1378 544 1518 599 Eser
1559 561 1571 598 :
1622 541 1834 597 Balaan
1869 545 1925 596 et

269 641 475 708 Tavan,
509 644 565 694 et
593 640 771 693 Acan.
807 637 1026 692 Habuit
1071 639 1268 690 autem
1326 633 1481 688 ﬁlios
1530 634 1713 688 Disan
1752 648 1763 684 :
1801 635 1922 684 Hus

271 736 323 786 et
348 731 546 783 Aram.
581 726 718 782 Istis
751 727 930 781 duces
963 724 1330 780 Horrazorum
1361 723 1513 779 :dux
1536 721 1777 786 Lothan,
1805 720 1924 774 dux

269 817 453 882 Sobal,
486 817 602 872 dux
638 816 883 884 Seheon,
909 815 1026 869 dux
1051 819 1202 882 Ana,
1228 814 1347 868 dux
1379 812 1581 882 Dison,
1609 811 1724 866 dux
1758 811 1920 877 Eser,

268 908 376 963 dux
401 906 583 962 Disan
611 922 622 960 :
647 905 742 960 isti
763 905 944 960 duces
962 907 1328 959 Horraeorum
1359 902 1460 974 qui
1486 901 1920 972 imperaverunt

268 997 322 1052 in
352 1002 506 1052 terra
536 995 681 1051 Seir.
715 995 798 1064 [C.
833 994 1020 1063 LXV.]
1056 997 1239 1064 Reges
1275 996 1470 1047 autem
1506 990 1606 1062 qui
1640 1005 1918 1060 regnave-

267 1091 397 1142 runt
429 1085 486 1140 in
524 1090 680 1140 terra
710 1085 890 1139 Edom
915 1089 1236 1154 antequam
1265 1079 1548 1135 haberent
1587 1093 1780 1150 regem
1814 1075 1917 1130 lilii

267 1174 460 1240 Israel,
502 1175 743 1229 fuerunt
773 1173 830 1228 hi
859 1190 872 1228 ε
900 1173 1031 1227 Bela
1063 1170 1219 1225 ﬁlius
1263 1169 1431 1234 Beor,
1463 1183 1795 1238 nomenque
1827 1183 1917 1220 ur-

266 1266 348 1320 bis
379 1266 509 1335 ejus
548 1263 796 1318 Denaba.
823 1262 1082 1316 Mortuus
1113 1264 1202 1315 est
1232 1263 1427 1314 autem
1462 1257 1616 1322 Bela,
1641 1262 1698 1312 et
1717 1273 1918 1329 regna-

264 1354 336 1408 vit
359 1370 460 1424 pro
489 1369 560 1408 eo
582 1352 769 1408 Jobab
796 1351 954 1405 ﬁlius
973 1350 1129 1404 Zarze
1157 1348 1228 1404 de
1250 1349 1449 1402 Bosra.
1473 1347 1738 1417 Cumque
1758 1361 1913 1399 mor-

263 1448 392 1498 tuus
423 1447 585 1498 esset
609 1441 821 1507 Jobab,
858 1438 1124 1512 regnavit
1148 1454 1252 1510 pro
1285 1453 1350 1492 eo
1383 1437 1597 1490 llusam
1650 1435 1720 1489 de
1763 1438 1917 1488 terra

262 1532 720 1587 Themanorum.
751 1529 868 1584 Hoc
903 1543 1134 1600 quoque
1167 1530 1417 1592 mortuo,
1442 1523 1702 1598 regnavit
1724 1538 1825 1594 pro
1849 1538 1914 1577 eo

258 1622 411 1677 Adad
440 1619 605 1675 ﬁlius
634 1619 854 1688 Badad,
887 1618 987 1689 qui
1021 1616 1310 1690 percussit
1343 1616 1554 1670 Madan
1591 1614 1650 1668 in
1683 1612 1916 1682 regione

259 1709 442 1775 Moab,
463 1718 518 1764 et
545 1724 759 1764 nomen
785 1707 946 1763 urbis
969 1707 1096 1777 ejus
1119 1705 1348 1761 Havith.
1369 1703 1625 1773 Cumque
1650 1705 1914 1756 mortuus

259 1804 404 1854 esset
455 1797 646 1867 Adad,
695 1797 958 1868 regnavit
1007 1811 1108 1865 pro
1155 1811 1218 1850 eo
1271 1791 1464 1849 Semla
1495 1792 1564 1845 de
1597 1791 1908 1846 Masereca.

260 1887 368 1942 Hoc
401 1903 642 1958 quoque
678 1892 926 1951 mortuo,
964 1885 1226 1957 regnavit
1256 1899 1356 1954 pro
1389 1898 1454 1937 eo
1483 1881 1619 1936 Saul
1643 1881 1714 1934 de
1736 1879 1910 1934 ﬂuvio

257 1977 540 2032 Rooboth.
575 1981 838 2047 Cumque
869 1980 926 2030 et
959 1975 1053 2030 hic
1085 1975 1349 2038 obiisset,
1392 1971 1673 2026 successit
1726 1969 1783 2024 in
1818 1985 1907 2024 re-

256 2083 432 2138 gnum
465 2065 810 2122 Bahalanan
843 2063 999 2119 ﬁlius
1031 2063 1320 2118 Achobor.
1355 2061 1470 2116 Isto
1503 2075 1735 2131 quoque
1763 2075 1905 2114 mor.

257 2158 348 2210 tuo
379 2155 655 2226 regnavit
687 2170 789 2224 pro
821 2169 886 2208 eo
915 2153 1072 2208 Adad
1106 2152 1288 2222 [Vulg.
1322 2151 1522 2220 Adar],
1575 2164 1907 2218 nomenque

255 2244 411 2300 urbis
442 2245 578 2314 ejus
610 2243 797 2309 Phau,
830 2247 886 2297 et
917 2241 1327 2313 appellabatur
1350 2257 1492 2294 uxor
1521 2237 1678 2294 illius
1712 2237 1906 2293 Mehe-

252 2331 421 2401 tabel,
453 2332 584 2387 ﬁlia
613 2330 859 2398 Matred,
895 2331 1013 2386 lilia
1044 2331 1298 2385 Mesaab.
1326 2330 1455 2383 Haec
1489 2346 1625 2399 ergo
1667 2328 1907 2382 nomina

250 2422 461 2477 ducum
497 2423 673 2486 Esau,
705 2421 764 2475 in
798 2420 1269 2492 cognationibus,
1303 2424 1359 2474 et
1381 2418 1546 2482 locis,
1571 2423 1629 2472 et
1651 2417 1904 2472 vobabu-

247 2508 315 2565 lis
342 2512 515 2566 suis:
550 2515 667 2566 dux
689 2510 978 2576 Thamna,
1013 2510 1132 2564 dux
1160 2507 1321 2575 Alva,
1353 2508 1469 2562 dux
1499 2505 1760 2576 Jetheth,
1788 2506 1907 2560 dux

247 2598 573 2668 Oolibama,
609 2600 727 2653 dux
775 2597 898 2665 Ela,
941 2599 1059 2653 dux
1090 2598 1345 2663 Phinon,
1377 2597 1492 2651 dux
1546 2596 1752 2662 Cenez,
1786 2595 1906 2648 dux

247 2688 533 2757 Theman,
568 2689 686 2743 dux
717 2688 972 2755 Mabsar,
1005 2689 1122 2742 dux
1159 2686 1433 2758 Magdiel,
1467 2686 1585 2740 dux
1619 2684 1807 2750 Iram;
1844 2683 1904 2738 hi

246 2778 420 2834 duces
458 2779 650 2833 Edom
681 2777 1013 2833 habitantes
1063 2777 1120 2831 in
1171 2781 1326 2830 terra
1356 2774 1588 2847 imperii
1619 2775 1748 2835 sui;
1780 2773 1904 2845 ipse

245 2871 329 2922 est
360 2867 523 2923 Esau
555 2874 720 2937 pater
750 2867 1162 2922 Idumaeorum.

312 2958 480 3028 [Cap.
524 2955 836 3029 XXXI/11.]
860 2956 1152 3011 Habitavit
1180 2959 1376 3010 autem
1409 2953 1588 3010 Jacob
1641 2953 1699 3008 in
1750 2956 1904 3006 terra

249 3045 555 3114 Chanaan,
589 3045 649 3100 in
668 3062 782 3116 qua
805 3045 1210 3116 peregrinatus
1229 3048 1318 3100 est
1334 3049 1498 3114 pater
1520 3059 1688 3097 suus.
1723 3043 1791 3096 Et
1817 3040 1904 3096 hae

241 3142 374 3190 sunt
397 3134 826 3208 generationes
877 3136 1004 3204 ejus
1051 3134 1236 3205 [Ηεὺν.
1289 3134 1490 3188 Jacob.
1531 3134 1682 3200 Vulg.
1714 3131 1898 3202 tacet].

240 3225 320 3292 ['I‘.
369 3224 594 3290 XXXI,
654 3224 718 3279 B.
771 3223 1068 3291 XXXVIII,
1127 3223 1189 3279 C.
1255 3223 1467 3293 LXVI.]
1521 3221 1738 3293 Joseph
1771 3237 1905 3276 cum

238 3315 543 3370 sexdecim
579 3318 737 3370 esset
769 3329 1058 3368 annorum
1089 3315 1130 3379 ί,
1186 3313 1464 3384 pascebat
1491 3327 1724 3382 gregem
1773 3327 1906 3366 cum

241 3404 528 3459 fratribus
561 3403 690 3458 suis
732 3401 922 3457 adhuc
955 3417 1118 3472 puer,
1151 3405 1208 3456 et
1233 3405 1357 3456 erat
1386 3416 1520 3455 cum
1569 3399 1706 3455 ﬁliis
1755 3398 1904 3454 Balae

242 3498 294 3548 et
317 3492 559 3565 Zelphe
599 3508 849 3548 uxorum
881 3491 1065 3562 patris
1097 3491 1209 3558 sui,
1257 3490 1666 3558 accusavitque
1698 3490 1908 3544 fratres

242 3599 372 3638 suos
405 3583 573 3655 apud
613 3585 835 3652 patrem
867 3581 1108 3636 crimine
1138 3580 1416 3652 pessimo.
1476 3577 1653 3634 Israel
1706 3583 1905 3634 autem

245 3672 533 3744 diligebat
565 3669 790 3742 Joseph
824 3685 1002 3742 super
1032 3685 1237 3725 omnes
1271 3668 1420 3725 filios
1451 3684 1611 3735 suos,
1652 3684 1718 3723 eo
1750 3669 1904 3739 quod

241 3761 294 3817 in
326 3765 647 3817 senectute
673 3759 974 3832 genuisset
995 3775 1152 3825 eum,
1184 3759 1436 3830 fecitque
1457 3757 1508 3813 ei
1527 3757 1784 3813 tunicam
1805 3773 1905 3828 pc-

241 3851 568 3922 lymitam’.
599 3848 874 3905 Videntes
897 3853 1094 3904 autem
1120 3849 1329 3903 fratres
1353 3849 1482 3919 ejus
1502 3848 1658 3919 quod
1690 3864 1722 3902 a
1742 3851 1906 3919 patre

243 3940 367 4010 plus
387 3939 634 3995 cunctis
663 3938 797 3993 filiis
821 3944 1137 4007 amaretur,
1163 3938 1411 3993 oderant
1433 3953 1588 4004 eum,
1615 3953 1718 3992 nec
1742 3941 1904 4007 pote—

240 4034 364 4085 rant
395 4030 448 4085 ei
485 4028 820 4100 quidquam
853 4027 1091 4099 paciﬁce
1110 4027 1290 4096 loqui.
1323 4025 1560 4081 Accedit
1582 4042 1815 4097 quoque
1842 4032 1906 4080 ut

239 4119 424 4174 visum
461 4115 773 4174 somnium
808 4116 1046 4171 referret
1079 4115 1359 4170 fratribus
1391 4115 1539 4184 suis,
1568 4131 1698 4186 quae
1727 4130 1906 4169 causa

238 4208 483 4278 majoris
515 4206 640 4262 odii
674 4206 1061 4262 seminarium
1088 4205 1218 4260 fuit.
1249 4205 1522 4275 Dixitque
1543 4204 1614 4258 ad
1635 4220 1733 4258 eos
1758 4221 1770 4260 :
1791 4207 1904 4258 Au-

237 4297 352 4352 dite
392 4295 709 4352 somnium
742 4312 940 4350 meum
973 4295 1130 4367 quod
1183 4295 1299 4349 vidi
1333 4311 1346 4349 :
1381 4293 1664 4349 Putabam
1721 4292 1904 4363 ligare

240 4402 339 4442 nos
371 4382 730 4457 manipulos
763 4385 822 4438 in
855 4400 1015 4456 agro,
1043 4388 1101 4439 et
1134 4382 1303 4454 quasi
1337 4398 1688 4453 consurgere
1717 4380 1902 4436 mani-

305 4533 321 4566 ¹
359 4529 426 4584 In
461 4527 716 4584 Hebraeo
745 4525 896 4595 ﬁlius
927 4526 1105 4581 decem
1136 4530 1186 4580 et
1216 4533 1418 4596 septem
1447 4541 1721 4581 annorum
1754 4523 1900 4596 diﬁci-

237 4605 329 4658 tnr
354 4601 618 4672 Joseph.
642 4599 804 4662 Quod
847 4603 1178 4669 sequuntur
1207 4595 1408 4663 Grazci,
1442 4602 1500 4652 et
1546 4601 1766 4651 cunctae
1794 4595 1899 4650 Or-
1941 4595 1974 4633 ι⁵

237 4675 562 4728 ientalium
595 4672 933 4737 versiones;
969 4686 1208 4725 sensum
1243 4675 1438 4724 tamen
1473 4673 1626 4723 recte
1675 4684 1908 4739 expres-

237 4746 308 4798 sit
335 4746 772 4814 Hieronymus,
805 4742 941 4812 quia
972 4758 1157 4797 annos
1190 4740 1482 4796 sexdecim
1527 4740 1786 4811 expletos
1818 4740 1906 4794 in-

232 4815 466 4888 lelligit.
507 4819 700 4888 Maajr.

299 4881 688 4942 -:Exciderit
716 4899 746 4938 e
779 4883 984 4938 Latino
1019 4883 1354 4954 apographo
1381 4881 1589 4938 ultima
1632 4897 1908 4954 numera-

235 4959 305 5015 lis
335 4966 513 5024 nota,
554 4962 658 5012 aut
687 4957 835 5026 quod
869 4953 1084 5024 passim
1119 4953 1424 5022 usu’venit,
1447 4953 1673 5020 el‘fgerit
1695 4953 1908 5009 descri-

233 5031 431 5087 bentis
465 5029 706 5096 oculos,
734 5027 834 5099 qui
878 5026 1005 5082 XVI
1048 5027 1312 5098 depinxit
1339 5044 1440 5098 pro
1485 5026 1658 5081 XVII.
1693 5026 1909 5080 Caetera

236 5105 394 5158 enim
431 5102 595 5157 adeo
625 5105 847 5154 certum
882 5103 972 5153 est
995 5099 1164 5168 juxta
1194 5099 1493 5153 Hebrreum
1527 5104 1583 5153 et
1611 5099 1907 5153 versiones

237 5191 325 5231 om
340 5191 472 5240 nes,
499 5173 898 5243 septemdecim
922 5170 1016 5243 hic
1042 5186 1274 5243 quoque
1303 5171 1513 5243 debere
1535 5169 1641 5238 legi
1668 5187 1769 5241 pro
1785 5185 1909 5243 sex-

238 5247 443 5307 ἀει-ἐτη,
482 5241 812 5299 υιήἰωὶιιο
844 5242 1170 5296 audiendus
1194 5241 1562 5297 Martianzeus
1587 5243 1662 5296 sit
1696 5242 1794 5312 qui
1820 5257 1910 5296 ex-

241 5319 556 5390 pressisse
607 5315 1020 5390 Hieronymum
1056 5319 1224 5390 puta_t
1263 5330 1448 5390 annos
1469 5315 1594 5390 jam
1628 5313 1906 5384 expletos,

241 5385 293 5445 et
322 5405 519 5461 quem
561 5387 1123 5461 nondumexegerat
1149 5385 1418 5461 __Joseph,
1451 5385 1743 5461 decimum
1777 5401 1906 5454 sep-

241 5455 389 5516 tiufn
459 5455 985 5532 praetermississe.
1031 5455 1186 5513 Nihil
1261 5457 1460 5511 minus
1490 5475 1525 5532 _:_
1564 5458 1907 5532 Hieronymo

244 5527 596 5612 immutare
619 5528 991 5612 proarhitrio
1023 5535 1244 5612 textum
1273 5544 1459 5612 neque
1490 5527 1676 5597 licuit,
1719 5527 1909 5601 neque
1969 5575 1976 5580 .

239 5611 480 5662 tantum
520 5599 640 5658 sibi
691 5600 789 5655 ille
819 5617 1082 5670 unquam
1113 5599 1339 5655 tribuit.

308 5679 332 5712 ²
356 5683 479 5734 Pro
513 5673 684 5730 varia
740 5671 860 5728 sive
902 5669 1202 5744 polymita,
1243 5670 1455 5742 Aquila
1492 5669 1910 5742 interpretatus

2033 549 2397 601 cumstantcs
2431 547 2671 602 adorare
2705 547 3074 619 manipulum
3110 564 3327 604 meum.
3353 549 3684 620 Responde-

2030 637 2167 686 runt
2199 632 2407 688 fratres
2438 635 2566 703 ejus
2600 651 2612 689 :
2651 635 2926 706 Nunquid
2982 653 3079 690 rex
3127 641 3326 692 noster
3374 636 3491 692 eris
3509 637 3536 692 ?
3583 643 3684 694 aut

2031 720 2417 791 subjiciemur
2446 722 2653 778 ditioni
2685 723 2842 778 tum?
2878 725 3002 780 Haec
3033 741 3168 796 ergo
3208 741 3389 781 causa
3421 728 3679 784 somnio-

2031 827 2160 865 rum
2197 819 2369 881 atque
2399 828 2762 879 sermonum,
2797 813 3026 868 invidia:
3057 819 3114 869 et
3143 814 3544 871 odiifomitem
3570 817 3681 872 mi-

2031 899 2322 954 nistravit.
2357 899 2523 956 Aliud
2548 903 2822 973 quodque
2845 902 2990 956 vidit
3018 903 3336 972 somnium,
3362 905 3515 976 quod
3545 922 3679 961 nar-

2029 1005 2170 1044 rans
2202 989 2482 1046 fratribus
2515 991 2640 1046 suis
2671 991 2848 1063 [Vulg].
2883 1000 2993 1047 (ac.
3028 993 3203 1062 suis],
3238 993 3358 1050 ait:
3393 993 3524 1049 Vidi
3576 1011 3678 1066 per

2028 1078 2348 1148 somnium,
2373 1080 2543 1151 quasi
2567 1080 2750 1136 solem
2773 1085 2830 1136 et
2851 1080 3076 1148 lunam,
3099 1086 3156 1136 et
3176 1082 3377 1139 stellas
3402 1084 3674 1142 undecim

2028 1168 2271 1224 adorare
2297 1186 2406 1225 me.
2437 1171 2598 1235 Quod
2633 1187 2765 1226 cum
2792 1171 2944 1242 patri
2977 1187 3084 1226 suo
3115 1174 3170 1226 et
3201 1171 3479 1230 fratribus
3511 1179 3674 1230 retu-

2027 1256 2213 1326 lisset,
2265 1260 2586 1331 increpavit
2616 1276 2751 1314 eum
2812 1263 2978 1330 pater
3009 1261 3186 1332 [Vulg].
3223 1261 3350 1318 add.
3387 1264 3578 1335 suus],
3611 1269 3671 1320 et

2027 1347 2173 1402 dixit
2207 1364 2220 1402 :
2254 1348 2401 1412 Quid
2434 1348 2546 1404 sibi
2578 1347 2701 1404 vult
2733 1349 2842 1404 hoc
2874 1349 3171 1405 somnium
3215 1351 3369 1421 quod
3421 1352 3671 1408 vidisti?

2027 1453 2166 1492 num
2203 1453 2308 1508 ego
2339 1443 2393 1492 et
2422 1442 2605 1492 mater
2634 1442 2732 1493 tua
2765 1442 2820 1493 et
2852 1438 3060 1494 fratres
3091 1438 3176 1494 tui
3206 1440 3585 1497 adorabimus
3616 1446 3670 1497 te

2025 1541 2204 1597 super
2230 1527 2488 1581 terram?
2521 1527 2864 1582 Invidehant
2883 1528 2932 1582 ei
2961 1528 3367 1600 igiturfratres
3399 1530 3490 1585 sui
3525 1547 3538 1584 :
3573 1548 3671 1603 pa-

2025 1620 2110 1670 ter
2141 1630 2271 1670 vero
2299 1632 2421 1670 rem
2453 1619 2670 1672 tacitus
2701 1617 3128 1673 censiderabat.
3163 1617 3429 1689 Cumque
3457 1621 3668 1676 fratres

2023 1703 2183 1759 illius
2201 1704 2260 1759 in
2286 1705 2594 1776 pascendis
2616 1706 2885 1776 gregibus
2904 1706 3085 1778 patris
3108 1713 3480 1764 morarentur
3501 1710 3559 1764 in
3585 1711 3672 1766 Si-

2022 1793 2213 1863 chem,
2273 1794 2418 1848 dixit
2465 1795 2534 1848 ad
2587 1811 2720 1850 eum
2754 1795 2930 1850 Israel
2969 1813 2980 1850 :
3018 1796 3250 1852 Fratres
3298 1798 3382 1852 tui
3416 1807 3668 1869 pascunt

2018 1900 2154 1940 oves
2204 1883 2262 1938 in
2320 1883 2596 1939 Sichimis
2633 1901 2645 1938 :
2677 1885 2829 1951 veni,
2883 1884 3111 1940 mittam
3166 1893 3220 1942 te
3267 1887 3337 1942 ad
3382 1904 3502 1943 eos.
3537 1891 3660 1955 Quo

2015 1973 2425 2043 respondente,
2458 1974 2671 2028 Praesto
2728 1991 2927 2040 suum,
2988 1975 3070 2030 ait
3127 1975 3314 2046 [ναις.
3365 1976 3517 2048 add.]
3550 1979 3648 2034 ei:

2011 2061 2171 2117 Vade
2205 2067 2262 2116 et
2292 2063 2419 2117 vide
2450 2062 2498 2117 si
2527 2067 2738 2118 cuncta
2786 2080 3064 2134 prospera
3103 2065 3222 2120 sint
3269 2081 3408 2137 erga
3448 2067 3656 2123 fratres

2013 2156 2162 2217 tuos,
2222 2155 2278 2206 et
2337 2168 2563 2222 pecora,
2624 2156 2680 2206 et
2728 2153 3004 2208 renuntia
3061 2153 3206 2208 mihi
3260 2155 3399 2225 quid
3433 2161 3656 2225 agatur.

2011 2241 2228 2296 Missus
2260 2242 2329 2295 de
2356 2241 2507 2296 valle
2545 2241 2795 2310 Hebron,
2827 2242 2988 2297 venit
3013 2241 3073 2296 in
3095 2241 3322 2298 Sichem
3354 2261 3372 2298 :
3404 2245 3660 2300 invenit-

2012 2347 2124 2402 que
2156 2347 2290 2384 eum
2323 2330 2410 2384 vir
2441 2335 2734 2385 errantem
2765 2331 2821 2386 in
2849 2348 3005 2401 agro,
3029 2337 3086 2387 et
3115 2332 3491 2406 interrogavit
3518 2334 3658 2405 quid

2011 2423 2315 2490 quaereret.
2347 2421 2419 2474 At
2466 2418 2564 2475 ille
2594 2419 2934 2490 respondit:
2965 2424 3194 2476 Fratres
3242 2437 3402 2478 meos
3445 2438 3663 2494 quaero,

2008 2506 2203 2563 indica
2235 2507 2381 2562 mihi
2417 2508 2514 2563 ubi
2571 2513 2815 2580 pascant
2867 2525 3094 2580 greges.
3150 2510 3417 2581 Dixitque
3447 2511 3497 2566 ei
3527 2511 3615 2566 vir
3647 2527 3660 2566 :

2011 2598 2396 2653 Recesserunt
2454 2598 2525 2652 de
2584 2597 2708 2653 loco
2753 2598 2906 2667 isto;
2955 2599 3147 2654 audivi
3193 2605 3388 2655 autem
3441 2617 3539 2656 eos
3569 2601 3662 2656 di-

2009 2693 2204 2743 centes
2239 2704 2252 2742 :
2287 2687 2504 2742 Eamus
2539 2688 2597 2742 in
2642 2687 2916 2742 Dothain.
2961 2688 3044 2759 [Ο.
3108 2688 3348 2759 LXVII].
3407 2689 3666 2746 Perrexit

2009 2793 2145 2848 ergo
2174 2776 2392 2847 Joseph
2453 2780 2583 2848 post
2641 2777 2853 2832 fratres
2909 2793 3070 2844 suos,
3122 2783 3178 2832 et
3226 2777 3445 2833 invenit
3473 2795 3572 2834 eos
3600 2778 3661 2834 in

2008 2865 2278 2921 Dothain.
2313 2864 2420 2930 Qui
2447 2881 2582 2921 cum
2615 2865 2900 2922 vidissent
2929 2882 3062 2921 eum
3099 2866 3320 2935 procul,
3343 2871 3661 2938 antequam

2010 2955 2311 3011 accederet
2339 2955 2412 3010 ad
2451 2971 2567 3023 eos,
2603 2955 3004 3026 cogitaverunt
3052 2954 3219 3011 illum
3266 2955 3552 3024 occidere,
3604 2961 3663 3013 et

2013 3049 2218 3100 mutuo
2249 3043 2642 3115 loquebantur
2666 3061 2678 3099 :
2700 3043 2842 3098 Ecce
2863 3043 3188 3099 somniator
3226 3044 3398 3111 venit,
3433 3044 3663 3101 occida-

2020 3151 2153 3188 mus
2191 3149 2348 3200 eum,
2380 3138 2435 3188 et
2467 3132 2770 3188 mittamus
2800 3133 2857 3188 in
2889 3134 3209 3190 cisternam
3241 3139 3492 3190 veterem
3526 3151 3540 3191 :
3575 3134 3665 3190 di-

1939 3203 1981 3270 c
2021 3238 2339 3295 eemusque
2374 3241 2387 3281 :
2448 3226 2589 3278 Fera
2619 3223 2872 3294 pessima
2925 3222 3220 3279 devoravit
3272 3240 3408 3279 eum
3439 3228 3495 3280 et
3527 3229 3667 3281 tunc

2016 3312 2321 3385 apparebit
2351 3311 2491 3382 quid
2525 3310 2609 3366 illi
2665 3311 2892 3382 prosint
2936 3313 3168 3367 somnia
3221 3329 3348 3368 sua.
3407 3313 3668 3368 Audiens

2016 3402 2125 3457 hoc
2184 3402 2410 3470 Ruben,
2467 3401 2766 3456 nitebatur
2810 3401 3059 3456 liberare
3108 3417 3242 3457 eum
3275 3403 3346 3457 de
3393 3402 3670 3460 manibus

2016 3508 2240 3558 eorum,
2295 3495 2352 3547 et
2398 3491 2627 3546 dicebat
2660 3507 2673 3546 :
2704 3491 2830 3546 Non
2884 3489 3355 3547 interficiamus3
3407 3491 3667 3548 animam

2017 3583 2167 3651 ejus,
2194 3595 2297 3635 nec
2318 3579 2634 3634 etfundatis
2667 3579 3066 3651 sanguinem:
3101 3580 3200 3635 sed
3238 3581 3504 3651 projicite
3533 3596 3667 3636 eum

2026 3670 2086 3726 in
2120 3671 2435 3724 cisternam
2485 3667 2658 3737 hanc,
2693 3685 2818 3740 quae
2876 3673 2966 3724 est
3029 3667 3370 3739 solitudine,
3423 3686 3670 3725 manus-

2017 3775 2129 3832 que
2161 3764 2383 3814 vestres
2414 3763 2635 3814 serVate
2667 3757 2969 3825 innoxiae;
3005 3757 3114 3812 hoc
3165 3760 3361 3812 autem
3411 3757 3664 3822 dicebat,

2015 3848 2216 3904 volens
2247 3847 2470 3918 eripere
2500 3863 2634 3901 eum
2669 3847 2738 3901 de
2771 3846 3048 3902 manibus
3079 3862 3304 3916 eorum,
3336 3850 3394 3902 et
3423 3847 3665 3902 reddere

2016 3937 2166 4009 patri
2198 3954 2324 3992 suo.
2353 3935 2670 3990 Confestim
2707 3936 2885 4007 igitur
2916 3941 2981 3990 ut
3029 3933 3290 4006 pervenit
3332 3936 3402 3989 ad
3456 3937 3664 3990 fratres

2018 4027 2201 4099 [Vutg.
2236 4026 2363 4081 add.
2399 4028 2584 4095 suos],
2635 4025 3005 4079 nudaverunt
3053 4040 3186 4078 eum
3237 4023 3436 4078 tunica
3491 4023 3675 4078 talari-

2013 4121 2070 4170 et
2100 4114 2421 4186 polymita:
2448 4113 2857 4184 miseruntque
2892 4111 3436 4183 [Vulg.add.eum]in
3462 4112 3662 4167 cister-

2014 4222 2307 4275 nam,quas
2332 4220 2446 4258 non
2471 4203 2721 4258 habebat
2741 4220 2811 4273 aq
2825 4203 3063 4257 uam.Et
3087 4203 3356 4257 sedentes
3380 4207 3444 4256 ut
3472 4217 3665 4257 come-

2013 4295 2215 4350 derent
2252 4309 2486 4363 panem,
2521 4291 2793 4346 viderunt
2827 4292 3080 4347 viatores
3104 4290 3431 4348 Ismaelitas
3469 4291 3664 4347 venire

2012 4383 2082 4438 de
2123 4381 2360 4449 Galaad,
2395 4387 2453 4437 et
2489 4380 2745 4437 camelos
2774 4398 3000 4452 eorum,
3048 4386 3347 4452 portantes
3375 4386 3663 4452 aromata,

1968 4592 1972 4597 ,
2015 4531 2104 4600 est
2134 4521 2542 4600 ἀστραγάλειον,
2570 4525 2748 4600 idest
2780 4525 3027 4580 tunicam
3080 4527 3362 4600 laterem;
3415 4525 3660 4600 Symna-

2017 4599 2185 4666 chus,
2210 4595 2456 4653 tunicam
2483 4596 2857 4664 manicatam;
2892 4600 3011 4652 sive
3055 4597 3210 4668 quod
3261 4597 3330 4653 ad
3382 4595 3532 4652 talos
3565 4614 3664 4653 us-

2019 4687 2132 4742 que
2162 4670 2558 4742 descenderet,
2605 4675 2664 4724 et
2712 4670 2991 4742 manibus
3033 4669 3274 4742 artiﬁcis
3327 4669 3478 4724 mira
3501 4673 3664 4742 esset

2017 4740 2294 4798 vareitate
2334 4741 2647 4796 distincta:
2678 4741 2796 4796 sive
2845 4740 2999 4810 quod
3057 4741 3296 4796 haberet
3353 4741 3662 4798 manicas:

2018 4813 2244 4883 antiqui
2278 4813 2434 4868 enim
2469 4811 2658 4882 magis
2689 4812 2931 4868 colobiis
2962 4812 3300 4867 utebantur.
3335 4812 3519 4869 MART.

2089 4886 2109 4919 ³
2139 4887 2233 4940 Sic
2266 4901 2451 4940 canon
2501 4885 2675 4938 Hebr.
2709 4885 2870 4939 verit.
2927 4889 2984 4938 et
3037 4883 3476 4955 manuscriptus
3520 4883 3666 4939 alter

2015 4957 2357 5013 Bibliorum.
2391 4958 2450 5010 In
2481 4957 2716 5011 Hebraeo
2751 4973 2812 5010 ac
2841 4955 3208 5012 Samaritano
3230 4961 3390 5011 textu
3421 4955 3669 5012 habetur

2014 5037 2128 5089 ωδ
2159 5045 2437 5094 naccnnu,
2466 5029 2833 5098 permutamus
2879 5044 3024 5097 eum,
3070 5027 3189 5083 sive
3221 5027 3663 5098 interﬁciamus;

2017 5117 2195 5171 quam
2230 5097 2537 5154 lectionem
2573 5104 2902 5170 sequuntur
2934 5115 3165 5171 quoque
3197 5099 3343 5155 LXX
3377 5116 3441 5153 ac
3474 5097 3666 5153 cateri

2016 5170 2399 5242 interpretes;
2441 5171 2538 5225 sed
2597 5171 2954 5227 dissentiunt
3010 5170 3084 5224 in"
3134 5171 3662 5241 consequentibus;

2017 5277 2150 5315 nam
2184 5259 2464 5329 leguntin
2484 5259 2655 5315 tertia
2713 5276 2961 5330 persona
2988 5244 3302 5322 Enen-Ss
3333 5257 3664 5328 al-thisplze-

2016 5333 2141 5394 chu,
2171 5348 2238 5387 ne
2276 5331 2575 5402 eﬂumlatis
2603 5349 2621 5384 :
2659 5332 2773 5386 duo
2807 5335 3001 5386 autem
3055 5331 3286 5386 codices
3344 5346 3486 5402 mss.
3512 5331 3665 5402 __jam

2019 5399 2331 5458 memorati
2359 5402 2575 5458 habent
2604 5402 2970 5473 eﬂmzdamus,
3007 5403 3338 5469 manifesto,
3371 5401 3428 5455 ni
3456 5399 3663 5469 falllor,

2018 5475 2367 5546 scriptorum
2399 5491 2611 5530 errore.
2648 5476 2835 5529 MART.

2088 5542 2373 5618 —‘Vulgat
2400 5546 2710 5618 interpres,
2752 5563 2860 5602 non
2897 5544 3265 5618 interﬁcietis.
3301 5542 3463 5599 Unus
3493 5542 3662 5599 Urbi-

2019 5636 2126 5676 nas
2159 5615 2748 5691 ins—consequenter,
2780 5634 2878 5674 nec
2906 5615 3270 5688 eﬁundamus.
