4080 6186
384 353 493 411 247

1431 353 1490 405 8.
1533 351 1942 406 HIERONYMI
1977 350 2235 406 DIVINA
2271 353 2768 410 BIBLIOTHECA.

3696 355 3805 411 248

398 484 455 538 et
476 479 756 552 resinam,
789 482 847 536 et
895 482 1141 546 stacten,
1188 477 1248 534 in
1289 482 1624 552 Egyptum.
1687 477 1844 534 Dixit
1901 493 2038 548 ergo
2071 477 2123 544 Α
2155 475 2525 550 Odollamita,
2561 480 2615 536 in
2647 481 3019 538 Timnatha’.
3053 482 3516 555 Nuntiatumque
3545 487 3634 540 est
3653 484 3807 540 Tha-

403 571 589 630 Judas
621 569 899 626 fratribus
930 568 1055 624 suis
1083 586 1095 624 :
1132 567 1278 634 Quid
1303 568 1472 624 nobis
1497 569 1736 640 prodest
1758 568 1805 624 si
1830 567 2052 623 occide-

409 661 599 717 rimus
631 659 868 714 fratrem
903 661 1195 727 nostrum,
1220 660 1276 712 et
1319 656 1668 713 celverimus
1701 656 2052 728 sanguinem

409 749 598 822 ipsius
628 747 656 803 ?
685 746 892 802 Melius
951 751 1040 801 est
1099 751 1165 800 ut
1213 747 1579 802 venundetur
1628 747 1966 811 Ismaelitis,
1998 750 2055 800 et

413 854 624 896 manus
655 839 865 891 nostra;
897 851 1010 889 non
1046 833 1417 907 polluantur:
1443 836 1623 890 frater
1651 834 1806 891 enim
1837 839 1892 890 et
1924 851 2054 889 caro

361 997 364 1002 _
403 929 614 984 nostra
643 929 750 981 est.
781 924 1216 995 Acquieverunt
1259 925 1470 980 fratres
1501 925 1872 980 sermonibus
1903 925 2053 995 ejus.

409 1017 474 1072 Et
497 1013 982 1087 praetereuntibus
1005 1014 1340 1070 Madianitis
1365 1015 1848 1087 negotiatoribus,
1873 1018 2059 1070 extra-

412 1106 620 1162 hentes
671 1120 806 1159 eum
856 1104 927 1159 de
973 1104 1243 1172 cisterna,
1290 1105 1677 1160 vendiderunt
1712 1105 1886 1173 (Vulg.
1929 1103 2054 1158 add.

411 1194 569 1266 eum]
610 1191 947 1260 Ismaelitis,
1005 1193 1207 1264 viginti
1256 1193 1568 1265 argenteis,
1619 1194 1716 1262 qui
1770 1194 2062 1248 duxerunt

411 1300 547 1340 eum
578 1283 637 1351 in
668 1285 1002 1355 Egyptum.
1051 1283 1459 1354 Reversusque
1507 1283 1710 1338 Ruben
1745 1285 1814 1338 ad
1866 1283 2060 1338 cister-

414 1389 576 1440 nam,
600 1389 717 1427 non
739 1371 960 1426 invenit
981 1388 1252 1443 puerum,
1285 1377 1340 1426 et
1373 1372 1576 1427 scissis
1610 1372 1889 1439 vestibus,
1926 1388 2059 1443 per-

414 1478 558 1534 gens
590 1461 661 1516 ad
693 1462 901 1516 fratres
933 1477 1096 1530 suos,
1129 1460 1208 1515 ait
1240 1478 1251 1515 :
1290 1465 1439 1516 Puer
1472 1479 1585 1516 non
1635 1465 1953 1533 comparet,
2005 1463 2062 1515 et

415 1566 521 1624 ego
552 1567 667 1622 quo
697 1550 836 1607 ibo?
874 1549 1161 1605 Tulerunt
1190 1559 1385 1606 autem
1420 1551 1679 1607 tunicam
1712 1552 1861 1621 ejus,
1896 1555 1952 1605 et
2000 1549 2060 1605 in

419 1639 706 1712 sanguine
737 1639 904 1706 haedi,
940 1656 1112 1711 quem
1153 1641 1507 1706 occiderant,
1567 1642 1889 1707 tinxerunt;
1927 1639 2058 1693 mit-

416 1734 607 1787 tentes
639 1729 738 1800 qui
763 1729 979 1784 ferrent
1008 1728 1077 1784 ad
1099 1732 1339 1801 patrem,
1366 1734 1422 1784 et
1451 1730 1711 1786 dicerent
1743 1748 1755 1785 :
1790 1732 1948 1788 Hanc
1981 1733 2063 1788 in-

417 1820 684 1876 venimus
715 1836 734 1872 :
765 1819 894 1875 vide
929 1822 1122 1873 utrum
1158 1820 1354 1874 tunica
1410 1821 1510 1874 ﬁlii
1573 1821 1654 1875 tui
1687 1821 1782 1890 sit,
1817 1839 1888 1877 an
1924 1840 2057 1879 non.
2091 1848 2138 1913 Β

415 1911 600 1976 Quam
633 1926 764 1965 cum
798 1910 1129 1980 agnovisset
1176 1914 1359 1981 pater,
1396 1911 1475 1966 ait
1509 1929 1520 1967 :
1556 1913 1780 1967 Tunica
1811 1909 1915 1968 ﬁlii
1947 1915 2058 1968 mei

412 2005 520 2069 est,
551 2000 672 2056 tera
729 1999 985 2071 pessima
1043 2000 1296 2053 comedit
1352 2015 1507 2063 eum,
1542 2001 1728 2056 bestia
1767 2002 2062 2057 devoravit

409 2089 652 2160 Joseph.
685 2087 1017 2158 Scissisque
1048 2087 1310 2142 vestibus
1341 2087 1584 2143 indutus
1611 2093 1699 2145 est
1729 2089 1936 2157 cilicio,
1970 2091 2058 2145 lu-

412 2193 558 2250 gens
620 2175 807 2232 ﬁlium
857 2175 1041 2232 multo
1092 2166 1374 2248 tempore.
1435 2178 1812 2250 Congregatis
1862 2185 2058 2235 autem

415 2267 643 2322 cunctis
699 2265 899 2321 liberis
957 2266 1108 2336 ejus,
1156 2271 1219 2320 ut
1273 2265 1524 2322 lenirent
1554 2267 1811 2323 dolorem
1855 2269 2058 2339 patris,

420 2354 610 2412 noluit
631 2355 1093 2411 consolationem
1128 2355 1406 2427 recipere,
1440 2360 1497 2411 et
1555 2356 1734 2426 [ναις.
1775 2358 1899 2428 sed]
1933 2358 2013 2412 ait
2042 2377 2057 2411 :

413 2444 777 2502 Descendam
810 2445 883 2500 ad
923 2444 1108 2500 ﬁlium
1162 2461 1357 2500 meum
1402 2445 1611 2518 lugens
1651 2446 1710 2502 in
1742 2446 2057 2502 infernum.

414 2535 483 2590 Et
514 2534 614 2590 illo
643 2538 1045 2606 perseverante
1100 2532 1160 2588 in
1219 2538 1378 2602 ﬂetu,
1414 2534 1745 2590 Madianita:
1789 2535 2061 2592 vendide-

415 2626 555 2679 runt
581 2622 799 2693 Joseph
831 2623 889 2677 in
919 2622 1164 2695 [Egypto
1197 2623 1495 2694 Putiphari
1527 2624 1796 2680 eunucho
1844 2625 2061 2680 Phara-

414 2712 567 2782 onis,
600 2711 885 2783 magistro
917 2711 1163 2766 militiae.

485 2802 572 2873 [T.
616 2801 850 2873 xxxn,
899 2801 958 2856 c.
995 2801 1241 2869 LXVIII,
1279 2800 1406 2873 Cap.
1467 2802 1767 2858 XXXVIII.
1777 2806 1794 2873 j
1846 2803 2059 2858 Eodem

411 2895 672 2964 tempore
704 2892 1067 2948 descendens
1093 2891 1279 2947 Judas
1311 2911 1342 2947 a
1365 2892 1646 2948 fratribus
1676 2893 1801 2948 suis
1833 2893 2065 2948 divertit

413 2981 486 3036 ad
516 2981 709 3036 virum
750 2980 1180 3050 Odollamitem,
1218 2981 1452 3037 nomine
1508 2981 1730 3037 Hiram.
1792 2981 2064 3053 Viditque

413 3070 494 3126 ibi
554 3069 739 3125 ﬁliam
789 3069 1046 3126 hominis
1101 3070 1432 3135 Chananzci,
1495 3071 1770 3126 vocabulo
1823 3075 1974 3126 Sua:
2010 3075 2065 3124 et

414 3175 593 3216 uxore
625 3162 880 3229 accepta,
915 3159 1219 3231 ingressus
1270 3165 1359 3214 est
1388 3161 1458 3214 ad
1490 3176 1639 3215 eam.
1682 3161 1816 3224 Quae
1867 3177 2062 3215 conce-

416 3249 524 3321 pit,
556 3253 613 3304 et
645 3247 867 3319 peperit
899 3247 1109 3315 ﬁlium,
1143 3249 1484 3320 vocavitque
1517 3266 1726 3305 nomen
1759 3251 1886 3318 ejus
1926 3255 2060 3304 lter.

419 3339 647 3394 Rursus
692 3342 972 3408 concepto
1030 3337 1169 3404 fetu,
1234 3341 1438 3393 natum
1497 3338 1682 3392 ﬁlium
1743 3339 2067 3394 nominavit

421 3427 626 3483 Onam.
660 3425 918 3481 Tertium
952 3443 1182 3497 quoquc
1225 3428 1448 3498 peperit
1481 3445 1491 3481 :
1527 3444 1698 3497 quem
1755 3427 2069 3498 appellavit

421 3515 597 3583 Sella;
625 3532 742 3587 quo
773 3525 928 3583 nato,
962 3532 1163 3587 parcre
1191 3519 1343 3571 ultra
1376 3516 1643 3572 cessavit.
1672 3517 1842 3572 Dedit
1872 3521 2064 3572 autem

419 3605 607 3661 Judas
631 3621 868 3659 uxorem
905 3604 1292 3676 primogenito
1323 3621 1430 3660 suo
1473 3607 1603 3675 Her,
1636 3605 1873 3661 nomine
1911 3606 2066 3660 Tha-

422 3711 571 3750 mar.
611 3692 744 3749 Fuit
774 3710 1008 3764 quoque
1028 3697 1141 3748 Her
1158 3693 1586 3765 primogenitus
1605 3695 1791 3761 Judm,
1818 3711 2068 3765 nequam

424 3784 482 3839 in
517 3788 834 3855 conspectu
867 3782 1099 3838 Domini
1131 3800 1149 3838 :
1180 3788 1236 3838 et
1266 3783 1338 3838 ab
1371 3799 1436 3839 eo
1486 3784 1716 3839 occisus
1765 3789 1872 3840 est.
1917 3784 2071 3840 Dixit

424 3889 561 3945 ergo
591 3872 778 3929 Judas
821 3873 892 3928 ad
942 3871 1126 3927 Onam
1162 3870 1345 3927 ﬁlium
1400 3889 1614 3928 suum:
1646 3875 1952 3943 Ingredere
1998 3874 2069 3928 ad

427 3978 662 4019 uxorem
725 3959 920 4018 fratris
978 3960 1092 4031 tui,
1153 3965 1208 4016 et
1265 3961 1490 4018 sociare
1540 3961 1648 4030 illi,
1701 3969 1764 4016 ut
1821 3962 2072 4018 suscites

425 4068 628 4110 semen
679 4051 842 4107 fratri
876 4056 994 4105 tuo.
1023 4049 1123 4106 Ille
1155 4054 1349 4106 autem
1385 4051 1578 4106 sciens
1610 4068 1724 4106 non
1767 4051 1880 4106 sibi
1911 4051 2072 4106 nasci

429 4141 603 4210 ﬁlios,
631 4139 912 4196 introiens
934 4140 1004 4195 ad
1031 4156 1267 4196 uxorem
1292 4139 1486 4195 fratris
1508 4139 1619 4206 sui,
1644 4155 1843 4194 semen
1869 4141 2071 4194 funde-

433 4234 532 4288 bat
561 4231 620 4284 in
654 4234 888 4296 terram,
925 4247 996 4284 ne
1026 4228 1190 4284 liberi
1235 4229 1432 4284 fratris
1482 4231 1716 4285 nomine
1763 4246 2074 4284 nasceren-

433 4325 551 4375 tur.
587 4320 651 4373 Et
682 4318 898 4373 idcirco
935 4319 1224 4390 percussit
1249 4335 1382 4372 eum
1414 4317 1722 4386 Dominus,
1757 4319 1909 4388 quod
1954 4335 2076 4373 rem

435 4407 840 4466 detestabilem
872 4407 1101 4462 faceret.
1137 4407 1523 4472 Quamobrem
1553 4407 1891 4463 dixitludas
1921 4407 2078 4462 Tha-

438 4515 566 4555 mar
597 4497 730 4552 nuri
762 4514 882 4551 sua:
916 4514 929 4552 :
964 4495 1097 4550 Esto
1155 4496 1330 4551 vidua
1388 4496 1448 4552 in
1506 4497 1679 4552 domo
1740 4496 1921 4568 patris
1970 4496 2076 4567 tui,

2163 583 2290 622 mar
2321 570 2474 640 quod
2509 586 2676 624 socer
2705 570 2864 626 illius
2889 573 3228 627 ascenderet
3260 573 3317 628 in
3349 573 3706 629 Thimnatha
3736 575 3805 630 ad

2162 657 2486 714 tondendas
2516 676 2669 715 oves.
2692 662 2847 729 Quae,
2880 661 3163 732 depositis
3192 663 3494 718 viduitatis
3526 663 3805 731 vestibus,

2164 748 2481 818 assumpsit
2533 748 2871 804 theristrum
2908 766 2920 803 :
2954 756 3010 805 et
3040 756 3266 807 mutato
3307 752 3534 822 habitu,
3567 753 3719 808 sedit
3750 754 3807 807 in

2165 835 2316 890 bivio
2361 836 2608 905 itineris,
2670 839 2824 909 quod
2881 839 3043 894 ducit
3075 839 3524 910 Thimnatham;
3557 857 3622 897 eo
3653 843 3808 913 quod

2166 924 2446 981 crevisset
2495 925 2648 992 Sela,
2682 931 2738 982 et
2791 944 2904 983 non
2936 945 3070 984 eum
3130 929 3451 1001 accepisset
3506 931 3807 986 maritum.

2166 1013 2352 1076 Quam
2377 1031 2510 1069 cum
2535 1015 2775 1072 vidisset
2792 1017 3000 1084 Judas,
3017 1019 3353 1091 suspicatus
3373 1026 3462 1075 est
3482 1035 3609 1076 esse
3632 1037 3813 1076 mere-

2169 1103 2368 1157 tricem
2396 1123 2414 1157 :
2438 1111 2745 1176 Operuerat
2767 1106 2921 1160 enim
2947 1108 3174 1162 vultum
3207 1124 3404 1174 suum,
3437 1124 3508 1164 ne
3540 1127 3812 1182 agnosce-

2169 1197 2353 1247 retur.
2393 1195 2851 1265 Ingrediensque
2884 1197 2953 1250 ad
2984 1213 3136 1265 eam,
3172 1197 3252 1252 ait
3281 1214 3293 1251 :
3337 1198 3572 1254 Dimitte
3604 1215 3718 1268 me,
3751 1203 3818 1254 ut

2168 1297 2366 1336 coeam
2386 1288 2575 1337 tecum
2601 1299 2612 1336 :
2640 1284 3104 1339 nesciebatenim
3131 1287 3281 1356 quod
3310 1303 3495 1342 nurus
3517 1305 3621 1342 sua
3639 1292 3814 1343 esset.

2170 1373 2294 1437 Qua
2335 1372 2756 1442 respondente:
2785 1374 2931 1438 Quid
2966 1373 3108 1428 mihi
3141 1375 3310 1430 dabis
3334 1381 3398 1430 ut
3431 1376 3644 1431 fruaris
3675 1393 3817 1432 con-

2171 1459 2376 1516 cubitu
2404 1461 2560 1515 meo?
2582 1461 2728 1516 dixit
2758 1479 2770 1516 :
2798 1462 3022 1518 Mittam
3045 1463 3148 1518 tibi
3170 1463 3402 1519 haedum
3427 1467 3496 1520 de
3515 1467 3814 1538 gregibus.

2172 1550 2538 1621 Sursumque
2562 1550 2665 1605 illa
2696 1551 2925 1607 dicente
2972 1568 2983 1607 :
3019 1551 3212 1608 Patiar
3233 1555 3388 1625 quod
3421 1555 3528 1624 vis,
3559 1555 3609 1610 si
3641 1557 3818 1612 dede-

2171 1638 2252 1693 ris
2283 1638 2426 1694 mihi
2459 1639 2869 1706 arrhabonem,
2893 1642 3077 1696 donec
3100 1644 3299 1698 mittas
3321 1645 3475 1715 quod
3502 1644 3816 1716 polliceris.

2169 1727 2266 1782 Ait
2293 1728 2476 1783 Judas
2507 1747 2524 1782 :
2558 1727 2706 1793 Quid
2737 1727 2820 1784 vis
2849 1729 2955 1785 tibi
2989 1747 3091 1800 pro
3121 1731 3448 1788 arrhabone
3479 1733 3652 1788 dari?
3678 1734 3819 1790 Res-

2172 1817 2412 1889 pondit:
2445 1818 2742 1874 Annulum
2774 1823 2966 1885 tuum,
2999 1825 3056 1875 et
3086 1819 3398 1887 armillam,
3432 1826 3490 1877 et
3542 1822 3818 1879 baculum

2169 1912 2336 1962 tuum
2375 1909 2563 1979 [Vulg.
2597 1917 2738 1963 (acet
2769 1913 2959 1979 tuum]
2995 1925 3166 1980 quem
3198 1911 3256 1965 in
3287 1927 3465 1966 manu
3504 1917 3691 1969 tenes.
3735 1914 3819 1968 Ad

2173 2013 2356 2052 unum
2393 1997 2572 2068 igitur
2629 1997 2844 2054 coitum
2893 1999 3157 2069 concepit
3214 1999 3426 2055 mulier
3475 2006 3532 2055 et
3579 2017 3824 2072 surgens

2170 2086 2357 2149 abiit;
2381 2087 2762 2158 depositoque
2790 2086 3019 2157 habitu,
3044 2105 3216 2159 quem
3268 2096 3693 2161 assumpserat,
3733 2090 3825 2145 in-

2171 2176 2312 2231 duta
2363 2181 2450 2231 est
2481 2176 2778 2231 viduitatis
2809 2177 3091 2232 vestibus.
3125 2177 3281 2233 Misit
3299 2185 3492 2233 autem
3524 2180 3829 2235 Judashaa-

2171 2265 2311 2319 dum
2347 2281 2451 2336 per
2481 2268 2774 2335 pastorem
2807 2282 2982 2320 suum
3005 2266 3437 2334 Odollamitem,
3463 2274 3527 2322 ut
3544 2268 3826 2341 reciperet

2172 2354 2391 2426 pignus
2423 2355 2576 2425 quod
2608 2354 2844 2409 dederat
2867 2354 3121 2425 mulieri,
3145 2356 3245 2426 qui
3278 2373 3413 2410 cum
3436 2373 3547 2412 non
3571 2356 3824 2412 invenis-

2171 2450 2261 2498 set
2291 2459 2443 2508 eam,
2479 2443 2859 2514 interrogavit
2889 2443 3156 2499 homines
3187 2444 3294 2500 loci
3327 2443 3532 2500 illius?
3577 2445 3684 2501 Ubi
3734 2451 3825 2501 est

2171 2531 2386 2587 mulier
2415 2548 2543 2602 quae
2575 2533 2813 2588 sedebat
2843 2532 2898 2586 in
2927 2532 3118 2588 bivio?
3149 2533 3662 2605 Respondentibus
3683 2552 3824 2590 cun-

2172 2621 2313 2676 ctis:
2339 2621 2463 2676 Non
2496 2622 2608 2675 fuit
2629 2621 2683 2675 in
2715 2621 2840 2676 loco
2874 2621 2984 2677 isto
3009 2623 3302 2691 meretrix,
3336 2639 3601 2680 reversus
3632 2630 3722 2679 est
3749 2626 3822 2680 ad

2172 2711 2412 2778 Judam,
2437 2709 2656 2766 etdixit
2678 2711 2728 2766 ei
2759 2727 2873 2765 non
2897 2711 3090 2767 inveni
3121 2728 3247 2766 eam
3272 2729 3284 2777 ;
3333 2713 3432 2767 sed
3459 2722 3511 2768 et
3554 2712 3824 2769 homines

2173 2799 2282 2855 loci
2307 2798 2465 2854 illius
2489 2800 2762 2854 dixerunt
2795 2799 2940 2854 mihi
2974 2816 3276 2871 nunquam
3308 2800 3389 2856 ibi
3419 2802 3638 2857 sedisse
3668 2819 3822 2858 scor-

2173 2895 2324 2945 tum.
2358 2891 2454 2944 Ait
2494 2888 2679 2944 Judas
2712 2889 2968 2944 :Habeat
3015 2889 3149 2958 sibi,
3183 2895 3339 2945 certe
3372 2891 3657 2946 mendacii
3719 2908 3825 2946 nos

2179 2994 2423 3050 arguere
2448 2994 2560 3033 non
2584 2966 2795 3048 poterit
2817 2978 2994 3049 [Vu1g.
3021 2978 3228 3049 potest]
3254 2996 3264 3034 :
3290 2995 3395 3050 ego
3427 2981 3560 3035 misi
3593 2980 3825 3035 hmdum

2179 3083 2357 3138 quem
2415 3067 2823 3138 promiseram,
2857 3073 2914 3121 et
2943 3072 3004 3121 tu
3038 3085 3153 3122 non
3195 3068 3464 3122 invenisti
3497 3086 3646 3124 eam.
3682 3071 3825 3125 Ecce

2179 3162 2370 3210 autem
2404 3161 2537 3227 post
2569 3161 2684 3210 tres
2717 3171 2949 3210 menses
2999 3157 3484 3213 renuntiaverunt
3511 3158 3698 3227 Judas,
3733 3159 3822 3213 di-

2178 3252 2373 3299 centes
2408 3262 2419 3298 :
2459 3244 2762 3299 Fornicata
2793 3249 2882 3299 est
2913 3244 3172 3300 Thamar
3204 3262 3388 3301 nurus
3421 3252 3542 3318 tua,
3575 3253 3633 3302 et
3662 3248 3825 3302 vide-

2175 3338 2270 3388 tur
2303 3337 2504 3388 uterus
2536 3331 2696 3388 illius
2725 3333 3135 3390 intumescere.
3162 3334 3314 3389 Dixit
3335 3335 3517 3392 Judas
3553 3352 3564 3391 :
3601 3337 3825 3391 Produ-

2176 3424 2288 3477 cite
2318 3438 2470 3489 eam,
2496 3427 2560 3477 ut
2590 3422 2987 3478 comburatur.
3027 3423 3160 3486 Quae
3193 3439 3326 3478 cum
3377 3426 3722 3481 educeretur
3753 3426 3825 3480 ad

2177 3527 2430 3583 poenam,
2466 3509 2626 3565 misit
2674 3512 2743 3566 ad
2795 3527 3059 3566 socerum
3093 3529 3266 3567 suum
3299 3512 3637 3569 dicenszDe
3678 3516 3824 3582 viro,

2178 3601 2347 3671 cujus
2379 3599 2500 3655 haec
2525 3601 2948 3670 sunt,concepi;
2975 3616 3223 3672 agnosce
3247 3603 3418 3672 cujus
3445 3603 3523 3658 sit
3545 3604 3827 3672 annulus,

2177 3695 2236 3745 et
2265 3687 2514 3754 armilla,
2553 3694 2608 3743 et
2635 3687 2896 3744 baculus.
2929 3690 3036 3755 Qui
3069 3691 3285 3762 agnitis
3310 3692 3671 3762 muneribus,
3695 3693 3779 3748 ait
3811 3709 3823 3746 :

2177 3779 2405 3834 Justior
2435 3794 2526 3833 me
2556 3778 2701 3846 est”,
2761 3777 2900 3848 quia
2959 3795 3072 3834 non
3131 3779 3346 3834 tradidi
3378 3797 3505 3835 eam
3537 3780 3667 3835 Sela
3707 3779 3830 3835 ﬁlio

2181 3883 2332 3923 meo.
2365 3869 2635 3922 Attamen
2669 3866 2824 3922 ultra
2857 3883 2974 3922 non
3009 3869 3282 3938 cognovit
3330 3867 3512 3924 illam.
3566 3873 3832 3925 Instante

2183 3961 2376 4012 autem
2406 3961 2598 4027 partu,
2634 3962 3036 4027 apparuerunt
3065 3956 3283 4029 gemini
3315 3957 3374 4013 in
3407 3962 3571 4013 utero
3607 3975 3620 4012 :
3653 3962 3834 4028 atque

2182 4045 2241 4100 in
2277 4047 2404 4116 ipsa
2435 4043 2719 4101 eﬁusione
2750 4045 3070 4112 infantum,
3106 4063 3260 4102 unus
3293 4045 3537 4118 protulit
3568 4063 3836 4116 manum,

2183 4135 2242 4189 in
2278 4151 2391 4205 qua
2413 4133 2913 4205 obstetrixligavit
2931 4135 3261 4203 coccinum,
3283 4137 3483 4191 dicens
3508 4152 3520 4189 :
3546 4135 3654 4191 iste
3680 4152 3838 4208 egre-

2185 4223 2378 4279 dietur
2425 4223 2602 4296 prior.
2643 4222 2742 4278 lllo
2765 4239 2897 4278 vero
2920 4223 3246 4280 retrahente
3269 4241 3530 4292 manum,
3563 4241 3839 4297 egressus

2185 4318 2276 4369 est
2295 4311 2474 4367 alter:
2501 4312 2759 4384 dixitque
2794 4310 3028 4368 mulier:
3051 4314 3237 4376 Quare
3268 4313 3456 4369 divisa
3485 4319 3572 4368 est
3604 4319 3842 4385 propter

2186 4407 2243 4457 te
2277 4401 2560 4457 maceria?
2581 4407 2637 4456 et
2667 4403 2739 4455 ob
2772 4402 2922 4455 hanc
2949 4418 3185 4456 causam
3223 4403 3445 4457 vocavit
3478 4419 3686 4458 nomen
3709 4403 3841 4471 ejus

2192 4491 2424 4546 Phares.
2461 4490 2665 4545 Postea
2695 4507 2969 4561 egressus
3017 4497 3104 4545 est
3136 4492 3312 4546 frater
3359 4492 3510 4562 ejus,
3562 4491 3621 4546 in
3667 4492 3843 4562 cujus

438 4589 624 4644 donec
655 4591 875 4642 crescat
903 4584 1057 4641 Sella
1089 4584 1246 4641 ﬁlius
1280 4603 1445 4640 meus
1475 4603 1487 4641 :
1522 4586 1763 4641 timebat
1801 4587 1981 4653 enim,
2017 4602 2088 4641 ne
2115 4587 2162 4650 D
2199 4596 2370 4634 manu
2406 4585 2530 4634 erat
2559 4579 2859 4634 coccinum
2896 4595 2908 4633 ε
2943 4595 3114 4649 quem
3149 4579 3459 4651 appellavit
3488 4585 3648 4636 Zara.

442 4684 499 4734 et
529 4679 652 4749 ipse
683 4681 1008 4732 moreretur
1037 4676 1190 4730 sicut
1221 4677 1426 4730 fratres
1457 4677 1606 4746 ejus.
1657 4677 1790 4740 Quae
1835 4676 1998 4737 abiit,
2033 4680 2089 4728 et

445 4766 986 4824 habitavitindomo
1011 4764 1192 4836 patris
1223 4765 1334 4820 sui.
1371 4765 1627 4820 Evolutis
1658 4770 1851 4818 autem
1885 4762 2088 4818 multis

445 4856 673 4924 diebus,
705 4858 937 4910 mortua
965 4859 1054 4909 est
1084 4853 1203 4908 ﬁlia
1235 4856 1353 4909 Sua
1385 4871 1530 4909 uxor
1567 4853 1733 4909 Judas
1766 4870 1778 4907 :
1815 4853 1912 4924 qui
1966 4856 2092 4922 post

445 4948 670 5004 luctum
703 4943 1098 5001 consolatione
1127 4948 1423 5014 suscepta,
1457 4942 1810 4998 ascendebat
1859 4941 1930 4996 ad
1965 4946 2091 4995 ton-

447 5054 611 5096 sores
640 5035 835 5108 ovium
888 5049 1151 5100 suarum,
1186 5033 1309 5104 ipse
1339 5038 1397 5087 et
1423 5032 1592 5087 Hiras
1627 5030 1816 5102 'opilio
1856 5028 2090 5102 gregis‘

520 5186 536 5219 ί
572 5186 680 5235 Pro
713 5175 1107 5250 opilzoncsive
1134 5182 1370 5245 pastore,
1430 5176 1651 5250 αῃζίειιξΔ
1690 5171 2094 5250 regum-(nm)

449 5255 556 5311 Sed
592 5243 834 5308 verbum
873 5243 1218 5318 ambiguum,
1261 5243 1369 5310 est,
1421 5246 1558 5315 quia
1617 5243 1839 5318 iisdem
1886 5243 2095 5298 litteris

451 5334 769 5395 utrumque
828 5316 1059 5395 nomen
1110 5317 1387 5395 scribitur
1421 5333 1432 5370 :
1469 5333 1668 5372 verum
1729 5316 1955 5395 amicus
1987 5331 2094 5383 ree,

452 5387 800 5472 pastoriroc
856 5391 1104 5472 legitur;
1141 5400 1254 5452 nam
1314 5387 1494 5458 igitur
1543 5403 1752 5472 nomen
1788 5388 2094 5469 Bebrmum

453 5458 840 5526 diversimode
871 5458 1438 5534 legitllieronymu_s,
1473 5475 1564 5534 r_oe
1597 5458 1837 5534 hicloci,
1863 5474 1951 5534 ree
1967 5474 2098 5512 vero

455 5542 514 5596 in
565 5529 972 5611 inwstionibifs
1023 5532 1334 5611 Hebraicis.
1375 5531 1449 5585 De
1497 5531 1604 5584 hac
1659 5529 1888 5611 diversa
1919 5529 2101 5611 inter—

499 5600 726 5668 retandi
759 5607 980 5663 ratione
1005 5603 1158 5676 apud
1207 5602 1626 5676 Hieronymum
1682 5619 1793 5657 non
1841 5600 2100 5667 insolita,

499 5631 726 5668 retanai
759 5631 980 5663 ratione
1005 5631 1158 5676 upuu
1207 5631 1626 5674 ιιιυιυιιχιιιυιιι
1682 5631 1746 5657 uu

456 5631 713 5741 giximus
745 5683 802 5737 in
835 5675 1265 5750 Prolegomenis
1298 5673 1532 5733 nostris.
1559 5673 1746 5733 MART.

2271 4669 2357 4738 [Τ.
2393 4667 2624 4734 XXXIII,
2651 4668 2712 4722 B.
2745 4667 2995 4736 XXXIX,
3027 4672 3082 4720 c.
3145 4667 3325 4734 LXIX,
3389 4669 3516 4740 Cap.
3577 4667 3844 4738 XXXIX.)

2200 4757 2379 4826 Igitur
2407 4755 2623 4826 Joseph
2647 4756 2858 4810 ductus
2889 4754 2948 4810 in
2980 4760 3290 4827 zEgyptum
3315 4757 3684 4828 csl,emitque
3707 4773 3840 4812 eum

2200 4845 2482 4917 Putiphar
2510 4843 2819 4899 eunuchus
2849 4846 3189 4915 Pharaonis,
3250 4847 3520 4918 princeps
3559 4847 3848 4901 exercitus

2201 4934 2385 5007 [Vulg.
2419 4933 2544 4989 add.
2579 4933 2714 5000 sui],
2758 4933 2843 4987 vir
2871 4934 3177 5005 ngyptus,
3211 4935 3280 4989 de
3313 4951 3491 4990 manu
3525 4933 3846 4990 Ismaelita-

2202 5042 2355 5092 rum,
2389 5041 2423 5080 a
2451 5024 2666 5093 quibus
2727 5022 3042 5092 perductus
3102 5031 3242 5078 erat.
3286 5024 3532 5095 Fuitquc
3560 5024 3854 5083 Dominus

2272 5171 2293 5203 ²
2324 5167 2612 5238 Vulgatus
2660 5164 2947 5235 interpres
2977 5169 3312 5220 constanter
3358 5167 3521 5221 effert
3583 5168 3856 5222 7hamnas

2207 5241 2477 5296 Hebraeus
2506 5255 2639 5293 vero
2670 5247 2905 5296 nnmn.

2277 5313 2298 5347 ³
2330 5316 2392 5367 In
2430 5312 2662 5365 Heber
2720 5308 2892 5363 habet
2926 5324 2938 5362 :
2970 5308 3283 5377 Iusti/irata
3339 5313 3418 5364 est
3471 5325 3544 5363 ex
3596 5326 3702 5376 me,
3736 5326 3854 5362 non

2209 5385 2360 5455 quod
2389 5384 2547 5455 justa
2582 5380 2776 5455 fuerit,
2794 5381 2893 5434 sed
2928 5379 3080 5447 quod
3114 5380 3856 5455 comparationeilliusilli-

2208 5453 2320 5510 nus
2346 5454 2479 5509 mali
2505 5453 2721 5522 fecerit,
2739 5466 3112 5524 nequaquam
3136 5467 3281 5523 vaga
3304 5453 3373 5507 ad
3401 5453 3827 5524 turpitudinem
3845 5497 3858 5516 ,

2207 5531 2307 5584 sed
2343 5527 2555 5580 liberos
2590 5523 3173 5596 requirendosltlm'r.

2279 5597 2530 5654 —Addit
2556 5593 2950 5652 msIUrbinas
2973 5593 3067 5650 hic
3097 5610 3308 5652 nomen
3341 5593 3592 5650 Thamar.
