4080 6186
270 343 382 398 249

1699 339 1911 396 LIBER
1948 341 2276 398 GENESIS.

3579 338 3690 394 250

275 487 410 527 cum
443 487 534 540 eo,
563 474 620 526 et
648 474 772 524 erat
798 469 887 524 vir
924 468 982 524 in
1024 468 1250 524 cunctis
1284 481 1557 540 prospere
1581 481 1797 539 agens:
1833 466 1938 521 ha-
1965 467 2020 535 Α
2051 459 2260 538 ribus),
2294 472 2350 523 et
2379 468 2668 543 misiteos
2699 469 2759 524 in
2809 485 3064 525 carerem
3097 467 3380 540 principis
3429 466 3683 522 militum

277 562 604 632 bitavitque
627 561 684 614 iu
711 560 885 614 domo
915 558 1134 614 domini
1161 559 1276 627 sui,
1311 558 1404 629 qui
1437 556 1656 629 optime
1687 561 1929 612 noverat

278 666 407 706 esse
437 649 752 705 Dominum
799 665 934 704 cum
980 665 1067 714 eo,
1102 652 1157 702 et
1179 648 1388 715 omnia,
1422 663 1548 718 qua:
1577 651 1823 718 gereret,
1856 646 1930 700 ab

279 757 344 796 eo
377 739 552 811 dirigi
588 740 646 793 in
680 755 860 793 manu
895 737 1420 809 illius.lnvenitque
1439 736 1655 808 Joseph
1680 736 1929 807 gratiam

280 847 476 885 coram
510 831 748 884 domino
801 845 928 894 suo,
963 833 1017 882 et
1070 826 1444 882 ministrabat
1475 827 1548 893 ei,
1582 843 1614 881 a
1644 843 1756 896 quo
1788 842 1931 897 prae-

280 919 506 990 positus
538 916 814 973 omnibus
841 917 1207 989 gubernabat
1236 916 1515 971 creditam
1534 915 1928 982 sibidomum,

279 1013 333 1063 et
363 1009 640 1062 universa
673 1024 801 1079 quae
836 1006 886 1062 ei
919 1007 1134 1062 tradita
1195 1007 1424 1061 fuerant
1458 1023 1470 1060 :
1523 1003 1934 1075 benedixitque

279 1097 565 1152 Dominus
598 1097 798 1152 domui
832 1095 1080 1168 {Egyptii
1113 1100 1348 1167 propter
1375 1094 1616 1165 Joseph,
1649 1100 1705 1150 et
1733 1093 1932 1149 multi-

279 1187 518 1259 plicavit
566 1193 689 1242 tam
739 1187 796 1240 in
847 1186 1091 1249 adibus,
1123 1201 1302 1256 quam
1338 1185 1396 1238 in
1447 1185 1627 1256 agris,
1661 1189 1932 1238 cunctam

278 1278 401 1347 ejus
436 1276 833 1331 substantiam
860 1291 872 1329 :
898 1290 1003 1330 nec
1021 1274 1344 1346 quidquam
1370 1273 1526 1327 aliud
1553 1273 1934 1339 noverat,nisi

279 1382 493 1438 panem
527 1381 642 1437 quo
672 1365 1036 1420 vescebatur.
1059 1368 1189 1418 Erat
1219 1369 1412 1418 autem
1441 1362 1657 1434 Joseph
1692 1363 1935 1434 pulchra

282 1455 445 1521 facie,
480 1459 537 1509 et
564 1455 813 1509 decorus
864 1457 1124 1525 aspectu.
1160 1457 1298 1508 Post
1331 1451 1551 1507 multos
1583 1452 1778 1523 itaque
1811 1452 1934 1506 dies

281 1544 484 1614 injecit
503 1543 745 1598 domina
766 1543 964 1598 oculos
987 1558 1126 1598 suos
1159 1544 1216 1597 in
1243 1542 1482 1612 Joseph,
1507 1545 1562 1596 et
1584 1541 1700 1596 ait:
1739 1542 1934 1596 Dormi

280 1633 1054 1702 mecum.Quinequaquam
1089 1631 1465 1703 acquiescens
1495 1631 1652 1702 operi
1688 1630 1933 1697 nefario,

280 1721 421 1775 dixit
457 1722 528 1775 ad
561 1737 690 1776 eam
727 1737 738 1775 :
781 1721 920 1775 Ecce
950 1721 1224 1776 dominus
1257 1737 1444 1790 meus,
1477 1719 1753 1775 omnibus
1787 1719 1929 1774 mihi

2039 557 2096 613 in
2131 575 2243 629 quo
2275 563 2398 613 erat
2429 560 2658 614 vinctus
2688 563 2746 614 et
2785 559 3024 631 Josepb.
3077 563 3149 613 At
3195 562 3394 614 custos
3438 557 3688 612 carceris

2036 648 2280 702 tradidit
2306 665 2403 704 eos
2432 648 2775 720 Joseph,qui
2798 654 2853 704 et
2875 647 3246 703 ministrabat
3268 649 3371 703 eis.
3403 647 3690 718 Aliquan-

2038 740 2164 792 tum
2199 738 2478 808 temporis
2514 738 2777 806 ﬂuxerat,
2811 743 2866 793 et
2895 738 2979 792 illi
3016 738 3072 793 in
3107 737 3375 792 custodia
3408 735 3690 792 teneban-

2042 831 2156 881 tur.
2188 827 2591 900 Videruntque
2639 828 2811 882 ambo
2861 827 3155 882 somnium
3194 835 3358 882 nocte
3381 826 3693 896 unajuxta

2045 916 2587 988 interpretationem
2617 933 2936 989 congruam
2973 917 3108 984 sibi;
3141 918 3212 971 ad
3247 932 3397 986 quos
3435 931 3566 968 cum
3610 914 3694 968 in-

2043 1006 2280 1062 troisset
2301 1006 2516 1078 Joseph
2540 1023 2730 1076 mane,
2755 1010 2809 1061 et
2834 1006 3075 1062 vidisset
3106 1023 3206 1061 eos
3237 1006 3456 1070 tristes,
3488 1004 3691 1058 scisci-

2046 1099 2198 1150 tatus
2227 1102 2317 1151 est
2345 1097 2576 1152 dicens:
2620 1096 2735 1151 Cur
2757 1096 2984 1151 tristior
3013 1100 3100 1150 est
3123 1094 3296 1150 hodie
3317 1093 3487 1150 solito
3512 1095 3688 1149 facies

2042 1185 2277 1240 vestra?
2317 1185 2422 1248 Qui
2471 1187 2898 1256 responderunt
2931 1202 2943 1238 :
2971 1182 3272 1239 Somnium
3323 1182 3598 1250 vidimus,
3631 1186 3690 1236 et

2042 1291 2158 1330 non
2191 1280 2281 1330 est
2313 1275 2411 1347 qui
2440 1276 2859 1346 interpretetur
2909 1274 3097 1329 nobis.
3151 1272 3414 1342 Dixitque
3473 1272 3545 1326 ad
3589 1286 3688 1326 eos

2042 1365 2260 1436 Joseph
2297 1382 2309 1419 :
2344 1366 2620 1437 Nunquid
2651 1382 2764 1420 non
2802 1364 2897 1420 Dei
2931 1367 3019 1419 est
3041 1361 3466 1434 interpretatio?
3489 1360 3694 1416 referte

2049 1455 2190 1508 mihi
2253 1455 2395 1525 quid
2443 1455 2724 1510 videritis.
2786 1452 3051 1508 Narravit
3109 1452 3292 1522 prior,
3347 1448 3694 1521 praepositus

2045 1543 2478 1614 pincernarum,
2502 1543 2799 1599 somnium
2825 1559 2999 1597 suum
3027 1558 3039 1596 :
3069 1540 3346 1595 Videbam
3381 1554 3575 1594 coram
3601 1553 3696 1592 me

2054 1633 2253 1697 vitem,
2289 1633 2344 1686 in
2377 1649 2491 1704 qua
2519 1639 2683 1687 erant
2713 1637 2831 1686 tres
2853 1630 3228 1703 propagines,
3260 1643 3519 1684 crescere
3551 1645 3691 1699 pau-

2045 1722 2205 1776 latim
2240 1721 2300 1776 in
2333 1737 2617 1792 gemmas,
2652 1727 2708 1776 et
2734 1726 2864 1793 post
2889 1721 3059 1775 ﬂores
3087 1736 3231 1774 uvas
3265 1724 3652 1773 maturescere
3680 1732 3693 1770 :

279 1811 537 1879 traditis,
571 1811 802 1881 ignorat
841 1808 981 1881 quid
1034 1810 1246 1865 habeat
1295 1810 1355 1865 in
1405 1810 1578 1864 domo
1627 1826 1773 1876 sua;
1826 1826 1930 1866 nec
1961 1833 2008 1898 Β
2042 1811 2398 1882 calicemque
2420 1810 2735 1866 Pharaonis
2760 1810 2820 1865 in
2845 1827 3021 1864 manu
3048 1807 3342 1877 mea;tulli
3366 1822 3502 1878 ergo
3527 1823 3694 1868 uvas.

279 1899 607 1970 quidquam
636 1904 725 1954 est
751 1900 906 1971 quod
959 1917 1071 1954 non
1107 1900 1162 1954 in
1200 1915 1326 1954 mea
1373 1899 1452 1954 sit
1500 1903 1809 1970 potestate,
1843 1900 1930 1955 vel

278 2005 388 2044 non
422 1989 735 2043 tradiderit
785 1989 950 2057 mihi,
985 1993 1192 2060 praeter
1220 1993 1298 2056 te,
1330 2005 1454 2058 qua:
1495 2005 1639 2043 uxor
1667 1989 1795 2059 ejus
1825 2004 1926 2056 es;

276 2079 577 2149 quomodo
610 2095 744 2150 ergo
779 2095 1021 2150 possum
1056 2077 1277 2133 malum
1311 2077 1420 2134 hoc
1453 2079 1659 2143 facere,
1692 2083 1749 2133 et
1796 2094 1924 2149 pec.

274 2183 401 2222 care
437 2168 498 2221 in
542 2167 725 2222 Deum
781 2168 959 2238 [Vulg.
1013 2168 1144 2222 add.
1171 2167 1469 2240 ‘meumj?
1505 2166 1928 2237 Hujuscemodi

273 2256 470 2311 verbis
521 2273 625 2327 per
665 2256 932 2327 singulos
985 2257 1127 2326 dies,
1162 2262 1218 2311 et
1267 2256 1480 2312 mulier
1526 2256 1774 2313 molesta
1804 2260 1928 2312 erat

273 2344 655 2412 adolescenti,
680 2350 736 2402 et
767 2345 864 2402 ille
897 2347 1204 2402 recusabat
1235 2349 1529 2417 stuprum.
1565 2345 1788 2402 Accidit
1819 2363 1924 2401 au—

275 2439 386 2488 tem
447 2436 705 2505 quadam
753 2436 867 2500 die,
901 2440 966 2489 ut
1019 2435 1262 2490 intraret
1303 2435 1518 2506 Joseph
1570 2436 1835 2500 domum,
1870 2441 1928 2490 et

275 2527 469 2591 aperis
511 2524 816 2594 quidpiam
857 2525 1079 2595 absque
1125 2525 1356 2580 arbitris
1403 2525 1655 2592 faceret;
1701 2529 1758 2579 et
1801 2524 1921 2592 illa,

274 2613 645 2684 apprehensa
675 2613 888 2668 lacinia
917 2613 1246 2669 vestimenti
1279 2613 1664 2683 ejus,diceret
1686 2631 1705 2669 :
1727 2616 1922 2670 Dormi

273 2718 528 2757 mecum.
560 2702 692 2767 Qui,
725 2703 924 2758 relicto
951 2702 1010 2757 in
1043 2719 1220 2758 manu
1254 2702 1415 2758 illius
1445 2703 1639 2774 pallio,
1667 2705 1839 2775 fugit,
1869 2710 1926 2760 et

269 2807 550 2862 egressus
573 2796 662 2846 est
686 2792 1049 2863 foras.Cumq
1061 2809 1129 2847 ue
1143 2791 1384 2848 vidisset
1405 2793 1843 2849 muliervestem
1865 2794 1922 2849 in

267 2881 546 2935 manibus
568 2880 714 2949 suis,
736 2886 794 2935 et
813 2897 875 2936 se
896 2897 1023 2936 esse
1040 2887 1460 2952 contemptam,
1483 2881 1708 2937 vocavit
1727 2882 1923 2953 [Vulg].

265 2970 387 3023 add.
416 2970 495 3024 ad
527 2973 613 3039 se]
646 2969 916 3025 homines
947 2971 1158 3025 domus
1189 2987 1330 3036 euze,
1354 2974 1411 3026 et
1441 2970 1521 3025 ait
1551 2972 1620 3026 ad
1655 2987 1792 3026 eos:
1847 2976 1922 3026 En

267 3059 601 3113 introduxit
621 3059 811 3113 virum
844 3058 1180 3122 Hebraeum,
1203 3064 1267 3114 ut
1299 3059 1570 3115 illuderet
1600 3061 1806 3127 nobis;
1840 3060 1926 3115 in-

265 3163 512 3218 gressus
542 3152 633 3202 est
663 3147 733 3202 ad
770 3163 884 3211 me.
917 3153 981 3202 ut
1012 3147 1192 3202 coiret
1239 3164 1492 3215 mecum,
1520 3165 1771 3220 cumque
1818 3165 1923 3218 ego

267 3235 756 3302 succlamassem,
790 3247 840 3290 et
887 3237 1149 3292 audisset
1191 3253 1389 3292 vocem
1440 3253 1656 3303 meam,
1689 3237 1926 3308 reliquit

268 3324 516 3394 pallium
547 3326 698 3394 quod
733 3325 1024 3393 tenebam,
1055 3331 1112 3381 et
1140 3326 1289 3397 fugit
1316 3326 1486 3382 foras.
1521 3329 1582 3382 In
1617 3343 1924 3398 argumen-

269 3418 388 3468 tum
421 3430 569 3485 ergo
604 3413 735 3469 fidei
776 3419 1063 3469 retentum
1113 3414 1354 3486 pallium
1405 3416 1662 3470 ostendit
1711 3417 1923 3471 marito

271 3503 586 3558 revertenti
613 3504 671 3557 in
695 3504 932 3558 domum
965 3520 1133 3558 suam
1167 3505 1350 3574 [Vulg.
1372 3509 1512 3559 lucet
1534 3504 1594 3559 in
1623 3509 1675 3560 et
1706 3506 1922 3576 suam],

270 3596 319 3645 et
348 3593 470 3646 ait:
508 3596 813 3661 Ingressus
845 3597 934 3647 est
963 3593 1032 3647 ad
1069 3608 1160 3647 me
1191 3609 1394 3648 servus
1441 3593 1714 3649 Hebraeus
1746 3610 1920 3665 quem

268 3680 566 3734 adduxisti
617 3689 677 3735 ut
728 3679 997 3736 illuderet
1044 3681 1222 3748 mihi;
1259 3698 1507 3753 cumque
1537 3684 1800 3738 audisset
1831 3700 1923 3738 me

271 3768 528 3824 clamare
569 3771 610 3836 ‘,
643 3768 880 3840 reliquit
910 3769 1154 3840 pallium
1202 3771 1383 3842 [Vulg.
1414 3771 1540 3826 add.
1574 3773 1725 3841 quod
1760 3777 1923 3827 tene~

271 3857 450 3928 bam],
484 3863 545 3912 et
579 3858 727 3929 fugit
766 3860 941 3914 foras.
975 3859 1076 3914 His
1128 3861 1346 3915 auditis
1395 3861 1692 3928 dominus,
1726 3866 1782 3916 et
1830 3862 1920 3915 ni-

275 3949 454 4002 mium
506 3947 790 4003 credulus
816 3949 1006 4003 verbis
1053 3951 1346 4019 conjugis,
1382 3949 1568 4005 iratus
1599 3955 1687 4006 est
1717 3951 1918 4017 valde;

273 4037 633 4107 tradiditque
679 4035 898 4107 Joseph
941 4037 999 4091 in
1049 4053 1362 4107 carcerem,
1396 4039 1494 4094 ubi
1543 4039 1718 4094 vincti
1767 4041 1922 4110 regis

272 4125 777 4192 custodiebantur,
812 4133 870 4180 et
911 4131 1034 4181 erat
1083 4126 1163 4182 ibi
1223 4126 1478 4183 clausus.
1533 4127 1666 4184 Fuit
1723 4135 1920 4184 autem

271 4211 562 4269 Dominus
591 4230 724 4269 cum
757 4214 996 4285 Joseph,
1026 4220 1083 4270 et
1116 4216 1392 4272 misertus
1446 4216 1606 4272 illius
1661 4218 1821 4272 dedit
1869 4217 1921 4272 ei

267 4304 515 4372 gratiam
552 4303 611 4357 in
644 4309 960 4374 conspectu
992 4303 1274 4376 principis
1297 4309 1566 4371 carceris,
1600 4307 1698 4377 qui
1735 4309 1919 4361 tradi-

268 4390 346 4444 dit
370 4393 427 4445 iu
464 4409 652 4446 manu
684 4392 871 4464 ipsius
904 4393 1206 4449 universos
1239 4394 1464 4450 vinctos
1495 4396 1595 4466 qui
1628 4397 1685 4450 in
1718 4401 1920 4451 custo-

268 4480 358 4532 dia
390 4483 788 4546 tenebantur;
841 4487 897 4535 et
928 4481 1214 4552 quidquid
1250 4483 1443 4551 fiebat,
1476 4485 1585 4538 sub
1616 4484 1743 4554 ipso
1773 4489 1916 4540 erat.

2041 1907 2096 1955 et
2130 1901 2388 1973 expressi
2421 1901 2479 1955 in
2513 1901 2752 1955 calicem
2813 1916 2986 1970 quem
3044 1898 3341 1964 tenebam,
3374 1902 3432 1952 et
3478 1896 3695 1950 tradidi

2040 1989 2314 2062 poculum
2348 1989 2657 2044 Pharaoni.
2692 1989 3009 2060 Respondit
3036 1987 3245 2058 Joseph
3282 2003 3297 2042 :
3328 1990 3460 2041 Hec
3489 1989 3578 2040 est
3602 1986 3690 2039 in-

2039 2080 2379 2152 terpretatio
2413 2078 2626 2134 somnii
2661 2096 2673 2134 :
2708 2080 2852 2134 Tres
2892 2077 3265 2150 propagines,
3322 2080 3443 2130 tres
3501 2073 3692 2129 adhuc

2039 2169 2162 2224 dies
2194 2174 2354 2239 sunt,
2383 2173 2514 2240 post
2537 2185 2684 2239 quos
2705 2166 3108 2222 recordabitur
3131 2165 3350 2220 Pharao
3373 2163 3687 2219 ministerii

2038 2259 2122 2313 tui
2175 2261 2230 2314 et
2264 2257 2536 2313 restituet
2563 2261 2617 2313 te
2649 2258 2704 2311 in
2734 2258 2982 2328 gradum
3017 2255 3332 2327 pristinum
3364 2253 3690 2322 :dabisque

2034 2346 2084 2402 ei
2118 2347 2354 2402 calicem
2397 2348 2567 2418 juxta
2597 2346 2853 2402 ofﬁcium
2887 2350 3080 2412 tuum,
3113 2344 3268 2401 sicut
3317 2344 3504 2399 facere
3553 2346 3689 2396 ante

2035 2451 2440 2492 consueveras.
2473 2436 2728 2509 Tantum
2760 2439 3055 2490 memento
3088 2433 3222 2499 mei,
3247 2448 3380 2486 cum
3413 2431 3514 2486 tibi
3540 2430 3688 2484 bene

2034 2525 2228 2592 fuerit,
2251 2531 2308 2580 et
2328 2525 2507 2580 facias
2531 2541 2759 2580 mecum
2785 2522 3242 2580 misericordiam
3271 2541 3285 2588 ;
3309 2525 3374 2576 ut
3403 2535 3686 2592 suggeras

2033 2613 2342 2683 Pharaoni,
2377 2618 2433 2669 et
2462 2615 2641 2684 [Vulg.
2678 2616 2761 2682 ut]
2793 2613 3004 2668 educat
3034 2628 3128 2667 me
3160 2612 3229 2665 de
3268 2611 3378 2664 isto
3411 2624 3641 2664 carcere
3669 2629 3682 2677 ;

2032 2702 2171 2774 quia
2193 2703 2346 2758 furto
2365 2701 2634 2757 sublatus
2657 2719 2790 2758 sum
2815 2702 2883 2756 de
2905 2706 3058 2756 terra
3083 2700 3470 2766 Hebraeorum,
3505 2702 3563 2752 et
3592 2695 3686 2751 hic

2032 2791 2312 2847 innocens
2344 2793 2401 2846 in
2452 2791 2640 2847 lacum
2677 2792 2897 2846 missus
2947 2807 3100 2845 sum.
3152 2788 3362 2843 Videns
3396 2787 3682 2858 pistorum

2035 2880 2316 2953 magister
2335 2882 2488 2951 quod
2504 2881 2820 2951 prudenter
2841 2879 3134 2935 somnium
3155 2875 3541 2943 dissolvisset,
3558 2874 3636 2928 ait
3666 2890 3680 2928 :

2033 2974 2098 3023 Et
2131 2985 2236 3040 ego
2257 2968 2375 3023 vidi
2401 2969 2695 3024 somnium
2725 2986 2738 3024 :
2763 2968 2926 3033 Quod
2950 2967 3223 3022 haberem
3265 2963 3378 3019 tria
3423 2963 3683 3018 canistra

2037 3059 2236 3114 farinae
2260 3075 2436 3129 super
2457 3062 2632 3129 caput
2666 3073 2886 3127 meum;
2922 3060 2978 3112 et
3009 3056 3066 3110 in
3101 3071 3216 3110 uno
3247 3053 3502 3109 canistro
3525 3051 3681 3123 quod

2034 3152 2158 3203 erat
2189 3149 2496 3214 excelsius,
2531 3152 2760 3219 portare
2809 3163 2904 3202 me
2951 3161 3155 3202 omnes
3202 3145 3361 3199 cibos
3393 3142 3490 3214 qui
3536 3143 3685 3196 fiunt

2038 3244 2158 3294 arte
2189 3238 2454 3310 pistoria,
2489 3253 2742 3310 avesque
2773 3237 3076 3292 comedere
3125 3251 3195 3290 ex
3225 3251 3312 3290 eo.
3337 3232 3682 3304 Respondit,

2031 3328 2247 3399 Joseph
2272 3333 2435 3384 :Haac
2455 3332 2544 3384 est
2564 3327 2966 3399 interpretatio
2989 3324 3201 3382 somnii
3218 3340 3230 3378 :
3247 3323 3384 3379 Tria
3428 3321 3686 3376 canistra

2031 3422 2154 3472 tres
2178 3418 2367 3474 adhuc
2391 3417 2516 3472 dies
2539 3425 2694 3483 sunt;
2721 3421 2854 3489 post
2893 3432 3042 3488 quos
3078 3415 3302 3470 auferet
3331 3413 3554 3467 Pharao
3586 3427 3681 3466 ca-

2033 3512 2139 3578 put
2168 3511 2333 3561 tuum
2369 3507 2766 3577 acsuspendet
2788 3504 2918 3560 tein
2942 3520 3132 3570 cruce,
3149 3508 3205 3559 et
3223 3502 3565 3557 lacerabunt
3585 3515 3682 3555 vo-

2033 3596 2222 3651 lucres
2245 3613 2449 3651 carnes
2479 3600 2633 3652 tuas.
2678 3596 2820 3650 Exin
2853 3595 2979 3651 dies
3010 3594 3216 3649 tertius
3263 3591 3469 3647 natalis
3500 3591 3676 3661 [ναις.

2033 3685 2355 3754 natalitius]
2381 3685 2694 3740 Pharaonis
2717 3689 2878 3739 erat:
2913 3684 3013 3755 qui
3048 3683 3265 3738 faciens
3299 3680 3518 3753 grande
3541 3695 3682 3735 con-

2030 3773 2245 3828 vivium
2270 3774 2467 3846 pueris
2486 3774 2631 3842 suis,
2663 3774 3001 3828 recordatus
3024 3777 3112 3828 est
3144 3774 3296 3828 inter
3324 3769 3525 3840 epulas
3554 3783 3676 3822 ma-

2031 3863 2197 3935 gistri
2233 3863 2730 3934 pinceruarum,et
2752 3863 3038 3935 pistorum
3062 3857 3676 3932 principis.Restituit-

2033 3969 2146 4024 que
2176 3953 2424 4008 alterum
2475 3953 2534 4007 in
2574 3952 2765 4008 locum
2819 3968 3017 4017 suum,
3072 3955 3137 4004 ut
3189 3948 3508 4021 porrigeret
3557 3946 3678 4017 regi

2032 4041 2216 4113 [Vulg.
2249 4043 2323 4114 ei]
2377 4041 2647 4112 poculum
2685 4059 2696 4097 :
2731 4040 2980 4096 alterum
3039 4037 3348 4110 suspendit
3395 4037 3454 4090 in
3508 4050 3678 4089 cruce

2033 4132 2213 4200 [l’ulg.
2250 4131 2648 4202 patibulo],'ut
2677 4130 3026 4201 conjectoris
3075 4128 3288 4182 veritas
3331 4127 3680 4197 probaretur

2030 4222 2096 4275 Et
2130 4226 2323 4275 tamen
2346 4219 2795 4275 succedentibus
2821 4218 3136 4290 prosperis,
3162 4215 3510 4288 prmpositus
3543 4213 3674 4286 pin-

2029 4326 2336 4365 cernarum
2371 4309 2590 4364 oblitus
2620 4313 2708 4364 est
2739 4305 3074 4378 interpretis
3106 4306 3219 4360 sui.

2101 4400 2177 4470 [Ο.
2242 4399 2433 4469 LXXI,
2495 4399 2622 4470 Cap.
2681 4398 2846 4467 XLI.]
2882 4397 3016 4452 Post
3070 4396 3218 4450 duos
3288 4409 3473 4449 annos
3532 4393 3679 4448 vidit

2029 4487 2251 4544 Pharao
2285 4489 2600 4543 somnium.
2653 4488 2897 4542 Putabat
2928 4503 2989 4541 se
3019 4491 3174 4542 stare
3205 4501 3382 4556 super
3412 4481 3677 4548 ﬂuvium,

271 4567 378 4623 Nec
413 4573 664 4623 noverat
701 4569 921 4640 aliquid
955 4570 1182 4625 cunctis
1216 4571 1266 4625 ei
1298 4572 1538 4627 creditis
1571 4589 1583 4626 :
1637 4572 1923 4629 Dominus
1957 4575 2000 4639 D
2035 4578 2105 4632 de
2163 4593 2278 4648 quo
2336 4577 2732 4633 ascendebant
2781 4580 3001 4648 septem
3059 4575 3253 4640 boves,
3309 4572 3564 4644 pulchra?
3621 4577 3681 4626 8t

269 4658 421 4713 enim
471 4665 602 4713 erat
650 4674 782 4713 cum
833 4657 953 4726 illo,
985 4665 1042 4714 et
1090 4661 1288 4714 omnia
1314 4677 1490 4731 opera
1536 4663 1664 4732 ejus
1714 4662 1924 4734 dirige-

269 4750 382 4801 bat.

334 4837 426 4906 [Τ.
456 4834 702 4900 XXXIV,
737 4834 798 4890 C.
835 4834 999 4900 LXX,
1030 4835 1159 4907 Cap.
1186 4837 1323 4907 XL]
1360 4837 1459 4893 His
1493 4839 1688 4909 itaque
1719 4840 1920 4910 gestis,

265 4927 479 4980 accidit
513 4929 580 4978 ut
609 4931 915 4995 peccarent
945 4925 1060 4980 duo
1092 4926 1369 4992 eunuchi,
1405 4927 1680 4998 pincerna
1717 4929 1738 4963 ²
1770 4931 1923 5000 regis

265 5014 527 5086 .‘Egypti,
563 5018 619 5067 et
653 5014 861 5084 pistor,
896 5013 1134 5069 domino
1183 5031 1312 5070 suo.
1348 5018 1654 5088 Iratusque
1703 5018 1922 5074 Pharao

266 5111 472 5158 contra
504 5117 606 5156 eos
639 5103 795 5170 (nam
817 5102 966 5158 alter
985 5101 1278 5174 pincernis
1301 5107 1718 5174 praeerat,alter
1738 5109 1923 5179 pisto-

340 5291 354 5321 ¹
389 5285 758 5358 Aliter_mss.
795 5283 1026 5358 codices
1071 5291 1124 5339 et
1172 5302 1356 5340 canon
1408 5289 1583 5342 Hebr.
1619 5287 1780 5343 verit.
1821 5291 1919 5358 qui

267 5356 517 5426 legunt:
574 5355 818 5425 Cumque
860 5356 1077 5410 vidisset
1106 5373 1192 5412 me
1213 5359 1491 5423 clamare;
1519 5360 1618 5414 sed
1653 5361 1804 5416 idem
1836 5355 1923 5417 est

267 5446 486 5484 sensus
521 5429 577 5481 in
613 5432 858 5498 utraque
888 5427 1154 5483 lectione.
1190 5429 1379 5485 MART.

333 5549 402 5556 —
429 5517 635 5641 Ngstri
658 5523 714 5570 et
735 5531 881 5587 quos
907 5515 1481 5573 Martian.consuluit
1504 5535 1669 5586 mss.,
1697 5523 1924 5578 vidisset

333 5608 365 5641 0
396 5606 476 5641 au
523 5596 670 5641 ωδει.

267 5608 365 5662 pro
396 5596 670 5642 audisset.

334 5681 355 5714 ³
383 5678 568 5737 Natat
599 5679 843 5734 sanctus
862 5675 1250 5750 Hieronymus
1278 5679 1336 5734 in
1370 5678 1607 5737 Hebraeo
1635 5681 1922 5754 scriptum

2033 4682 2238 4722 crassae
2293 4667 2514 4722 nimis:
2552 4667 2942 4738 pascebantur
2991 4665 3049 4718 in
3100 4663 3242 4718 locis
3292 4661 3676 4734 palustribus.

2032 4755 2168 4810 Aliae
2202 4772 2434 4827 quoque
2465 4761 2686 4828 septem
2719 4754 3093 4826 emergebant
3122 4755 3191 4809 de
3227 4752 3488 4818 ﬂumine,
3512 4751 3674 4805 fceda:

2032 4844 2424 4916 coniectaeque
2477 4844 2658 4899 macie
2707 4849 2764 4898 et
2812 4843 3201 4915 pascebantur
3232 4843 3289 4896 in
3325 4842 3452 4913 ipsa
3484 4841 3675 4896 amnis

2034 4935 2160 5005 ripa
2207 4934 2262 4989 in
2325 4933 2464 4989 locis
2515 4933 2839 4988 virentibus
2897 4949 2910 4988 :
2973 4934 3508 5001 devoraverunlque
3573 4945 3673 4984 eas

2033 5038 2282 5092 quarum
2320 5023 2463 5076 mira
2496 5023 2722 5093 species
2754 5027 2810 5078 et
2867 5021 3153 5076 habitudo
3185 5037 3491 5094 corporum
3527 5025 3669 5075 erat.

2031 5111 2487 5184 Expergefactus
2521 5112 2766 5178 Pharao,
2800 5128 3036 5167 rursum
3085 5111 3380 5181 dormivit,
3434 5118 3489 5167 et
3528 5108 3673 5164 vidit

2031 5309 2158 5346 esse
2189 5293 2376 5352 Masec.
2411 5291 2550 5344 illud
2613 5292 2854 5345 verbum
2914 5292 3068 5360 quod
3118 5291 3178 5345 in
3237 5289 3472 5344 nomine
3523 5289 3670 5343 servi

2032 5365 2323 5420 Abraham
2359 5380 2538 5433 supra
2571 5363 2800 5432 legitur.
2837 5362 3018 5417 Hodie
3075 5368 3266 5417 tamen
3303 5361 3382 5433 _in
3437 5362 3669 5433 Hebraeo

2034 5435 2176 5490 illud
2202 5431 2451 5499 verbum
2488 5435 2752 5489 nonnihil
2787 5433 2960 5489 habet
2991 5431 3365 5498 diversitatis,
3401 5432 3539 5503 quia
3570 5449 3670 5501 pro

2032 5506 2206 5563 servo
2231 5507 2521 5562 Abraham
2556 5524 2750 5578 supra,
2786 5523 2912 5577 cap.
2941 5522 3028 5570 xv,
3061 5507 3114 5569 2,
3157 5504 3466 5572 scribitur;

2030 5613 2212 5652 masec
2239 5616 2257 5651 :
2291 5597 2379 5653 hic
2413 5613 2544 5652 vero
2575 5609 2764 5657 noui:
2785 5611 2976 5650 musca.
3013 5594 3231 5651 Nomen
3266 5598 3460 5648 autem
3493 5611 3673 5652 masec

2031 5702 2191 5743 more
2211 5685 2368 5758 vulgi
2391 5685 2715 5758 pincernam
2742 5687 2905 5741 vocat
2934 5683 3340 5754 Hieronymus.
3371 5683 3558 5741 MART.
