4080 6186
373 289 481 347 24⁸7

1420 289 1478 342 S.
1521 288 1930 344 HIERONYMI
1965 287 2222 343 DIVINA
2259 290 2757 348 BIBLIOTHECA.

3685 295 3794 350 248

386 420 444 474 et
464 416 744 488 resinam,
777 418 834 472 et
882 418 1129 482 stacten,
1177 414 1236 470 in
1277 419 1613 489 Egyptum.
1674 414 1832 471 Dixit
1889 430 2027 485 ergo
2059 415 2112 481 Α
2143 413 2513 487 Odollamita,
2547 419 2603 473 in
2635 418 3007 476 Timnatha’.
3041 421 3504 493 Nuntiatumque
3533 426 3622 478 est
3641 423 3795 478 Tha-

391 507 577 565 Judas
608 505 887 561 fratribus
918 504 1043 561 suis
1071 523 1083 561 :
1120 503 1266 570 Quid
1291 505 1460 560 nobis
1485 506 1724 577 prodest
1745 505 1794 560 si
1819 504 2040 560 occide-

398 597 587 652 rimus
619 595 856 649 fratrem
890 596 1184 664 nostrum,
1208 597 1264 648 et
1307 593 1657 650 celverimus
1690 593 2040 666 sanguinem

398 684 586 758 ipsius
617 683 644 738 ?
673 682 879 738 Melius
939 687 1028 738 est
1087 688 1152 738 ut
1201 684 1567 739 venundetur
1616 684 1954 749 Ismaelitis,
1986 687 2043 737 et

401 790 612 830 manus
642 775 853 828 nostrae
885 787 998 825 non
1035 769 1374 843 polluantur
1395 788 1406 826 :
1431 773 1610 827 frater
1639 771 1794 828 cnim
1824 776 1880 827 et
1912 788 2042 827 caro

389 865 603 919 nostra
631 864 738 917 est.
769 861 1203 932 Acquievernnt
1249 861 1458 918 fratres
1489 862 1860 917 sermonibus
1891 863 2040 932 ejus.

397 953 462 1008 Et
484 950 969 1023 preter-euntibus
992 951 1328 1006 Madianitis
1352 952 1837 1024 negotiatoribus,
1861 955 2047 1007 extra-

401 1041 608 1097 hentes
659 1057 794 1096 eum
844 1040 915 1095 de
960 1040 1231 1108 cisterna,
1277 1042 1666 1096 vendiderunt
1700 1042 1874 1110 [Vulg.
1917 1040 2042 1095 add.

399 1129 558 1201 eum]
597 1127 935 1196 Ismaelitis,
992 1129 1194 1200 viginti
1244 1129 1556 1202 argenteis,
1606 1131 1703 1199 qui
1757 1131 2050 1185 duxerunt

399 1235 534 1276 eum
565 1219 625 1275 in
656 1222 989 1291 Egyptum.
1037 1219 1446 1291 Reversusque
1495 1220 1698 1275 Ruben
1732 1222 1801 1274 ad
1854 1220 2047 1275 cister-

402 1325 564 1375 nam,
587 1324 704 1364 non
728 1307 947 1362 invenit
968 1324 1240 1379 puerum,
1273 1314 1328 1363 et
1361 1309 1564 1364 scissis
1597 1309 1876 1375 vestibus,
1914 1325 2046 1380 per-

401 1413 546 1470 gens
577 1397 647 1452 ad
681 1399 889 1452 fratres
921 1413 1083 1466 suos,
1116 1397 1196 1451 ait
1227 1413 1239 1451 :
1277 1401 1426 1453 Puer
1459 1416 1572 1454 non
1623 1401 1940 1469 comparet,
1992 1401 2048 1452 et

403 1503 509 1560 ego
539 1503 654 1558 quo
684 1486 824 1542 ibo?
861 1485 1148 1542 Tulerunt
1177 1496 1373 1543 autem
1408 1488 1666 1544 tunicam
1700 1488 1849 1558 ejus,
1883 1492 1939 1542 et
1986 1486 2048 1542 in

406 1575 694 1648 sanguine
724 1575 892 1643 haedi,
927 1592 1100 1648 quem
1139 1577 1494 1644 occiderant,
1554 1578 1876 1644 tinxerunt;
1914 1577 2045 1630 mit-

403 1670 594 1722 tentes
626 1665 726 1736 qui
749 1665 966 1720 ferrent
995 1665 1064 1720 ad
1085 1670 1326 1737 patrem,
1353 1671 1409 1722 et
1437 1667 1697 1723 dicerent
1729 1685 1742 1722 :
1776 1669 1935 1724 Hanc
1968 1671 2050 1725 in-

404 1755 672 1812 venimus
702 1773 721 1808 :
753 1754 882 1810 vide
916 1758 1110 1809 utrum
1145 1757 1342 1811 tunica
1396 1757 1498 1811 filii
1560 1758 1640 1812 tui
1674 1758 1769 1827 sit,
1805 1776 1875 1814 an
1911 1777 2044 1816 non.
2079 1785 2125 1850 B

355 1909 359 1912 λ
403 1847 587 1911 Quam
619 1861 752 1901 cum
785 1846 1116 1916 agnovisset
1162 1851 1346 1917 pater,
1383 1847 1462 1902 ait
1496 1866 1508 1904 :
1543 1849 1767 1905 Tunica
1799 1845 1901 1905 filii
1933 1852 2045 1905 mei

399 1940 508 2005 est,
537 1936 659 1991 fera
716 1935 972 2007 pessima
1029 1936 1283 1989 comedit
1339 1952 1494 2001 eum,
1529 1936 1716 1992 bestia
1754 1939 2050 1994 devoravit

396 2024 638 2096 Joseph.
673 2023 1004 2094 Scissisque
1036 2023 1296 2079 vestibus
1327 2024 1572 2080 indutus
1598 2029 1686 2082 est
1716 2025 1922 2095 cilicio,
1957 2028 2044 2082 lu-

398 2129 544 2186 gens
606 2111 794 2168 tilium
844 2111 1028 2168 multo
1080 2117 1361 2184 tempore.
1421 2115 1800 2187 Congregatis
1849 2123 2045 2172 autem

401 2203 629 2258 cunctis
685 2201 886 2257 liberis
945 2202 1094 2272 ejus,
1143 2207 1206 2256 ut
1261 2202 1511 2258 lenirent
1540 2204 1797 2260 dolorem
1841 2207 2044 2277 patris,

405 2291 596 2348 noluit
618 2290 1080 2348 consolationem
1114 2291 1392 2363 recipere,
1427 2297 1484 2347 et
1543 2292 1720 2362 [ναις.
1761 2295 1886 2366 sed]
1919 2295 1999 2350 ait
2028 2314 2044 2348 :

399 2380 763 2438 Dcscendam
797 2381 868 2436 ad
909 2380 1096 2436 ﬁlium
1148 2397 1344 2436 meum
1389 2381 1598 2454 lugens
1638 2383 1698 2438 in
1729 2382 2044 2439 infernum.

401 2470 470 2526 Et
501 2469 600 2526 illo
630 2474 1032 2542 perseverante
1086 2469 1146 2524 in
1206 2474 1365 2539 ﬂetu,
1401 2471 1731 2527 Madianita:
1775 2473 2047 2529 vendide-

401 2562 541 2616 runt
567 2558 785 2629 Joseph
817 2559 876 2613 in
905 2559 1150 2631 ZEgypto
1183 2559 1482 2630 Putiphari
1514 2561 1782 2617 eunucho
1831 2561 2047 2617 Phara-

400 2648 554 2718 onis,
586 2647 871 2719 magistro
904 2647 1150 2703 militiae.

471 2737 558 2810 [Τ.
602 2737 836 2809 XXXII,
885 2737 945 2792 C.
982 2737 1227 2805 LXVIII,
1265 2737 1392 2810 Cap.
1455 2739 1780 2811 XXXVIIH
1833 2741 2045 2795 Eodem

397 2831 660 2900 tempore
690 2828 1053 2884 descendens
1080 2827 1265 2883 Judas
1297 2847 1329 2883 a
1352 2829 1632 2886 fratribus
1662 2830 1787 2884 suis
1820 2830 2051 2884 divertit

399 2917 471 2972 ad
503 2917 695 2972 virum
736 2916 1167 2986 Odollamitem,
1205 2918 1438 2974 nomine
1495 2918 1717 2974 Hiram.
1779 2918 2050 2990 Viditque

399 3006 480 3062 ibi
541 3005 725 3061 filiam
775 3005 1032 3062 hominis
1087 3006 1418 3072 Chananzci,
1481 3007 1756 3062 vocabulo
1809 3012 1960 3062 Sua:
1996 3012 2051 3061 et

401 3111 579 3151 uxore
611 3098 866 3166 accepta,
901 3095 1204 3167 ingressus
1256 3101 1346 3151 est
1374 3097 1444 3151 ad
1476 3113 1625 3152 eam.
1668 3097 1802 3160 Quae
1853 3114 2049 3152 conce-

403 3185 510 3257 pit,
542 3189 599 3240 et
630 3183 853 3255 peperit
885 3183 1096 3251 tilium,
1129 3185 1470 3256 vocavitque
1503 3203 1712 3242 nomen
1744 3188 1873 3254 ejus
1912 3191 2046 3242 Her.

405 3274 633 3330 Rursus
678 3279 958 3345 concepto
1016 3273 1155 3340 fetu,
1220 3278 1424 3329 natum
1483 3275 1669 3330 ﬁlium
1729 3276 2053 3331 nominavit

407 3363 613 3420 Onam.
646 3361 904 3417 Tertium
938 3379 1169 3434 quoquc
1210 3364 1434 3435 peperit
1467 3382 1478 3418 :
1513 3381 1683 3434 quem
1741 3364 2054 3436 appellavit

407 3451 583 3519 Sella;
612 3468 728 3523 quo
759 3460 914 3519 nato,
949 3468 1149 3524 parere
1177 3455 1329 3507 ultra
1362 3453 1629 3508 cessavit.
1658 3453 1828 3508 Dedit
1857 3458 2050 3509 autem

405 3541 594 3598 Judas
617 3556 853 3596 uxorem
891 3541 1278 3613 primogenito
1309 3559 1416 3597 suo
1459 3543 1588 3611 Her,
1623 3543 1859 3598 nomine
1897 3543 2052 3597 Tha-

408 3647 557 3686 mar.
597 3628 729 3685 Fuit
759 3646 993 3700 quoque
1014 3634 1126 3685 Her
1144 3630 1571 3702 primogenitae
1591 3631 1776 3696 Judas,
1804 3649 2053 3702 nequam

410 3720 468 3775 in
502 3725 819 3791 conspectu
852 3718 1085 3774 Domini
1117 3737 1135 3774 :
1166 3725 1222 3774 et
1251 3720 1323 3774 ab
1356 3735 1421 3775 eo
1471 3721 1702 3776 occisus
1751 3726 1858 3776 est.
1901 3721 2057 3776 Dixit

409 3825 547 3881 ergo
577 3808 764 3865 Judas
807 3809 879 3864 ad
928 3807 1113 3864 Onam
1146 3807 1330 3864 ﬁlium
1385 3826 1557 3865 suum
1588 3825 1600 3863 :
1633 3811 1938 3880 Ingredere
1984 3810 2053 3864 ad

413 3914 648 3954 uxorem
711 3895 905 3954 fratris
963 3897 1078 3966 tui,
1139 3901 1193 3952 et
1250 3898 1475 3954 sociare
1526 3898 1632 3966 illi,
1686 3905 1750 3954 ut
1807 3899 2057 3955 suscites

411 4003 613 4045 semen
665 3988 827 4043 fratri
861 3993 980 4041 tuo.
1009 3986 1108 4042 Ille
1140 3991 1335 4042 autem
1371 3987 1563 4043 sciens
1595 4005 1710 4043 non
1752 3987 1864 4043 sibi
1897 3988 2058 4043 nasci

416 4077 589 4147 filios,
616 4075 898 4132 introiens
919 4077 990 4131 ad
1016 4093 1252 4132 uxorem
1277 4076 1471 4132 fratris
1493 4076 1604 4143 sui,
1629 4092 1828 4132 semen
1855 4078 2057 4132 funde-

419 4170 518 4224 bat
547 4167 604 4220 in
639 4170 874 4232 terram,
911 4183 982 4221 ne
1010 4165 1176 4220 liberi
1221 4165 1418 4220 fratris
1467 4167 1701 4221 nomine
1747 4183 2059 4221 nasceren-

420 4260 536 4311 tur.
573 4256 636 4309 Et
667 4254 883 4309 idcirco
920 4255 1209 4326 percussit
1234 4271 1368 4309 eum
1399 4254 1707 4322 Dominus,
1741 4257 1894 4326 quod
1938 4272 2060 4310 rem

420 4344 837 4402 detestabilem
857 4343 1086 4398 faceret.
1123 4344 1508 4409 Quamobrem
1538 4344 1876 4400 dixitJudas
1907 4344 2062 4399 Tha-

424 4451 551 4491 mar
582 4433 714 4489 nuri
747 4450 867 4488 suae
901 4450 914 4488 :
950 4432 1082 4487 Esto
1141 4433 1314 4488 vidua
1372 4433 1432 4488 in
1491 4434 1664 4488 domo
1725 4434 1906 4505 patris
1955 4433 2061 4504 tui,

2151 521 2278 559 mar
2309 507 2462 577 quod
2497 524 2664 562 socer
2692 508 2852 564 illius
2878 511 3216 565 ascenderet
3249 511 3305 566 in
3337 512 3694 568 Thimnatba
3724 514 3795 569 ad

2150 595 2474 651 tondendas
2504 613 2657 652 oves.
2679 599 2835 667 Quae,
2868 600 3151 670 depositis
3180 601 3482 656 viduitatis
3515 602 3794 670 vestibus,

2152 685 2469 755 assumpsit
2520 685 2859 742 theristrum
2896 705 2908 741 :
2942 694 2998 744 et
3028 693 3254 746 mutato
3295 690 3522 761 habitu,
3555 692 3707 746 sedit
3737 692 3795 746 in

2152 772 2304 828 bivio
2349 774 2596 842 itineris,
2658 777 2812 847 quod
2869 777 3031 833 ducit
3063 778 3512 848 Thimnatham;
3544 796 3610 835 eo
3642 781 3798 852 quod

2153 862 2434 918 crevisset
2482 863 2636 930 Sele,
2669 869 2726 920 et
2778 882 2891 920 non
2924 883 3058 922 eum
3118 868 3438 939 accepisset
3495 870 3795 924 maritum.

2154 951 2340 1013 Quam
2366 969 2497 1007 cum
2522 953 2762 1010 vidisset
2780 955 3340 1028 Judas,suspicatus
3361 964 3448 1013 est
3470 974 3596 1014 esse
3620 976 3801 1014 mere-

2157 1039 2356 1095 tricem
2384 1060 2402 1095 :
2426 1048 2732 1114 operuerat
2755 1045 2908 1098 cnim
2935 1046 3161 1100 vultum
3195 1063 3391 1112 suum,
3425 1062 3496 1102 ne
3528 1065 3800 1120 agnosce-

2157 1134 2340 1184 retur.
2381 1132 2839 1203 Ingrediensque
2872 1134 2941 1188 ad
2971 1151 3124 1203 eam,
3160 1136 3240 1190 ait
3268 1152 3281 1189 :
3325 1137 3560 1192 Dimitte
3591 1153 3706 1207 me,
3738 1143 3805 1192 ut

2155 1235 2353 1274 coeam
2373 1224 2563 1274 tecum
2587 1237 2599 1274 ε
2628 1221 3092 1277 nesciebatenim
3118 1225 3269 1295 quod
3297 1241 3483 1280 nurus
3505 1243 3609 1280 sua
3627 1232 3802 1281 esset.

2157 1310 2282 1374 Qua
2322 1310 2744 1380 respondente:
2773 1311 2919 1377 Quid
2954 1311 3095 1366 mihi
3129 1313 3298 1368 dabis
3321 1319 3385 1367 ut
3418 1314 3631 1369 fruaris
3663 1333 3805 1370 con-

2158 1397 2362 1452 cubitu
2391 1398 2547 1452 meo?
2570 1399 2715 1453 dixit
2746 1417 2758 1454 :
2785 1400 3010 1456 Mittam
3033 1401 3136 1456 tibi
3157 1401 3389 1458 haedum
3414 1405 3484 1458 de
3502 1405 3802 1476 gregibus.

2159 1487 2524 1558 Sursumque
2549 1487 2652 1543 illa
2683 1488 2913 1545 dicente
2959 1507 2971 1545 :
3006 1489 3199 1546 Patiar
3221 1493 3374 1563 quod
3407 1493 3516 1564 vis,
3547 1493 3596 1549 si
3628 1495 3805 1551 dede-

2159 1575 2239 1630 ris
2270 1575 2413 1631 mihi
2447 1577 2856 1644 arrhabonem,
2880 1580 3064 1634 donec
3087 1582 3286 1637 mittas
3309 1583 3461 1654 quod
3490 1583 3804 1654 polliceris.

2156 1665 2253 1719 Ait
2281 1665 2464 1720 Judas
2493 1685 2512 1720 :
2545 1665 2692 1731 Quid
2725 1665 2807 1722 vis
2835 1667 2941 1722 tibi
2975 1685 3078 1739 pro
3109 1669 3436 1726 arrhabone
3465 1671 3640 1727 dari?
3666 1673 3806 1729 Res-

2159 1755 2399 1826 pondit:
2433 1755 2730 1812 Annulum
2761 1761 2953 1823 tuum,
2986 1763 3043 1813 et
3073 1758 3385 1825 armillam,
3419 1766 3477 1815 et
3529 1761 3805 1818 baculum

2157 1849 2323 1899 tuum
2361 1846 2550 1916 [Vulg.
2583 1855 2725 1901 (acet
2756 1851 2946 1918 tuum]
2982 1863 3153 1918 quem
3185 1850 3245 1904 in
3274 1865 3453 1904 manu
3492 1855 3678 1907 tenes.
3722 1853 3806 1907 Ad

2159 1950 2344 1989 unum
2379 1935 2558 2006 igitur
2616 1935 2831 1992 coitum
2880 1937 3144 2007 concepit
3201 1937 3414 1993 mulier
3461 1944 3519 1994 et
3567 1956 3810 2011 surgens

2157 2023 2300 2078 abiit
2323 2041 2344 2086 ;
2367 2024 2748 2096 depositoque
2778 2025 3006 2094 habitu,
3031 2043 3204 2097 quem
3255 2035 3679 2100 assumpserat,
3720 2029 3812 2083 in-

2157 2113 2299 2169 duta
2349 2119 2437 2168 est
2468 2113 2765 2169 viduitatis
2796 2115 3077 2171 vestibus.
3112 2116 3478 2172 Misitautem
3511 2118 3816 2173 Judasbaz-

2157 2202 2298 2256 dum
2335 2218 2438 2274 per
2468 2205 2762 2273 pastorem
2794 2220 2968 2258 suum
2991 2204 3424 2271 Odollamitem,
3449 2213 3513 2260 ut
3530 2207 3813 2279 reciperet

2159 2291 2378 2363 pignus
2409 2292 2563 2363 quod
2595 2291 2831 2347 dederat
2853 2292 3107 2362 mulieri,
3132 2294 3231 2365 qui
3264 2311 3398 2349 cum
3423 2312 3534 2350 non
3558 2295 3811 2351 invenis-

2158 2388 2247 2436 set
2278 2397 2430 2446 eam,
2465 2380 2845 2452 interrogavit
2875 2381 3142 2437 homines
3172 2382 3281 2438 loci
3314 2382 3518 2439 illius?
3563 2383 3672 2440 Ubi
3721 2390 3812 2440 est

2158 2468 2372 2525 mulier
2401 2486 2530 2540 quae
2561 2471 2800 2525 sedebat
2829 2471 2884 2524 in
2912 2470 3104 2526 bivio?
3136 2471 3648 2543 Respondentibus
3670 2490 3811 2529 cun-

2159 2558 2267 2614 ctis
2288 2576 2300 2614 :
2325 2559 2449 2613 Non
2483 2559 2594 2613 funt
2615 2558 2669 2612 in
2701 2558 2826 2614 loco
2860 2559 2971 2614 isto
2996 2561 3289 2630 meretrix,
3322 2578 3588 2618 reversus
3618 2568 3708 2618 est
3737 2565 3808 2618 ad

2157 2649 2398 2714 Judam,
2423 2647 2643 2702 etdixit
2665 2648 2714 2703 ei
2745 2665 2858 2702 non
2884 2649 3078 2705 inveni
3108 2667 3232 2704 eam
3258 2667 3270 2716 ;
3319 2652 3418 2705 sed
3446 2661 3497 2707 el
3541 2650 3810 2708 homines

2159 2737 2268 2792 loci
2293 2735 2452 2792 illius
2475 2737 2748 2792 dixerunt
2782 2736 2926 2792 mihi
2960 2754 3262 2809 nunquam
3295 2738 3375 2794 ibi
3406 2740 3624 2795 sedisse
3653 2758 3809 2796 scor-

2159 2832 2310 2882 tum.
2344 2829 2440 2881 Ait
2480 2825 2665 2882 Judas
2699 2826 2954 2882 :Habeat
3001 2827 3135 2896 sibi,
3169 2834 3325 2883 certe
3358 2830 3644 2884 mendacii
3706 2847 3811 2885 nos

2164 2931 2409 2988 arguere
2434 2932 2546 2970 non
2570 2904 2781 2985 poterit
2804 2917 2980 2986 [Vulg.
3006 2917 3250 2987 potest]:
3277 2933 3381 2988 ego
3413 2919 3547 2973 misi
3579 2919 3811 2974 haedum

2165 3021 2344 3075 quem
2400 3004 2810 3075 promiseram,
2843 3012 2900 3059 et
2929 3009 2991 3059 tu
3023 3022 3138 3060 non
3181 3005 3449 3061 inVenisti
3483 3025 3632 3062 eam.
3668 3009 3811 3063 Ecce

2164 3099 2355 3147 autem
2391 3100 2522 3164 post
2555 3098 2669 3147 tres
2702 3109 2935 3148 menses
2985 3095 3470 3151 renuntiaverunt
3497 3096 3684 3164 Judce,
3719 3097 3808 3152 di-

2163 3188 2359 3236 centes
2394 3199 2404 3236 :
2444 3181 2749 3236 Fornicata
2779 3188 2869 3237 est
2899 3182 3158 3237 Thamar
3190 3200 3374 3240 nurus
3407 3190 3528 3256 tua,
3561 3191 3619 3240 et
3648 3186 3811 3241 vide-

2160 3275 2256 3325 tur
2289 3274 2490 3325 uterus
2521 3269 2682 3325 illius
2712 3270 3120 3328 intumescere.
3148 3272 3300 3327 Dixit
3320 3273 3503 3329 Judas
3539 3290 3550 3330 :
3586 3275 3811 3330 Produ-

2161 3361 2273 3415 cite
2303 3376 2456 3426 eam,
2482 3364 2546 3414 ut
2575 3360 2973 3416 comburatur.
3013 3361 3146 3424 Quae
3179 3377 3310 3416 cum
3362 3365 3708 3419 educeretur
3738 3365 3810 3419 ad

2162 3465 2415 3520 pmnam,
2452 3447 2612 3503 misit
2659 3450 2729 3504 ad
2781 3465 3045 3504 socerum
3079 3467 3251 3505 suum
3284 3450 3517 3507 dicens:
3543 3452 3622 3507 De
3664 3454 3809 3520 viro,

2163 3538 2332 3608 cujus
2364 3537 2486 3592 haac
2511 3538 2934 3608 sunt,concepi;
2961 3555 3209 3609 agnosce
3233 3541 3403 3610 cujus
3431 3541 3508 3596 sit
3530 3542 3813 3611 annulus,

2163 3632 2222 3682 et
2251 3625 2500 3692 armilla,
2538 3631 2594 3680 et
2619 3625 2882 3682 baculus.
2915 3629 3021 3694 Qui
3055 3628 3271 3700 agnitis
3295 3631 3657 3701 muneribus,
3681 3631 3765 3686 ait
3796 3647 3810 3685 :

2163 3715 2390 3770 Justior
2421 3731 2512 3770 me
2542 3721 2629 3770 est
2645 3715 2687 3783 ³,
2747 3715 2885 3787 quia
2944 3734 3057 3771 non
3117 3717 3331 3773 tradidi
3363 3735 3490 3773 eam
3522 3717 3652 3774 Sela
3691 3718 3816 3774 filio

2167 3821 2317 3861 meo.
2351 3806 2620 3859 Attamen
2655 3803 2810 3860 ultra
2843 3821 2960 3860 non
2994 3807 3268 3877 cognovit
3316 3806 3497 3862 illam.
3553 3812 3817 3863 Instante

2168 3899 2361 3949 autem
2392 3898 2583 3964 partu,
2619 3899 3022 3965 apparuerunt
3050 3895 3269 3966 gemini
3300 3895 3359 3952 in
3393 3901 3556 3952 utero
3592 3914 3605 3950 :
3639 3901 3820 3966 atque

2168 3982 2226 4037 in
2263 3984 2389 4054 ipsa
2421 3981 2704 4038 etiusione
2736 3983 3056 4050 infantum,
3091 3980 3522 4057 unus‘protulit
3553 4002 3822 4056 manum,

2168 4072 2227 4126 in
2263 4087 2376 4142 qua
2399 4071 2898 4143 obstetrixligavit
2917 4073 3246 4141 coccinum,
3269 4075 3468 4130 dicens
3493 4091 3504 4127 :
3531 4073 3638 4130 iste
3665 4091 3823 4146 egre-

2170 4160 2364 4216 dietur
2411 4161 2587 4233 prior.
2628 4160 2728 4216 Illo
2749 4177 2883 4216 vero
2905 4161 3231 4218 retrahente
3255 4180 3515 4230 manum,
3548 4180 3824 4236 egressus

2171 4256 2261 4306 est
2280 4249 2459 4305 alter:
2486 4250 2744 4321 dixitque
2779 4248 3013 4306 mulier:
3037 4251 3222 4314 Quare
3253 4251 3441 4307 divisa
3469 4257 3557 4307 est
3589 4257 3826 4323 propter

2171 4344 2228 4394 te
2262 4338 2545 4394 maceria?
2566 4344 2622 4393 et
2653 4340 2724 4393 ob
2756 4339 2907 4393 hanc
2935 4356 3170 4394 causam
3208 4341 3431 4396 vocavit
3462 4358 3671 4396 nomen
3694 4341 3825 4409 ejus

2177 4429 2409 4483 Phares.
2446 4427 2650 4482 Postea
2680 4445 2954 4499 egressus
3003 4435 3089 4483 est
3121 4429 3297 4484 frater
3344 4431 3494 4500 ejus,
3548 4429 3605 4484 in
3651 4430 3828 4500 cujus

423 4525 610 4580 donec
639 4526 860 4578 crescat
888 4521 1042 4577 Sella
1075 4521 1231 4578 ﬁlius
1264 4539 1430 4578 meus
1460 4540 1472 4577 :
1508 4523 1748 4578 timebat
1786 4524 1966 4590 enim,
2003 4539 2072 4577 ne
2100 4525 2147 4588 D
2184 4533 2355 4571 manu
2391 4522 2515 4571 erat
2545 4516 2844 4572 coccinum
2881 4533 2892 4571 :
2927 4533 3100 4587 quem
3134 4517 3444 4589 appellavit
3472 4524 3632 4574 Zara.

427 4621 484 4670 et
514 4615 637 4685 ipse
667 4618 993 4667 moreretur
1022 4612 1175 4666 sicut
1205 4613 1411 4667 fratres
1441 4614 1590 4682 ejus.
1642 4614 1774 4676 Quae
1820 4613 1983 4674 abiit,
2017 4616 2074 4666 et

429 4702 971 4760 habitavitindomo
995 4701 1176 4772 patris
1207 4701 1319 4757 sui.
1355 4701 1612 4757 Evolutis
1643 4707 1835 4756 autem
1870 4699 2074 4755 multis

430 4792 658 4860 diebus,
690 4795 921 4846 mortua
949 4796 1039 4846 est
1069 4789 1189 4844 ﬁlia
1220 4793 1337 4846 Sua
1369 4807 1514 4845 uxor
1551 4790 1718 4846 Judas
1751 4807 1763 4844 :
1799 4790 1897 4860 qui
1951 4793 2078 4860 post

430 4885 655 4941 luctum
688 4879 1082 4938 consolatione
1112 4885 1407 4952 suscepta,
1442 4879 1796 4935 ascendebat
1845 4879 1915 4933 ad
1950 4883 2076 4932 ton-

431 4990 596 5033 sores
625 4972 820 5044 ovium
872 4985 1136 5037 suarum,
1170 4970 1294 5040 ipse
1324 4974 1381 5024 et
1408 4969 1577 5024 Hiras
1625 4967 1801 5040 opilio
1841 4966 2034 5039 gregis
2061 4969 2076 5000 ¹

504 5123 521 5156 ι
556 5122 664 5172 Pro
697 5112 1091 5186 opilzonesive
1118 5119 1355 5182 pastore,
1415 5113 1635 5186 amicus
1675 5109 2078 5186 legitur-(nm)

433 5191 541 5248 Sed
576 5181 818 5244 verbum
858 5181 1203 5255 ambiguum,
1246 5188 1354 5246 est,
1405 5183 1543 5252 quia
1602 5182 1824 5255 iisdem,
1870 5181 2080 5236 litteris

435 5269 754 5331 utrumque
813 5253 1044 5331 nomen“
1095 5253 1416 5331 scribitur:
1453 5271 1652 5309 verum
1713 5253 1939 5331 amicus
1971 5268 2078 5320 ree,

436 5324 784 5408 pastor'roe
840 5327 1089 5408 legitur;
1125 5337 1238 5389 ηνπ
1299 5324 1478 5395 igitur
1527 5340 1736 5408 nomen
1773 5325 2079 5406 Bebrteum

437 5396 824 5462 diversimode
855 5396 1422 5470 legitllieronymus,
1458 5413 1548 5470 rce
1581 5396 1822 5470 hicloci,
1847 5412 1935 5470 ree
1951 5411 2083 5450 vero

438 5479 498 5533 in
549 5466 957 5546 Quwstionibu's
1007 5469 1319 5546 Hebraicis.
1358 5468 1434 5522 De
1481 5468 1589 5521 hac
1643 5466 1872 5546 diversa
1903 5467 2085 5546 inter-

483 5537 709 5604 retandi
742 5545 964 5600 ratione
990 5540 1142 5612 apud
1191 5539 1610 5612 Hieronymum
1666 5555 1777 5594 non
1825 5537 2084 5605 insolita,

483 5567 709 5604 retanul
743 5567 964 5600 Fallunt:
990 5567 1142 5612 upuu
1191 5567 1610 5611 Hieronymum
1666 5567 1730 5594 ιω

440 5567 697 5678 Siximus
729 5619 786 5673 in
820 5611 1249 5688 Prolegomenis
1282 5610 1516 5670 nostris.
1543 5610 1730 5670 MART.

2256 4607 2342 4675 [Τ.
2378 4605 2610 4672 XXXIII,
2636 4605 2698 4659 B.
2730 4604 2980 4674 XXXIX,
3011 4610 3068 4658 C.
3130 4605 3310 4673 LXIX,
3375 4608 3501 4678 Cap.
3562 4605 3828 4676 XXXIX]

2185 4694 2364 4764 Igitur
2392 4693 2609 4764 Joseph
2632 4694 2844 4748 ductus
2873 4692 2932 4748 in
2965 4698 3276 4765 .‘Egyptum
3300 4695 3668 4766 esl,emitque
3692 4711 3825 4750 eum

2185 4782 2468 4854 Putiphar
2495 4781 2805 4837 eunuchus
2835 4784 3174 4854 Pharaonis,
3235 4785 3504 4856 princeps
3543 4785 3833 4840 exercitus

2186 4871 2370 4944 [Vulg.
2404 4871 2529 4926 add.
2564 4871 2699 4938 sui],
2744 4871 2828 4925 vir
2856 4873 3162 4943 ZEgyptus,
3196 4874 3264 4928 de
3297 4890 3474 4929 manu
3509 4872 3832 4928 Ismaelita-

2187 4979 2340 5028 rum,
2373 4979 2408 5017 a
2436 4961 2652 5031 quibus
2712 4961 3026 5030 perductus
3087 4969 3226 5016 eral.
3271 4962 3516 5033 Fuitque
3545 4963 3839 5022 Dominus

2257 5108 2277 5140 ²
2307 5104 2597 5176 Vulgatus
2644 5103 2932 5172 interpres
2962 5107 3297 5159 constanter
3342 5105 3506 5159 effert
3568 5106 3841 5161 Thamnas

2191 5179 2462 5234 Hebraeus
2491 5191 2623 5231 vero
2655 5185 2890 5234 nnmn.

2261 5250 2283 5285 ⁸
2315 5253 2377 5305 In
2414 5250 2646 5302 Hebrazo
2705 5245 2875 5301 habet
2910 5262 2923 5300 :
2954 5245 3266 5316 Iusti/irata
3324 5252 3401 5302 est
3456 5263 3529 5301 ex
3580 5264 3688 5313 me,
3719 5265 3840 5301 non

2193 5323 2344 5392 quod
2373 5322 2533 5391 justa
2567 5317 2877 5386 fuerit,sed
2913 5317 3065 5385 quod
3098 5318 3842 5392 comparationeilliusmi-

2193 5390 2305 5448 nus
2330 5392 2464 5446 mali
2490 5391 3096 5462 fecerit,ncquaquam
3121 5405 3265 5461 vaga
3288 5391 3357 5446 ad
3386 5390 3811 5462 turpitudinem
3830 5435 3843 5456 ,

2191 5468 2291 5522 sed
2327 5464 2539 5518 liberos
2575 5460 3158 5534 requirendo._l\lmr.

2264 5535 2514 5592 —Addit
2541 5531 2935 5590 mstrbinas
2957 5531 3052 5589 hic
3082 5549 3293 5590 nomen
3326 5531 3576 5589 Thamar.
