4080 6186
273 341 385 396 249

1702 339 1914 396 LIBER
1951 341 2279 398 GENESIS.

3582 339 3693 395 250

277 486 413 526 cum
446 486 536 539 eo,
566 473 623 524 et
651 473 775 524 erat
800 468 889 523 vir
926 467 985 523 in
1027 467 1253 524 cunctis
1287 481 1559 540 prospere
1584 481 1800 538 agens:
1836 465 1941 520 ha-
1967 467 2023 534 Α
2054 463 2262 539 ribus),
2297 472 2353 523 et
2381 469 2671 544 misit‘eos
2701 469 2761 524 in
2812 486 3066 525 carerem
3100 468 3383 541 principis
3433 467 3686 523 militum

277 560 608 630 bitavitque
630 559 687 613 in
715 560 888 614 domo
918 557 1137 614 domini
1164 558 1278 627 sui,
1313 557 1408 629 qui
1440 556 1659 629 Optime
1690 561 1932 612 noverat

280 665 410 705 esse
441 649 755 704 Dominum
801 664 937 702 cum
983 664 1070 713 eo,
1105 652 1160 702 et
1183 647 1391 714 omnia,
1425 663 1550 718 qua:
1580 650 1826 717 gereret,
1859 646 1932 700 ab

281 756 346 795 eo
380 737 555 810 dirigi
591 739 647 792 in
683 754 862 793 manu
898 737 1423 808 illius.Invenitque
1443 736 1657 808 Joseph
1682 737 1931 806 gratiam

282 845 479 884 coram
513 829 751 883 domino
804 844 931 895 suo,
965 832 1019 882 et
1072 826 1446 882 ministrabat
1477 827 1550 892 ei,
1585 843 1616 881 a
1647 843 1758 896 quo
1791 843 1934 897 prae-

282 918 509 989 positus
540 915 817 972 omnibus
843 916 1209 988 gubernabat
1239 915 1517 971 creditam
1537 914 1932 982 sibidcmum,

281 1013 334 1062 et
365 1007 643 1061 universa
676 1023 804 1078 qua
839 1005 889 1061 ei
923 1006 1136 1061 tradita
1197 1006 1426 1061 fuerant
1461 1023 1472 1060 :
1526 1003 1936 1076 benedixitque

281 1096 566 1151 Dominus
599 1096 800 1151 domui
834 1094 1082 1168 (Egyptii
1116 1099 1351 1166 propter
1378 1093 1618 1165 Joseph,
1651 1100 1707 1150 et
1736 1093 1934 1149 multi-

281 1185 518 1258 plicavit
567 1192 691 1241 tam
740 1185 798 1239 in
850 1185 1094 1248 aedibus,
1126 1201 1304 1256 quam
1341 1183 1398 1238 in
1449 1184 1629 1255 agris,
1663 1190 1934 1238 cunctam

280 1277 401 1346 ejus
435 1275 836 1330 substantiam
863 1290 874 1328 :
900 1289 1005 1329 nec
1023 1273 1346 1345 quidquam
1373 1273 1528 1327 aliud
1555 1273 1935 1339 noverat,nisi

281 1381 491 1437 panem
525 1380 643 1436 quo
674 1364 1038 1419 vescebatur.
1061 1367 1191 1417 Erat
1222 1368 1414 1417 autem
1444 1361 1659 1433 Joseph
1694 1363 1937 1434 pulchra

283 1454 443 1521 facie,
478 1458 536 1508 et
563 1453 816 1508 decorus
867 1457 1126 1524 aspectu.
1162 1456 1299 1508 Post
1333 1451 1553 1506 multos
1585 1451 1781 1522 itaque
1813 1451 1936 1506 dies

282 1543 481 1613 injecit
501 1542 747 1597 domina
769 1542 966 1598 oculos
989 1558 1128 1598 suos
1161 1544 1218 1596 in
1245 1541 1484 1612 Joseph,
1509 1544 1564 1596 et
1586 1541 1703 1596 ait:
1741 1542 1936 1596 Dormi

281 1632 663 1697 mecum.Qui
686 1647 1056 1702 nequaquam
1092 1630 1467 1702 acquiescens
1497 1631 1654 1702 operi
1690 1630 1935 1697 nefario,

281 1720 419 1774 dixit
455 1721 526 1774 ad
561 1736 691 1775 eam
728 1736 740 1774 :
784 1721 922 1774 Ecce
952 1721 1226 1776 dominus
1259 1737 1446 1790 meus,
1479 1719 1755 1775 omnibus
1789 1719 1931 1774 mihi

2042 557 2099 612 in
2133 574 2246 629 quo
2278 564 2401 614 erat
2431 560 2661 615 vinctus
2691 564 2749 615 et
2787 559 3026 632 Joseph.
3079 564 3152 614 At
3198 563 3398 614 custos
3440 558 3692 614 carceris

2039 648 2282 703 tradidit
2309 665 2406 704 eos
2434 649 2778 721 Josepb,qui
2801 654 2856 704 et
2877 648 3249 704 ministrabat
3271 650 3374 704 eis.
3406 649 3692 719 Aliquan-

2041 741 2167 792 tum
2202 738 2481 808 temporis
2516 739 2779 806 ﬂuxerat,
2814 743 2869 793 et
2897 738 2982 793 illi
3019 739 3074 793 in
3110 738 3378 793 custodia
3411 737 3693 793 teneban-

2044 831 2159 882 tur.
2191 827 2594 900 Videruntque
2642 828 2814 883 ambo
2864 828 3158 883 somnium
3196 835 3360 884 nocte
3383 827 3696 898 unajuxta

2047 916 2589 988 interpretationem
2619 933 2938 990 congruam
2976 918 3110 984 sibi;
3144 919 3215 972 ad
3249 933 3400 987 quos
3438 933 3570 969 cum
3612 916 3697 970 in-

2045 1006 2282 1062 troisset
2303 1007 2520 1078 Joseph
2543 1023 2732 1076 mane,
2757 1011 2812 1062 et
2836 1006 3078 1062 vidisset
3109 1023 3208 1062 eos
3239 1007 3458 1072 tristes,
3491 1005 3694 1060 scisci-

2048 1100 2200 1150 tatus
2230 1102 2320 1152 est
2347 1097 2578 1152 dicens:
2622 1097 2738 1151 Cur
2760 1096 2986 1151 tristior
3016 1101 3103 1151 est
3126 1095 3298 1150 hodie
3320 1095 3490 1150 solito
3514 1095 3690 1150 facies

2045 1185 2280 1240 vestra?
2319 1186 2424 1249 Qui
2473 1187 2900 1257 responderunt
2934 1183 3275 1240 :Somnium
3326 1183 3600 1250 vidimus,
3633 1187 3692 1236 et

2045 1291 2160 1330 non
2193 1280 2283 1330 est
2315 1276 2414 1347 qui
2443 1276 2862 1346 interpretetur
2911 1275 3100 1330 nobis.
3153 1273 3416 1343 Dixitque
3475 1273 3546 1327 ad
3591 1287 3690 1328 eos

2044 1365 2262 1436 Joseph
2299 1383 2311 1419 :
2346 1366 2622 1437 Nunquid
2654 1383 2766 1420 non
2804 1365 2900 1421 Dei
2934 1368 3022 1420 est
3044 1362 3469 1434 interpretatio?
3491 1361 3696 1417 referte

2050 1455 2193 1509 mihi
2255 1454 2398 1526 quid
2446 1455 2726 1510 videritis.
2788 1453 3054 1509 Narravit
3111 1452 3294 1524 prior,
3349 1449 3696 1522 praepositus

2047 1543 2480 1614 pincernarum,
2504 1543 2801 1600 somnium
2828 1559 3001 1598 suum
3029 1559 3042 1597 :
3071 1541 3348 1596 Videbam
3383 1555 3577 1596 coram
3604 1555 3697 1594 me

2056 1633 2256 1697 vitem,
2291 1633 2346 1687 in
2379 1649 2494 1705 qua
2521 1639 2686 1688 erant
2716 1638 2833 1688 tres
2856 1631 3230 1704 propagines,
3262 1645 3521 1686 crescere
3553 1645 3692 1700 pau-

2047 1722 2206 1776 latim
2242 1722 2302 1776 in
2335 1738 2620 1793 gemmas,
2654 1727 2710 1777 et
2736 1727 2866 1794 post
2891 1721 3061 1776 ﬂores
3089 1737 3233 1775 uvas
3267 1726 3695 1774 maturescere:

279 1810 536 1877 traditis,
570 1810 804 1881 ignorat
843 1807 983 1885 quid
1035 1809 1248 1865 habeat
1297 1809 1357 1864 in
1407 1810 1580 1864 domo
1629 1826 1774 1876 sua;
1828 1826 1932 1865 nec
1963 1833 2010 1898 B
2044 1811 2400 1882 calicemque
2422 1811 2737 1867 Pharaonis
2761 1811 2822 1866 in
2848 1827 3022 1865 manu
3051 1808 3344 1878 mea;tulli
3369 1823 3505 1880 ergo
3529 1824 3696 1869 uvas.

279 1899 608 1969 quidquam
637 1903 726 1954 est
753 1899 907 1970 quod
961 1916 1073 1954 non
1109 1899 1164 1954 in
1201 1915 1328 1954 mea
1375 1899 1453 1953 sit
1501 1903 1811 1970 potestate,
1845 1900 1932 1955 vel

278 2004 389 2042 non
422 1987 737 2042 tradiderit
787 1988 952 2057 mihi,
987 1992 1194 2060 praeter
1222 1992 1300 2056 te,
1331 2005 1456 2058 qua:
1497 2005 1641 2043 uxor
1670 1989 1796 2059 ejus
1827 2005 1927 2056 es;

275 2079 578 2148 quomodo
611 2093 746 2150 ergo
780 2094 1023 2149 possum
1057 2077 1278 2132 malum
1313 2077 1422 2133 hoc
1455 2079 1661 2143 facere,
1693 2083 1751 2133 et
1798 2094 1926 2149 pec.

274 2183 402 2220 care
436 2167 499 2220 in
543 2166 726 2221 Deum
783 2167 960 2238 [Vulg.
1014 2167 1146 2222 add.
1173 2166 1471 2240 'meum]?
1507 2166 1930 2237 Hujuscemodi

272 2255 470 2310 verbis
522 2272 626 2326 per
667 2256 934 2327 singulos
987 2257 1129 2325 dies,
1164 2261 1220 2311 et
1268 2255 1481 2312 mulier
1528 2256 1776 2312 molesta
1806 2260 1930 2312 erat

273 2343 656 2411 adolescenti,
682 2349 738 2400 et
770 2345 866 2400 ille
898 2347 1206 2401 recusabat
1237 2349 1531 2416 stuprum.
1566 2345 1789 2401 Accidit
1821 2363 1926 2401 au-

275 2437 386 2487 tem
448 2435 706 2504 quadam
755 2435 869 2498 die,
902 2439 966 2488 ut
1019 2435 1264 2490 intraret
1304 2435 1520 2505 Joseph
1571 2436 1836 2499 domum,
1872 2441 1929 2489 et

273 2525 470 2590 operis
512 2523 818 2594 quidpiam
859 2525 1080 2594 absque
1126 2524 1358 2580 arbitris
1405 2525 1657 2592 faceret;
1702 2529 1759 2579 et
1803 2524 1922 2592 illa,

273 2612 646 2682 apprehensa
677 2612 890 2668 lacinia
918 2612 1248 2669 vestimenti
1280 2613 1666 2683 ejus,diceret
1687 2631 1706 2668 :
1729 2617 1924 2670 Dormi

272 2717 529 2756 mecum.
561 2701 694 2767 Qui,
727 2702 926 2758 relicto
952 2701 1012 2757 in
1045 2718 1222 2757 manu
1255 2702 1417 2758 illius
1446 2702 1640 2774 pallio,
1669 2704 1840 2775 fugit,
1871 2710 1927 2760 et

267 2805 552 2861 egressus
573 2795 664 2845 est
687 2791 1050 2862 foras.Cumq
1063 2808 1130 2847 ue
1144 2791 1385 2848 vidisset
1406 2792 1619 2848 mulier
1630 2799 1844 2849 vestem
1866 2795 1924 2849 in

266 2880 547 2934 manibus
569 2879 715 2947 suis,
738 2885 795 2934 et
814 2897 876 2935 se
897 2897 1024 2936 esse
1042 2886 1461 2952 contemptam,
1485 2881 1709 2936 vocavit
1729 2882 1924 2952 [Vulg.

264 2969 388 3022 add.
417 2969 496 3023 ad
529 2972 614 3038 se]
647 2967 916 3024 homines
948 2970 1160 3024 domus
1190 2987 1332 3037 suae,
1355 2974 1412 3025 et
1443 2970 1522 3024 ait
1552 2972 1621 3026 ad
1656 2987 1793 3026 eos:
1848 2976 1924 3026 En

265 3058 812 3112 introduxitvirum
844 3057 1180 3122 Hebraeum,
1205 3064 1268 3114 ut
1300 3059 1571 3115 illuderet
1601 3061 1808 3127 nobis;
1842 3060 1928 3114 in-

263 3162 513 3217 gressus
544 3152 634 3201 est
663 3146 734 3201 ad
771 3162 885 3210 me,
919 3152 982 3201 ut
1013 3147 1193 3202 coiret
1241 3164 1492 3214 mecum,
1521 3164 1772 3220 cumque
1819 3165 1924 3218 ego

265 3234 757 3301 succlama‘ssem,
791 3246 842 3290 et
889 3236 1151 3292 audisset
1193 3253 1390 3292 vocem
1441 3253 1656 3303 meam,
1689 3237 1927 3308 reliquit

266 3323 517 3393 pallium
547 3325 699 3392 quod
733 3325 1024 3392 tenebam,
1057 3330 1113 3380 et
1141 3325 1290 3396 fugit
1317 3326 1488 3381 foras.
1523 3329 1583 3381 In
1618 3343 1924 3398 argumen-

268 3417 389 3467 tum
422 3429 570 3484 ergo
604 3412 736 3468 fidei
777 3418 1063 3468 retentum
1113 3413 1354 3486 pallium
1406 3416 1663 3470 ostendit
1712 3418 1924 3471 marito

270 3502 586 3557 revertenti
614 3503 672 3556 in
695 3503 933 3557 domum
966 3519 1134 3558 suam
1169 3504 1352 3574 [Vulg.
1373 3509 1514 3559 tacet
1534 3504 1595 3559 in
1623 3509 1676 3560 et
1707 3506 1922 3576 suam],

267 3597 318 3644 et
347 3591 470 3645 ait:
508 3596 814 3660 Ingressus
846 3596 936 3646 est
964 3592 1033 3646 ad
1069 3608 1162 3646 me
1192 3609 1395 3648 servus
1442 3593 1715 3649 Hebraeus
1747 3610 1921 3665 quem

266 3679 567 3734 adduxisti
619 3689 678 3734 ut
728 3678 997 3736 illuderet
1045 3680 1224 3748 mihi;
1260 3697 1508 3753 cumque
1539 3684 1800 3738 audisset
1832 3700 1924 3738 me

269 3767 528 3822 clamare
569 3770 611 3835 ί,
643 3768 880 3839 reliquit
911 3769 1156 3840 pallium
1203 3771 1384 3841 [Vulg.
1415 3771 1541 3826 add.
1575 3773 1726 3841 quod
1761 3777 1923 3827 tene-

269 3856 451 3928 bam],
485 3862 545 3911 et
579 3857 728 3928 fugit
767 3859 942 3913 foras.
976 3858 1078 3914 His
1129 3860 1347 3914 auditis
1396 3861 1693 3927 dominus,
1727 3866 1782 3916 et
1831 3862 1921 3915 ni-

272 3948 454 4001 mium
506 3946 790 4002 credulus
817 3948 1006 4002 verbis
1054 3951 1347 4019 conjugis,
1383 3949 1570 4005 iratus
1599 3955 1687 4006 est
1717 3951 1919 4017 valde;

270 4036 633 4106 tradiditque
679 4035 898 4106 Joseph
942 4036 1000 4091 in
1049 4052 1363 4107 carcerem,
1397 4039 1495 4094 ubi
1543 4039 1718 4095 vincti
1767 4041 1922 4110 regis

270 4124 777 4190 custodiebantur,
813 4131 870 4180 et
911 4130 1035 4180 erat
1083 4126 1163 4181 ibi
1223 4125 1479 4183 clausus.
1533 4128 1667 4183 Fuit
1724 4135 1920 4184 autem

268 4211 561 4268 Dominus
591 4230 725 4268 cum
757 4213 995 4284 Joseph,
1027 4219 1084 4270 et
1117 4215 1392 4272 misertus
1447 4216 1607 4272 illius
1662 4218 1821 4272 dedit
1869 4217 1921 4272 ei

264 4303 514 4371 gratiam
553 4302 611 4356 in
644 4309 960 4374 conspectu
992 4303 1274 4376 principis
1297 4309 1566 4371 carceris,
1601 4306 1698 4376 qui
1735 4309 1920 4361 tradi-

265 4390 344 4444 dit
368 4392 427 4444 in
464 4407 652 4446 manu
685 4391 872 4463 ipsius
904 4393 1207 4448 universos
1239 4394 1464 4450 vinctos
1496 4395 1595 4465 qui
1629 4396 1686 4450 in
1719 4401 1920 4451 custo-

266 4479 356 4532 dia
390 4482 789 4545 tenebantur;
841 4485 897 4534 et
928 4481 1216 4551 quidquid
1250 4483 1444 4550 fiebat,
1477 4484 1586 4538 sub
1617 4483 1744 4554 ipso
1773 4489 1917 4540 erat.

2043 1906 2098 1955 et
2132 1901 2389 1973 expressi
2423 1901 2480 1956 in
2515 1901 2754 1956 calicem
2815 1917 2988 1970 quem
3047 1899 3343 1966 tenebam,
3376 1903 3434 1953 et
3481 1897 3697 1952 tradidi

2042 1989 2316 2062 poculum
2350 1990 2659 2045 Pharaoni.
2693 1990 3011 2061 Respondit
3038 1988 3247 2059 Joseph
3284 2003 3298 2043 :
3330 1991 3461 2042 Haec
3491 1991 3580 2042 est
3604 1987 3692 2040 in-

2040 2080 2381 2152 terpretatio
2414 2079 2628 2135 somnii
2663 2097 2675 2134 :
2710 2080 2854 2134 Tres
2894 2078 3267 2151 propagines,
3324 2081 3444 2130 tres
3503 2075 3694 2130 adhuc

2040 2169 2164 2224 dies
2196 2174 2356 2239 sunt,
2384 2174 2516 2240 post
2539 2185 2686 2240 quos
2707 2167 3110 2223 recordabitur
3133 2165 3352 2221 Pharao
3375 2165 3688 2220 ministerii

2040 2259 2124 2313 tui
2176 2261 2232 2314 et
2266 2257 2538 2314 restituet
2565 2262 2620 2314 te
2651 2259 2706 2312 in
2736 2259 2983 2329 gradum
3019 2255 3333 2328 pristinum
3365 2253 3691 2323 :dabisque

2036 2346 2086 2402 ei
2120 2347 2356 2402 calicem
2398 2349 2569 2418 juxta
2599 2347 2855 2402 ofﬁcium
2889 2351 3082 2413 tuum,
3115 2345 3270 2402 sicut
3318 2345 3506 2400 facere
3554 2347 3690 2398 ante

2036 2452 2442 2492 consueveras.
2475 2436 2729 2491 Tantum
2761 2440 3056 2491 memento
3090 2435 3224 2500 mei,
3249 2449 3382 2487 cum
3415 2431 3516 2488 tibi
3541 2432 3690 2486 bene

2036 2525 2229 2593 fuerit,
2252 2532 2308 2580 et
2330 2525 2508 2580 facias
2532 2542 2760 2581 mecum
2787 2523 3244 2580 misericordiam
3273 2542 3286 2590 ;
3311 2526 3376 2578 ut
3405 2536 3688 2593 suggeras

2034 2613 2344 2683 Pharaoni,
2378 2619 2434 2670 et
2463 2615 2642 2684 [Vulg.
2679 2617 2762 2682 ut]
2795 2614 3006 2668 educat
3036 2629 3130 2668 me
3161 2614 3231 2666 de
3269 2612 3380 2666 isto
3413 2625 3642 2665 carcere
3669 2630 3683 2677 ;

2033 2701 2173 2774 quia
2195 2703 2348 2758 furto
2367 2702 2636 2758 sublatus
2659 2719 2792 2758 sum
2815 2703 2884 2757 de
2906 2707 3060 2758 terra
3085 2701 3471 2767 llehrmorum,
3506 2704 3564 2754 et
3592 2697 3688 2752 hic

2033 2792 2314 2848 innocens
2345 2793 2403 2847 in
2453 2791 2642 2847 lacum
2678 2793 2898 2847 missus
2948 2808 3101 2846 sum.
3152 2789 3364 2844 Videns
3398 2788 3683 2859 pistorum

2036 2881 2317 2953 magister
2337 2882 2489 2952 quod
2505 2882 2822 2951 prudenter
2843 2880 3135 2936 somnium
3157 2876 3542 2944 dissolvisset,
3559 2875 3638 2929 ait
3667 2891 3681 2929 :

2035 2974 2100 3024 Et
2133 2986 2238 3040 ego
2259 2969 2376 3024 vidi
2401 2969 2696 3024 somnium
2727 2987 2738 3024 :
2765 2969 2927 3034 Quod
2951 2968 3224 3023 haberem
3266 2965 3379 3020 tria
3425 2964 3684 3019 canistra

2038 3059 2238 3114 farina:
2261 3076 2437 3129 super
2459 3063 2634 3130 caput
2667 3073 2887 3127 meum;
2923 3061 2980 3113 et
3011 3058 3068 3111 in
3102 3072 3217 3112 uno
3249 3054 3503 3110 canistro
3526 3053 3682 3124 quod

2035 3153 2159 3203 erat
2190 3149 2497 3215 excelsius,
2532 3152 2760 3220 portare
2811 3164 2905 3203 me
2953 3162 3156 3202 omnes
3203 3145 3362 3200 cibos
3394 3143 3491 3215 qui
3537 3143 3686 3197 ﬁunt

2039 3244 2160 3294 arte
2190 3238 2455 3310 pistoria,
2489 3254 2742 3310 avesque
2773 3239 3077 3294 comedere
3127 3253 3196 3291 ex
3226 3252 3312 3291 eo.
3339 3233 3683 3305 Respondit,

2032 3328 2248 3399 Joseph
2273 3333 2436 3385 :Hasc
2456 3333 2545 3384 est
2565 3328 2967 3400 interpretatio
2990 3325 3231 3382 somnii:
3249 3324 3385 3380 Tria
3429 3323 3687 3378 canistra

2033 3422 2154 3472 tres
2179 3418 2368 3474 adhuc
2392 3418 2517 3473 dies
2541 3426 2695 3484 sunt;
2722 3421 2855 3490 post
2894 3433 3042 3489 quos
3079 3416 3302 3471 auferet
3331 3413 3555 3468 Pharao
3586 3429 3682 3468 ca-

2034 3512 2140 3578 put
2171 3511 2334 3561 tuum
2369 3507 2767 3577 acsuspendet
2789 3505 2918 3561 tein
2943 3503 3566 3571 cruce,etlacerabunt
3585 3517 3682 3556 vo-

2033 3597 2223 3652 lucres
2247 3613 2450 3651 carnes
2481 3601 2634 3652 tuas.
2678 3597 2821 3651 Exin
2854 3597 2980 3652 dies
3009 3595 3216 3650 tertius
3264 3592 3469 3648 natalis
3501 3592 3676 3663 [Vulg.

2034 3685 2356 3755 natalitius]
2382 3685 2695 3740 Pharaonis
2718 3690 2880 3740 erat:
2915 3685 3013 3756 qui
3048 3684 3266 3739 faciens
3299 3681 3519 3753 grande
3541 3697 3682 3736 con-

2031 3773 2246 3828 vivium
2271 3775 2467 3846 pueris
2487 3775 2632 3842 suis,
2664 3775 3002 3830 recordatus
3025 3778 3112 3829 est
3144 3775 3296 3829 inter
3325 3770 3525 3842 epulas
3555 3785 3677 3824 ma-

2031 3863 2197 3935 gistri
2233 3863 2732 3935 pincernarum,et
2753 3864 3038 3936 pistorum
3062 3858 3676 3933 principis.Restituit-

2033 3970 2146 4025 que
2177 3954 2424 4009 alterum
2475 3954 2534 4008 in
2575 3953 2766 4009 locum
2820 3969 3017 4018 suum,
3073 3956 3137 4006 ut
3189 3949 3509 4022 porrigeret
3558 3947 3678 4018 regi

2033 4042 2217 4113 [Vulg.
2250 4043 2323 4114 ei]
2377 4042 2648 4112 poculum
2685 4061 2697 4098 :
2733 4041 2980 4097 alterum
3039 4038 3348 4110 suspendit
3396 4038 3455 4090 in
3509 4051 3678 4090 cruce

2034 4133 2213 4200 [l’ulg.
2250 4132 2650 4203 patibulo],'ut
2678 4131 3026 4202 conjectoris
3074 4129 3288 4182 veritas
3331 4128 3680 4198 probaretur

2031 4223 2097 4276 Et
2130 4227 2324 4276 tamen
2347 4221 2796 4276 succedentibus
2822 4218 3136 4292 prosperis,
3162 4216 3510 4288 praepositus
3543 4214 3674 4287 pin-

2030 4327 2336 4388 ceprnarum
2372 4311 2590 4365 oblitus
2621 4315 2709 4364 est
2739 4306 3074 4379 interpretis
3106 4307 3219 4361 sui.

2102 4400 2178 4471 [C.
2243 4399 2433 4470 LXXI,
2495 4400 2622 4470 Cap.
2681 4397 2846 4468 XLI.]
2881 4397 3016 4452 Post
3070 4396 3218 4450 duos
3288 4411 3473 4450 annos
3531 4393 3679 4449 vidit

2030 4488 2251 4544 Pharao
2285 4489 2599 4544 somnium.
2653 4488 2897 4542 Putabat
2928 4503 2989 4542 se
3018 4491 3174 4542 stare
3205 4502 3382 4558 super
3412 4483 3677 4549 ﬂuvium,

269 4566 377 4621 Nec
411 4572 663 4622 noverat
702 4568 922 4639 aliquid
955 4569 1183 4624 cunctis
1217 4570 1267 4624 ei
1299 4571 1538 4627 creditis
1571 4589 1584 4627 :
1637 4573 1924 4629 Dominus
1958 4576 2001 4640 D
2035 4579 2105 4632 de
2164 4594 2278 4648 quo
2337 4577 2732 4633 ascendebant
2780 4581 3001 4648 septem
3059 4576 3253 4641 boves,
3308 4573 3564 4646 pulchrae
3621 4577 3681 4627 et

266 4657 420 4712 enim
469 4664 602 4712 erat
649 4673 782 4712 cum
833 4656 953 4725 illo,
986 4663 1042 4713 et
1091 4660 1288 4714 omnia
1315 4677 1490 4730 Opera
1536 4663 1664 4732 ejus
1714 4662 1925 4734 dirige-

265 4749 381 4800 bat.

332 4836 424 4905 [Τ.
455 4833 702 4899 XXXIV,
737 4833 798 4888 G.
835 4833 999 4899 LXX,
1031 4835 1159 4906 Cap.
1186 4835 1323 4906 XL.]
1361 4837 1459 4893 His
1493 4839 1688 4908 itaque
1719 4840 1920 4909 gestis,

262 4926 478 4978 accidit
513 4928 579 4977 ut
609 4930 915 4993 peccarent
946 4925 1060 4980 duo
1093 4925 1369 4992 eunuchi,
1405 4927 1681 4998 pincerna
1717 4929 1738 4963 ²
1770 4931 1923 5000 regis

263 5013 527 5085 (Egypti,
563 5017 619 5066 et
654 5013 861 5082 pistor,
896 5012 1133 5068 domino
1183 5030 1312 5070 suo.
1347 5017 1654 5088 Iratusque
1703 5018 1922 5073 Pharao

262 5110 470 5157 contra
503 5116 606 5156 eos
639 5102 795 5170 (nam
817 5101 965 5157 alter
985 5101 1278 5174 pincernis
1301 5107 1718 5174 praeerat,alter
1737 5108 1924 5179 pisto-

338 5290 351 5320 ί
387 5283 757 5358 ΑΗὶθιχῑηεε.
795 5282 1026 5358 codices
1070 5290 1124 5339 et
1172 5301 1356 5340 canon
1408 5289 1583 5342 Hebr.
1619 5287 1780 5343 verit.
1821 5291 1919 5358 qui

264 5355 516 5426 legunt:
572 5353 818 5424 Cumque
859 5355 1076 5410 vidisset
1106 5373 1191 5412 me
1214 5358 1491 5423 clamare;
1519 5360 1617 5414 sed
1653 5361 1804 5416 idem
1836 5353 1924 5418 est

263 5445 484 5483 sensus
520 5427 576 5480 in
612 5431 858 5498 utraque
887 5426 1154 5482 lectione.
1190 5428 1379 5484 MART.

329 5548 400 5556 —
428 5515 634 5642 Ngstri
657 5521 713 5570 et
735 5530 880 5586 quos
907 5515 1480 5573 Martianconsuluit
1503 5535 1669 5588 mss.,
1697 5523 1924 5579 vidisset

331 5607 363 5642 ο
394 5605 476 5642 au
523 5595 669 5642 ωδει.

265 5607 363 5661 pro
394 5595 669 5642 audisset.

332 5680 353 5714 ²
381 5678 568 5738 Natat
598 5678 843 5734 sanctus
862 5675 1249 5750 Hieronymus
1279 5679 1335 5734 in
1370 5679 1608 5738 Hebraeo
1635 5682 1921 5755 scriptum

2033 4682 2238 4721 crassae
2293 4667 2514 4722 nimis:
2552 4667 2942 4738 pascebantur
2991 4665 3048 4719 in
3101 4664 3242 4720 locis
3292 4662 3676 4736 palustribus.

2032 4754 2168 4809 Aliae
2202 4772 2434 4828 quoque
2465 4762 2686 4829 septem
2718 4755 3092 4826 emergebant
3121 4755 3190 4810 de
3227 4753 3487 4820 ﬂumine,
3511 4752 3674 4806 foeda:

2033 4844 2424 4916 confectaque
2477 4845 2658 4900 macie
2706 4850 2764 4899 et
2812 4844 3200 4916 pascebantur
3232 4844 3289 4898 in
3325 4843 3452 4914 ipsa
3483 4842 3675 4897 amnis

2035 4935 2160 5005 ripa
2207 4935 2262 4989 in
2325 4933 2464 4989 locis
2514 4934 2838 4989 virentibus
2897 4949 2910 4989 :
2972 4935 3507 5002 devoraveruntque
3573 4947 3672 4986 eas

2033 5037 2282 5094 quarum
2319 5023 2462 5077 mira
2496 5023 2721 5094 Species
2753 5028 2809 5078 et
2866 5021 3152 5077 habitudo
3184 5038 3490 5095 corporum
3526 5026 3669 5077 erat.

2032 5111 2486 5185 Expergefactus
2521 5113 2766 5178 Pharao,
2800 5129 3036 5168 rursum
3084 5112 3379 5182 dormivit,
3433 5119 3488 5168 et
3527 5110 3673 5166 vidit

2031 5310 2158 5347 esse
2189 5294 2375 5352 Masec,
2410 5291 2549 5345 illud
2612 5293 2853 5345 verbum
2913 5293 3067 5360 quod
3117 5291 3178 5346 in
3236 5290 3471 5345 nomine
3522 5290 3669 5344 servi

2031 5366 2322 5423 Abraham
2357 5381 2536 5433 supra
2569 5363 2800 5432 legitur.
2837 5363 3017 5417 Hodie
3074 5369 3266 5418 tamen
3303 5362 3381 5433 fin
3437 5363 3668 5417 Hebraeo

2034 5436 2175 5492 illud
2201 5432 2449 5499 verbum
2487 5434 2751 5490 nonnihil
2786 5433 2959 5490 habet
2990 5432 3364 5499 diversitatis,
3400 5433 3538 5504 quia
3569 5450 3669 5502 pro

2032 5506 2205 5563 servo
2229 5507 2520 5562 Abraham
2554 5524 2750 5578 supra,
2785 5523 2911 5578 cap.
2941 5522 3027 5570 xv,
3060 5507 3114 5570 2,
3157 5505 3466 5572 scribitur;
3519 5517 3667 5592 FW):

2029 5613 2210 5652 masec
2238 5616 2256 5651 :
2289 5597 2378 5653 hic
2410 5613 2542 5653 vero
2574 5609 2763 5657 norm
2785 5611 2976 5650 musca.
3012 5594 3230 5651 Nomen
3266 5598 3460 5649 autem
3492 5612 3672 5652 masec

2029 5701 2190 5743 more
2209 5685 2366 5758 vulgi
2389 5686 2714 5758 pincernam
2741 5688 2904 5741 vocat
2934 5683 3339 5755 Hieronymus.
3369 5683 3557 5742 Maa'r.
3661 5729 3664 5732 .
