4080 6186
371 322 472 379 251

1408 323 1469 377 8.
1509 319 1920 376 HIERONYMI
1955 322 2215 378 DIVINA
2249 325 2748 384 BIBLIOTHECA.

3674 324 3785 382 252

372 447 623 505 alterum
675 422 995 503 somnium.
1055 448 1284 518 Septem
1337 443 1510 517 spicas
1559 443 1933 517 pullulabant
1961 444 2018 499 in
2052 449 2105 516 Α
2134 447 2273 502 anni
2305 449 2538 506 venient
2587 450 2901 509 fertilitatis
2929 468 3154 525 magum
3210 454 3271 508 in
3321 451 3596 508 universa
3625 454 3780 507 terra

373 539 567 596 culmo
597 553 710 594 uno
742 536 922 610 plenae
949 540 1126 607 atque
1152 536 1422 592 formosas
1456 553 1470 592 :
1505 536 2023 608 aliaaquoquetoti-

374 630 531 698 dem,
565 628 738 700 spicae
768 631 1370 697 tenues,etperoussas
1393 625 1632 682 uredine
1662 626 2021 696 oriebantur,

375 719 721 774 devorantes
747 733 982 771 omnem
1019 716 1281 788 priorum
1340 715 1861 787 pulchritudinem.
1896 715 2022 770 Evi-

375 807 570 880 gilans
601 805 826 861 Pharao
857 805 1289 878 postquietem,
1323 809 1380 860 et
1415 805 1566 860 iacto
1589 821 1780 871 mane,
1814 820 2026 876 pavore

377 895 742 970 perterritus,
784 893 945 950 misit
975 894 1046 950 ad
1090 893 1267 966 [Vulg.
1301 893 1425 948 add.
1459 894 1686 965 omnes]
1735 894 2025 964 conjecto-

376 1001 470 1040 res
547 983 776 1056 Egypti
833 991 1189 1054 cunctosque
1247 983 1563 1054 sapientes,
1616 987 1672 1038 et
1727 981 2026 1038 accersitis

381 1073 645 1130 narravit
696 1071 1014 1139 somnium,
1063 1088 1167 1127 nec
1207 1077 1329 1127 erat
1362 1072 1462 1143 qui
1521 1071 2024 1142 interpretaretur.

381 1164 546 1220 Tunc
595 1163 835 1218 demum
868 1160 1252 1217 reminiscens
1281 1161 1692 1232 pincernarum
1749 1159 2030 1233 magister

380 1253 464 1309 ait
498 1252 827 1308 :Conﬁteor
857 1256 1158 1324 peccatum
1196 1267 1391 1306 meum
1428 1267 1441 1307 :
1479 1253 1670 1327 Iratus
1699 1267 1798 1306 rex
1843 1249 2028 1305 servis

381 1342 528 1408 suis,
555 1358 647 1398 me
675 1346 731 1397 et
770 1341 1115 1412 magistrum
1178 1341 1464 1412 pistorum
1511 1341 1731 1397 retrudi
1764 1339 1940 1411 jussit
1968 1340 2026 1394 in

382 1447 674 1488 carcerem
701 1430 984 1502 principis
1008 1429 1296 1486 militum:
1324 1430 1422 1485 ubi
1447 1447 1564 1485 una
1584 1435 1754 1485 nocte
1782 1434 2028 1500 uterque

380 1521 639 1577 vidimus
673 1519 1358 1591 somnium,praesagiun:
1394 1521 1746 1574 futurorum.
1782 1519 1918 1573 Erat
1948 1516 2028 1572 ibi

381 1628 528 1684 puer
583 1610 880 1674 Hebraeus,
931 1609 1196 1680 ejusdem
1226 1609 1392 1663 ducis
1440 1607 1686 1663 militum
1722 1606 2024 1663 famulus:

385 1701 478 1756 cui
511 1703 815 1755 narrantes
842 1697 1092 1769 somnia,
1128 1698 1461 1753 audivimus
1511 1695 1795 1768 quidquid
1829 1699 2030 1768 postea

383 1789 467 1846 rei
499 1787 760 1862 probavit
788 1792 1066 1843 eventus:
1099 1803 1205 1858 ego
1229 1786 1385 1842 enim
1436 1787 1702 1842 redditus
1735 1801 1868 1841 sum
1900 1784 2027 1839 oiﬁ-
2059 1825 2106 1891 Β

379 1879 468 1936 cio
501 1894 630 1934 meo
656 1882 714 1933 et
770 1876 866 1932 ille
915 1893 1240 1947 suspensus
1293 1880 1381 1932 est
1433 1875 1490 1930 in
1546 1891 1732 1931 cruce.
1767 1876 1852 1944 [Β.
1886 1874 2030 1943 XL.]

379 1970 656 2028 Protinus
713 1969 783 2024 ad
817 1969 972 2040 regis
1003 1967 1314 2039 imperium
1363 1967 1639 2022 eductum
1690 1967 1762 2021 de
1799 1980 2029 2021 carcere

375 2057 594 2132 Joseph
619 2057 1003 2113 totonderunt
1031 2072 1043 2111 :
1068 2073 1134 2112 ac
1159 2060 1315 2111 veste
1339 2060 1583 2126 mutata,
1607 2053 1838 2111 oblatus
1851 2054 2026 2110 estei.

382 2147 486 2205 Cui
520 2146 620 2202 ille
649 2147 730 2200 ait
762 2162 775 2201 :
807 2145 941 2200 Vidi
1000 2145 1252 2214 somnia,
1296 2161 1400 2200 nec
1431 2149 1521 2200 est
1551 2145 1650 2215 qui
1703 2144 2025 2200 edisserat:

385 2253 514 2310 quae
573 2235 768 2292 audivi
817 2239 874 2290 te
959 2235 1416 2307 prudentissime
1473 2235 1650 2303 [Vulg.
1719 2232 2028 2304 sapientis-

385 2326 554 2398 sime]
581 2324 889 2394 conjicere.
919 2324 1244 2395 Respondit
1257 2323 1477 2395 Joseph
1505 2339 1518 2378 :
1535 2325 1765 2394 Absque
1777 2328 1869 2377 me
1885 2327 2030 2378 Deus

384 2413 763 2486 respondebit
818 2428 1097 2484 prospera
1153 2413 1438 2468 Pharaoni
1511 2411 1841 2468 '.Narravit
1896 2426 2030 2480 ergo

385 2503 608 2559 Pharao
649 2501 803 2573 quod
862 2501 1129 2556 viderat:
1161 2500 1445 2556 Putabam
1505 2518 1597 2557 me
1643 2505 1800 2557 stare
1856 2516 2034 2571 super

385 2593 575 2664 ripam
607 2591 893 2659 ﬂuminis,
925 2595 1218 2663 etseptem
1249 2591 1424 2647 boves
1454 2591 1525 2647 de
1547 2607 1719 2647 amne
1748 2606 2030 2647 conscen—

389 2681 546 2749 dere,
572 2680 851 2754 pulchras
886 2679 1088 2750 nimis,
1122 2685 1179 2735 et
1210 2680 1401 2736 obesis
1460 2680 1758 2750 carnibus,
1818 2696 1947 2752 quas
1973 2678 2032 2733 in

389 2775 563 2844 pastu
597 2770 831 2843 paludis
846 2770 1378 2842 viretacarpebant.
1412 2774 1480 2825 Et
1501 2785 1654 2837 ecce,
1689 2769 1796 2824 has
1827 2783 2036 2840 seque-

388 2860 607 2916 bantur
635 2859 761 2914 aliae
791 2865 1016 2932 septem
1068 2860 1245 2915 boves
1277 2860 1334 2914 in
1368 2863 1599 2915 tantum
1657 2859 1948 2915 deformes
1980 2861 2040 2912 et

391 2949 741 3016 macilenta,
773 2954 839 3004 ut
868 2965 1172 3021 nunquam
1190 2948 1338 3004 tales
1361 2949 1590 3005 interra
1619 2949 1844 3020 [Egypti
1876 2947 2039 3002 vide-

388 3039 542 3096 rim:
577 3054 724 3110 quae,
760 3038 1051 3095 devoratis
1067 3043 1124 3094 et
1151 3038 1539 3110 comsumptis
1561 3036 1874 3109 prioribus,
1909 3035 2040 3091 nul-

2133 536 2390 610 Egypti:
2425 557 2573 612 quos
2631 546 2956 613 sequentur
2998 546 3222 613 septem
3282 540 3420 598 anni
3451 539 3552 596 alii
3609 544 3783 596 tantae

2134 627 2484 700 sterilitatis,
2505 635 2570 685 ut
2598 629 2873 686 oblivioni
2897 631 3165 687 tradatur
3189 633 3563 686 cunctaretro
3594 629 3786 686 abun-

2135 715 2353 772 dantia:
2374 734 2616 775 consum
2629 723 2797 790 ptura
2815 719 3072 775 estenim
3089 720 3272 775 fames
3287 735 3522 776 omnem
3543 722 3782 788 terram,

2136 807 2193 860 et
2227 805 2512 864 ubertatis
2570 809 3038 881 magnitudinem
3100 809 3402 881 perditura
3458 813 3546 865 est
3575 809 3783 880 inopia;

2138 895 2496 967 magnitudo.
2532 898 2693 965 Quod
2711 903 2906 953 autem
2924 897 3122 954 vidisti
3140 898 3399 954 secundo
3413 899 3484 953 ad
3518 899 3785 954 eamdem

2137 1001 2256 1040 rem
2293 987 2592 1057 pertinens
2643 987 2963 1060 somnium,
2997 988 3296 1044 firmitatis
3329 987 3637 1056 indicium,
3672 993 3782 1054 est,

2135 1091 2202 1130 eo
2234 1077 2390 1146 quod
2439 1077 2542 1132 ﬁat
2596 1092 2787 1132 sermo
2831 1078 2954 1146 Dei,
3014 1083 3071 1134 et
3124 1076 3383 1133 velocius
3443 1077 3779 1149 impleatur.

2134 1162 2300 1220 Nunc
2329 1181 2465 1237 ergo
2498 1167 2796 1237 provideat
2828 1183 2924 1221 rex
2945 1167 3131 1222 virum
3161 1167 3485 1238 sapientem
3516 1171 3572 1222 et
3619 1167 3792 1222 indu-

2137 1253 2370 1324 strium,
2402 1259 2458 1310 et
2489 1255 2766 1326 praeficiat
2794 1272 2929 1311 eum
2982 1260 3150 1311 terrae
3201 1256 3431 1328 zEgypti
3468 1273 3481 1324 ;
3517 1257 3614 1327 qui
3647 1273 3788 1312 con-

2137 1343 2346 1398 stituat
2378 1345 2716 1416 prepositos
2776 1362 2879 1417 per
2951 1344 3214 1417 singulas
3285 1345 3466 1417 [Vulg.
3525 1349 3788 1416 cunctas]

2139 1431 2428 1503 regiones,
2460 1438 2518 1488 et
2546 1434 2812 1504 quintam
2837 1439 3062 1505 partem
3106 1435 3405 1490 fructuum
3439 1449 3541 1506 per
3560 1440 3782 1507 septem

2138 1537 2323 1576 annos
2349 1521 2665 1578 fertilitatis
2718 1523 2898 1594 [γαίῃ.
2934 1523 3306 1594 slerilitatis],
3350 1521 3598 1595 quijam
3633 1541 3790 1579 nunc

2140 1610 2319 1666 futuri
2351 1615 2510 1678 sunt,
2545 1617 2854 1683 congregat
2884 1612 2940 1666 in
2975 1611 3204 1681 horrea,
3237 1617 3294 1667 et
3323 1628 3496 1668 omne
3529 1613 3792 1667 frumen-

2143 1703 2266 1756 tum
2297 1701 2407 1756 sub
2439 1700 2760 1756 Pharaonis
2784 1705 3070 1772 potestate
3111 1702 3398 1756 condatur
3417 1706 3795 1772 serveturque

2137 1787 2196 1844 in
2257 1789 2522 1846 urbibus.
2555 1791 2626 1845 Et
2673 1795 2907 1862 paretur
2965 1792 3172 1846 futura:
3229 1795 3452 1862 septem
3481 1793 3786 1860 {annorum

2139 1877 2304 1945 fami,
2338 1895 2465 1950 quae
2497 1895 2854 1951 oppressura
2875 1883 2964 1936 est
2991 1880 3325 1954 ngyptum,
3351 1888 3404 1936 et
3433 1896 3548 1936 non
3579 1896 3792 1936 consu-

2139 1972 2330 2023 metur
2357 1972 2513 2023 terra
2541 1967 2758 2040 inopia.
2803 1968 3030 2026 Placuit
3051 1969 3340 2026 Pharaoni
3393 1970 3700 2025 consilium
3731 1975 3791 2026 et

2137 2056 2365 2113 cunctis
2417 2055 2702 2113 ministris
2752 2058 2917 2129 ejus:
2969 2057 3324 2131 locutusque
3353 2063 3444 2114 est
3501 2059 3573 2114 ad
3632 2074 3730 2115 eos
3778 2076 3793 2114 :

2138 2146 2288 2202 Num
2320 2146 2581 2203 invenire
2619 2145 2953 2219 poterimus
2982 2147 3158 2203 talem
3190 2147 3404 2216 virum,
3447 2147 3550 2221 qui
3580 2147 3792 2220 spiritu

2140 2236 2237 2291 Dei
2270 2238 2479 2308 plenus
2505 2235 2629 2291 sit?
2659 2235 2815 2292 Dixit
2843 2253 2980 2310 ergo
2995 2237 3064 2293 ad
3085 2236 3328 2309 Joseph:
3363 2237 3508 2301 Quia
3538 2237 3798 2293 ostendit

2141 2329 2287 2381 Deus
2319 2325 2426 2380 tibi
2457 2326 2654 2382 omnia
2681 2342 2808 2397 quas
2840 2325 3076 2382 locutus
3109 2343 3190 2396 es,
3223 2326 3491 2398 nunquid
3552 2326 3790 2398 sapien-

2138 2414 2346 2471 tiorem
2377 2418 2436 2469 et
2485 2413 2740 2471 similem
2797 2415 2882 2470 tui
2932 2415 3195 2471 invenire
3250 2415 3497 2487 potero?
3554 2416 3639 2471 Tu
3674 2415 3797 2472 eris

2141 2520 2321 2577 super
2343 2505 2581 2560 domum
2616 2521 2832 2570 meam,
2864 2508 2922 2560 et
2947 2504 3017 2560 ad
3038 2504 3121 2560 tui
3147 2504 3267 2561 oris
3295 2504 3614 2576 imperium
3645 2520 3794 2559 cun-

2141 2599 2271 2650 otus
2302 2593 2556 2666 populus
2587 2593 2819 2649 obediet
2850 2610 2864 2649 :
2899 2609 3012 2649 uno
3043 2599 3275 2650 tantum
3331 2593 3496 2666 regni
3555 2593 3700 2650 solio
3731 2599 3793 2650 te

2143 2683 2488 2757 praecedam.
2519 2682 2915 2754 Dixitquoque
2937 2698 3172 2738 rursum
3204 2681 3429 2738 Pharao
3459 2681 3530 2737 ad
3551 2681 3794 2753 Joseph:

2145 2773 2286 2830 Ecce
2315 2772 2593 2828 constitui
2633 2777 2689 2828 te
2718 2788 2897 2844 super
2925 2772 3259 2827 universam
3293 2775 3508 2827 terram
3541 2770 3793 2844 Egypti.

2143 2862 2304 2920 Tulit
2331 2861 2613 2918 annulum
2645 2862 2716 2917 de
2747 2878 2927 2918 manu
2959 2878 3068 2918 sua
3097 2869 3153 2916 et
3168 2861 3329 2916 dedit
3348 2877 3482 2917 eum
3513 2860 3572 2915 in
3604 2876 3797 2915 manu

2145 2955 2295 3024 ejus,
2326 2951 2672 3023 vestivitque
2702 2967 2835 3007 eum
2885 2949 3037 3007 stola
3067 2951 3324 3023 byssina,
3385 2954 3441 3006 et
3497 2947 3646 3006 collo
3677 2953 3800 3005 tor-

2149 3057 2322 3114 quem
2353 3057 2593 3097 auream
2624 3039 3068 3113 circumposuit.
3103 3039 3380 3112 Fssitque
3424 3054 3560 3095 eum
3592 3053 3801 3094 ascen-

390 3127 517 3184 lum
550 3126 881 3184 saturitatis
910 3126 1121 3182 dedere
1151 3125 1466 3197 vestigium
1513 3127 1614 3181 sed
1646 3125 1826 3181 simili
1857 3123 2043 3180 macie
2084 3197 2112 3202 ᾧ
2152 3132 2287 3187 ἀει-θ
2335 3147 2512 3202 super
2569 3145 2804 3186 currum
2862 3144 3038 3185 suum
3099 3130 3452 3196 secundum,
3509 3127 3804 3183 clamante

393 3220 451 3273 et
478 3215 752 3289 squalore
780 3216 1109 3288 torpebant.
1166 3214 1478 3288 Evigilans,
1539 3231 1775 3270 rursum
1835 3230 2041 3286 sopore
2072 3197 2114 3266 C
2154 3197 2438 3293 praecone;
2494 3222 2559 3274 ut
2633 3235 2839 3275 omnes
2869 3234 3064 3274 coram
3097 3234 3164 3274 eo
3195 3234 3346 3290 genu
3380 3217 3698 3286 ﬂecterent,
3743 3225 3808 3272 et

392 3309 732 3378 depressus,
764 3305 881 3360 vidi
911 3305 1208 3361 somnium
1247 3321 1260 3360 :
1293 3309 1516 3376 septem
1547 3304 1720 3376 spica:
1782 3302 2041 3376 pullula-

394 3397 538 3452 bant
567 3395 625 3450 in
659 3393 852 3451 culmo
875 3411 992 3450 uno
1020 3393 1206 3466 plenae
1238 3398 1413 3465 atque
1437 3391 1867 3466 pulcherrimae.
1902 3392 2042 3448 Alia:

395 3499 630 3558 quoque
661 3489 885 3557 septem
934 3487 1140 3540 tenues
1184 3487 1244 3539 et
1273 3499 1560 3555 percussae
1594 3481 1858 3548 uredine,
1891 3482 2042 3536 orie-

391 3575 611 3632 bantur
636 3591 668 3630 e
704 3573 922 3646 stipula
952 3590 1080 3646 qua:
1117 3573 1375 3646 priorum
1411 3572 1910 3645 pulchritudinem
1943 3573 2042 3627 de-

385 3669 693 3723 vorarunt.
727 3665 968 3724 Narravi
1001 3665 1442 3736 conjectoribus
1465 3665 1827 3721 somniorum
1859 3665 2042 3736 (Vulg.

393 3755 736 3826 somnium],
769 3759 827 3810 et
863 3770 1034 3811 nemo
1052 3753 1252 3825 estqui
1277 3752 1920 3825 edisserat.Respondit
1947 3754 2043 3808 Jo-

397 3843 541 3916 seph
576 3861 588 3900 :
622 3843 932 3900 Somnium
967 3842 1119 3916 regis
1141 3859 1327 3898 unum
1359 3847 1448 3898 est
1469 3860 1487 3897 :
1521 3859 1646 3914 quae
1673 3843 1939 3898 facturus
1959 3845 2047 3898 est

397 3933 574 4002 Deus,
600 3932 854 3990 ostendit
917 3931 1224 3989 Pharaoni.
1258 3931 1488 4003 Septem
1542 3931 1717 3986 boves
1767 3929 2042 4003 pulchrae,

398 4027 456 4079 et
513 4027 736 4096 septem
791 4021 964 4094 spica
1021 4020 1228 4093 plenas,
1279 4025 1502 4092 septem
1566 4020 1845 4076 ubertatis
1909 4019 2046 4075 anni

397 4119 572 4171 sunt:
597 4114 984 4185 eamdemque
1001 4113 1115 4170 vim
1132 4112 1345 4168 somnii
1364 4110 2050 4184 comprehendunt.‘Sep-

397 4207 516 4260 tem
542 4219 772 4276 quoque
819 4203 994 4259 boves
1050 4206 1257 4258 tenues
1289 4207 1464 4273 atque
1520 4199 1862 4270 macilenta,
1923 4217 2047 4272 quae

401 4293 795 4349 ascenderunt
826 4296 961 4364 post
1009 4307 1130 4362 eas,
1165 4296 1223 4348 et
1250 4295 1469 4364 septem
1511 4291 1688 4363 spicae
1717 4294 1943 4358 tenues,
1992 4295 2050 4346 et

401 4389 576 4440 vento
608 4388 812 4440 urente
862 4400 1150 4456 percussa:
1198 4387 1424 4453 septem
1455 4382 1595 4438 anni
1624 4385 1765 4437 sunt
1793 4387 2049 4437 venturas

404 4473 601 4532 famis.
624 4473 732 4540 Qui
764 4473 875 4530 hoc
905 4473 1108 4530 ordine
1139 4472 1626 4545 complebuntur:
1660 4475 1802 4528 Ecce
1824 4477 2048 4544 septem

478 4619 495 4654 ¹
521 4617 585 4672 In
617 4617 858 4673 Hebrmo
894 4601 1055 4678 mbo
1073 4616 1324 4673 Salomon
1340 4615 1513 4688 habet
1536 4631 1549 4670 :
1575 4631 1756 4688 quare
1773 4614 2048 4688 Hierony-

403 4705 538 4745 mus
567 4689 624 4745 in
659 4689 1228 4760 Quaestionibusjam
1261 4687 1478 4744 centies
1502 4686 1821 4742 nominatis
1851 4688 1937 4760 ita
1962 4686 2049 4742 in-

401 4766 759 4834 terpretatur
788 4762 860 4817 ad
909 4758 1352 4834 verbumzsine
1379 4776 1466 4816 me
1520 4765 1659 4815 Deus
1707 4758 2049 4834 respondebit

399 4831 588 4905 pacem
617 4833 916 4906 Pharaoni.
943 4832 1222 4906 Denique,
1239 4831 1464 4906 inquit,
1485 4831 1870 4906 Symmachus
1889 4847 2049 4887 more

399 4903 508 4962 suo
538 4905 794 4977 apertius
814 4903 1122 4962 transtulit
1147 4923 1160 4961 :
1205 4905 1322 4960 Non
1349 4919 1466 4976 ego,
1497 4903 1588 4958 sed
1636 4905 1772 4959 Deus
1813 4918 2048 4972 respon-

398 4977 547 5036 debit
575 4993 760 5036 vacem
780 4977 1081 5034 Pharaoni.
1114 4977 1298 5035 MART.

468 5079 541 5092 —
571 5046 792 5106 Mavult
851 5049 912 5104 in
953 5049 1216 5106 Hebraic.
1257 5046 1686 5113 Quaestionibus
1716 5046 2044 5116 transferri,

391 5156 607 5216 pacem,
633 5141 804 5212 juxta
826 5139 998 5198 Hebr.
1034 5149 1216 5201 D1715.

468 5232 490 5266 ³
516 5229 679 5287 Hunc
707 5229 901 5304 locum
935 5227 1423 5304 paraphrasticibs
1446 5225 2041 5304 vertitHieronymus,

396 5304 456 5360 in
484 5304 724 5359 Hebraeo
764 5299 953 5358 enim'
983 5299 1101 5356 hinc
1133 5305 1364 5356 tantum
1399 5299 1710 5370 leguntur:
1740 5300 1804 5354 Et
1834 5300 2044 5356 vocavit

398 5376 620 5432 Pharao
647 5391 844 5430 nomen
876 5375 1067 5445 Ioseph
1099 5385 1250 5445 nam
1297 5369 1798 5445 nJDBPSaphauetIg
1829 5369 2038 5426 Pitane.

393 5448 502 5503 Sed
520 5447 589 5504 ad
607 5463 844 5504 sensum
865 5442 1174 5517 Scriptura:
1218 5443 1449 5500 facilius
1469 5442 1908 5517 percipiendum
1927 5459 2040 5497 non

399 5536 606 5592 parum
642 5520 974 5592 conducunt
996 5513 1135 5592 qua;
1166 5517 1261 5592 ab
1295 5513 1644 5592 Hieronymo
1687 5513 1883 5592 addita
1917 5531 2040 5592 mo-

397 5586 607 5647 nemus
642 5609 654 5649 :
711 5592 867 5646 unde
898 5586 1047 5647 libro
1072 5587 1478 5656 ,Tradilionum
1506 5586 1915 5644 Hebraicarum
1971 5586 2042 5642 de

400 5661 636 5719 nomine
693 5662 963 5736 imposito
1020 5659 1234 5735 Joseph
1295 5659 1420 5734 ipse
1476 5658 1679 5716 scribit
1708 5658 2038 5715 Licelzlle-

2078 4573 2124 4639 D

2151 3310 2530 3382 praepositum
2569 3325 2698 3364 esse
2754 3309 2974 3364 scirent
3025 3307 3311 3364 universa
3357 3314 3518 3364 terrae
3549 3307 3803 3378 Egypti.

2151 3399 2304 3454 Dixit
2333 3413 2708 3471 quoquelrex
2747 3399 2818 3454 ad
2868 3397 3088 3469 Joseph
3125 3414 3136 3452 :
3173 3397 3286 3468 Ego
3347 3413 3482 3452 sum
3541 3395 3804 3451 Pharao:

2152 3492 2377 3562 absque
2408 3487 2770 3560 tuoimperio
2793 3503 2910 3542 non
2933 3487 3188 3543 movebit
3208 3486 3524 3558 quisquam
3558 3501 3808 3541 manum

2152 3582 2253 3634 aut
2283 3577 2488 3649 pedem
2521 3576 2580 3632 in
2613 3576 2775 3632 omni
2809 3580 2964 3633 terra
2986 3575 3238 3648 Egypti.
3270 3574 3573 3647 Vertitque
3593 3590 3810 3630 nomen

2153 3665 2335 3733 illius,
2361 3670 2418 3722 et
2447 3666 2674 3722 vocavit
2693 3682 2829 3722 eum
2852 3665 3054 3738 lingua
3076 3664 3807 3737 Egyptiaca,Salvatorem

2153 3755 2359 3812 mundi
2393 3755 2433 3809 ³.
2468 3755 2752 3826 Deditque
2783 3753 2869 3809 illi
2917 3769 3155 3810 uxorem
3188 3751 3660 3819 Aseneth,ﬁliam
3695 3753 3812 3808 Pn-

2154 3844 2436 3917 tiphares,
2522 3844 2838 3900 sacerdotis
2926 3843 3336 3915 Hieliopoleos.
3391 3843 3473 3914 [T.
3549 3841 3808 3916 XXXV.]

2156 3932 2877 4005 EgressusitaqueJoseph
2911 3933 2983 3987 ad
3031 3936 3246 3987 terram
3268 3931 3499 4004 Egypti
3535 3930 3810 4004 (triginta

2155 4028 2353 4080 autem
2397 4039 2688 4078 annorum
2739 4027 2864 4078 erat
2912 4022 3147 4093 quando
3178 4021 3341 4076 stetit
3386 4021 3446 4076 in
3490 4025 3811 4091 conspectu

2155 4110 2306 4181 regis
2336 4110 2694 4183 Pharaonis),
2727 4109 2992 4166 circuivit
3024 4125 3228 4165 omnes
3259 4109 3524 4181 regiones
3551 4109 3810 4181 Egypti.

2155 4201 2443 4273 Venitque
2476 4200 2744 4257 fertilitas
2767 4205 2990 4273 septem
3014 4216 3302 4256 annorum
3338 4216 3352 4254 :
3379 4204 3433 4256 et
3458 4199 3519 4255 in
3540 4199 3813 4270 manipu-

2156 4291 2246 4348 los
2302 4291 2544 4347 redaclaa
2578 4296 2804 4364 segetes
2861 4293 3216 4361 congregata:
3285 4293 3426 4344 sunt
3482 4289 3544 4344 in
3599 4288 3814 4344 horrea

2157 4380 2408 4453 Egypti.
2442 4379 2646 4435 Omnis
2693 4379 2868 4435 etiam
2930 4379 3160 4451 frugum
3197 4377 3563 4433 abundantia
3588 4377 3648 4432 in
3680 4376 3813 4433 sin-

2159 4469 2315 4543 gulis
2348 4469 2596 4524 urbibus
2621 4469 2857 4524 condita
2886 4473 2994 4525 est.
3017 4471 3317 4540 Tantaque
3345 4467 3456 4522 fuit
3485 4465 3811 4522 multitudo

2162 4630 2347 4710 oraice
2375 4630 2477 4710 hoc
2501 4646 2697 4710 aeruca
2730 4629 3595 4710 absconditorumrepertorem
3627 4633 3802 4710 sonet,

2161 4707 2343 4776 tamen
2377 4705 2513 4774 quia
2543 4703 2610 4759 ab
2632 4701 2902 4776 Egyplio
2929 4700 3181 4773 ponitur,
3214 4700 3386 4772 ipsius
3417 4700 3620 4772 linguae
3649 4700 3811 4776 debet

2157 4775 2356 4831 habere
2385 4777 2675 4831 rationem.
2702 4774 2712 4776 ⁷
2739 4776 3143 4844 Interpretatur
3197 4788 3326 4841 ergo
3353 4788 3604 4828 sermone
3631 4774 3804 4844 ASgy-

2153 4850 2270 4918 ptio
2303 4846 2640 4919 Saphaneth
2658 4843 3468 4919 phane,sive,_utSspluaginta
3497 4843 3811 4919 transferre

2156 4915 2469 4988 uoluerunt,
2528 4915 2808 4990 Ψομξςοὸμ
2880 4916 3087 4991 φανὴχς
3150 4915 3414 4991 Salvator
3470 4915 3716 4991 mundi:
3746 4932 3812 4974 eo

2155 4992 2305 5062 quod
2333 4991 2520 5047 orbem
2547 4987 2712 5046 terrae
2733 4987 2800 5046 ab
2823 4987 3149 5046 mmmam
3166 4990 3333 5059 famis
3353 4987 3575 5044 excidio
3597 4988 3808 5044 libera-

2155 5063 2248 5120 rii.
2278 5065 2458 5118 MART.

2229 5183 2291 5194 —-
2324 5148 2599 5208 Nonnihil
2615 5149 2686 5205 ab
2702 5148 2936 5204 Hebraeo
2959 5146 3212 5215 abludit,
3237 5163 3423 5218 neque
3445 5147 3603 5202 enim
3635 5146 3816 5205 habet

2153 5228 2369 5293 textus,
2404 5225 2668 5292 vertitque
2689 5236 2888 5293 nomen
2917 5221 3056 5292 ejus,
3089 5219 3394 5292 multoque
3416 5219 3614 5293 minus
3636 5219 3812 5293 illud,

2153 5290 2706 5365 lingud/Egyptiaca
2737 5309 2754 5345 :
2788 5292 2887 5348 sed
2932 5290 3270 5365 tantum”?!
3299 5290 3532 5365 _v_o_caoi_t
3589 5290 3814 5365 Pharao

2152 5362 2350 5423 nornen
2399 5362 2610 5433 Joseph.
2676 5365 2922 5436 Zaphnat
2979 5363 3251 5436 Pantach.
3311 5363 3461 5436 ANec
3501 5362 3815 5436 ignorabat

2155 5440 2389 5495 Hieron.
2425 5434 2795 5493 commodum
2859 5437 2916 5490 in
2978 5435 3215 5507 Hebraeo
3274 5434 3668 5507 signiﬁcatum
3703 5435 3811 5491 ha-

2153 5512 2288 5566 bere
2322 5511 2424 5565 has
2455 5526 2646 5578 voces,
2681 5507 2944 5579 scillicet,
2972 5505 3288 5563 abscondita
3321 5505 3621 5579 revelantis
3653 5523 3665 5561 ;
3701 5511 3807 5563 sed

2152 5582 2361 5641 maluit
2389 5581 2668 5655 [Egyptiaa
2699 5586 2902 5654 putare
2929 5577 3227 5655 ‘__originjs,
3259 5579 3414 5655 quod
3450 5577 3566 5655 _alii_
3609 5582 3810 5637 tamen

2153 5658 2422 5716 auctores
2454 5649 2568 5712 abs
2601 5649 2852 5726 probant
2880 5667 2894 5710 :
2927 5649 3078 5710 Vide
3126 5651 3324 5721 Quaest.
3361 5649 3679 5708 Hebraicas.
