4080 6186
54 64 511 119 -Μ--Α

236 299 353 355 253

1680 304 1896 357 LIBER
1933 302 2263 359 GENBSIS.

3563 300 3673 359 254

238 424 438 499 [ναις.
471 427 852 499 abundantia]
885 428 1083 498 tritici,
1118 431 1182 484 ut
1210 444 1399 487 arenae
1433 429 1614 486 maris
1647 445 1914 500 coaequa-
1946 430 1997 497 Α
2029 428 2212 484 Deum
2262 427 2419 483 enim
2451 427 2645 484 timeo.
2696 426 2753 483 Si
2814 426 3038 500 pacifici
3064 428 3228 497 estis,
3282 429 3461 486 irater
3489 433 3680 486 vester

242 526 433 585 retur,
461 522 520 573 et
550 518 714 589 copia
746 534 1088 574 mensuram
1119 519 1445 575 excederet.
1474 519 1603 575 Nati
1635 522 1774 575 sunt
1804 536 1910 574 au-

242 611 369 662 tem
399 606 619 677 Joseph
654 605 758 661 filii
788 608 907 664 duo
937 613 1250 681 antequam
1275 608 1495 665 veniret
1519 610 1731 679 fames;
1764 625 1913 680 quos

241 697 299 751 ei
357 696 587 768 peperit
641 697 920 767 Aseneth,
989 697 1107 754 filia
1163 700 1532 771 Putiphares,
1592 698 1914 755 sacerdotis

244 784 639 855 Heliopoleos.
685 785 1040 857 Vocavitque
1088 804 1300 843 nomen
1352 787 1744 860 primogeniti.
1798 790 1912 843 Ma-

246 890 482 941 nasses,
516 875 756 930 dicens:
808 875 1084 932 Oblivisci
1136 892 1227 932 me
1272 876 1408 932 fecit
1439 877 1592 933 Deus
1645 878 1911 933 omnium

252 964 530 1019 laborum
584 980 869 1035 meorum,
923 970 979 1020 et
1008 966 1221 1021 domus
1270 966 1454 1037 patris
1501 966 1635 1022 mei.
1688 971 1911 1022 Nomen

243 1070 483 1125 quoque
517 1053 763 1109 secundi
795 1054 1111 1126 appellavit
1140 1055 1439 1127 Ephraim,
1489 1055 1729 1112 dicens:
1778 1058 1914 1112 Cre-

242 1158 408 1197 scere
444 1159 539 1199 me
566 1143 704 1198 fecit
735 1148 886 1199 Deus
920 1144 977 1199 in
1012 1150 1162 1200 terra
1195 1147 1559 1217 paupertatis
1590 1162 1751 1201 meai.
1794 1147 1914 1217 Igi-

240 1237 340 1287 tur
362 1232 683 1288 transactis
700 1238 925 1305 septem
949 1233 1121 1290 annis
1145 1235 1449 1304 ubertatis,
1480 1236 1580 1307 qui
1601 1235 1834 1292 fuerant
1856 1236 1914 1290 in

236 1322 516 1394 .Egypto,
576 1328 877 1394 ceperunt
933 1323 1129 1379 venire
1181 1330 1410 1396 septem
1482 1325 1621 1380 anni
1682 1325 1913 1395 inopiae,

239 1427 394 1482 quos
428 1412 774 1482 praedixerat
801 1412 1020 1485 Joseph
1050 1429 1062 1467 :
1097 1417 1153 1469 et
1180 1412 1237 1467 in
1263 1412 1532 1469 universo
1557 1414 1696 1470 orbe
1728 1415 1915 1469 fames

241 1500 596 1571 praevaluit;
658 1501 715 1556 in
750 1507 958 1557 cuncta
998 1506 1195 1557 autem
1255 1506 1410 1558 terra
1444 1504 1664 1575 Egypti
1719 1490 1920 1559 deerat

244 1589 442 1661 panis.
478 1590 606 1653 Qua
636 1591 953 1658 esuriente,
980 1591 1257 1647 clamavit
1291 1592 1541 1664 populus
1565 1593 1635 1647 ad
1671 1592 1919 1649 Pharao:

244 1695 404 1744 nem,
443 1679 727 1735 alimenta
759 1684 985 1751 petens.
1053 1681 1279 1747 Quibus
1312 1680 1409 1737 ille
1460 1682 1802 1754 respondit:
1838 1685 1918 1737 Ite

241 1769 312 1823 ad
342 1768 598 1840 Joseph,
650 1774 705 1824 et
737 1769 1023 1841 quidquid
1056 1771 1220 1826 vobis
1264 1770 1497 1839 dixerit,
1545 1771 1733 1827 facite.
1784 1772 1914 1829 Cre-

239 1858 449 1913 scebat
489 1863 688 1914 aufem
735 1859 1001 1930 quotidie
1051 1859 1236 1915 fames
1266 1861 1325 1915 in
1355 1862 1514 1917 omni
1548 1866 1738 1917 terra:
1774 1878 1911 1934 ape-

239 1948 483 2018 ruitque
514 1948 734 2019 Joseph
768 1948 1040 2004 universa
1090 1950 1301 2005 horrea
1329 1955 1386 2006 et
1415 1950 1702 2007 vendebat
1738 1952 1910 2023 zEgy-

238 2036 419 2105 ptiis:
456 2053 596 2091 nam
628 2041 686 2092 et
734 2036 867 2092 illos
900 2044 1271 2110 oppresserat
1318 2040 1520 2096 fames.
1578 2040 1911 2112 Omnesque

236 2125 559 2195 provinciae
586 2126 899 2182 veniebant
921 2127 979 2182 in
1004 2133 1339 2201 Egyptum,
1366 2131 1432 2184 ut
1450 2133 1907 2199 emerentescas,

242 2219 295 2268 et
331 2213 567 2269 malum
598 2215 809 2287 inopiae
844 2220 1260 2288 temperarent.

306 2337 399 2407 [Β.
436 2338 587 2403 XLI,
621 2337 680 2392 C.
742 2338 964 2409 LXXII,
1020 2340 1150 2411 Cap.
1192 2340 1385 2413 XLII.]
1419 2342 1680 2397 Audiens
1710 2346 1904 2398 autem

236 2426 420 2481 Jacob
455 2428 616 2497 quod
654 2426 933 2482 alimenta
964 2429 1352 2485 venderentur
1374 2429 1433 2485 in
1466 2431 1728 2502 IEgypto,
1762 2432 1908 2489 dixit

240 2516 378 2570 ﬁliis
412 2516 583 2571 suis:
624 2516 811 2579 Quare
844 2516 1191 2589 negligitis?
1240 2518 1431 2575 audivi
1460 2522 1610 2591 quod
1644 2520 1901 2577 triticum

238 2606 619 2661 venundetur
650 2605 708 2660 in
741 2606 983 2677 Egypto
1010 2622 1023 2661 :
1072 2607 1412 2664 descendite
1441 2614 1497 2666 et
1526 2610 1701 2665 emite
1733 2612 1904 2667 nobis

240 2693 606 2761 necessaria,
641 2699 705 2749 ut
738 2695 1035 2766 possimus
1058 2695 1247 2753 vivere
1268 2702 1324 2752 et
1345 2714 1459 2753 non
1482 2715 1904 2756 consumamur

234 2784 462 2856 inopia.
500 2783 939 2840 Descendentes
975 2784 1155 2856 igitur
1185 2786 1391 2843 fratres
1429 2787 1647 2860 Joseph
1679 2789 1899 2859 decem,

237 2878 303 2928 ut
353 2878 627 2927 emerent
674 2873 972 2928 frumenta
1012 2874 1073 2929 in
1109 2879 1345 2947 Egypto
1376 2876 1701 2947 (Benjamin
1742 2880 1899 2934 domi

236 2968 469 3017 retento
506 2963 579 3017 ab
630 2964 831 3029 Jacob,
885 2962 981 3034 qui
1036 2964 1260 3019 dixerat
1291 2965 1567 3022 fratribus
1599 2968 1765 3038 ejus:
1819 2969 1899 3024 Ne

240 3051 388 3107 forte
421 3052 486 3106 in
524 3050 734 3107 itinere
766 3052 1089 3124 quidquam
1134 3054 1391 3126 patiatur
1430 3056 1612 3127 mali),
1645 3057 1899 3130 ingressi

238 3145 375 3195 sunt
424 3144 649 3195 terram
700 3140 927 3212 Egypti
976 3158 1110 3197 cum
1146 3143 1279 3199 aliis
1328 3144 1428 3215 qui
1462 3146 1781 3217 pergebant
1828 3149 1894 3201 ad

242 3231 587 3285 emendum.
622 3230 754 3285 Erat
779 3235 977 3285 autem
1009 3231 1197 3288 fames
1233 3233 1290 3288 in
1325 3237 1478 3290 terra
1507 3234 1802 3292 Chanaan.
1837 3241 1903 3292 Et

242 3319 487 3390 Joseph,
540 3318 810 3390 princeps
842 3320 1027 3393 (Vulg.
1078 3322 1205 3377 add.
1258 3328 1382 3378 erat
1428 3323 1487 3378 in
1520 3326 1691 3396 terra)
1735 3330 1905 3398 Egy-

246 3410 346 3480 pti,
381 3414 571 3480 atque
602 3408 675 3462 ad
698 3406 857 3463 illius
882 3414 1089 3465 nutum
1123 3412 1415 3467 frumenta
1438 3412 1671 3485 populis
1697 3416 1905 3471 vende-

246 3498 486 3553 bantur.
550 3496 811 3568 Cumque
868 3499 1211 3556 adorassent
1240 3517 1373 3556 eum
1432 3503 1643 3558 fratres
1681 3504 1796 3575 sui,
1846 3510 1903 3561 et

245 3588 586 3658 agnovisset
606 3603 729 3655 eos,
752 3587 923 3659 quasi
953 3588 1024 3644 ad
1056 3589 1276 3646 alienos
1299 3591 1505 3647 durius
1527 3591 1896 3664 loquebatur,

244 3675 621 3746 interrogans
666 3692 799 3731 eos:
854 3677 1017 3733 Unde
1073 3678 1364 3735 venistis?
1421 3680 1528 3743 Qui
1579 3683 1895 3753 responde-

242 3770 411 3820 runt:
470 3764 556 3819 De
606 3769 761 3820 terra
789 3765 1086 3833 Chanaan,
1138 3772 1203 3823 ut
1251 3785 1521 3825 amamus
1565 3770 1741 3826 victui
1793 3789 1893 3829 ne-

238 3852 515 3908 cessaria.
550 3855 619 3907 Et
648 3858 841 3909 tamen
876 3855 1083 3911 fratres
1110 3856 1235 3929 ipse
1256 3874 1635 3930 cognoscens,
1672 3877 1780 3916 non
1807 3866 1895 3917 est

237 3944 469 4011 agnitus
519 3942 591 3996 ab
639 3942 743 3998 eis.
798 3944 1277 4017 Recordatusque
1349 3964 1714 4019 somnorum,
1764 3966 1890 4021 quae

232 4030 551 4102 aliquando
600 4030 847 4099 viderat,
878 4033 958 4089 ait
996 4034 1068 4089 ad
1111 4050 1244 4090 eos:
1278 4035 1681 4108 Exploratores
1710 4040 1890 4097 estis:

235 4125 297 4174 ut
328 4121 580 4175 videatis
615 4120 936 4177 infirmiora
958 4127 1148 4192 terras,
1174 4124 1439 4182 venistis.
1462 4127 1568 4192 Qui
1591 4128 1887 4185 dixerunt:

233 4208 356 4264 Non
406 4214 501 4263 est
551 4208 655 4275 ita,
688 4211 944 4276 domine,
1005 4212 1104 4266 sed
1165 4214 1315 4268 servi
1356 4214 1439 4269 tui
1496 4221 1778 4271 venerunt
1828 4222 1891 4273 ut

231 4302 495 4353 emerent
518 4298 700 4353 cibos.
726 4298 942 4354 Omnes
958 4299 1058 4354 filii
1085 4302 1258 4357 unius
1279 4304 1387 4358 viri
1406 4320 1635 4359 sumus:
1663 4306 1889 4376 pacifici

231 4388 523 4453 venimus,
574 4402 680 4441 nec
727 4388 1051 4459 quidquam
1102 4391 1307 4446 famuli
1338 4392 1426 4447 tui
1477 4393 1890 4451 machinantur

234 4477 392 4528 mali.
426 4476 655 4539 Quibus
686 4476 783 4532 ille
816 4479 1156 4549 respondit:
1199 4479 1378 4537 Aliter
1409 4486 1534 4537 est:
1571 4484 1885 4541 immunita

230 4569 395 4617 terra:
425 4564 614 4635 hujus
644 4566 1014 4623 considerare
1036 4568 1294 4625 venistis.
1328 4570 1398 4625 Et
1431 4571 1609 4642 [ναις.
1644 4574 1738 4644 At]

240 4653 586 4720 Duodecim,
614 4654 913 4726 inquiunt,
947 4657 1095 4712 servi
1128 4659 1233 4724 tui,
1282 4660 1488 4716 fratres
1519 4678 1748 4729 sumus,
1785 4664 1887 4718 lilii

229 4743 331 4796 viri
364 4744 545 4797 unius
586 4743 643 4796 in
709 4749 864 4799 terra
906 4746 1203 4814 Chanaan,
1238 4749 1523 4805 minimus
1556 4767 1686 4806 cum
1724 4759 1887 4823 patre

231 4836 424 4887 nostro
474 4836 585 4900 est,
636 4836 688 4887 et
743 4832 893 4889 alius
925 4851 1036 4889 non
1085 4841 1173 4891 est
1221 4853 1413 4908 super.
1464 4838 1581 4894 Hoc
1630 4846 1738 4908 est,
1782 4842 1883 4910 ait,

229 4922 378 4990 quod
411 4920 649 4975 locutus
680 4937 812 4977 sum
840 4939 853 4976 :
908 4923 1313 4996 Exploratores
1345 4928 1508 4984 estis.
1562 4929 1693 4985 Jam
1730 4947 1884 4985 nunc

226 5010 691 5081 experimentum
725 5011 902 5066 vestri
931 5013 1193 5085 capiam;
1227 5032 1330 5087 per
1354 5016 1602 5073 salutem
1633 5018 1884 5076 Pharao-

230 5101 315 5153 nis
374 5116 493 5155 non
549 5099 929 5171 egrediemini
1006 5102 1160 5174 hinc,
1220 5104 1403 5161 donec
1456 5107 1650 5163 veniat
1706 5110 1883 5165 frater

229 5194 411 5242 vester
443 5187 755 5244 minimus.
788 5189 1004 5247 Mittite
1035 5208 1064 5247 e
1092 5194 1259 5249 vobis
1292 5212 1497 5266 unum,
1544 5200 1599 5252 et
1630 5198 1883 5253 adducat

230 5292 375 5343 eum,
397 5294 507 5333 vos
530 5282 730 5333 autem
762 5278 944 5346 eritis,
977 5281 1035 5336 in
1061 5283 1330 5354 vinculis,
1356 5286 1538 5341 donec
1562 5289 1883 5358 probentur

230 5385 343 5436 qua?
373 5368 635 5434 dixistis,
699 5372 896 5424 utrum
930 5369 1076 5426 falsa
1128 5389 1200 5426 an
1229 5389 1365 5428 vera
1416 5375 1567 5431 sint:
1619 5374 1879 5447 alioquin

234 5472 321 5524 per
348 5456 607 5512 salutem
634 5456 957 5514 Pharaonis
986 5458 1382 5531 exploratores
1414 5463 1574 5520 estis.
1611 5465 1881 5520 Tradidit

234 5560 356 5617 ergo
384 5563 489 5602 eos
530 5546 809 5602 custodia:
840 5546 1028 5603 tribus
1076 5549 1305 5607 diebus.
1352 5552 1455 5608 Die
1484 5558 1680 5609 autem
1708 5554 1878 5610 tertio

234 5634 443 5691 eductis
479 5651 512 5691 e
542 5651 798 5703 carcere,
832 5635 952 5693 ait:
990 5638 1179 5697 Facite
1209 5656 1338 5713 quae
1372 5641 1514 5713 dixi,
1547 5645 1605 5700 et
1632 5643 1877 5702 vivetis:

2023 536 2177 576 unus
2231 518 2445 591 ligetur
2476 518 2535 573 in
2562 534 2829 575 carcere:
2873 535 2975 574 vos
3008 524 3203 575 autem
3238 519 3414 589 abite,
3446 524 3503 575 et
3534 521 3675 576 ferte

2018 608 2319 664 frumenta
2344 623 2471 678 qua:
2494 606 2743 676 emistis,
2768 607 2826 662 in
2854 608 3059 664 domos
3085 614 3330 678 vestras,
3355 613 3414 664 et
3436 612 3673 664 fratrem

2022 701 2279 753 vestrum
2314 695 2626 751 minimum
2665 696 2733 751 ad
2778 711 2870 752 me
2903 698 3197 765 adducite,
3233 702 3299 753 ut
3328 698 3548 769 possim
3581 714 3674 754 ve-

2022 791 2175 844 stros
2219 787 2466 858 probare
2499 801 2821 850 sermones,
2873 790 2931 841 et
2963 804 3077 842 non
3111 787 3466 843 moriamini.
3501 787 3671 843 Fece-

2024 881 2181 944 runt,
2215 881 2279 931 ut
2308 876 2555 942 dixerat,
2588 880 2645 930 et
2674 874 2852 930 locuti
2881 881 3022 931 sunt
3051 877 3122 931 ad
3151 875 3395 932 invicem
3421 894 3433 933 :
3467 876 3671 932 Merito

2023 965 2142 1021 haec
2168 964 2446 1037 patimur,
2480 964 2619 1036 quia
2649 964 3016 1036 peccavimus
3036 964 3095 1019 in
3120 965 3354 1022 fratrem
3378 971 3671 1035 nostrum,

2024 1055 2286 1111 videntes
2310 1054 2642 1125 angustiam
2673 1052 2880 1109 anima:
2911 1052 3087 1118 illius,
3111 1070 3242 1109 cum
3266 1054 3675 1126 deprecaretur

2026 1161 2155 1213 nos,
2204 1148 2261 1198 et
2296 1160 2410 1198 non
2457 1142 2832 1211 audivimus;
2890 1141 3104 1197 idcirco
3151 1142 3310 1198 venit
3357 1160 3534 1215 super
3564 1160 3670 1200 nos

2025 1233 2141 1289 ista
2173 1232 2496 1288 tribulatio.
2550 1236 2590 1285 E
2621 1232 2836 1305 quibus
2869 1248 3025 1288 unus
3074 1231 3300 1301 Ruben,
3348 1233 3463 1287 ait:
3506 1232 3670 1288 Nun-

2026 1323 2166 1394 quid
2201 1340 2315 1378 non
2350 1322 2467 1377 dixi
2500 1323 2702 1377 vobis:
2735 1321 2923 1377 Nolite
2959 1337 3196 1394 peccare
3226 1322 3286 1376 in
3319 1338 3587 1393 puerum,
3618 1326 3676 1378 et

2028 1428 2144 1467 non
2177 1410 2426 1467 audistis
2477 1410 2609 1466 me?
2657 1428 2725 1467 en
2760 1409 2999 1481 sanguis
3029 1411 3157 1481 ejus
3186 1409 3531 1482 exquiritur.
3565 1410 3674 1465 Ne-

2028 1501 2292 1557 sciebant
2322 1505 2515 1555 autem
2548 1501 2704 1572 quod
2734 1499 3088 1571 intelligeret
3130 1500 3349 1573 Joseph
3376 1517 3389 1554 :
3421 1515 3486 1555 eo
3520 1501 3671 1569 quod

2029 1607 2130 1663 per
2175 1592 2549 1662 interpretem
2602 1591 2940 1662 loqueretur
2982 1591 3053 1645 ad
3084 1606 3202 1645 eos.
3247 1588 3581 1661 Avertitque
3613 1606 3674 1646 se

2027 1696 2365 1753 parumper;
2398 1685 2455 1735 et
2485 1680 2677 1735 flevit:
2711 1684 2768 1735 et
2791 1696 3055 1735 reversus
3085 1680 3318 1735 locutus
3337 1683 3427 1735 est
3446 1680 3517 1734 ad
3550 1695 3673 1735 eos.

2028 1769 2380 1841 Tollensque
2434 1769 2687 1836 Simeon,
2737 1773 2794 1824 et
2850 1768 3041 1840 ligans
3097 1767 3214 1824 illis
3265 1768 3671 1840 prazsentibus,

2013 1858 2197 1930 jussit
2239 1858 2528 1914 ministris
2561 1863 2624 1913 ut
2649 1856 2963 1930 implerent
2992 1874 3193 1914 saccos
3224 1874 3423 1914 eorum
3456 1857 3669 1925 tritico,

2020 1954 2077 2004 et
2111 1951 2455 2020 reponerent
2477 1947 2755 2019 pecunias
2772 1947 3139 2017 singulorum
3169 1947 3228 2002 in
3252 1947 3504 2003 sacculis
3523 1948 3669 2014 suis,

2020 2038 2175 2093 datis
2214 2054 2397 2110 supra
2424 2036 2663 2093 cibariis
2694 2037 2751 2091 in
2801 2037 2954 2091 viam
2982 2052 2995 2091 :
3042 2036 3143 2107 qui
3176 2035 3432 2092 fecerunt
3464 2036 3564 2092 ita.
3600 2041 3673 2092 At

2018 2127 2102 2182 illi
2144 2130 2444 2200 portantes
2476 2128 2768 2182 frumenta
2796 2126 2854 2181 in
2882 2125 3068 2181 asinis
3099 2126 3279 2197 [Vulg.
3336 2125 3461 2182 add.
3520 2126 3671 2198 suis]

2019 2216 2261 2289 profecti
2300 2221 2459 2273 sunt.
2513 2218 2837 2288 Apertoque
2869 2232 3024 2271 unus
3070 2232 3260 2285 sacco,
3293 2220 3357 2271 ut
3386 2216 3671 2286 daretju-

2020 2310 2218 2362 mento
2252 2306 2533 2377 pabulum
2566 2306 2626 2360 in
2660 2305 2999 2373 diversorio,
3034 2303 3470 2376 contemplatus
3504 2320 3674 2376 pecu.

2018 2396 2177 2451 niam
2210 2396 2267 2450 in
2301 2412 2399 2451 ore
2430 2394 2673 2462 saeculi,
2718 2393 2864 2449 dixit
2914 2393 3196 2449 fratribus
3227 2393 3349 2449 suis
3377 2410 3391 2447 :
3425 2393 3669 2448 Reddita

2015 2489 2104 2540 est
2134 2483 2279 2539 mihi
2312 2484 2559 2555 pecunia
2599 2500 2727 2539 mea
2757 2484 2935 2555 [Vulg.
2966 2486 3076 2539 fac.
3113 2484 3282 2554 mea],
3318 2499 3388 2538 en
3420 2481 3669 2538 habetur

2014 2572 2073 2629 in
2107 2590 2297 2629 sacco.
2334 2578 2401 2628 Et
2420 2573 2832 2644 obstupefacti,
2864 2573 3224 2645 turbatique,
3250 2573 3523 2628 dixerunt
3545 2588 3670 2627 mu-

2014 2666 2145 2719 tuo:
2180 2663 2472 2729 Quidnam
2504 2667 2593 2719 est
2623 2662 2728 2718 hoc
2763 2663 2916 2734 quod
2950 2661 3086 2717 fecit
3118 2662 3287 2718 nobis
3318 2661 3518 2717 Deus?
3550 2662 3662 2717 Ve-

2013 2758 2345 2825 neruntque
2376 2753 2447 2809 ad
2489 2753 2670 2808 Jacob
2721 2757 2943 2823 patrem
2977 2768 3151 2807 suum
3184 2752 3241 2806 in
3276 2756 3489 2806 terram
3523 2751 3664 2806 Cha-

2013 2857 2186 2908 naan,
2219 2847 2275 2897 et
2296 2845 2676 2897 narraverunt
2693 2841 2743 2897 ei
2765 2840 2965 2896 omnia
2986 2856 3112 2912 qua:
3137 2839 3493 2895 accidissent
3523 2839 3659 2905 sibi,

2010 2930 2310 2987 dicentes:
2349 2931 2605 2986 Locutus
2649 2933 2735 2984 est
2766 2929 2933 2984 nobis
2966 2929 3241 2985 dominus
3287 2934 3454 2984 terrai
3492 2928 3659 2998 dure,

2011 3022 2066 3075 et
2099 3020 2325 3091 putavit
2356 3036 2461 3076 nos
2494 3019 2887 3092 exploratores
2919 3017 3249 3091 provinciae.
3278 3018 3381 3074 Cui
3415 3033 3653 3088 respon-

2010 3108 2247 3165 dimus:
2280 3108 2510 3165 Pacifici
2534 3126 2764 3175 sumus,
2789 3125 2894 3165 nec
2918 3107 3068 3163 ullas
3091 3108 3370 3163 molimur
3392 3105 3660 3173 insidias,

1932 3180 1973 3247 C
2011 3197 2326 3254 Duodecim
2351 3200 2556 3254 fratres
2579 3216 2694 3254 uno
2718 3201 2878 3270 patre
2898 3197 3081 3269 geniti
3104 3213 3340 3253 sumus:
3366 3212 3520 3251 unus
3546 3212 3660 3250 non

2015 3292 2105 3343 cst
2142 3304 2337 3360 super,
2373 3288 2652 3344 minimus
2700 3304 2833 3343 cum
2887 3292 3048 3359 patre
3090 3292 3355 3343 versatur
3404 3286 3462 3340 in
3506 3290 3663 3341 terra

2012 3376 2311 3433 Chanaan.
2346 3378 2453 3443 Qui
2490 3376 2570 3432 ait
2598 3376 2804 3433 nobis:
2840 3377 2933 3432 Sic
2959 3376 3214 3448 probabo
3246 3375 3399 3448 quod
3432 3375 3660 3447 pacifici

2011 3466 2179 3523 sitis:
2230 3471 2489 3522 Fratrem
2534 3474 2790 3522 veslrum
2823 3482 3006 3521 unum
3040 3465 3316 3521 dimittite
3355 3466 3508 3537 apud
3545 3481 3658 3528 me,

2008 3560 2065 3611 et
2104 3556 2325 3613 cibaria
2359 3557 2629 3612 domibus
2674 3556 2880 3611 vestris
2934 3556 3263 3611 necessaria
3309 3555 3547 3623 sumite,
3601 3558 3659 3610 et

2008 3646 2182 3712 abite,
2225 3648 2583 3718 fratremque
2613 3654 2867 3701 vestrum
2913 3646 3228 3701 minimum
3280 3645 3553 3700 adducite
3582 3646 3655 3699 ad

2005 3752 2119 3805 me,
2152 3740 2217 3791 ut
2245 3735 2426 3791 sciam
2452 3736 2606 3807 quod
2630 3752 2745 3791 non
2769 3734 2899 3790 sitis
2925 3734 3339 3806 exploratores,
3363 3738 3419 3789 et
3445 3734 3650 3801 istum,

2004 3826 2107 3898 qui
2140 3830 2371 3882 tenetur
2397 3826 2455 3880 in
2485 3824 2757 3891 vinculis,
2799 3824 3054 3896 recipere
3103 3823 3361 3895 possitis,
3396 3839 3461 3878 ac
3490 3822 3654 3878 dein-

2002 3931 2138 3986 ceps
2170 3916 2400 3972 emendi
2432 3932 2557 3987 qua
2590 3914 2767 3971 vultis
2800 3914 3062 3969 habeatis
3092 3911 3407 3969 licentiam.
3441 3912 3537 3967 llis
3569 3912 3652 3966 di-

2002 4005 2111 4060 ctis
2141 4022 2274 4061 cum
2305 4006 2600 4061 frumenta
2642 4000 3026 4068 effunderent,
3060 4000 3277 4073 singuli
3312 4004 3654 4071 repererunt

2001 4094 2061 4148 in
2114 4111 2209 4150 ore
2267 4111 2568 4151 saccorum
2629 4094 2839 4165 ligatas
2913 4093 3188 4162 pecunias
3243 4088 3653 4161 exterritisque

2000 4183 2178 4239 simul
2210 4184 2505 4251 omnibus,
2538 4183 2684 4237 dixit
2713 4186 2879 4253 pater
2920 4181 3136 4237 Jacob:
3169 4179 3401 4249 Absque
3450 4178 3650 4235 liberis

2000 4288 2092 4327 me
2131 4289 2260 4328 esse
2310 4272 2551 4336 fecistis,
2581 4270 2799 4341 Joseph
2853 4287 2966 4326 non
3016 4274 3107 4326 est
3157 4285 3354 4341 super,
3409 4268 3645 4326 Simeon

1996 4365 2231 4417 tenetur
2258 4361 2319 4417 in
2339 4360 2612 4430 vinculis,
2644 4359 2950 4426 Benjamin
2973 4359 3281 4416 auferetis:
3316 4359 3375 4415 in
3409 4376 3500 4415 me
3528 4358 3647 4414 haec

1998 4449 2156 4505 mala
2208 4450 2406 4505 omnia
2467 4450 2819 4505 reciderunt.
2878 4449 2983 4505 Cui
3031 4449 3336 4521 respondit
3391 4449 3644 4505 Ruben:

1921 4552 1965 4615 υ
2000 4543 2154 4595 Duos
2188 4538 2339 4595 ﬁlios
2388 4554 2549 4595 meos
2588 4538 2872 4607 interﬁce,
2923 4538 2974 4595 si
3006 4556 3119 4595 non
3165 4539 3447 4595 ι-θάιιχειηο
3478 4537 3645 4594 illum

1998 4627 2142 4683 tibi:
2178 4629 2341 4683 trade
2375 4627 2541 4682 illum
2574 4627 2634 4683 in
2668 4644 2844 4683 manu
2878 4644 3029 4698 mea,
3060 4633 3117 4684 et
3138 4644 3242 4701 ego
3270 4644 3403 4683 eum
3438 4628 3545 4683 tibi
3567 4644 3649 4683 re-

1997 4717 2262 4772 stituam.
2286 4720 2357 4772 At
2379 4717 2503 4773 ille:
2542 4717 2663 4774 Non
2686 4717 3021 4787 descendet,
3046 4717 3262 4789 inquit,
3297 4716 3453 4773 filius
3477 4732 3647 4772 meus

1997 4806 2333 4861 vobiscum:
2364 4806 2548 4861 frater
2576 4810 2705 4876 ejus
2738 4810 3007 4861 mortuus
3054 4811 3163 4875 est,
3195 4806 3321 4876 ipse
3352 4804 3514 4861 solus
3545 4821 3644 4860 re—

1995 4896 2244 4949 mansit:
2297 4896 2345 4950 si
2396 4896 2536 4966 quid
2588 4894 2639 4949 ei
2672 4894 2899 4951 adversi
2955 4895 3233 4951 acciderit
3272 4895 3329 4949 in
3364 4900 3518 4950 terra
3570 4895 3643 4949 ad

1992 4999 2170 5054 quam
2204 4984 2465 5055 pergitis,
2516 4984 2815 5041 deducetis
2862 5000 3039 5040 canos
3089 5000 3249 5040 meos
3279 5000 3414 5039 cum
3446 4982 3644 5039 dolore

1991 5074 2063 5128 ad
2104 5074 2345 5129 inleros.

2063 5196 2148 5269 [Β.
2185 5198 2350 5263 LXII,
2386 5197 2445 5253 C.
2485 5197 2727 5261 LXXIlI,
2764 5198 2893 5271 Cap.
2926 5200 3157 5272 XLIII.]
3191 5198 3432 5256 Interim
3458 5198 3644 5252 fames

1991 5302 2223 5341 omnem
2259 5292 2469 5342 terram
2494 5286 2870 5343 vehementer
2900 5290 3214 5361 premebat.
3240 5287 3643 5359 Consumptis-

1990 5391 2101 5446 que
2123 5375 2288 5445 cibis,
2313 5393 2457 5446 quos
2476 5394 2542 5431 ex
2564 5376 2806 5448 Egypto
2829 5378 3181 5447 detulerant,
3206 5378 3351 5432 dixit
3370 5377 3543 5433 Iacob
3568 5376 3639 5431 ad

1990 5463 2139 5519 filios
2172 5480 2349 5519 suos:
2384 5466 2782 5535 Revertimini,
2807 5471 2863 5521 et
2885 5466 3262 5537 emite[l’ulg.
3285 5465 3414 5520 add.
3444 5452 3638 5521 nobis]

1988 5553 2313 5626 pauxillum
2346 5572 2637 5611 escarum.
2662 5556 2981 5627 Respondit
3009 5557 3228 5611 ludas:
3262 5556 3640 5613 Denuntiavit

1987 5644 2076 5700 vir
2098 5643 2267 5702 nobis
2289 5644 2390 5701 ille
2414 5646 2523 5702 sub
2546 5644 3229 5717 testiﬁcationejurandi,
3252 5644 3456 5704 dicens
3476 5663 3490 5705 :
3512 5645 3638 5706 Non
