4080 6186
408 317 522 407 '255

1468 356 1529 409 Β.
1570 353 1977 409 HIERONYMI
2015 355 2268 410 DIVINA
2302 353 2798 409 BIBLIOTHECA.

3709 352 3832 410 256

417 477 691 534 videbitis
721 476 923 532 faciem
957 492 1169 543 meam,
1203 477 1315 533 nisi
1343 477 1579 533 fratrem
1611 481 1869 533 vestrum
1895 477 2061 533 mini-
2091 474 2328 547 A'culis
2358 477 2605 544 vestris;
2639 494 2773 533 nam
2809 477 3138 548 pecuniam,
3171 494 3347 549 quam
3377 477 3625 534 dedistis
3656 479 3828 544 mihi,

421 583 584 624 mum
635 564 998 622 adduxeritis
1038 565 1361 621 vobiscum.
1413 566 1469 620 Si
1515 583 1651 638 ergo
1703 567 1790 622 vis
1831 567 2062 622 mittere

421 672 549 712 eum
586 654 913 722 nobiscum,
948 671 1259 726 pergemus
1305 654 1540 727 pariter,
1574 660 1630 712 et
1662 672 1926 712 ememus
1955 655 2059 711 tibi

420 743 786 801 necessaria:
823 742 912 798 sin
956 747 1149 798 autem
1199 760 1313 800 non
1363 745 1470 812 vis,
1523 763 1636 801 non
1687 745 1942 801 ibimus:
1977 745 2064 800 vir

418 834 858 904 enim,utsa2pe
909 832 1185 902 diximus,
1235 834 1600 890 denuntiavit
1624 835 1812 901 nobis,
1837 833 2058 889 dicens:

416 922 542 979 Non
581 921 852 976 videbitis
895 922 1097 978 faciem
1148 939 1336 978 meam
1389 925 1612 996 absque
1666 926 1838 980 fiatre
1867 927 2062 979 vestro

415 1010 682 1065 minimo.
714 1010 863 1066 Dixit
884 1011 966 1066 eis
999 1010 1216 1068 Israel:
1249 1015 1310 1068 In
1346 1029 1534 1068 meam
1569 1013 1672 1068 hoc
1703 1012 1921 1069 fecistis
1953 1013 2060 1068 mi-

413 1099 649 1166 seriam,
685 1103 749 1154 ut
775 1100 1111 1154 iudicaretis
1143 1105 1199 1155 et
1231 1100 1408 1156 alium
1437 1102 1647 1157 habere
1675 1119 1776 1158 vos
1801 1102 2059 1158 fratrem.

413 1193 486 1243 At
519 1187 602 1243 illi
635 1189 1100 1260 responderunt:
1153 1191 1534 1261 Interrogavit
1586 1209 1692 1248 nos
1733 1191 1908 1246 homo
1961 1208 2064 1264 per

415 1277 675 1333 ordinem
723 1282 980 1333 nostram
1014 1279 1386 1350 progeniem:
1431 1281 1478 1336 si
1528 1284 1695 1352 pater
1735 1280 1973 1351 viveret,
2011 1281 2057 1337 si

413 1365 767 1422 haberemus
800 1367 1052 1434 fratrem,
1100 1373 1156 1424 et
1185 1386 1290 1424 nos
1325 1369 1737 1440 respondimus
1769 1369 1816 1424 ei
1863 1385 2062 1425 conse-

416 1456 854 1527 quenterjuxta
885 1456 937 1509 id
974 1457 1123 1525 quod
1161 1457 1346 1512 fuerat
1375 1458 1710 1514 sciscitatus
1739 1475 1751 1514 :
1791 1458 2058 1530 nunquid

415 1543 566 1599 scire
595 1548 929 1614 poteramus
954 1545 1107 1615 quod
1141 1545 1407 1601 dicturus
1436 1554 1584 1601 esset
1611 1562 1624 1600 :
1647 1546 1930 1602 Adducite
1958 1564 2059 1602 vo-

415 1633 644 1688 biscum
679 1633 914 1688 fratrem
942 1638 1198 1689 vestrum
1225 1635 1252 1689 ?
1279 1634 1464 1690 Judas
1488 1651 1716 1707 quoque
1742 1636 1886 1690 dixit
1907 1637 2058 1707 patri

395 1735 559 1778 'suo:
609 1721 771 1776 Mitte
811 1737 1060 1793 puerum
1107 1739 1358 1792 mecum,
1399 1729 1461 1779 ut
1493 1723 1952 1796 proficiscamur,
2004 1729 2059 1779 et

2173 566 2479 638 probatam
2505 582 2607 635 ego
2631 565 2833 620 habeo.
2861 566 3190 638 Eduxitque
3221 567 3293 621 ad
3317 583 3416 622 eos
3462 567 3718 623 Simeon.
3750 572 3820 622 Et

2173 655 2523 710 introductis
2570 657 2832 722 domum,
2895 655 3095 711 attulit
3154 672 3393 728 aquam,
3443 661 3500 711 et
3556 655 3830 712 laverunt

2174 743 2350 815 pedes
2377 759 2536 812 suos,
2562 743 2838 814 deditque
2868 743 3081 816 pabula
3104 745 3286 799 asinis
3318 760 3543 802 eorum.
3578 745 3665 802 Illi
3691 762 3827 802 vero

2171 832 2458 904 parabant
2489 848 2752 900 munera,
2787 833 2972 887 donec
3004 834 3410 904 ingrederetur
3445 835 3659 906 Joseph
3695 852 3819 890 me-

2172 920 2354 975 ridie:
2405 921 2711 976 audierant
2758 921 2916 976 enim
2967 923 3125 992 quod
3174 922 3252 977 ibi
3287 924 3576 978 comesuri
3621 915 3827 978 essent

2172 1025 2404 1081 panem.
2438 1009 2626 1082 Igitur
2654 1011 2956 1081 ingressus
2988 1015 3076 1067 est
3104 1010 3320 1082 Joseph
3351 1011 3591 1067 domum
3626 1028 3827 1079 suam,

2173 1098 2628 1171 obtuleruntque
2685 1098 2737 1153 ei
2797 1115 3058 1166 munera,
3112 1103 3378 1156 tenentes
3434 1100 3492 1155 in
3547 1100 3827 1156 manibus

2171 1187 2353 1258 [ναις.
2385 1187 2512 1243 add.
2547 1188 2694 1259 suis]
2723 1204 2735 1242 :
2781 1193 2839 1242 et
2867 1190 3256 1244 adoraverunt
3286 1189 3452 1260 proni
3487 1189 3544 1244 in
3579 1194 3821 1246 terram.

2172 1281 2244 1330 At
2274 1275 2370 1330 illc
2402 1276 2716 1332 clementer
2746 1277 3082 1332 rcsalutatis
3103 1277 3209 1349 eis,
3232 1278 3612 1351 interrogavit
3634 1278 3822 1349 [ναις.

2169 1365 2295 1419 add.
2332 1365 2476 1436 eos],
2509 1365 2748 1420 dicens:
2783 1365 3066 1422 Salvusne
3095 1371 3185 1422 est
3215 1372 3379 1438 pater
3405 1373 3595 1422 vester
3623 1383 3825 1434 senex,

2171 1453 2241 1508 de
2271 1470 2387 1524 quo
2417 1453 2696 1508 dixeratis
2722 1453 2864 1508 mihi
2885 1454 2912 1508 ‘P
2941 1454 3133 1510 adhuc
3155 1455 3293 1510 vivit
3321 1454 3348 1509 ?
3379 1455 3486 1520 Qui
3510 1457 3829 1527 responde-

2170 1547 2339 1598 runt:
2375 1543 2591 1615 Sospes
2621 1547 2710 1598 est
2768 1559 2970 1599 servus
3008 1547 3149 1600 tuus
3181 1548 3346 1615 pater
3375 1549 3596 1612 noster,
3631 1544 3824 1600 adhuc

2146 1631 2328 1686 'vivit.
2363 1632 2426 1686 Et
2456 1632 2766 1700 incurvati,
2800 1636 3188 1689 adoraverunt
3216 1650 3373 1690 eum.
3409 1633 3831 1690 Attollensau-

2169 1725 2286 1776 tem
2318 1722 2518 1777 oculos
2561 1722 2799 1794 Joseph,
2829 1722 2975 1777 vidit
3031 1723 3335 1794 Benjamin
3367 1724 3605 1780 fratrem
3637 1739 3817 1778 suum

413 1812 713 1883 possimus
735 1810 943 1880 vivere,
970 1827 1041 1866 ne
1066 1811 1386 1868 moriamur
1405 1829 1510 1869 nos
1527 1817 1583 1868 et
1603 1813 1826 1884 parvuli
1852 1812 2056 1869 nostri.
2089 1827 2135 1892 B
2168 1809 2486 1880 uterinum,
2543 1815 2600 1866 et
2630 1811 2710 1865 ait
2739 1828 2751 1866 :
2809 1815 2922 1866 Iste
2951 1816 3040 1867 est
3093 1813 3270 1868 frater
3297 1817 3485 1868 vester
3515 1811 3823 1884 parvulus.

415 1898 533 1970 Ego
553 1898 812 1970 suscipio
836 1916 1080 1972 puerum
1108 1917 1120 1954 :
1153 1901 1222 1956 de
1251 1917 1426 1956 manu
1456 1918 1583 1957 mea
1605 1901 1832 1972 require
1860 1901 2056 1957 illum:

413 1987 527 2043 nisi
575 1988 880 2058 reduxere,
913 1992 970 2044 et
1016 1989 1308 2045 tradidero
1345 2005 1478 2045 eum
1520 1991 1650 2061 tibi,
1702 2007 1798 2046 ero
1841 1990 2064 2062 peccati

414 2076 475 2130 in
518 2080 576 2131 te
617 2093 750 2131 reus
802 2079 962 2133 omni
1021 2082 1298 2150 tempore.
1359 2080 1416 2134 Si
1472 2097 1583 2135 non
1635 2079 2065 2135 intercessisset

416 2164 641 2234 dilatio,
681 2166 804 2236 jam
835 2167 956 2221 vice
988 2167 1165 2221 altera
1215 2167 1599 2224 venissemus.
1657 2168 1837 2241 Igitur
1885 2166 2062 2224 Israel

417 2257 583 2326 pater
612 2270 811 2310 eorum
847 2254 994 2309 dixit
1025 2255 1095 2310 ad
1127 2272 1259 2312 eos:
1295 2256 1353 2312 Si
1385 2257 1468 2312 sic
1499 2273 1736 2313 necesse
1757 2262 1865 2325 est,
1898 2258 2064 2314 facite

420 2343 573 2412 quod
609 2342 809 2413 vultis,
843 2343 1057 2399 sumite
1089 2345 1159 2399 de
1208 2345 1449 2416 Optimis
1482 2347 1658 2418 [νεαρ.
1694 2347 1817 2402 add.
1855 2347 2065 2403 fructi-

417 2431 554 2502 bus]
599 2433 764 2487 terrae
796 2431 854 2485 in
888 2433 1042 2488 vasis
1091 2433 1322 2500 vestris,
1369 2438 1425 2488 et
1471 2433 1612 2490 ferte
1642 2435 1765 2491 viro
1795 2451 2061 2508 munera,

417 2519 716 2575 modicum
749 2520 975 2588 resinae,
1029 2525 1085 2576 et
1119 2520 1326 2592 mellis,
1361 2526 1416 2576 et
1447 2523 1712 2595 styracis,
1741 2528 1975 2588 stactes,
2009 2529 2066 2580 et

414 2608 752 2676 terebinthi,
783 2613 840 2664 et
863 2610 1328 2682 amygdalarum.
1363 2612 1675 2666 Pecuniam
1705 2629 1938 2684 quoque
1963 2614 2063 2668 du-

412 2697 624 2770 plicem
658 2698 799 2754 ferte
820 2699 1146 2769 vobiscum,
1171 2703 1227 2754 et
1249 2699 1430 2768 illam,
1464 2717 1637 2772 quam
1666 2703 1973 2758 invenistis
2003 2703 2063 2758 in

410 2785 683 2852 sacculis,
716 2790 1028 2857 reportate,
1062 2803 1130 2840 ne
1161 2785 1307 2841 forte
1337 2805 1531 2844 errore
1563 2790 1780 2845 factum
1815 2789 1925 2856 sit;
1961 2791 2062 2846 sed

411 2879 469 2931 et
500 2875 739 2930 fratrem
785 2880 1043 2931 vestrum
1093 2875 1297 2946 tollite,
1329 2885 1382 2932 et
1435 2878 1511 2933 ite
1561 2879 1632 2933 ad
1664 2879 1876 2933 virum.
1908 2879 2063 2935 Deus

413 2968 609 3020 autem
639 2964 818 3035 {Vulg}.
853 2964 977 3019 add.
1040 2966 1226 3029 meus]
1258 2966 1630 3038 omnipotens
1675 2968 1848 3023 faciat
1897 2969 2061 3024 vobis

411 3069 548 3108 cum
581 3050 954 3123 placabilem,
987 3056 1043 3107 et
1072 3053 1331 3107 remittat
1361 3054 1661 3109 vobiscum
1698 3056 1933 3111 fratrem
1966 3072 2062 3111 ve-

410 3146 597 3196 strum
629 3157 802 3212 quem
836 3144 1015 3207 tenet,
1049 3145 1106 3196 et
1135 3141 1292 3197 hunc
1332 3143 1635 3214 Benjamin
1665 3161 1676 3199 :
1725 3159 1829 3215 ego
1860 3149 2056 3199 autem

2171 1900 2240 1953 de
2269 1915 2385 1970 quo
2428 1899 2706 1954 dixeratis
2736 1899 2879 1954 mihi
2904 1900 2931 1954 ‘I
2989 1902 3056 1955 Et
3085 1917 3331 1957 rursus:
3394 1902 3569 1967 Deus,
3603 1901 3828 1972 inquit,

2171 1987 2519 2043 misereatur
2547 1987 2653 2056 tui,
2706 1988 2785 2042 fili
2842 1988 2944 2044 mi.
3005 1990 3456 2062 Festinavitque,
3487 1991 3622 2060 quia
3659 2006 3824 2046 com-

2173 2081 2330 2131 mota
2350 2077 2588 2131 fuerunt
2610 2077 2832 2132 viscera
2853 2079 2982 2148 ejus
3004 2095 3183 2150 super
3202 2080 3377 2135 fratre
3399 2096 3528 2148 suo,
3551 2083 3608 2135 et
3631 2095 3830 2135 erum~

2174 2165 2386 2235 pebant
2435 2166 2728 2238 lacrymae,
2789 2171 2846 2220 et
2898 2167 3183 2223 introiens
3231 2167 3590 2235 cubiculum,
3646 2169 3831 2224 ﬂevit.

2173 2254 2518 2325 Rursusque
2542 2254 2664 2310 lota
2694 2255 2840 2312 facie
2877 2272 3174 2329 egressus,
3207 2258 3496 2314 continuit
3524 2275 3586 2314 se
3615 2262 3672 2313 et
3701 2257 3788 2312 ait
3815 2274 3828 2313 :

2172 2343 2375 2399 Ponite
2407 2359 2607 2415 panes.
2642 2345 2868 2409 Quibus
2893 2347 3176 2417 appositis
3205 2363 3471 2403 seorsum
3505 2347 3742 2419 Joseph,
3769 2351 3831 2402 et

2174 2449 2439 2488 seorsum
2474 2433 2773 2502 fratribus,
2797 2436 3078 2507 Egyptiis
3101 2452 3355 2508 quoque,
3380 2437 3480 2508 qui
3506 2437 3830 2492 vesceban-

2172 2524 2270 2576 tur
2319 2520 2520 2590 simul,
2571 2538 2835 2578 seorsum
2870 2523 3161 2592 (illicitum
3213 2531 3305 2580 est
3351 2525 3506 2580 enim
3537 2525 3826 2598 Egyptiis

2173 2610 2475 2666 comedere
2507 2627 2637 2666 cum
2672 2613 2936 2678 Hebreis,
2961 2617 3017 2667 et
3047 2614 3358 2686 profanum
3382 2618 3592 2686 putant
3611 2613 3828 2684 hujus-

2172 2699 2398 2755 cemodi
2440 2699 2812 2772 convivium),
2861 2703 3139 2757 sederunt
3185 2719 3377 2759 coram
3409 2719 3498 2766 eo,
3530 2702 3824 2775 primoge‘

2173 2787 2333 2843 nitus
2357 2789 2526 2858 juxta
2545 2789 2937 2861 primogenita
2959 2808 3087 2861 sua,
3111 2797 3168 2848 et
3191 2791 3468 2848 minimus
3491 2793 3664 2862 juxta
3685 2797 3825 2846 aeta-

2171 2880 2288 2931 tem
2323 2893 2510 2932 suam.
2545 2877 2612 2931 Et
2642 2877 3011 2934 mirabantur
3041 2879 3262 2950 (nimis)
3315 2881 3400 2949 [b.
3430 2879 3536 2936 viri
3569 2881 3637 2936 ad
3670 2881 3821 2934 invi-

2172 2965 2320 3035 cem]
2378 2967 2634 3037 sumptis
2673 2968 2963 3038 partibus,
3023 2985 3172 3039 quas
3224 2969 3298 3024 ab
3338 2986 3404 3026 eo
3436 2973 3820 3042 acceperant:

2173 3055 2476 3126 majorque
2507 3071 2642 3127 pars
2671 3057 2831 3112 venit
2861 3058 3188 3128 Benjamin,
3211 3060 3291 3115 ita
3320 3063 3384 3114 ut
3404 3059 3665 3131 quinque
3687 3075 3824 3130 par-

2174 3144 2334 3199 tibus
2365 3146 2687 3201 excederet.
2723 3145 3121 3218 Biberuntque
3151 3153 3206 3204 et
3235 3148 3502 3204 inebriati
3526 3152 3818 3204 suntcum

409 3228 579 3302 quasi
601 3229 841 3285 orbatus
871 3230 1092 3301 absque
1115 3229 1315 3286 liberis
1338 3247 1454 3287 ero.
1480 3233 1769 3287 Tulerunt
1794 3249 1930 3306 ergo
1951 3233 2058 3288 viri
2090 3198 2132 3265 Ο
2171 3249 2237 3288 eo
2258 3235 2296 3286 ί.

409 3333 676 3386 munera,
709 3322 766 3373 et
799 3319 1107 3390 pecuniam
1135 3319 1451 3391 duplicem,
1484 3326 1541 3376 et
1582 3322 1924 3394 Benjamin:
1960 3326 2057 3379 de-

408 3408 875 3478 scenderuntque
925 3407 982 3462 in
1032 3408 1369 3480 Egyptum,
1423 3413 1479 3464 et
1526 3413 1817 3466 steterunt
1862 3429 2054 3468 coram

406 3496 646 3567 Joseph.
676 3498 833 3562 Quos
863 3513 997 3551 cum
1030 3496 1126 3551 ille
1151 3496 1413 3568 vidisset,
1438 3502 1495 3553 et
1519 3499 1824 3567 Benjamin
1858 3500 2055 3571 simul,

410 3586 684 3658 praecepit
713 3585 1107 3658 dispensatori
1160 3587 1372 3643 domus
1403 3605 1546 3654 suae,
1603 3589 1834 3646 dicens:
1873 3593 2056 3647 Intro-

409 3677 523 3732 duc
563 3676 718 3732 viros
752 3677 1015 3746 domum,
1074 3680 1132 3731 et
1183 3677 1382 3732 occide
1411 3678 1700 3744 victimas,
1735 3685 1791 3735 et
1834 3681 2058 3737 instrue

408 3767 755 3832 convivium,
815 3765 1092 3838 quoniam
1154 3766 1342 3840 [Vulg-.
1386 3769 1519 3824 add.
1572 3769 1766 3841 hodie]
1827 3787 2055 3826 mecum

407 3861 549 3912 sunt
577 3855 889 3911 comesturi
923 3854 1188 3910 meridie.
1228 3856 1377 3911 Fecit
1408 3857 1505 3912 ille
1536 3859 1689 3928 quod
1728 3858 1835 3914 sibi
1870 3859 2058 3916 fuerat

406 3946 787 4017 imperatum,
819 3949 875 4000 et
896 3944 1219 3999 introduxit
1248 3945 1402 4000 viros
1435 3946 1697 4002 domum.
1732 3947 1932 4019 Ibique
1959 3966 2055 4004 ex-

405 4035 616 4102 territi,
652 4034 926 4090 dixerunt
958 4038 1163 4089 mutuo
1191 4049 1204 4089 :
1238 4034 1479 4106 Propter
1513 4036 1843 4106 pecuniam,
1876 4054 2054 4110 quam

407 4124 723 4183 retulimus
745 4123 910 4196 prius
939 4125 996 4178 in
1018 4123 1203 4179 saccis
1222 4124 1460 4191 nostris,
1483 4124 1799 4181 introducti
1822 4143 2050 4195 sumus,

409 4222 475 4273 ut
504 4217 769 4273 devolvat
799 4216 856 4271 in
907 4232 1014 4271 nos
1045 4215 1423 4283 calumniam,
1456 4218 1512 4270 et
1558 4216 1838 4273 violenter
1867 4218 2054 4289 subji-

406 4306 521 4362 ciat
551 4306 837 4374 servituti,
891 4310 948 4361 et
993 4321 1122 4375 nos,
1163 4310 1222 4360 et
1275 4305 1474 4361 asinos
1527 4312 1778 4362 nostros.
1837 4307 2056 4371 Quam-

405 4395 606 4451 obrem
632 4395 689 4450 in
722 4394 869 4466 ipsis
891 4395 1116 4449 foribus
1139 4394 1478 4449 accedentes
1500 4395 1568 4449 ad
1590 4394 2052 4466 dispensatorem

405 4481 584 4557 [ναις.
613 4483 740 4539 add.
774 4485 1007 4556 domus]
1041 4483 1218 4538 locuti
1251 4486 1427 4538 sunt:
1490 4483 1759 4553 Oramus,
1795 4485 2052 4552 domine,

2241 3321 2396 3394 [Cap.
2434 3321 2651 3393 XLIV.]
2711 3323 2988 3397 Praecepit
3019 3330 3214 3382 autem
3269 3326 3484 3398 Joseph
3519 3325 3828 3397 dispensa-

2169 3409 2276 3463 tori
2312 3410 2523 3466 domus
2554 3426 2697 3479 suae,
2730 3411 2966 3467 dicens:
3020 3413 3203 3486 Imple
3232 3429 3436 3469 saccos
3465 3430 3666 3468 eorum
3699 3413 3828 3467 fru-

2168 3503 2387 3564 mento,
2425 3503 2708 3570 quantum
2735 3501 2962 3570 possint
2990 3517 3218 3574 capere,
3252 3507 3308 3558 et
3333 3519 3483 3574 pone
3506 3502 3819 3574 pecuniam

2167 3586 2537 3659 singulorum
2571 3587 2630 3642 in
2662 3589 3005 3646 summitate
3063 3591 3234 3646 sacci.
3292 3590 3586 3663 Scyphum
3618 3597 3818 3645 autem

2168 3691 2365 3731 meum
2406 3681 2771 3748 argenteum,
2831 3681 2888 3733 et
2917 3679 3168 3750 pretium
3229 3681 3383 3752 quod
3415 3679 3576 3736 dedit
3616 3680 3822 3748 tritici,

2167 3780 2316 3836 pone
2367 3763 2426 3819 in
2457 3781 2556 3821 ore
2615 3767 2768 3821 sacci
2819 3767 3078 3836 junioris
3102 3769 3142 3820 ⁸.
3207 3769 3563 3840 Factumque
3594 3775 3683 3824 est
3711 3769 3816 3823 ita.

2166 3853 2236 3908 Et
2257 3859 2384 3909 orto
2409 3870 2600 3922 mane,
2625 3855 2854 3910 dimissi
2879 3861 3165 3912 suntcum
3190 3857 3374 3914 asinis
3396 3857 3541 3914 suis.
3565 3858 3823 3929 Jamque

2167 3942 2311 3997 urbe
2362 3941 2640 4009 exierant,
2701 3948 2758 3999 et
2813 3950 3221 4016 processerant
3269 3945 3618 4018 paululum:
3673 3952 3822 4002 tunc

2161 4031 2405 4117 Joseph,
2437 4033 2719 4089 accersito
2765 4033 3171 4106 dispensatore
3202 4036 3454 4091 domus:
3490 4037 3696 4106 Surge,
3730 4036 3820 4091 in-

2167 4122 2314 4192 quit,
2367 4136 2715 4192 persequere
2771 4123 2968 4178 viros:
3029 4128 3086 4179 et
3139 4123 3524 4195 apprehensis
3584 4125 3814 4180 dicito:

2165 4210 2351 4274 Quare
2371 4209 2710 4266 reddidistis
2734 4211 2956 4266 malum
2981 4229 3084 4284 pro
3114 4213 3304 4268 bono?
3324 4213 3617 4286 Scyphum
3640 4229 3817 4283 quem

2166 4301 2343 4357 furati
2375 4301 2540 4367 estis,
2573 4301 2699 4373 ipse
2747 4307 2836 4358 est
2867 4303 2923 4357 in
2985 4321 3097 4373 quo
3126 4304 3278 4360 bibit
3306 4305 3584 4360 dominus
3625 4321 3823 4372 meus,

2164 4395 2222 4446 et
2250 4392 2308 4445 in
2342 4407 2456 4461 quo
2490 4391 2764 4461 augurari
2816 4391 2965 4446 solet
2993 4410 3005 4448 :
3061 4395 3381 4465 pessimam
3417 4411 3537 4449 rem
3571 4395 3822 4452 fecistis.

2164 4479 2319 4534 Fecit
2350 4478 2446 4533 ille
2477 4484 2542 4533 ut
2563 4481 2844 4549 jusserat.
2881 4481 2948 4536 Et
2978 4482 3363 4553 apprehensis
3413 4499 3516 4554 per
3544 4484 3813 4539 ordinem

401 4578 468 4629 ut
499 4574 706 4630 audias
739 4575 915 4646 [ναις.
960 4573 1090 4630 add.
1121 4573 1272 4644 nos].
1318 4572 1450 4628 Jam
1483 4578 1617 4630 ante
1642 4573 2052 4631 descendimus
2083 4575 2130 4638 D
2162 4567 2394 4624 locutus
2427 4573 2534 4624 est.
2561 4569 2668 4634 Qui
2702 4569 3169 4641 responderunt:
3216 4572 3404 4636 Quare
3433 4569 3520 4628 sic
3550 4570 3823 4642 loquitur

401 4668 467 4718 ut
496 4678 825 4720 emeremus
855 4680 1041 4731 escas,
1076 4663 1292 4734 quibus
1325 4663 1562 4734 emptis,
1617 4680 1751 4718 cum
1796 4664 2050 4720 venisse-

401 4769 534 4807 mus
553 4753 624 4807 ad
643 4752 1052 4821 diversorium,
1068 4751 1411 4824 aperuimus
1435 4752 1700 4809 sacculos
1723 4758 1976 4821 nostros,
1996 4758 2053 4809 et

399 4841 730 4897 invenimus
755 4842 1063 4916 pecuniam
1089 4841 1149 4897 in
1182 4857 1279 4897 ore
1311 4857 1648 4896 saccorum:
1685 4858 1862 4913 quam
1894 4859 2051 4898 nunc

400 4931 606 4986 eodem
638 4933 892 5003 pondere
926 4930 1376 5003 reportavimus.
1407 4931 1514 4985 Sed
1571 4935 1628 4986 et
1659 4930 1816 4986 aliud
1851 4930 2051 4986 attuli-

401 5036 536 5076 mus
568 5027 900 5092 argentum,
933 5029 994 5076 ut
1025 5036 1295 5077 emamus
1327 5035 1454 5091 qua:
1486 5019 1665 5090 [ναις.
1698 5018 1823 5074 add.
1857 5020 2049 5091 nobis]

397 5110 731 5166 necessaria
788 5115 965 5167 sunt:
1000 5127 1116 5166 non
1149 5113 1238 5164 est
1295 5109 1352 5162 in
1413 5113 1612 5164 nostra
1668 5108 2048 5181 conscientia,

397 5201 532 5274 quis
561 5215 688 5256 eam
722 5201 987 5271 posuerit
1027 5199 1087 5254 in
1117 5197 1437 5269 marsupiis
1464 5197 1702 5253 nostris.
1735 5201 1806 5254 At
1835 5197 1934 5254 ille
1961 5215 2048 5255 re-

396 5289 651 5360 spondit.
691 5289 800 5344 Pax
829 5287 1154 5355 vobiscum,
1189 5287 1368 5341 nolite
1389 5287 1621 5342 timere:
1653 5287 1808 5342 Deus
1839 5292 2045 5343 vester.

394 5385 451 5436 et
481 5380 635 5436 Deus
667 5377 850 5451 patris
880 5376 1080 5445 vestri,
1113 5376 1275 5430 dedit
1305 5374 1467 5430 vobis
1500 5376 1808 5431 thesauros
1832 5377 1888 5430 in
1924 5393 2046 5431 sac-

470 5540 485 5573 ¹
519 5539 744 5595 Idioma
801 5542 889 5593 est
938 5535 1148 5607 linguas
1202 5534 1518 5608 Hebraicze,
1545 5538 1610 5608 ut
1645 5535 1909 5608 ebrietate
1940 5553 2042 5608 pro

394 5611 651 5682 satietate
682 5615 875 5682 ponat,
912 5606 1062 5664 sicut
1091 5608 1262 5682 _Psal.
1282 5678 1295 5682 Α
1319 5607 1520 5682 ικιῩηΙ
1539 5607 1558 5682 t
1585 5627 1598 5682 ;_
1631 5608 1693 5662 In
1723 5606 2040 5682 διὶζιὶεἰᾶίίδ

395 5685 516 5756 ejus
536 5678 908 5740 inebfiabilur
922 5679 1256 5752 germinans,
1281 5678 1438 5736 haud
1461 5678 1707 5736 dubium
1724 5679 1863 5751 quin
1884 5683 2038 5739 terra

2165 4656 2442 4712 dominus
2473 4661 2692 4722 noster,
2737 4662 2799 4712 ut
2828 4657 2978 4713 servi
3008 4659 3094 4714 tui
3128 4663 3354 4714 tantum
3415 4659 3620 4732 ﬂagitii
3652 4677 3822 4716 com-

2165 4743 2481 4799 miserint?
2513 4744 2847 4816 Pecuniam,
2881 4761 3058 4817 quam
3105 4745 3438 4804 invenimus
3470 4748 3528 4802 in
3562 4749 3823 4806 summi-

2162 4837 2281 4889 tate
2339 4849 2667 4900 saccorum,
2701 4835 3130 4906 reportavimus
3157 4836 3228 4892 ad
3260 4841 3316 4892 te
3373 4837 3444 4892 de
3478 4842 3631 4894 terra
3662 4838 3822 4895 Cha-

2163 4940 2310 4978 naan
2340 4941 2352 4978 :
2389 4928 2445 4977 et
2475 4939 2590 4994 quo
2622 4925 2793 4980 modo
2817 4941 3185 4996 consequens
3213 4932 3302 4982 est
3335 4932 3399 4982 ut
3428 4927 3601 4983 furati
3625 4929 3827 4985 simus

2161 5011 2232 5065 de
2265 5010 2438 5066 domo
2485 5011 2706 5066 domini
2741 5013 2826 5066 tui
2865 5028 3072 5067 aurum
3130 5011 3219 5067 vel
3260 5015 3618 5086 argentum?
3644 5018 3822 5089 Apud

2160 5116 2575 5171 quemcunque
2635 5100 2811 5156 fuerit
2866 5101 3168 5158 inventum
3231 5119 3529 5160 servorum
3573 5109 3820 5164 tuorum

2159 5189 2316 5262 quod
2351 5188 2584 5260 quaaris,
2619 5189 2925 5256 moriatur,
2957 5195 3013 5246 et
3044 5208 3148 5247 nos
3170 5192 3319 5248 servi
3347 5191 3568 5250 erimus
3589 5195 3826 5254 domini

2159 5279 2362 5334 nostri.
2401 5279 2509 5342 Qui
2542 5280 2690 5335 dixit
2737 5281 2858 5336 eis:
2892 5281 3019 5336 Fiat
3065 5281 3237 5353 juxta
3283 5287 3539 5340 vestram
3577 5293 3829 5342 senten-

2155 5369 2337 5423 tiam:
2374 5368 2527 5438 apud
2561 5385 2972 5440 quemcunque
3012 5369 3188 5425 fuerit
3218 5371 3544 5442 inventum,
3577 5373 3704 5446 ipse
3737 5376 3831 5432 sit

2154 5527 2360 5602 pluviis
2394 5529 2656 5599 irrigata.
2693 5528 2877 5583 MART.

2225 5601 2385 5656 'Pro
2457 5616 2651 5666 sacco,
2707 5616 2970 5672 peronem
3023 5603 3110 5656 vel
3186 5603 3372 5671 follem
3438 5602 3497 5659 in

2152 5683 2347 5741 habet.
2381 5684 2470 5742 Ita
2498 5688 2556 5740 S.
2585 5685 2993 5757 Hieronymus.
3026 5683 3212 5742 ΜΑΜ.

3573 5605 3827 5666 Hebraeo
