4080 6186
247 351 343 407 257

1641 347 1855 400 LIBER
1894 345 2224 400 GENESIS.

3522 345 3632 402 258

250 493 434 532 servus
463 491 651 542 meus,
678 490 780 530 vos
803 478 1000 530 autem
1028 470 1455 527 eritisinnoxii.
1487 471 1690 542 Itaque
1712 470 1878 527 festi-
1909 486 1963 551 Α
1993 469 2368 537 calamitatis,
2403 487 2528 542 quae
2586 485 2945 542 oppressura
2997 473 3084 526 est
3142 476 3369 543 patrem
3416 489 3635 546 meum,

252 575 371 621 nato
399 567 750 636 deponentes
776 565 836 618 in
868 569 1082 619 terram
1113 577 1338 628 saccos,
1371 568 1727 632 aperuerunt
1754 561 1878 614 sin-

253 655 378 728 guli.
410 658 563 719 Quos
592 658 909 721 scrutatus,
944 651 1230 720 incipiens
1261 669 1294 704 a
1325 651 1544 720 majore
1589 665 1776 720 usque
1808 651 1877 703 ad

255 743 814 809 minimum,invenit
848 742 1130 814 :cyphum
1164 741 1222 794 in
1255 756 1420 794 sacco
1457 740 1780 809 Benjamin.
1811 741 1885 794 At

253 833 344 898 illi,
370 833 571 888 scissis
619 832 902 901 vestibus,
953 831 1331 900 oneratisque
1381 845 1619 884 rursum
1673 829 1881 893 asinis,

254 922 445 978 reversi
477 926 618 977 sunt
662 921 725 976 in
787 921 1091 992 oppidum.
1141 918 1496 988 Primusque
1534 918 1719 973 Judas
1751 933 1884 972 cum

254 1012 516 1068 fratribus
548 1011 852 1082 ingressus
902 1015 991 1064 est
1039 1009 1110 1063 ad
1160 1009 1378 1078 Joseph
1421 1008 1693 1076 (necdum
1727 1006 1884 1061 enim

257 1103 316 1157 de
343 1101 462 1156 loco
496 1100 742 1170 abierat)
773 1113 1098 1168 omnesque
1131 1103 1264 1152 ante
1293 1113 1425 1151 eum
1447 1096 1506 1150 in
1540 1103 1754 1151 terram
1787 1112 1886 1166 pa-

257 1192 379 1246 riter
423 1195 791 1244 corruerunt.
843 1188 1067 1250 Quibus
1120 1185 1218 1241 ille
1267 1186 1382 1240 ait:
1439 1185 1556 1240 Cur
1603 1187 1687 1240 sic
1719 1201 1889 1257 agere

253 1279 556 1335 voluistis?
607 1295 678 1333 an
727 1276 1014 1349 ignoratis
1064 1276 1219 1345 quod
1273 1291 1386 1330 non
1419 1275 1495 1328 sit
1530 1274 1742 1330 similis
1776 1274 1886 1328 mei

255 1368 304 1423 in
333 1367 660 1440 augurandi
693 1367 938 1421 scientia
959 1365 985 1420 ‘f
1015 1367 1116 1420 Cui
1147 1364 1367 1421 Judas:
1403 1363 1550 1428 Quid
1585 1364 1893 1434 responde-

253 1457 453 1525 bimus,
489 1455 702 1526 inquit,
747 1455 985 1510 domino
1043 1469 1172 1509 meo
1197 1452 1225 1508 ?
1261 1452 1350 1508 vel
1383 1451 1522 1524 quid
1556 1451 1888 1522 loquemur,

259 1547 532 1615 autjuste
582 1544 906 1616 poterimus
955 1544 1270 1599 obtendere
1290 1545 1316 1596 ’ἐ
1345 1542 1500 1597 Deus
1529 1541 1747 1598 invenit
1777 1542 1893 1595 ini-

255 1636 528 1708 quitatem
551 1650 854 1690 servorum
882 1639 1118 1688 tuorum
1145 1647 1158 1688 :
1183 1649 1252 1687 en
1281 1647 1486 1687 omnes
1508 1632 1656 1686 servi
1685 1645 1892 1686 sumus

256 1724 459 1780 domini
521 1724 658 1794 mei,
689 1727 746 1778 et
796 1739 923 1790 nos,
977 1731 1031 1778 et
1081 1723 1236 1793 apud
1287 1737 1460 1793 quem
1503 1720 1774 1775 inventus
1804 1723 1894 1776 est

256 1814 521 1886 scyphus.
584 1813 904 1884 Respondit
955 1812 1220 1883 Joseph:
1283 1811 1451 1866 Absit
1506 1827 1538 1865 a
1571 1826 1663 1865 me
1713 1810 1890 1865 utsic

256 1920 450 1974 agam;
486 1904 591 1974 qui
642 1907 871 1958 furatus
927 1909 1017 1956 est
1063 1901 1342 1973 cyphum,
1393 1902 1519 1971 ipse
1569 1900 1646 1953 sit
1688 1916 1889 1954 servus

254 2009 405 2048 meus
433 2010 448 2060 ;
483 2008 591 2047 vos
621 1998 817 2047 autem
853 1992 1006 2046 abite
1044 1989 1212 2044 liberi
1243 1991 1315 2044 ad
1351 1995 1575 2060 patrem
1607 1994 1886 2043 vestrum.

257 2081 544 2136 Accedens
596 2085 789 2134 autem
825 2081 1066 2150 propiu
1118 2077 1324 2143 Judas,
1370 2077 1730 2132 confidenter
1761 2076 1840 2132 ait
1874 2093 1888 2130 :

258 2172 379 2242 Oro,
411 2172 655 2227 domine
686 2171 788 2236 mi,
837 2170 1116 2240 loquatur
1146 2185 1346 2224 servus
1389 2174 1529 2223 tuus
1558 2168 1799 2222 verbum
1834 2168 1890 2221 in

258 2260 485 2314 auribus
517 2259 664 2324 tuis,
721 2265 777 2312 et
835 2273 908 2312 ne
960 2256 1232 2312 irascaris
1291 2255 1507 2311 famulo
1547 2261 1685 2322 tuo;
1737 2261 1798 2309 tu
1830 2270 1894 2310 es

260 2350 400 2402 enim
434 2353 572 2419 post
604 2347 961 2401 Pharaonem
993 2345 1268 2400 dominus
1301 2361 1487 2400 meus.
1518 2343 1897 2416 interrogasti

262 2437 409 2506 prius
437 2451 641 2491 servos
666 2440 801 2490 tuos
825 2452 838 2489 :
880 2433 1111 2489 Habetis
1134 2438 1491 2504 patrem,aut
1525 2435 1761 2488 fratrem
1784 2433 1811 2486 ‘I
1840 2437 1897 2487 et

261 2540 353 2578 nos
383 2524 802 2596 respondimus
824 2522 930 2578 tibi
964 2521 1202 2577 domino
1225 2537 1353 2576 meo
1378 2541 1391 2588 ;
1420 2527 1517 2576 Est
1535 2522 1703 2577 nobis
1733 2527 1897 2592 pater

255 2629 439 2679 senex,
461 2619 521 2669 et
543 2628 694 2685 puer
718 2611 1016 2683 parvulus,
1044 2613 1144 2681 qui
1176 2611 1233 2664 in
1265 2619 1498 2666 senecta
1526 2609 1688 2665 illius
1720 2617 1892 2666 natus

255 2710 370 2768 est;
400 2704 576 2772 cujus
610 2701 876 2757 uterinus
929 2702 1107 2756 frater
1160 2705 1430 2756 mortuus
1470 2705 1578 2768 est,
1612 2706 1668 2754 et
1695 2699 1890 2770 ipsum
1929 2755 1954 2766 1

251 2791 430 2847 solum
466 2793 646 2847 habet
696 2798 882 2846 mater
925 2808 1051 2860 sua,
1101 2796 1266 2862 pater
1312 2805 1446 2844 vero
1479 2795 1671 2844 tenere
1698 2788 1892 2859 diligit

251 2897 395 2937 eum.
423 2880 758 2951 Dixistique
791 2881 974 2936 servis
1000 2881 1155 2935 tuis:
1190 2880 1477 2934 Adducite
1507 2895 1641 2933 eum
1673 2881 1744 2933 ad
1778 2895 1889 2949 me,

255 2976 304 3023 et
334 2986 547 3040 ponam
601 2969 802 3024 oculos
833 2984 994 3024 meos
1041 2985 1220 3039 super
1249 2967 1438 3022 illum.
1472 2966 1890 3038 Suggessimus

250 3057 476 3114 domino
509 3073 685 3126 meo;
732 3057 857 3112 Non
908 3062 1096 3126 potest
1124 3073 1268 3128 puer
1306 3057 1634 3126 relinquere
1664 3061 1888 3126 patrem

248 3163 408 3201 suum
435 3165 450 3214 ;
475 3147 528 3202 si
565 3147 727 3202 enim
751 3146 918 3201 illum
945 3146 1254 3215 dimiserit,
1284 3145 1582 3200 morietur.
1606 3149 1674 3199 Et
1695 3145 1886 3200 dixisti

1987 560 2155 615 testis
2193 561 2495 615 assistam.

2065 652 2220 721 [ϐαρ.
2257 652 2441 721 λιν]
2483 609 2614 706 -Non
2647 669 2709 707 se
2759 657 2983 723 poterat
3038 651 3191 708 ultra
3228 609 3499 710 cohibere
3527 655 3636 711 Jo-

1992 744 2133 811 seph
2178 741 2380 796 multis
2408 757 2602 796 coram
2634 741 3002 809 astantibus;
3055 745 3209 798 unde
3255 746 3530 818 praecepit
3574 751 3638 801 ut

1992 832 2410 900 egrederentur
2431 831 2620 886 cuncti
2667 835 2839 897 foras,
2871 837 2929 886 et
2954 831 3154 887 nullus
3181 832 3490 889 interesset
3511 834 3639 890 alie-

1995 935 2106 973 nus
2127 919 2407 989 agnitioni
2437 920 3052 990 mutuaElevavitque
3075 937 3270 977 vocem
3293 939 3425 978 cum
3451 924 3588 980 ﬂetu
3621 948 3640 1002 ς

1995 1023 2174 1078 quam
2198 1008 2794 1081 audieruntlﬁgyptii,
2826 1009 3132 1080 omnisque
3154 1011 3361 1067 donius
3384 1012 3638 1069 Pharao-

1998 1096 2108 1150 nis.
2135 1097 2202 1151 Et
2222 1096 2367 1152 dixit
2390 1097 2668 1152 fratribus
2694 1097 2820 1151 suis
2844 1114 2856 1163 ;
2877 1102 2992 1168 Ego
3015 1114 3147 1152 sum
3166 1099 3381 1171 Joseph
3409 1118 3424 1171 ;
3447 1101 3639 1157 adhuc

1998 1192 2161 1257 pater
2189 1202 2356 1241 meus
2383 1187 2524 1240 vivit
2543 1185 2570 1238 ‘l
2595 1186 2720 1241 Non
2766 1191 3034 1257 poterant
3055 1189 3405 1258 respondere
3430 1191 3641 1247 fratres

2000 1274 2178 1329 nimio
2211 1283 2427 1330 terrore
2479 1274 2794 1346 perterriti.
2846 1275 2931 1329 Ad
2964 1292 3114 1346 quos
3149 1275 3243 1330 ille
3275 1275 3594 1334 clementer
3623 1294 3639 1334 :

1999 1363 2284 1433 Accedite,
2307 1362 2522 1434 inquit,
2546 1364 2618 1417 ad
2646 1363 2830 1417 me.Et
2859 1380 2992 1418 cum
3025 1363 3413 1420 accessissent
3442 1383 3641 1438 prope,

2000 1458 2115 1523 Ego
2147 1469 2303 1520 sum,
2337 1453 2436 1517 ait,
2485 1451 2722 1522 Joseph,
2774 1455 2952 1507 frater
2996 1461 3204 1522 vester,
3240 1472 3414 1525 quem
3445 1456 3644 1512 vendi-

2000 1541 2165 1597 distis
2195 1542 2254 1596 in
2284 1541 2617 1614 lEgyptum.
2640 1541 2826 1597 Nolite
2852 1558 3078 1609 pavere,
3102 1560 3206 1598 nec
3234 1544 3396 1600 vobis
3428 1545 3640 1601 durum

1999 1645 2127 1685 esse
2159 1631 2442 1695 videatur,
2478 1631 2632 1701 quod
2681 1630 3027 1686 vendidistis
3059 1648 3152 1686 me
3182 1632 3242 1686 in
3275 1631 3367 1688 his
3397 1633 3648 1705 regioni-

2000 1721 2113 1774 bus
2147 1736 2159 1773 :
2196 1735 2298 1790 pro
2325 1719 2515 1774 salute
2569 1720 2724 1774 enim
2770 1726 2963 1775 vestra
3009 1720 3170 1775 misit
3203 1738 3294 1777 me
3325 1722 3480 1779 Deus
3513 1727 3646 1779 ante

2001 1809 2448 1864 vos.Biennium
2479 1819 2564 1863 est
2593 1809 2745 1877 quod
2782 1809 2967 1863 fames
2998 1824 3126 1864 esse
3156 1810 3330 1881 cmpit
3360 1811 3420 1866 in
3451 1817 3646 1881 terra;

2001 1904 2056 1952 et
2085 1897 2277 1954 adhuc
2309 1897 2569 1967 quinque
2617 1897 2755 1951 anni
2807 1902 3053 1964 restant,
3108 1897 3321 1968 quibus
3361 1915 3465 1954 nec
3495 1901 3646 1956 arari

2000 1988 2235 2059 poterit,
2257 2002 2360 2041 nec
2387 1986 2547 2041 meti.
2581 1986 2981 2056 Praemisitque
3009 2004 3100 2042 me
3127 1986 3281 2042 Deus
3303 1992 3369 2043 ut
3399 2004 3647 2046 reserveo

2003 2076 2147 2132 mini
2179 2093 2356 2146 super
2388 2082 2624 2144 terram,
2650 2079 2706 2129 et
2753 2091 2918 2130 escas
2971 2077 3040 2129 ad
3089 2075 3401 2131 vivendum
3434 2077 3648 2134 habere

2003 2166 2262 2237 possitis.
2292 2165 2416 2220 Non
2449 2171 2638 2219 vestro
2671 2162 3044 2230 consilio,sed
3075 2165 3178 2219 Dei
3212 2163 3325 2219 huc
3349 2165 3646 2222 voluntate

2002 2255 2223 2310 missus
2249 2271 2379 2310 sum
2404 2271 2416 2308 :
2451 2254 2551 2325 qui
2586 2253 2720 2308 fecit
2742 2270 2832 2308 me
2863 2252 3032 2323 quasi
3053 2257 3276 2323 patrem
3300 2254 3645 2322 Pharaonis,

2004 2351 2060 2400 et
2089 2344 2393 2400 dominum
2445 2343 2725 2398 universae
2774 2343 2986 2397 domus
3033 2343 3184 2412 ejus,
3216 2360 3281 2398 ac
3321 2344 3645 2416 principem

2004 2437 2066 2490 in
2097 2435 2256 2490 omni
2307 2439 2461 2488 terra
2505 2431 2752 2503 .Egypti.
2811 2431 3096 2486 Festinate
3146 2436 3202 2487 et
3246 2434 3544 2490 ascendite
3574 2434 3644 2490 ad

2005 2529 2231 2596 patrem
2265 2538 2480 2590 meum,
2541 2526 2598 2576 et
2627 2520 2832 2576 diei-tis
2888 2520 2941 2576 ei
2978 2536 2990 2576 :
3035 2520 3164 2575 Haec
3218 2524 3458 2578 mandat
3491 2524 3652 2582 ﬁlius

2001 2620 2140 2669 tuus
2170 2612 2388 2683 Joseph
2424 2630 2436 2667 :
2470 2611 2626 2666 Deus
2686 2627 2779 2665 me
2837 2610 2976 2665 fecit
3013 2610 3329 2667 Dominum
3364 2612 3646 2671 universae

2002 2708 2166 2757 terras
2213 2700 2484 2773 ngypti;
2537 2699 2825 2755 descende
2872 2699 2943 2753 ad
2990 2715 3104 2766 me,
3158 2717 3229 2756 ne
3280 2703 3544 2773 moreris,
3591 2709 3647 2760 et

2001 2791 2201 2847 habita
2233 2791 2410 2862 [ναις.
2445 2788 2759 2858 habitabis]
2809 2788 2868 2842 in
2899 2793 3054 2842 terra
3101 2789 3326 2844 Gesen‘
3361 2810 3376 2858 ;
3409 2792 3645 2863 erisque

1993 2883 2165 2950 juxta
2195 2896 2287 2934 me
2321 2883 2406 2947 tu,
2437 2882 2494 2933 et
2542 2875 2644 2931 filii
2695 2876 2799 2942 tui,
2861 2882 2918 2931 et
2950 2875 3054 2931 lilii
3095 2876 3352 2932 ﬁliorum
3387 2883 3643 2947 tuorum,

2000 2985 2130 3025 oves
2163 2973 2359 3034 tuae,et
2389 2971 2656 3022 armenta
2677 2972 2798 3033 tua,
2821 2970 2877 3020 et
2907 2964 3174 3021 universa
3197 2982 3322 3037 qua:
3352 2968 3641 3038 possides.

2000 3059 2204 3128 Ibique
2229 3065 2284 3112 te
2305 3071 2541 3128 pascam
2568 3054 2783 3126 (adhuc
2806 3055 2963 3110 enim
2987 3055 3247 3126 quinque
3269 3058 3406 3112 anni
3424 3057 3645 3114 residui

1999 3152 2140 3204 sunt
2171 3146 2390 3216 famis),
2423 3161 2494 3200 ne
2519 3150 2581 3199 tu
2616 3160 2840 3216 pereas,
2873 3151 2930 3199 et
2960 3145 3171 3199 domus
3211 3149 3332 3212 tua,
3363 3150 3421 3201 et
3449 3147 3649 3204 omnia

250 3238 417 3291 servis
451 3236 578 3291 tuis
607 3256 621 3304 ;
657 3236 776 3290 Nisi
807 3234 1029 3290 venerit
1060 3237 1237 3289 frater
1267 3241 1455 3289 vester
1484 3235 1766 3289 minimus
1794 3251 1890 3290 vo-
1921 3229 1963 3296 C
2004 3253 2133 3309 quae
2168 3235 2450 3307 possides.
2487 3234 2568 3288 En
2599 3232 2753 3289 oculi
2779 3233 2980 3299 vestri,
3013 3239 3070 3289 et
3100 3234 3253 3290 oculi
3284 3235 3481 3292 fratris
3532 3236 3648 3293 mei

251 3325 622 3394 biseum,non
654 3325 927 3380 videbitis
975 3323 1230 3392 amplius
1263 3323 1467 3378 faciem
1500 3340 1714 3379 meam.
1745 3323 1889 3379 Cum

254 3429 376 3486 ergo
407 3415 890 3470 ascendissemus
916 3414 985 3469 ad
1014 3412 1298 3468 famulum
1323 3418 1513 3478 tuum,
1541 3419 1766 3483 patrem
1795 3430 1893 3469 no-

251 3509 451 3569 strum,
487 3506 867 3559 narravimus
890 3502 940 3558 ei
972 3501 1168 3556 omnia
1191 3518 1318 3573 quas
1350 3500 1581 3557 locutus
1602 3507 1692 3557 est
1709 3503 1892 3556 domi-

250 3609 348 3648 nus
378 3611 577 3650 meus.
611 3594 680 3648 Et
728 3594 875 3648 dixit
923 3598 1086 3663 pater
1133 3598 1366 3648 noster:
1404 3592 1800 3658 Revertimini,
1833 3597 1892 3648 et

246 3685 406 3738 emite
439 3683 620 3738 nobis
678 3699 882 3752 parum
941 3681 1142 3738 tritici.
1174 3682 1279 3738 Cui
1329 3682 1623 3750 diximus;
1659 3687 1745 3736 Ire
1776 3699 1888 3736 non

247 3785 611 3838 possumus;
672 3771 721 3826 si
776 3773 955 3826 frater
1001 3775 1202 3826 noster
1258 3772 1539 3826 minimus
1577 3771 1892 3826 descendat

247 3860 411 3932 (Vulg.
438 3860 837 3930 descenderit]
863 3860 1192 3929 nobiseum,
1218 3861 1659 3932 proficiscemur
1675 3860 1850 3915 simul
1873 3876 1887 3927 ;

247 3949 498 4021 alioquin
535 3949 638 4004 illo
683 3951 947 4018 absente,
981 3966 1094 4004 non
1140 3951 1427 4005 audemus
1459 3949 1651 4004 videre
1682 3949 1888 4005 faciem

246 4036 356 4092 viri.
391 4040 470 4094 Ad
509 4055 644 4110 quea
679 4038 773 4093 ille
801 4040 1101 4110 respondit
1132 4055 1146 4093 :
1199 4038 1315 4093 Vos
1357 4039 1522 4094 scitis
1554 4039 1709 4109 quod
1741 4039 1892 4096 duos

247 4128 498 4196 genuerit
533 4128 682 4182 mihi
741 4144 886 4182 uxor
946 4144 1094 4182 mea.
1149 4128 1437 4198 Egressus
1494 4133 1584 4182 est
1625 4144 1799 4198 unus,
1833 4134 1892 4184 et

247 4217 502 4273 dixistis:
561 4216 756 4271 Bestia
803 4217 1096 4272 devoravit
1141 4233 1277 4272 eum
1330 4225 1383 4272 et
1431 4216 1739 4288 hucusque
1771 4233 1888 4273 non

245 4311 561 4376 comparet.
596 4307 652 4359 Si
685 4304 936 4360 tuleritis
971 4310 1026 4359 et
1053 4305 1259 4372 istum,
1293 4311 1350 4360 et
1373 4304 1594 4376 aliquid
1623 4307 1675 4361 ei
1707 4306 1765 4360 in
1801 4305 1891 4361 via

247 4395 578 4466 contigerit,
611 4394 910 4449 deducetis
961 4410 1136 4448 canos
1169 4411 1328 4450 meos
1368 4410 1503 4448 cum
1537 4409 1782 4450 mmrore
1814 4395 1886 4450 ad

243 4482 675 4555 inferos.lgitur
702 4484 750 4538 si
782 4484 1073 4537 intravero
1106 4483 1178 4537 ad
1211 4498 1442 4537 servum
1469 4488 1635 4536 tuum
1661 4488 1886 4554 patrem

2001 3324 2327 3395 Benjamin,
2362 3324 2559 3378 vident
2588 3324 2742 3393 quod
2775 3340 2840 3378 os
2890 3339 3086 3378 meum
3120 3325 3393 3395 loquatur
3422 3326 3494 3381 ad
3527 3343 3644 3382 vos.

2004 3415 2275 3471 Nuntiate
2328 3412 2479 3485 patri
2513 3428 2640 3467 meo
2690 3412 3020 3468 universam
3053 3412 3301 3485 gloriam
3343 3431 3558 3487 meam,
3591 3423 3648 3472 et

1999 3512 2212 3560 cuncta
2270 3521 2398 3576 quae
2469 3503 2701 3559 vidistis
2765 3504 2824 3558 in
2897 3505 3160 3576 Aigypto.
3244 3507 3535 3564 Festinate
3591 3511 3648 3563 et

1999 3592 2270 3648 adducite
2301 3608 2435 3647 eum
2491 3592 2561 3647 ad
2595 3608 2707 3646 me.
2771 3592 3033 3663 Cumque
3090 3593 3456 3666 amplexatus
3496 3596 3648 3651 reci-

2002 3681 2183 3737 disset
2215 3681 2274 3736 in
2303 3680 2516 3737 collum
2575 3680 2876 3750 Benjamin
2930 3683 3128 3737 fratris
3172 3683 3284 3750 sui,
3319 3683 3518 3754 ﬂevit;
3551 3683 3648 3738 illo

2002 3787 2235 3842 quoque
2268 3771 2441 3826 ﬂente
2472 3770 2745 3825 similiter
2775 3787 2952 3841 super
2981 3769 3196 3826 collum
3228 3772 3376 3842 ejus.
3411 3771 3652 3828 Oscula-

2003 3867 2215 3932 tusque
2240 3870 2324 3916 est
2379 3859 2592 3930 Joseph
2625 3876 2830 3914 omnes
2883 3861 3092 3915 fratres
3124 3878 3286 3928 suos,
3317 3869 3370 3916 et
3401 3861 3651 3933 ploravit

2001 3965 2177 4019 super
2208 3949 2496 4019 singulos.
2531 3948 2668 4003 Post
2697 3965 2824 4018 qua:
2857 3950 2983 4003 ausi
3018 3954 3157 4004 sunt
3190 3949 3351 4020 loqui
3383 3953 3454 4005 ad
3488 3966 3645 4006 eum.

1997 4039 2396 4109 Auditumque
2439 4043 2549 4105 est,
2579 4043 2635 4092 et
2683 4036 2894 4092 celebri
2947 4054 3216 4092 sermone
3261 4038 3554 4110 vulgatum
3587 4039 3646 4094 in

2001 4126 2135 4183 aula
2164 4127 2315 4198 regis
2349 4142 2362 4181 :
2421 4126 2716 4181 Venerunt
2763 4126 2973 4180 fratres
3020 4127 3238 4198 Joseph
3276 4153 3289 4194 ;
3321 4134 3378 4184 et
3407 4128 3647 4200 gavisus

2000 4222 2088 4272 est
2119 4216 2364 4281 Pharao,
2395 4222 2570 4285 atque
2601 4214 2794 4269 omnis
2840 4213 3062 4270 familia
3091 4215 3242 4285 ejus.
3275 4216 3544 4288 Dixitque
3575 4219 3646 4273 ad

1951 4355 1956 4359 _
1997 4307 2211 4378 Joseph
2246 4313 2309 4360 ut
2340 4307 2654 4376 imperaret
2709 4305 2990 4361 fratribus
3036 4306 3182 4373 suis,
3217 4308 3416 4364 dicens
3451 4333 3466 4375 ;
3498 4308 3647 4363 One-

1999 4396 2514 4465 rantesjumenta,
2564 4394 2642 4448 ite
2695 4393 2754 4448 in
2788 4400 2997 4450 terram
3041 4395 3338 4466 Chanaan,
3372 4401 3430 4452 et
3463 4396 3648 4453 tollite

1997 4485 2133 4539 inde
2164 4490 2388 4555 patrem
2419 4487 2678 4537 vestrum
2709 4488 2766 4538 et
2796 4483 3226 4554 cognationem,
3260 4491 3318 4540 et
3345 4486 3537 4541 venite
3569 4486 3641 4542 ad

244 4578 530 4638 nostrum,
564 4577 623 4626 et
678 4587 824 4643 puer
879 4571 1129 4626 defuerit
1187 4575 1344 4638 (eum
1403 4571 1600 4626 anima
1629 4570 1788 4626 illius
1821 4587 1890 4626 ex
1923 4593 1964 4657 Β
2001 4590 2127 4640 me;
2162 4579 2218 4627 et
2259 4588 2366 4643 ego
2413 4572 2565 4627 dabo
2615 4572 2776 4627 vobis
2829 4572 3027 4628 omnia
3075 4573 3229 4629 bona
3275 4575 3526 4648 A‘ngpti,
3581 4581 3644 4631 ut

241 4660 406 4730 hujus
432 4661 646 4716 anima
676 4659 966 4732 pendeat),
991 4659 1316 4730 videritque
1343 4674 1476 4714 eum
1500 4675 1614 4715 non
1638 4676 1767 4716 esse
1790 4677 1889 4716 no-

243 4749 481 4817 hiscum,
542 4751 846 4820 morietur,
900 4754 957 4804 et
1011 4749 1302 4803 deducent
1358 4748 1561 4814 famuli
1592 4749 1678 4803 tui
1709 4765 1887 4806 canos

240 4844 356 4908 ejus
386 4857 533 4896 cum
591 4841 787 4895 dolore
845 4839 916 4895 ad
975 4839 1212 4894 inferos.
1273 4838 1390 4909 Ego
1422 4838 1653 4910 proprie
1683 4855 1888 4894 servus

241 4934 368 4984 tuus
399 4931 552 4996 sim,
578 4929 677 4998 qui
711 4929 768 4982 in
802 4943 991 4982 meam
1026 4928 1179 4982 hunc
1209 4927 1399 4998 recepi
1423 4928 1598 4983 fidem
1627 4945 1640 4996 ;
1678 4932 1736 4983 et
1757 4944 1890 5000 spo-

241 5020 435 5089 pondi,
469 5019 718 5073 dicens:
779 5016 904 5071 Nisi
963 5017 1244 5071 reduxero
1301 5033 1460 5083 eum,
1504 5018 1724 5088 peccati
1757 5033 1892 5073 reus

241 5121 329 5162 ero
352 5107 409 5162 in
433 5114 670 5179 patrem
695 5122 890 5161 meum
916 5105 1073 5160 omni
1103 5110 1382 5177 tempore.
1418 5106 1662 5161 Manebo
1697 5107 1895 5177 itaque

241 5211 437 5252 servus
459 5202 612 5252 tuus
633 5211 736 5267 pro
776 5210 954 5266 puero
986 5193 1044 5249 in
1074 5194 1467 5250 ministerium
1501 5197 1723 5250 domini
1757 5196 1892 5267 mei,

239 5289 465 5357 etpuer
517 5285 799 5341 ascendat
847 5300 980 5339 cum
1040 5283 1318 5340 fratribus
1368 5285 1513 5340 suis.
1567 5285 1693 5340 Non
1739 5286 1893 5341 enim

239 5390 478 5444 possum
519 5374 713 5430 redire
743 5373 813 5428 ad
843 5377 1067 5445 patrem
1091 5374 1564 5444 meum,absente
1592 5390 1796 5447 puero,
1826 5391 1898 5432 ne

298 5591 313 5624 ¹
341 5589 580 5645 Eodem
614 5591 784 5663 modo
807 5588 946 5663 legit
973 5594 1217 5648 sanctus
1239 5590 1634 5663 Hieronymus
1654 5590 1715 5647 in
1740 5591 1901 5660 Quaa-

235 5662 510 5720 uiom'bus
551 5662 882 5721 Hebraicis.
900 5665 1084 5721 ΗΑΒ-ι’.

1997 4661 2317 4717 comedetis
2339 4661 2467 4716 med
2480 4659 2656 4715 ullam
2678 4668 2860 4716 terra.
2878 4662 3130 4734 Praecipe
3147 4664 3324 4719 etiam
3348 4669 3412 4720 ut
3438 4665 3644 4721 tollant

1998 4751 2260 4823 plaustra
2290 4751 2362 4806 de
2391 4756 2545 4805 terra
2571 4750 2825 4822 IEgypti,
2857 4752 2928 4807 ad
2972 4754 3407 4810 subvectionem
3439 4773 3650 4826 parvu-

1999 4839 2190 4894 lorum
2224 4856 2468 4894 suorum
2501 4845 2558 4893 et
2588 4840 2900 4909 conjugum
2930 4859 2944 4906 ;
2978 4858 3044 4896 ac
3074 4841 3287 4906 dicito:
3320 4843 3527 4901 Tollite
3557 4862 3654 4917 pa-

2001 4937 2150 4986 trem
2182 4933 2466 4994 vestrum,
2500 4933 2557 4983 et
2611 4933 2919 5000 properate
2949 4933 3298 5001 quantocius
3333 4932 3650 4989 venientes.

2001 5017 2116 5072 Nec
2146 5017 2458 5072 dimittatis
2482 5015 2563 5087 [h.
2596 5016 2904 5089 amittatis]
2930 5019 3257 5090 quidquam
3293 5021 3362 5076 de
3393 5022 3653 5094 supelle-

2003 5105 2125 5161 ctili
2151 5109 2377 5173 vestro;
2413 5104 2555 5175 quia
2577 5121 2782 5161 omnes
2806 5123 2945 5177 opes
2970 5108 3196 5181 {Egypti
3229 5115 3429 5166 vestrae
3457 5116 3650 5165 erunt.

2007 5194 2091 5265 [Β.
2124 5193 2339 5266 XLIll.]
2393 5197 2794 5265 Feceruutque
2843 5194 2945 5250 ﬁlii
2999 5197 3176 5254 Israel
3208 5204 3272 5253 ut
3299 5199 3382 5254 eis
3415 5199 3656 5254 manda-

2007 5289 2132 5338 tum
2164 5284 2372 5338 fuerat.
2406 5282 2632 5348 Quibus
2683 5284 2843 5339 dedit
2871 5285 3090 5357 Joseph
3136 5289 3418 5359 plaustra,
3451 5304 3656 5343 secun-

2009 5374 2150 5428 dum
2183 5371 2506 5427 Pharaonis
2557 5373 2914 5445 imperium;
2978 5379 3035 5432 et
3065 5377 3284 5432 cibaria
3315 5377 3375 5432 in
3422 5376 3652 5432 itinere.

2079 5617 2148 5629 —-
2177 5584 2439 5660 Palatin._
2463 5601 2570 5660 ms.
2604 5602 2738 5642 cum
2768 5585 3034 5658 Vulgatis
3065 5586 3250 5660 libris,
3282 5588 3647 5649 GessenNide

2012 5659 2310 5744 Question.
2341 5657 2657 5715 Hebraicas.
2892 5657 2911 5658 ί
3009 5737 3014 5744 Ι
3234 5657 3242 5660 '
3558 5693 3562 5697 _
