4080 6186
387 327 496 384 259

1414 319 1473 376 8.
1515 316 1918 373 HIERONYMI
1955 315 2211 373 DIVINA
2257 317 2756 375 BIBLIOTHECA.

3692 317 3806 375 260

381 454 758 528 Singulisque
791 447 1039 524 proferri
1073 448 1250 516 iussit
1279 444 1448 501 binas
1481 441 1662 499 stolas
1689 460 1703 510 ;
1729 439 2032 512 Benjamin
2063 451 2111 518 Α
2147 443 2402 500 cerdotis
2431 443 2796 517 Heliopoleos
2825 461 2836 500 :
2895 444 3198 502 Manasses
3242 449 3299 502 et
3328 445 3635 518 Ephraim.
3668 447 3800 502 Filii

381 561 516 602 vero
545 541 706 599 dedit
734 544 1026 597 trecentos
1057 539 1363 609 argenteos
1395 550 1528 590 cum
1571 533 1832 604 quinque
1863 529 2031 587 stolis

385 632 662 706 optimis;
695 628 1061 687 tantumdem
1113 624 1372 698 pecuniae
1418 627 1473 679 et
1503 622 1754 678 vestium
1787 621 2031 676 mittens

383 722 534 795 patri
559 737 686 788 suo,
715 719 935 774 addens
958 719 1016 772 et
1041 715 1240 772 asinos
1257 714 1483 781 decem,
1505 711 1604 783 qui
1637 710 2036 767 subveherent

384 827 455 868 ex
483 809 754 867 omnibus
811 805 1033 863 divitiis
1067 803 1346 878 Egypti;
1404 807 1461 858 et
1514 801 1760 857 totidem
1813 799 2031 867 asinae,

382 900 645 964 triticum
668 887 728 954 in
752 897 962 953 itinere
985 908 1284 967 panesque
1307 889 1874 965 portantes.Dimisit
1897 904 2032 958 ergo

388 990 599 1045 fratres
624 1003 789 1053 suos,
817 990 876 1042 et
908 981 1418 1056 proﬁciscentibus
1448 980 1565 1036 ait:
1599 979 1682 1035 Ne
1708 976 2033 1034 irascimini

384 1079 444 1134 in
474 1077 588 1133 via.
635 1075 743 1142 Qui
789 1074 1174 1131 ascendentes
1221 1087 1290 1126 ex
1328 1070 1592 1142 Egypto,
1639 1071 1925 1124 venerunt
1970 1066 2031 1121 in

382 1169 600 1222 terram
623 1163 898 1219 Chanaan
924 1161 994 1216 ad
1030 1163 1253 1232 patrem
1288 1174 1461 1213 suum
1485 1156 1688 1228 Jacob.
1710 1156 1774 1211 Et
1796 1153 2032 1210 nuntia-

384 1258 593 1310 verunt
613 1253 692 1319 ei,
721 1251 1016 1318 dicentes;
1042 1248 1256 1319 Joseph
1291 1247 1449 1302 ﬁlius
1471 1252 1609 1302 tuus
1633 1245 1794 1316 vivit,
1827 1250 1880 1300 et
1913 1244 2035 1315 ipse

385 1342 723 1402 dominatur
744 1340 802 1396 in
845 1340 1005 1396 omni
1032 1345 1188 1394 terra
1208 1337 1452 1409 digypti.
1481 1336 1603 1399 Quo
1627 1335 1824 1391 audito
1848 1334 2029 1405 [ναις.

385 1433 512 1489 add.
535 1431 761 1503 Jacob],
787 1429 954 1502 quasi
985 1430 1056 1484 de
1087 1427 1246 1500 gravi
1280 1441 1488 1482 somno
1509 1423 1813 1497 evigilans,
1838 1428 2033 1478 tamen

386 1539 502 1579 non
535 1521 808 1578 credebat
837 1519 943 1575 eis.
979 1517 1066 1573 Illi
1097 1521 1300 1572 contra
1331 1514 1660 1572 referebant
1690 1529 1923 1570 omnem
1947 1529 2034 1568 or-

389 1611 583 1667 dinem
619 1610 722 1666 rei.
757 1608 1017 1678 Cumque
1064 1606 1308 1663 vidisset
1362 1605 1626 1676 plaustra
1676 1608 1733 1659 et
1763 1602 2036 1658 universa

387 1717 513 1774 quae
545 1698 804 1765 miserat,
857 1697 1061 1754 revixit
1090 1695 1333 1768 spiritus
1374 1694 1522 1764 ejus,
1558 1698 1616 1750 et
1646 1692 1762 1749 ait:
1804 1690 2034 1748 Sufﬁcit

2141 532 2444 604 Benjamin
2476 550 2489 588 :
2523 533 2657 590 Bcla
2686 539 2744 591 et
2791 534 3013 591 Becher
3041 539 3098 591 et
3143 534 3340 603 Asbel,
3373 535 3524 592 Gera
3556 540 3614 591 et
3641 535 3799 591 Naa-

2142 637 2300 690 man,
2335 627 2390 678 et
2418 623 2547 693 Ehi,
2579 628 2636 679 et
2665 628 2799 696 Bos,
2833 623 3126 697 Mophim,
3177 630 3236 682 et
3265 624 3506 698 Ophim,
3537 630 3594 682 et
3619 625 3797 682 Ared.

2141 709 2210 766 Hi
2242 711 2342 765 ﬁlii
2377 712 2590 769 Rachel
2623 729 2769 784 quos
2821 715 3024 786 genuit
3069 715 3288 784 Jacob;
3321 731 3530 771 omnes
3562 715 3799 783 animas,

2143 801 2610 871 quatuordecim.
2643 802 2771 859 Filii
2804 803 2967 860 Dan:
3015 803 3245 860 Husim.
3279 803 3410 859 Filii
3440 803 3798 877 Nephthali:

2140 889 2350 961 Jaseel,
2383 896 2441 948 et
2471 891 2645 962 Guni,
2679 897 2738 949 et
2788 893 2975 963 Jeser,
3007 898 3065 950 et
3113 892 3346 950 Sellem.
3380 893 3450 950 Hi
3481 893 3588 949 ﬁlii
3620 893 3799 966 Baias,

2143 993 2319 1050 quam
2351 980 2516 1036 dedit
2537 981 2733 1038 Laban
2759 981 3016 1052 Racheli,
3037 982 3166 1038 ﬁliae
3190 999 3347 1040 suae:
3381 982 3566 1040 ethos
3593 982 3802 1056 genuit

2140 1070 2357 1127 Jacob:
2391 1086 2598 1127 omnes
2627 1071 2861 1140 animae,
2894 1078 3144 1144 septem.
3177 1071 3533 1144 Cunctaque
3561 1073 3796 1145 animo,

2143 1174 2269 1230 quae
2313 1159 2590 1231 ingressae
2635 1165 2775 1216 sunt
2815 1177 2947 1217 cum
3001 1160 3182 1218 Jacob
3236 1162 3293 1216 in
3357 1165 3690 1234 Egyptum,
3739 1167 3800 1218 et

2143 1262 2389 1320 egressis
2439 1255 2579 1306 sunt
2625 1251 2697 1306 de
2747 1251 2966 1307 femore
3019 1251 3198 1316 illius,
3257 1251 3481 1324 absque
3512 1251 3797 1308 uxoribus

2143 1339 2401 1393 ﬁliorum
2432 1339 2582 1410 ejus,
2606 1340 2907 1412 sexaginta
2927 1357 3048 1398 sex.
3074 1340 3200 1396 Filii
3223 1345 3419 1397 autem
3441 1340 3797 1414 Joseph,qui

2143 1430 2263 1485 nati
2291 1433 2431 1483 sunt
2458 1428 2507 1484 ei
2541 1430 2599 1484 in
2631 1434 2786 1486 terra
2829 1430 3083 1503 Egypti,
3131 1429 3341 1486 animae
3383 1431 3536 1486 duae.
3576 1429 3798 1487 Omnes

2144 1517 2354 1574 animae
2375 1519 2803 1587 domusJacob,
2836 1536 2969 1592 quae
2991 1520 3269 1591 ingressa:
3292 1525 3433 1576 sunt
3450 1520 3792 1594 Egyptum,

2144 1608 2304 1663 fuere
2335 1608 2732 1680 septuaginta.
2764 1609 2846 1682 [C.
2878 1609 3139 1683 LXXVI.)
3171 1609 3332 1666 Misit
3347 1613 3539 1666 autem
3571 1609 3792 1665 Judam

2144 1700 2281 1753 ante
2313 1713 2374 1752 se
2407 1698 2478 1752 ad
2508 1699 2746 1770 Ioseph,
2782 1703 2844 1755 ut
2875 1700 3176 1755 nuntiaret
3205 1701 3279 1770 ei,
3311 1705 3370 1755 et
3393 1699 3492 1755 ille
3522 1712 3796 1755 occurre-

565 1788 836 1887 siiadhuc
868 1786 1024 1842 ﬁlius
1056 1801 1224 1842 meus
1253 1783 1469 1885 Jeseph
1500 1783 1677 1852 vivit;
1709 1782 1944 1849 vadam,
1974 1783 2034 1837 et
2060 1821 2108 1887 Β
2145 1791 2233 1842 ret
2261 1786 2318 1840 in
2349 1789 2556 1843 Gesen.
2592 1789 2716 1854 Quo
2759 1805 2891 1845 cum
2934 1789 3317 1860 pervenisset,
3339 1789 3548 1860 juncto
3573 1787 3796 1860 Joseph

381 1878 588 1934 videbo
618 1875 784 1932 illum
818 1879 1132 1946 antequam
1169 1873 1402 1929 moriar.

452 1985 541 2056 [T.
573 1983 823 2053 XXXVl,
873 1986 933 2038 C.
986 1981 1230 2050 LXXIV,
1260 1981 1392 2052 Cap.
1445 1977 1666 2050 XLVI]
1699 1976 2027 2032 Profectus-

2139 1892 2313 1931 curru
2345 1892 2473 1946 suo,
2512 1878 2775 1932 ascendit
2825 1877 3055 1935 obviam
3087 1879 3239 1950 patri
3275 1894 3383 1935 suo
3413 1880 3481 1934 ad
3516 1878 3800 1934 eumdem

2139 1963 2333 2020 locum
2368 1980 2382 2020 :
2415 1965 2736 2037 vidensque
2779 1983 2938 2034 eum,
2970 1967 3143 2023 irruit
3181 1983 3362 2040 super
3389 1965 3604 2023 collum
3635 1967 3796 2037 ejus.

385 2053 499 2148 qu},
549 2073 724 2130 [smel
758 2088 892 2128 cum
950 2071 1229 2128 omnibus
1289 2086 1417 2142 qua,
1464 2067 1736 2136 habebat,
1768 2065 1928 2121 venit
1955 2065 2023 2120 ad
2138 2059 2195 2148 et
2226 2054 2376 2148 inter
2397 2054 2703 2148 amplexus
2726 2055 2901 2112 flevit.
2935 2055 3211 2128 Dixitque
3233 2060 3396 2128 pater
3427 2057 3498 2112 ad
3528 2053 3746 2127 Joseph
3776 2070 3792 2110 :

382 2141 1050 2234 Futcumjuramenti,ct
1065 2156 1822 2216 mactatisibivictimisDeo
1842 2154 2028 2228 patris
2135 2141 2268 2234 εἶξα)
2299 2142 2469 2199 limus
2499 2144 2735 2234 φονίαν,
2756 2145 2896 2217 quia
2912 2145 3028 2201 vidi
3052 2146 3261 2234 faciem
3295 2151 3482 2214 tuam,
3511 2150 3568 2200 et
3588 2160 3797 2217 super-

384 2254 477 2312 sui
509 2255 690 2320 Isaac,
724 2251 950 2307 audivit
974 2266 1109 2306 eum
1150 2267 1251 2322 per
1279 2248 1561 2306 visionem
1594 2247 1782 2304 noctis
1813 2261 2028 2300 vocan-

384 2348 499 2400 tem
525 2359 590 2399 se
609 2346 667 2398 et
692 2341 980 2397 dicentem
1004 2339 1115 2396 sibi
1142 2357 1154 2396 :
1187 2339 1387 2408 Jacob,
1417 2337 1596 2394 Jacob
1621 2357 1635 2406 ;
1665 2336 1763 2407 qui
1793 2351 2029 2406 respon-

383 2432 504 2488 dit:
537 2433 681 2488 Ecce
712 2431 944 2486 adsum.
999 2429 1093 2484 Ait
1122 2427 1207 2483 illi
1239 2433 1426 2483 Deus:
1466 2427 1582 2498 Ego
1615 2443 1744 2483 sum
1779 2422 2028 2480 fortissi-

383 2537 518 2577 mus
549 2521 702 2576 Deus
750 2520 936 2592 patris
991 2518 1121 2574 tui:
1184 2516 1301 2573 noli
1361 2516 1589 2586 timere,
1649 2515 1934 2572 descende
1967 2513 2029 2567 in

382 2614 715 2682 Egyptum,
748 2609 888 2680 quia
921 2609 976 2663 in
1011 2611 1244 2680 gentem
1295 2621 1566 2674 magnam
1601 2604 1808 2660 faciam
1845 2607 1898 2658 te
1929 2601 2030 2658 ibi.

385 2700 502 2772 Ego
533 2699 887 2755 descendam
921 2702 1114 2753 tecum
1149 2695 1312 2764 illuc,
1358 2699 1416 2750 ct
1443 2711 1549 2767 ego
1581 2694 1715 2749 inde
1745 2693 2033 2748 adducam

384 2795 443 2846 te
500 2787 960 2846 revertendum:
1018 2784 1230 2858 Joseph
1292 2799 1525 2856 quoque
1583 2786 1760 2855 ponet
1791 2797 2033 2836 manum

388 2895 555 2936 suam
591 2893 768 2950 super
797 2875 999 2932 oculos
1047 2879 1202 2930 tuos.
1239 2874 1322 2945 [C.
1371 2872 1606 2944 l.XXV.]
1635 2871 1900 2927 Surrexit
1929 2885 2034 2925 au-

388 2972 506 3025 tem
537 2969 714 3024 Jacob
769 2984 800 3021 a
848 2966 1028 3021 Puteo
1081 2963 1448 3036 juramenti;
1493 2961 1870 3032 tuleruntque
1900 2974 2035 3014 eum

392 3057 500 3114 ﬁlii
532 3073 665 3112 cum
694 3055 950 3127 parvulis
973 3058 1030 3110 et
1051 3054 1334 3109 uxoribus
1379 3053 1500 3107 suis
1525 3052 1583 3107 in
1608 3049 1886 3123 plaustris
1908 3064 2035 3120 qua

394 3147 636 3202 miserat
657 3145 881 3199 Pharao
904 3144 974 3198 ad
999 3142 1352 3215 portandum
1385 3155 1582 3196 senem
1607 3145 1662 3195 et
1681 3139 1880 3194 omnia
1911 3153 2036 3209 quas

392 3236 776 3307 possederant
799 3233 886 3304 [In
918 3232 978 3289 h.
1011 3236 1070 3287 et
1107 3232 1398 3286 duxerunt
1419 3245 1616 3285 secum
1644 3243 1851 3300 greges
1872 3226 2036 3298 suos]

385 3324 448 3380 in
475 3329 632 3380 terra
660 3323 932 3378 Chanaan
958 3339 973 3390 ;
1008 3319 1280 3392 venitque
1301 3319 1359 3374 in
1381 3322 1692 3390 [Egyptum
1717 3333 1848 3373 cum
1874 3314 2036 3372 omni

392 3413 619 3470 semine
650 3429 779 3480 suo,
831 3410 933 3466 ﬁlii
966 3411 1116 3481 ejus,
1151 3413 1208 3465 et
1238 3413 1502 3480 nepotes,
1537 3408 1691 3472 ﬁliae,
1725 3412 1782 3462 et
1825 3408 2037 3462 cuncta

394 3503 572 3559 simul
605 3501 934 3575 progenies.
964 3499 1093 3555 Haec
1121 3503 1260 3555 sunt
1280 3503 1472 3554 autem
1508 3496 1746 3553 nomina
1777 3495 2033 3551 ﬁliorum

391 3593 596 3662 Israel,
629 3591 730 3662 qui
765 3589 1012 3661 ingressi
1063 3592 1204 3643 sunt
1251 3588 1309 3642 in
1359 3590 1698 3659 Egyptum,
1742 3586 1869 3658 ipse
1899 3599 2032 3640 cum

387 3681 592 3738 liberis
641 3680 804 3748 suis;
855 3677 1288 3748 Primogenitus
1325 3677 1548 3732 Ruben.
1607 3674 1734 3731 Filii
1780 3674 2032 3730 Ruben:

388 3770 581 3827 Enoch
612 3774 671 3826 et
700 3767 902 3825 Phallu
936 3771 993 3823 et
1022 3767 1204 3823 Esron
1239 3770 1295 3822 et
1324 3764 1582 3820 Charmi.
1606 3763 1733 3820 Filii
1758 3764 1991 3820 Simeon
2017 3778 2032 3817 :

386 3858 612 3917 Jemuel
643 3861 700 3914 et
729 3857 950 3922 Jamin,
984 3859 1042 3911 et
1071 3856 1228 3912 Ohad
1268 3854 1467 3927 [Vulg.
1502 3853 1714 3924 Ahad],
1746 3858 1804 3908 et
1830 3851 2034 3908 Jachin

389 3954 447 4006 et
473 3949 678 4016 Soher,
711 3951 769 4002 et
816 3945 957 4002 Saul
987 3945 1144 4000 ﬁlius
1193 3942 1655 4000 Chanaanitidis.
1690 3940 1817 3997 Filii
1851 3939 1984 3996 Levi
2018 3957 2032 3996 :

389 4041 610 4098 Gerson
643 4044 701 4097 et
730 4039 908 4094 Caath
937 4042 990 4094 et
1023 4037 1250 4094 Merari.
1279 4035 1611 4092 FiliiJuda:
1645 4035 1758 4090 Her
1787 4040 1840 4089 et
1871 4033 2035 4089 Onan

386 4136 442 4187 et
490 4129 624 4186 Sela
652 4133 708 4186 et
741 4128 956 4185 Phares
988 4131 1045 4183 et
1074 4127 1240 4194 Zara,
1273 4125 1490 4182 mortui
1517 4129 1657 4182 sunt
1698 4127 1894 4180 autem
1927 4125 2038 4177 ller

387 4226 446 4276 et
476 4219 640 4277 Onan
671 4218 728 4273 in
757 4222 912 4272 terra
942 4216 1237 4273 Chanaan.
1297 4215 1672 4286 Fueruntque
1719 4213 1822 4268 ﬁlii
1854 4213 2034 4285 [Vulg.

387 4307 634 4379 Natique
663 4306 826 4377 sunt]
881 4304 1096 4360 Phares
1131 4322 1143 4360 :
1193 4305 1372 4360 Esron
1405 4309 1462 4359 et
1491 4302 1688 4358 Amul.
1724 4301 1850 4358 Filii
1882 4301 2037 4356 Issa-

388 4397 568 4452 char:
603 4393 790 4451 Thola
813 4399 871 4450 et
911 4393 1074 4450 Phua
1098 4398 1155 4449 et
1175 4393 1286 4448 Job
1322 4397 1377 4448 et
1397 4393 1656 4449 Simron.
1692 4391 1818 4448 Filil
1851 4391 2039 4447 Zabu-

387 4485 524 4542 lon:
559 4485 736 4542 Sared
760 4489 818 4541 et
842 4482 985 4539 Elon
1017 4489 1071 4539 et
1097 4482 1340 4538 Jahelel.
1375 4482 1444 4537 Hi
1478 4481 1580 4537 lilii
1619 4482 1726 4536 Lias
1758 4498 1906 4552 quos
1935 4495 2036 4553 ge-

2139 2231 2332 2288 stitem
2363 2237 2420 2288 te
2452 2232 2804 2305 relinquam.
2839 2234 2920 2306 [C.
2968 2233 3266 2306 LXXVII.)
3295 2236 3364 2290 Et
3405 2233 3582 2305 (Vulg.
3611 2233 3790 2290 relin-

2139 2321 2723 2393 quo.At]illelocutus
2755 2328 2845 2380 est
2875 2325 2944 2381 ad
2978 2326 3186 2382 fratres
3206 2341 3346 2382 suos
3368 2329 3425 2380 et
3455 2325 3524 2381 ad
3548 2338 3787 2380 omnem

2138 2411 2378 2466 domum
2437 2413 2620 2484 patris
2675 2415 2766 2470 sui
2803 2429 2817 2471 :
2852 2415 3178 2470 Ascendam
3236 2420 3296 2470 et
3327 2414 3611 2470 nuntiabo
3643 2411 3794 2467 Pha-

2140 2501 2328 2570 raoni,
2364 2500 2670 2575 dicamque
2701 2504 2752 2559 ei
2786 2519 2800 2560 :
2846 2504 3076 2560 Fratres
3108 2505 3243 2573 mei,
3278 2509 3336 2560 et
3364 2505 3576 2560 domus
3608 2502 3798 2575 patris

2142 2589 2385 2661 mei,qui
2416 2596 2582 2646 erant
2613 2592 2672 2646 in
2703 2598 2859 2648 terra
2889 2592 3191 2661 Chanaan,
3233 2597 3521 2650 venerunt
3551 2593 3621 2648 ad
3659 2607 3754 2646 me
3783 2606 3797 2645 :

2143 2683 2199 2734 et
2237 2683 2379 2734 sunt
2434 2680 2541 2734 viri
2595 2685 2863 2752 pastores
2919 2682 3134 2753 ovium,
3195 2697 3518 2755 curamque
3576 2679 3801 2736 habent

2143 2767 2486 2824 alendorum
2549 2785 2791 2841 gregum
2828 2788 2841 2828 :
2903 2787 3111 2842 pecora
3141 2789 3269 2842 sua,
3325 2775 3381 2827 et
3418 2774 3707 2838 armenta,
3736 2773 3802 2824 et

2144 2859 2340 2913 omnia
2370 2875 2496 2930 qua:
2532 2859 2742 2916 habere
2787 2865 3126 2933 potuerunt,
3171 2862 3540 2918 adduxerunt
3569 2875 3793 2915 secum.

2143 2951 2405 3019 (‘umque
2437 2951 2724 3005 vocaverit
2782 2967 2905 3016 vos,
2939 2955 2995 3007 et
3024 2950 3234 3006 dixerit
3267 2969 3280 3007 :
3337 2951 3498 3015 Quod
3528 2954 3615 3006 est
3643 2964 3796 3021 opus

2146 3042 2403 3093 vestrum
2439 3037 2466 3093 ?
2520 3039 3021 3110 Respondebitis:
3080 3040 3203 3096 Viri
3263 3045 3528 3112 pastores
3583 3054 3794 3095 sumus

2148 3125 2297 3181 servi
2329 3127 2414 3180 tui
2447 3127 2520 3183 ab
2551 3127 2801 3185 infantia
2848 3134 3047 3186 nostra
3091 3147 3278 3203 usque
3322 3129 3381 3185 in
3427 3144 3703 3202 praesens,
3733 3131 3796 3184 et

2068 3185 2110 3252 θ
2150 3231 2257 3270 nos
2285 3219 2342 3270 et
2373 3223 2569 3288 patres
2586 3219 2790 3274 nostri.
2968 3185 3166 3276 autem
3184 3185 3506 3285 Idicetisxut
3528 3185 3795 3273 habitare

2147 3304 2386 3376 possitis
2418 3305 2476 3360 in
2509 3311 2662 3362 terra
2717 3307 2904 3364 Gesen
2935 3324 2948 3364 :
2982 3307 3120 3381 quia
3149 3308 3516 3364 detestantur
3542 3306 3795 3379 Egyptii

2146 3409 2346 3450 omnes
2378 3400 2640 3466 pastores
2671 3396 2886 3452 ovium.

2215 3499 2374 3573 [ϐαρ.
2408 3500 2650 3573 XLVII.]
2709 3503 3015 3573 Ingressus
3067 3520 3204 3576 ergo
3247 3503 3461 3576 Joseph
3505 3500 3803 3558 nuntiavit

2145 3589 2663 3660 Pharaoni,dicens
2697 3609 2709 3647 :
2745 3593 2911 3648 Pater
2967 3609 3133 3649 meus
3163 3597 3221 3648 et
3267 3592 3499 3662 fratres,
3532 3606 3665 3646 oves
3696 3605 3798 3646 eo-

2146 3695 2274 3733 rum
2307 3683 2364 3734 et
2393 3686 2680 3751 armenta,
2701 3686 2986 3738 etcuncta
3010 3699 3137 3754 qua:
3171 3682 3492 3754 possident,
3512 3682 3805 3736 venerunt

2145 3768 2215 3823 de
2247 3773 2399 3824 terra
2427 3769 2738 3826 Chanaan:
2774 3774 2832 3826 et
2863 3787 2993 3828 ecce
3050 3771 3386 3827 consistunt
3415 3770 3472 3826 in
3505 3774 3659 3826 terra
3689 3769 3804 3824 Gs-

2145 3873 2268 3912 sen.
2305 3857 2609 3914 Extremos
2668 3876 2904 3933 quoque
2961 3861 3208 3918 fratrum
3257 3877 3500 3917 suorum
3534 3859 3804 3931 quinque

2144 3945 2301 4002 viros
2332 3948 2542 4002 statuit
2598 3964 2796 4004 coram
2829 3965 2962 4022 rege
2995 3966 3008 4005 :
3045 3967 3193 4021 quos
3237 3949 3335 4006 ille
3364 3947 3748 4020 interrogavit
3783 3962 3798 4001 :

2145 4035 2293 4099 Quid
2347 4034 2578 4093 habetis
2639 4039 2834 4110 operis
2878 4039 2906 4094 ?
2963 4039 3466 4112 Responderunt:
3527 4039 3802 4094 Pastores

2146 4126 2338 4182 ovium
2374 4143 2582 4184 sumus
2612 4129 2762 4184 servi
2782 4129 2894 4199 tui,
2923 4134 2982 4186 et
3001 4147 3130 4198 nos,
3159 4135 3217 4186 et
3248 4135 3444 4202 patres
3477 4127 3682 4184 nostri.
3714 4127 3801 4182 Ad

2145 4217 2642 4288 peregrinandum
2706 4219 2763 4274 in
2798 4224 2953 4275 terra
3007 4224 3109 4276 tua
3162 4219 3433 4276 venimus
3469 4235 3482 4275 :
3517 4216 3800 4291 quoniam

2146 4321 2262 4360 non
2295 4311 2383 4361 est
2411 4305 2594 4363 herba
2641 4307 2918 4380 gregibus
2951 4325 3254 4366 servorum
3307 4313 3567 4375 tuorum,
3599 4305 3803 4378 ingra-

2145 4400 2413 4453 vescente
2457 4397 2609 4455 fame
2647 4400 2706 4455 in
2754 4405 2910 4456 terra
2952 4401 3226 4458 Chanaan
3264 4419 3276 4457 :
3323 4402 3699 4474 petimusque
3739 4401 3808 4454 ut

2149 4503 2278 4542 esse
2336 4504 2444 4543 nos
2507 4488 2720 4559 jubeas
2795 4506 2993 4547 servos
3061 4496 3193 4548 tuos
3259 4493 3317 4547 in
3386 4495 3544 4546 terra
3593 4489 3805 4545 Gesen.

390 4575 518 4631 nuit
545 4575 605 4630 in
661 4572 1082 4646 Mesopotamia
1133 4572 1306 4644 Syriae
1358 4589 1490 4627 cum
1554 4571 1697 4628 Dina
1755 4570 1870 4625 tilia
1911 4587 2037 4642 sua,
2071 4560 2116 4625 D
2149 4575 2231 4646 [C.
2267 4576 2588 4649 LXXVIII.]
2647 4579 2802 4634 Dixit
2844 4579 3046 4652 itaque
3104 4597 3199 4636 rex
3235 4580 3303 4634 ad
3337 4579 3553 4650 Joseph
3590 4595 3602 4632 :
3637 4577 3809 4634 Pater

388 4681 591 4720 omnes
623 4663 831 4720 animis
864 4661 1121 4717 ﬁliorum
1156 4662 1285 4733 ejus
1320 4667 1378 4716 et
1409 4660 1686 4730 ﬁliarum,
1721 4661 1962 4732 triginta
1988 4663 2045 4716 et
2153 4669 2292 4720 tuus
2323 4668 2381 4721 et
2413 4666 2619 4722 fratres
2656 4667 2738 4722 tui
2765 4673 3050 4724 venerunt
3080 4670 3151 4724 ad
3185 4673 3276 4737 te;
3309 4664 3707 4739 terrangypti
3740 4664 3804 4720 in

390 4753 665 4812 tres.Filii
693 4754 812 4810 Gad
841 4769 854 4808 :
886 4751 1141 4824 Sephion
1167 4757 1224 4808 et
1245 4751 1450 4824 llaggi,
1469 4751 1708 4818 Suni,et
1735 4750 1958 4806 Esebon
1990 4753 2046 4806 et
2154 4759 2471 4826 conspectu
2491 4760 2591 4812 tuo
2621 4761 2711 4812 est
2738 4774 2751 4824 ;
2787 4758 2842 4812 in
2867 4757 3090 4831 optimo
3122 4758 3243 4814 loco
3276 4759 3365 4813 lac
3386 4756 3650 4812 habitare
3679 4769 3803 4825 eos,

384 4843 519 4902 Heri
541 4848 599 4900 et
619 4842 793 4899 Arodi
827 4847 883 4898 et
910 4840 1223 4898 Areli.Filii
1273 4843 1448 4897 Aser:
1481 4840 1688 4897 Jimna
1718 4857 1732 4906 ;
1764 4845 1818 4896 et
1847 4839 2038 4904 Jisua,

390 4939 447 4991 et
473 4933 651 5001 Jisui,
680 4936 737 4988 et
765 4931 954 5000 Beria,
1013 4932 1157 4988 Sara
1185 4945 1420 5004 quoque
1459 4946 1626 4986 soror
1655 4946 1880 4986 eorum.
1913 4929 2042 4986 Filii

390 5024 559 5081 Beria
589 5038 604 5078 :
634 5022 822 5080 Heber
870 5025 928 5078 et
973 5019 1234 5077 Melchiel
1271 5037 1282 5076 :
1333 5019 1392 5076 hi
1424 5019 1529 5076 ﬁlii
1579 5020 1827 5092 Zelphae,
1861 5036 2039 5092 quam

393 5113 557 5170 dedit
587 5112 782 5170 Laban
843 5110 953 5166 Lits
989 5110 1121 5166 ﬁlias
1175 5127 1316 5178 suae,
1376 5109 1569 5166 ethos
1626 5111 1831 5182 genuit
1859 5109 2040 5165 Jacob

393 5203 684 5260 sexdecim
709 5201 956 5258 animas.
985 5199 1114 5256 Filii
1135 5197 1560 5256 Racheluxoris
1580 5198 1758 5254 Jacob
1784 5215 1796 5254 :
1821 5197 2038 5270 Joseph

393 5298 451 5351 et
506 5290 836 5364 Beniamin.
880 5289 1131 5362 Natique
1188 5292 1326 5345 sunt
1376 5288 1595 5360 Joseph
1654 5287 1758 5343 ﬁlii
1791 5288 1848 5342 in
1881 5293 2040 5343 terra

392 5383 800 5456 Egypti,quos
819 5381 1019 5452 genuit
1044 5379 1094 5436 ei
1125 5377 1402 5449 Aseneth,
1426 5377 1549 5433 ﬁlia
1570 5377 1910 5449 Putiphare,
1944 5393 2038 5433 sa-

2153 4847 2207 4898 et
2239 4844 2404 4900 trade
2435 4844 2518 4900 eis
2541 4849 2755 4901 terram
2771 4845 2982 4902 Gesen.
3016 4847 3176 4914 Quod
3211 4846 3259 4902 si
3292 4845 3446 4902 nosti
3477 4860 3607 4900 esse
3635 4843 3694 4898 in
3717 4842 3805 4899 eis

2149 4931 2663 5001 virosindustrios,
2697 4935 2990 4991 constitue
3019 4935 3153 4993 illos
3182 4933 3500 5008 magistros
3523 4947 3802 5006 pecorum

2150 5037 2435 5080 meorum.
2470 5024 2555 5093 [Β.
2586 5022 2810 5096 XLIV.]
2871 5028 3011 5081 Post
3068 5024 3190 5080 hac
3231 5023 3556 5080 introduxit
3583 5018 3804 5094 Joseph

2151 5114 2375 5183 patrem
2408 5128 2583 5168 suum
2614 5112 2687 5168 ad
2719 5128 2936 5185 regem,
2971 5117 3027 5169 et
3058 5113 3270 5169 statuit
3297 5128 3432 5168 eum
3463 5127 3656 5169 coram
3691 5126 3760 5166 eo
3790 5127 3806 5180 ;

2149 5199 2250 5272 qui
2298 5200 2651 5258 benedicens
2701 5200 2810 5270 illi,
2863 5206 2921 5259 et
2967 5201 3367 5276 interrogatus
3403 5201 3476 5258 ab
3506 5217 3612 5258 eo:
3656 5201 3815 5265 Quot

2147 5298 2284 5344 sunt
2315 5289 2441 5346 dies
2468 5307 2755 5346 annorum
2792 5290 2922 5347 vitae
2954 5295 3066 5347 tuae
3089 5291 3118 5347 ?
3162 5289 3518 5365 Respondit:
3556 5289 3686 5346 Dies
3715 5302 3817 5359 pe~

2147 5378 2563 5452 regrinationis
2579 5396 2719 5436 mea;
2743 5383 2760 5417 ¹
2784 5384 3021 5438 centum
3036 5381 3323 5453 tringinta
3340 5394 3626 5437 annorum
3649 5379 3816 5440 sunt,

467 5671 486 5708 ¹
517 5671 580 5728 In
611 5670 870 5744 antiquis
891 5683 1036 5729 mes.
1059 5665 1410 5740 codd.inque
1430 5681 1652 5724 canone
1677 5666 1851 5725 Hebr.
1867 5666 2031 5726 verit.
2073 5666 2308 5741 legitur,
2327 5669 2457 5726 Die:
2510 5671 2985 5742 peregrinationi:
3029 5671 3161 5729 vita
3187 5685 3349 5738 meae,
3371 5670 3474 5727 sed
3516 5669 3650 5727 vita
3676 5683 3816 5726 mu-
