4080 6186
229 301 340 356 261»
1647 290 1861 344 LIBER
1899 288 1953 344 G.

2063 291 2222 346 ESIS.
3529 293 3637 350 262

230 425 407 500 parvi,
439 428 499 479 et
526 421 686 487 mali,
719 424 777 476 et
809 436 921 476 non
951 419 1341 490 pervenerunt
1381 431 1572 487 usque
1617 414 1687 469 ad
1746 413 1871 468 dies
1903 416 1957 482 Α
1990 414 2300 470 ricordiam
2334 418 2390 469 et
2452 414 2796 471 veritatem:
2832 420 2896 471 ut
2950 433 3063 472 non
3122 417 3370 489 sepelias
3427 436 3520 477 me
3577 421 3637 477 in

231 520 455 589 patrum
494 526 757 567 meorum
792 508 1005 578 quibus
1041 505 1394 579 peregrinati
1429 508 1602 571 sunt;
1627 502 1875 557 etbene-
1997 505 2238 576 {Egypto
2264 505 2392 558 :sed
2412 504 2696 561 dormiam
2714 522 2844 560 cum
2865 506 3130 577 patribus
3153 508 3643 576 meis,etau{ems

238 606 383 659 dicto
411 618 568 673 rege,
601 614 869 672 egressus
903 605 990 652 est
1024 596 1202 651 foras.
1235 594 1454 666 Joseph
1487 607 1620 647 vero
1653 589 1803 662 patri
1830 592 1891 644 et
2001 611 2091 649 me
2124 594 2192 647 de
2227 594 2331 648 hac
2362 598 2537 661 terra,
2574 596 2912 666 condasque
2945 596 3002 650 in
3038 598 3306 667 sepulcro
3348 601 3641 671 majorum

238 693 512 749 fratribus
542 690 667 745 suis
717 688 877 743 dedit
929 683 1360 757 possessionem
1405 682 1462 737 in
1521 684 1765 752 Egypto
1829 678 1887 732 in
2001 698 2284 737 meorum.
2321 682 2425 737 Cui
2460 684 2761 753 respondit
2791 684 3009 758 Joseph
3040 704 3052 742 :
3088 687 3205 759 Ego
3238 690 3447 745 faciam
3486 692 3643 763 quod

243 784 457 855 optimo
491 785 657 836 terra:
686 777 811 833 solo
843 777 1023 847 [Vulg.
1089 774 1261 844 loco].
1294 773 1623 837 Ramesses,
1658 778 1720 823 ut
1743 784 1888 839 prm-
1994 771 2250 843 jussisti.
2274 770 2447 828 Etille
2474 789 2485 827 :
2509 773 2654 828 Jura
2671 774 3051 846 ergo,inquit,
3077 777 3651 851 milii.0uojurante,

244 874 471 945 ceperat
502 868 746 924 Pharao.
780 866 849 920 Et
876 864 1067 921 alebat
1098 879 1218 930 eos,
1252 874 1604 931 omnemque
1652 858 1891 912 domum
2004 860 2267 915 adoravit
2299 860 2479 917 Israel
2513 866 2715 929 Deum,
2749 879 3065 921 conversus
3097 867 3166 920 ad
3201 867 3397 923 lectuli
3453 874 3649 942 caput.

247 962 424 1036 patris
457 959 573 1025 sui,
610 956 880 1029 praebens
911 953 1125 1009 cibaria
1164 949 1413 1023 singulis
1444 966 1457 1004 :
1492 949 1549 1003 in
1582 951 1704 1002 toto
1737 945 1895 1000 enim
2076 950 2165 1021 [T.
2225 950 2450 1017 XXVII,
2482 955 2545 1009 C.
2599 953 2826 1022 LXXX,
2889 955 3023 1025 Cap.
3084 955 3359 1029 XLVIII]
3415 960 3514 1015 His
3571 959 3654 1015 ita

248 1052 377 1109 orbe
408 1048 580 1120 panis
641 1046 863 1113 deerat,
915 1046 974 1097 et
1032 1042 1363 1113 opresserat
1412 1038 1596 1093 fames
1653 1041 1894 1103 terram,
2005 1039 2340 1109 transactis,
2375 1041 2709 1097 nuntiatum
2763 1048 2853 1098 est
2893 1043 3110 1115 Joseph
3141 1047 3294 1117 quod
3349 1052 3657 1120 aegrotaret

248 1140 497 1196 maxime
525 1134 755 1207 .Egypti
775 1138 832 1189 et
860 1131 1161 1189 Chanaan.
1196 1129 1238 1184 E
1262 1128 1480 1200 quibus
1511 1141 1744 1180 omnem
1800 1138 1897 1195 pe-

2063 1132 2170 1183 iter
2201 1145 2383 1184 suus:
2418 1130 2516 1201 qui
2552 1132 2876 1203 assumptis
2898 1133 3131 1190 duobus
3155 1134 3291 1191 filiis
3316 1141 3655 1194 Manasseet

247 1228 475 1285 cuniam
512 1220 890 1295 congregavit
949 1236 1052 1292 pro
1108 1215 1444 1272 venditione
1498 1211 1797 1275 frumenti,
1846 1213 1904 1264 et
2010 1217 2308 1288 Ephraim,
2340 1220 2423 1273 ire
2455 1220 2730 1290 perrexit.
2780 1220 3132 1294 Dictumque
3161 1229 3246 1280 est
3292 1227 3461 1283 seni:
3512 1229 3655 1283 Ecce

248 1317 443 1373 intulit
474 1330 605 1370 eam
638 1312 697 1367 in
733 1309 1003 1365 aerarium
1047 1306 1222 1379 regis.
1282 1306 1546 1374 Cumque
1595 1299 1904 1356 defecisset
2014 1308 2166 1361 filius
2195 1313 2330 1363 tuus
2358 1308 2575 1380 Joseph
2596 1309 2748 1365 venit
2774 1312 2841 1366 ad
2870 1315 2941 1368 te.
2975 1312 3082 1376 Qui
3104 1314 3465 1371 confortatus
3504 1316 3658 1372 sedit

250 1404 616 1478 emptoribus
664 1403 681 1434 ¹
735 1399 1013 1472 pretium,
1074 1396 1232 1451 venit
1263 1399 1474 1450 cuncta
1514 1392 1796 1464 Egyptus
1829 1387 1898 1441 ad
2012 1396 2069 1451 in
2106 1395 2341 1452 lectulo.
2371 1397 2442 1452 Et
2472 1398 2738 1469 ingresso
2770 1401 2839 1455 ad
2866 1417 2929 1455 se
2960 1402 3042 1457 ait
3074 1402 3263 1458 :Deus
3285 1404 3658 1476 omnipotens

250 1495 489 1568 Joseph,
524 1493 726 1549 dicens
758 1506 773 1546 :
808 1494 888 1545 Da
918 1487 1088 1543 nobis
1120 1501 1302 1559 panes
1336 1501 1350 1540 :
1400 1498 1581 1555 quare
1617 1479 1906 1568 morimur
2014 1487 2284 1557 apparuit
2317 1486 2461 1541 mihi
2492 1487 2551 1542 in
2585 1490 2757 1555 μηδ’
2785 1507 2913 1560 ηυδε
2944 1494 3033 1546 εει
3060 1491 3120 1547 in
3153 1496 3307 1547 terra
3332 1493 3608 1551 Chanaan
3639 1512 3653 1551 ε

255 1566 445 1643 coram
478 1589 559 1649 te,
580 1580 887 1637 deficiente
910 1575 1196 1649 pecunia?
1212 1571 1550 1640 Quibusille
1568 1566 1902 1641 respondit;
2016 1575 2431 1647 Benedixitque
2465 1576 2695 1643 mihi,et
2724 1578 2839 1633 ait;
2876 1580 3066 1651 Egote
3094 1582 3318 1653 augebo
3362 1588 3419 1639 et
3454 1583 3658 1640 multi-

257 1673 537 1731 adducite
570 1686 778 1743 pecora
797 1671 1011 1733 vestra,
1062 1669 1118 1721 et
1140 1665 1289 1719 dabo
1310 1661 1473 1717 vobis
1491 1677 1593 1732 pro
1615 1659 1699 1714 eis
1721 1657 1907 1725 cibos,
2018 1663 2263 1735 plicabo,
2298 1672 2353 1719 et
2388 1666 2592 1721 faciam
2629 1667 2820 1738 [Γαίᾳ.
2871 1668 3002 1723 add.
3039 1670 3115 1741 te]
3147 1672 3205 1725 in
3237 1672 3443 1728 turbas
3474 1689 3664 1745 popu.

260 1766 301 1821 si
330 1762 636 1857 pretium“
661 1757 1063 1857 non‘habetis.
1112 1755 1263 1857 .Quiu
1503 1746 1906 1857 adduxissent:
1941 1792 1987 1857 Β
2019 1753 2205 1810 lorum
2238 1770 2251 1809 :
2288 1755 2555 1827 daboque
2584 1757 2689 1811 tibi
2722 1764 2939 1813 terram
2988 1758 3161 1828 hanc,
3192 1765 3248 1816 et
3297 1761 3509 1817 semini
3561 1768 3664 1818 tuo

258 1854 416 1910 dedit
446 1850 536 1907 eis
562 1849 842 1904 alimenta
866 1863 969 1919 pro
991 1844 1181 1917 equis,
1216 1847 1272 1897 et
1292 1841 1522 1904 ovibus,
1542 1843 1601 1894 et
1627 1837 1835 1903 bobus,
1858 1842 1911 1890 et
1942 1837 1987 1857 ”
2022 1848 2150 1915 post
2180 1849 2258 1911 te,
2291 1845 2349 1901 in
2384 1848 2811 1916 possessionem
2840 1848 3278 1920 sempiternam.
3312 1850 3437 1906 Duo
3489 1850 3670 1923 igitur

260 1942 483 1999 asinis:
521 1936 987 2005 sustentavitque
1020 1950 1117 1989 eos
1144 1931 1244 1987 illo
1276 1947 1429 1986 anno
1462 1945 1563 2001 pro
1586 1930 1915 1982 commuta—
2024 1932 2125 1987 ﬁlii
2159 1934 2265 2001 tui,
2301 1935 2400 2006 qui
2453 1935 2574 1990 nati
2624 1940 2763 1991 sunt
2812 1938 2994 2007 (Vulg.
3056 1939 3183 1994 add.
3248 1940 3369 2007 tibi]
3405 1941 3462 1996 in
3511 1945 3670 1996 terra

260 2035 416 2088 tione
441 2044 746 2102 pecorum.
779 2026 1079 2080 Venerunt
1111 2038 1345 2095 quoque
1382 2035 1535 2076 anno
1559 2016 1836 2081 secundo,
1860 2017 1918 2068 et
2023 2025 2281 2100 Egypii,
2316 2029 2629 2095 antequam
2664 2024 3054 2081 hucvenirem
3086 2028 3156 2082 ad
3188 2032 3268 2095 te,
3320 2030 3431 2084 mei
3455 2033 3666 2085 erant:

264 2124 545 2177 dixerunt
574 2118 625 2174 ei
654 2136 667 2173 :
699 2117 825 2172 Non
845 2111 1357 2169 celamusdomino
1381 2109 1565 2178 [Vulg.
1593 2104 1917 2161 celabimus
2024 2116 2300 2191 Ephraim
2335 2119 2392 2170 ei,
2420 2115 2739 2182 Μεωεεεθε,
2774 2114 2924 2169 sicut
2958 2115 3161 2171 Ruben
3194 2120 3251 2171 et
3295 2117 3529 2173 Simeon
3580 2132 3673 2172 ι-θ-

260 2214 510 2281 donum]
540 2212 762 2275 nostro,
795 2204 974 2277 quod,
1017 2201 1325 2257 deficiente
1382 2197 1651 2270 pecunia,
1707 2209 1918 2266 pecora

2072 2208 2398 2264 utabuntur
2432 2202 2597 2259 mihi.
2646 2202 2931 2275 Reliquos
2962 2209 3158 2260 autem
3200 2222 3351 2277 quos
3405 2206 3677 2278 genueris

262 2302 438 2360 simul
469 2298 848 2354 defecerunt:
884 2309 988 2349 nec
1040 2291 1189 2346 Clam
1224 2294 1280 2345 ίθ
1327 2292 1436 2355 est,
1496 2285 1650 2358 (100d
1702 2283 1921 2354 absque
2030 2303 2161 2372 post
2190 2312 2307 2362 eos,
2342 2294 2426 2349 tui
2461 2297 2652 2359 erunt,
2678 2296 2735 2348 et
2766 2293 3002 2348 nomine
3031 2296 3279 2350 fratrum
3313 2312 3555 2351 suorum
3586 2312 3680 2351 vo-

263 2390 616 2466 οοτροτίδαδ
655 2392 712 2443 εί
738 2391 888 2440 terra
922 2382 1066 2439 nihil
1100 2381 1446 2436 habeamus-
1488 2376 1603 2431 cur
1632 2390 1765 2466 (περ
1798 2389 1923 2466 ῐηίξ·
2031 2385 2391 2445 cabunturin
2415 2382 2922 2455 possesssionibus
2942 2382 3086 2439 suis.
3110 2383 3247 2439 Mihi
3270 2384 3427 2440 enim
3444 2384 3679 2456 quando

265 2484 511 2547 riemur,
540 2484 598 2535 te
626 2477 860 2533 vidente
883 2473 910 2528 ?
939 2477 999 2528 et
1028 2488 1136 2526 nos
1169 2474 1225 2525 et
1253 2473 1410 2524 terra
1440 2469 1642 2522 nostra
1674 2463 1760 2519 tui
1812 2461 1923 2517 eri-
2032 2475 2332 2532 veniebam
2365 2473 2435 2527 de
2467 2471 2907 2542 Mesopotamia,
2940 2477 3173 2527 mortua
3220 2477 3309 2528 est
3356 2472 3571 2529 Rachel
3620 2472 3679 2527 in

270 2590 401 2628 mus
433 2588 449 2628 :
480 2585 611 2626 eme
636 2584 744 2623 nos
778 2565 835 2620 in
890 2563 1231 2619 servitutem
1292 2557 1533 2630 regiam,
1594 2558 1651 2609 et
1711 2552 1929 2624 ριηθεὼθ·
2033 2571 2190 2623 terra
2219 2564 2493 2618 Chanaan
2525 2563 2582 2616 in
2616 2561 2744 2632 ipso
2773 2560 2999 2629 itinere,
3024 2567 3265 2634 eratque
3280 2578 3523 2618 vernum
3543 2566 3687 2618 tem-

268 2665 525 2728 semina,
575 2673 669 2726 ne,
703 2658 982 2728 pereunte
1012 2650 1254 2717 cultore,
1315 2646 1619 2718 redigatur
1664 2648 1821 2698 terra
1867 2640 1924 2694 in
2034 2658 2269 2728 Ρυεεει
2316 2650 2691 2723 ingrediebar
2752 2649 3094 2722 Ephpatam,
3154 2656 3210 2707 et
3258 2651 3499 2723 sepelivi
3556 2666 3684 2706 eam

267 2749 679 2808 solitudinem.
712 2743 865 2799 Emit
896 2742 1078 2813 igitur
1127 2736 1347 2809 Joseph
1414 2748 1647 2791 omnem
1706 2736 1924 2787 terram
2030 2749 2201 2817 juxta
2226 2743 2384 2799 viam
2418 2741 2706 2813 Εριηιεηω,
2759 2757 2890 2813 quae
2933 2740 3043 2796 alio
3076 2741 3313 2797 nomine
3358 2740 3690 2813 appellatur

270 2838 527 2912 Egypti,
544 2834 933 2891 vendentibus
949 2827 1196 2901 singulis
1228 2824 1632 2897 possessiones
1653 2837 1793 2877 suas
1816 2835 1930 2891 prae

2063 2834 2405 2892 iethlehem.
2430 2832 2649 2886 Videns
2682 2834 2878 2886 autem
2912 2830 3063 2887 ﬁlios
3093 2832 3219 2901 ejus
3246 2830 3392 2885 dixit
3420 2831 3493 2885 ad
3552 2846 3687 2884 eum

266 2909 687 3001 ωδέίιίίυάίοθ
721 2922 911 2978 famls-
948 2918 1325 2990 sabjecn‘lue
1357 2931 1482 2970 eam
1520 2909 1835 3001 Pharagni.
1878 2912 1935 3001 εξ
2042 2924 2147 2990 Qui
2170 2921 2425 2979 suntisti
2446 2920 2472 2975 ?
2495 2919 2854 2991 Respondit:
2884 2919 3011 2975 Filii
3034 2920 3146 2974 mei
3168 2924 3327 2991 sunt,
3349 2935 3498 2990 quos
3525 2918 3690 2974 dedit

266 2996 521 3073 cun‘ctos
543 3012 791 3085 populos
817 3011 969 3081 ejus,
994 3025 1027 3063 a
1049 3003 1390 3063 novissimis
1411 3000 1682 3058 terminis
1705 2996 1935 3070 [Egypti

2063 3012 2186 3068 nibi
2211 3017 2361 3067 Deus
2392 3011 2452 3065 in
2485 3010 2594 3065 hoc
2625 3008 2771 3065 loco.
2805 3009 3033 3065 Adduc.
3068 3008 3279 3077 induit,
3312 3025 3411 3065 eos
3442 3009 3514 3064 ad
3572 3023 3690 3077 me,

266 3121 465 3178 usque
499 3103 569 3157 ad
605 3106 894 3157 extremos
922 3099 1068 3153 ﬁnes
1090 3097 1239 3166 eius»
1277 3097 1480 3165 ρι’ᾶδῖθτ
1507 3096 1722 3146 terram
1748 3102 1938 3143 33°01“
1969 3162 2006 3178 Α
2046 3106 2111 3157 ut
2142 3100 2486 3157 benedicam
2522 3097 2663 3153 illis.
2690 3098 2775 3171 [B.
2809 3098 2998 3171 XLV.]
3029 3097 3193 3154 Oculi
3221 3096 3578 3155 enimlsrael
3601 3113 3693 3154 ca-

270 3162 509 3259 dOl‘uma
542 3208 669 3264 qua?
705 3207 735 3245 ³
767 3204 903 3260 Pege
934 3162 1154 3242 ίνθάίῐίι
1215 3162 1405 3239 fuerat
1433 3180 1517 3237 eis
1546 3196 1559 3233 ε
1605 3178 1821 3249 Ἷυίδυε
1879 3178 1935 3230 et
1966 3162 2008 3230 C
2046 3192 2371 3263 ligaveraut
2401 3205 2515 3260 prae
2543 3162 2729 3243 nimia
2758 3162 3081 3258 senectute,
3113 3192 3170 3243 et
3185 3188 3341 3243 clare
3360 3187 3557 3243 videre
3580 3202 3694 3243 non

273 3290 509 3341 statuta
539 3279 758 3336 cibaria
788 3295 856 3333 ex
885 3275 1113 3331 horreis
1147 3272 1397 3345 publicis
1432 3267 1862 3342 praebebantur,
1885 3268 1943 3320 et
2052 3283 2295 3355 poterat.
2320 3277 2769 3350 Applicitosque
2790 3278 2861 3332 αα
2882 3294 2944 3332 se
2966 3276 3343 3333 deosculatus
3365 3280 3474 3345 est,
3499 3281 3556 3331 et
3577 3275 3696 3331 οίιι-

278 3376 510 3431 idcirco
545 3387 663 3426 non
722 3372 860 3424 sunt
917 3363 1206 3436 compulsi
1250 3361 1499 3416 vendere
1538 3355 1941 3430 possessiones

2063 3368 2394 3442 :umplexus
2424 3368 2606 3440 [Vulg.
2642 3366 2769 3423 add.
2803 3367 2924 3436 eos]
2956 3366 3097 3422 dicit
3126 3367 3197 3422 ad
3238 3365 3427 3422 filium
3474 3381 3651 3421 suum
3680 3379 3695 3421 :

279 3482 446 3520 suas.
485 3460 647 3516 Dixit
677 3474 809 3528 ergo
838 3453 1152 3526 Josephﬁad
1179 3448 1463 3522 populos:
1490 3449 1573 3502 En
1592 3450 1658 3501 ut
1679 3443 1942 3512 cernitis,

282 3559 337 3609 et
365 3568 482 3607 vos
519 3554 576 3604 et
606 3553 823 3603 terram
856 3547 1107 3599 vestram
1131 3541 1353 3594 Pharao
1377 3536 1676 3609 possidet:
1702 3532 1947 3603 accipite

285 3641 550 3705 semina,
584 3640 642 3692 et
665 3635 837 3691 serite
870 3648 1062 3704 agros,
1095 3634 1159 3685 ut
1191 3629 1389 3699 fruges
1420 3625 1633 3680 habere
1682 3610 1943 3694 possitis.

286 3732 576 3797 Quintam
611 3729 835 3799 partem
887 3722 1006 3794 regi
1066 3718 1321 3774 dabitis:
1384 3720 1634 3785 quatuor
1691 3711 1948 3782 reliquas

284 3819 572 3890 permitto
605 3813 768 3869 vobis
800 3812 856 3866 in
888 3812 1235 3877 sementem,
1268 3805 1397 3875 etin
1418 3803 1613 3859 cibum
1633 3799 1873 3856 familiis
1891 3802 1950 3853 et

281 3888 496 3964 liberis
518 3904 753 3960 vestris.
787 3901 892 3965 Qui
925 3898 1359 3970 responderunt
1391 3910 1403 3949 :
1438 3892 1609 3947 Salus
1640 3894 1839 3945 nostra
1888 3888 1949 3942 in

282 4014 472 4053 manu
507 4000 611 4050 tua
641 3996 731 4048 est
765 4008 777 4045 :
812 3988 1086 4061 respiciat
1119 4003 1225 4041 nos
1258 3988 1491 4039 tantum
1529 3980 1817 4036 Dominus
1849 3992 1950 4032 no-

281 4093 435 4155 ster,
473 4090 534 4141 et
564 4083 679 4138 laeti
715 4080 1037 4137 serviemus
1070 4076 1209 4147 regi.
1242 4075 1321 4129 Ex
1354 4089 1419 4129 eo
1473 4075 1735 4140 tempore
1764 4081 1953 4138 usque

277 4178 337 4231 in
364 4176 748 4248 praestantem
776 4170 951 4237 diem,
977 4166 1034 4221 in
1062 4166 1333 4221 universa
1358 4167 1513 4216 terra
1533 4158 1780 4231 Egypti,
1804 4156 1955 4227 regi-

283 4245 403 4321 bus
439 4263 655 4335 quinta
687 4276 821 4332 pars
851 4256 1119 4319 solvitur,
1152 4257 1210 4308 et
1247 4253 1471 4308 factum
1527 4253 1613 4304 est
1669 4246 1834 4319 quasi
1895 4245 1954 4300 in

2053 3462 2175 3517 Non
2209 3476 2339 3515 sum
2374 3458 2679 3513 fraudatus
2710 3461 2949 3529 aspectu
2985 3460 3120 3512 tuo:
3157 3457 3398 3528 insuper
3445 3454 3705 3511 ostendit

2056 3549 2201 3607 mihi
2222 3555 2378 3605 Deus
2399 3562 2598 3603 semen
2620 3551 2813 3602 tuum.
2836 3546 3098 3617 Cumque
3116 3545 3351 3601 tulisset
3375 3561 3473 3601 eos
3487 3542 3706 3615 Joseph

2057 3642 2127 3696 de
2157 3638 2377 3711 gremio
2410 3636 2611 3708 patris,
2645 3636 2909 3692 adoravit
2960 3652 3182 3707 pronus
3238 3635 3298 3690 in
3343 3639 3578 3690 terram.
3639 3636 3709 3688 Et

2058 3730 2255 3803 posuit
2281 3726 2556 3800 prraim
2590 3726 2660 3781 ad
2684 3725 2978 3780 dexteram
3002 3740 3194 3792 suam,
3226 3722 3284 3778 id
3317 3726 3425 3789 est,
3450 3724 3521 3778 ad
3561 3720 3708 3776 sini-

2061 3824 2240 3875 stram
2269 3815 2448 3872 Israel
2479 3834 2491 3871 :
2518 3816 2827 3871 Manassen
2854 3830 2985 3869 vero
3010 3814 3068 3867 in
3093 3812 3337 3869 sinistra
3364 3828 3494 3880 sua,
3518 3810 3589 3865 ad
3615 3810 3713 3864 de-

2059 3913 2281 3963 xteram
2314 3904 2534 3961 scilicet
2564 3902 2766 3975 patris,
2800 3901 3201 3974 applicuitque
3221 3901 3426 3955 ambos
3450 3898 3521 3953 ad
3550 3913 3708 3963 eum,

2058 3996 2165 4061 Qui
2188 3995 2508 4050 extendens
2538 4009 2774 4049 manum
2795 3994 3091 4046 dexteram
3120 3989 3316 4060 posuit
3338 4003 3513 4058 super
3535 3988 3713 4057 caput

2061 4081 2610 4157 Ephraimjunioris
2640 4082 2817 4151 [Vulg.
2847 4079 3117 4147 minoris]
3142 4075 3340 4133 fratris
3366 4092 3379 4131 :
3404 4075 3711 4130 sinistram

2063 4179 2258 4230 autem
2292 4188 2469 4243 super
2498 4175 2681 4243 cuput
2706 4170 3001 4233 Manasse,
3030 4167 3129 4238 qui
3171 4166 3357 4236 major
3392 4168 3535 4219 natu
3568 4166 3714 4229 erat,

2065 4266 2439 4319 commutans
2464 4275 2693 4314 manus.
2722 4257 3138 4328 Benedixitque
3159 4253 3377 4328 Joseph
3401 4252 3520 4309 filio
3546 4268 3650 4308 suo
3671 4252 3713 4319 ²,

278 4359 508 4428 legem»
540 4352 763 4422 absque
794 4353 949 4404 terra
980 4342 1353 4408 εδεθτάοῖαῖίν
1386 4356 1513 4411 qua
1535 4338 1724 4394 libera
1747 4336 1819 4391 ab
1847 4335 1959 4428 ha?
2066 4357 2123 4408 et
2143 4352 2251 4407 ait:
2280 4349 2517 4416 Deus,in
2534 4348 2705 4419 cujus
2719 4350 3035 4419 conspectu
3052 4344 3503 4402 ambulaverunt
3524 4345 3718 4415 patres

271 4421 629 4501 conditione
661 4421 789 4494 fuit.
828 4437 909 4510 [C.
948 4434 1229 4525 LXXIX}
1249 4428 1550 4525 Habitavit
1579 4421 1953 4525 ergohlsrael
2068 4443 2204 4509 mei,
2236 4440 2531 4497 Abraham
2553 4444 2611 4495 et
2640 4441 2820 4508 Isaac,
2850 4443 3000 4494 Deus
3022 4436 3118 4509 qui
3150 4436 3337 4508 pascit
3362 4451 3453 4490 me
3476 4434 3548 4490 ab
3573 4433 3719 4488 ado_

275 4536 334 4590 in
372 4536 650 4605 Egypto,
686 4528 744 4583 id
778 4532 888 4595 est,
918 4526 979 4579 in
1010 4528 1166 4579 terra
1190 4522 1400 4585 Gesen,
1424 4523 1481 4574 et
1504 4516 1766 4590 possedit
1788 4529 1953 4569 eam:

2064 4532 2345 4589 lescentia
2375 4546 2506 4586 mea
2532 4543 2718 4599 usque
2750 4528 2810 4582 in
2846 4530 3197 4598 praesentem
3229 4524 3385 4580 diem
3411 4536 3424 4584 ;
3450 4520 3719 4595 angelus,

271 4630 622 4691 auctusque
653 4622 764 4687 est,
797 4621 853 4672 et
875 4611 1300 4684 multiplicatus
1323 4608 1523 4664 nimis.
1548 4608 1616 4662 Et
1637 4605 1859 4661 vixitin
1886 4620 1953 4659 ea
2064 4623 2163 4694 qui
2197 4622 2349 4677 emit
2381 4636 2472 4674 me
2503 4619 2574 4673 de
2621 4616 2849 4673 cunctis
2907 4614 3106 4683 malis,
3153 4612 3460 4670 benedicat
3519 4609 3719 4684 pueris

273 4716 499 4769 decem
529 4714 588 4764 εἴ
620 4711 843 4779 septem
884 4702 1092 4760 annis:
1129 4700 1386 4771 ῖδοιίειυθ
1418 4700 1561 4754 sunt
1592 4711 1798 4752 omnes
1829 4694 1957 4749 dies
2071 4712 2248 4783 [Vulg.
2278 4709 2413 4766 add.
2440 4707 2632 4779 istis]:
2661 4711 2718 4761 et
2773 4706 3076 4761 invocetur
3106 4719 3285 4775 super
3344 4718 3444 4757 eos
3502 4714 3717 4756 nomen

272 4802 414 4857 vitae
451 4798 618 4853 illius
649 4800 883 4852 centum
908 4790 1295 4865 quadraginta
1312 4792 1370 4844 et
1385 4791 1610 4859 septem
1641 4798 1955 4840 annorum.
2071 4816 2293 4864 meum,
2327 4797 2565 4854 nomina
2594 4810 2829 4867 quoque
2852 4794 3093 4849 patrum
3132 4807 3400 4848 meorum
3424 4788 3723 4845 Abraham

274 4893 574 4960 Cumque
590 4884 1060 4957 appropinquare
1078 4882 1342 4935 cerneret
1366 4876 1571 4932 mortis
1585 4874 1742 4931 diem
1773 4872 1953 4960 [Vulg.

2072 4897 2131 4948 et
2150 4891 2311 4947 Isaac
2338 4909 2353 4959 ;
2387 4892 2443 4944 et
2464 4891 2730 4942 crescant
2752 4885 2810 4939 in
2828 4882 3273 4938 multitudinem
3298 4884 3728 4952 superterram,

275 4980 417 5037 add.
458 4959 631 5047 sum].
667 4972 888 5030 vocavit
925 4971 1113 5026 filium
1147 4984 1321 5024 suum
1353 4965 1599 5038 Joscph,
1636 4967 1693 5018 et
1723 4961 1867 5017 dixit
1890 4959 1953 5015 ad

2074 4978 2294 5034 Videns
2327 4980 2523 5032 autem
2564 4972 2783 5044 Joseph
2813 4971 2968 5043 quod
3018 4970 3321 5043 posuisset
3370 4972 3535 5040 pater
3582 4981 3727 5022 suus

277 5086 431 5127 eum
463 5084 480 5121 ³
514 5065 577 5121 Si
610 5062 801 5119 inveni
849 5061 1099 5152 Sumam
1131 5057 1190 5113 in
1249 5059 1565 5152 conp-ecf“
1628 5058 1757 5152 mf”.
1814 5065 1966 5150 ΡΡΠθ
2080 5073 2375 5128 dexteram
2409 5082 2651 5122 manum
2684 5081 2862 5136 super
2893 5067 3073 5135 caput
3124 5061 3419 5134 Ephraim,
3471 5057 3721 5131 graviter

282 5171 555 5214 manum
583 5158 746 5209 tuam
777 5152 887 5207 sub
911 5150 1129 5205 femore
1155 5163 1305 5215 meo,
1328 5150 1385 5201 et
1409 5144 1586 5201 facies
1614 5142 1759 5198 mihi
1783 5142 1968 5196 mise—
2082 5163 2308 5222 accedit
2336 5165 2396 5217 et
2416 5157 2845 5231 apprehensa“,
2878 5154 3062 5227 patris
3086 5170 3328 5210 manum
3351 5151 3541 5208 levare
3562 5163 3733 5205 com.

2085 5407 2252 5464 tionis
2282 5419 2437 5468 meae,
2471 5399 2597 5456 scil.
2630 5399 2747 5454 dies
2775 5412 3050 5453 annorum
3077 5389 3543 5467 peregrinationis
3578 5405 3732 5445 meae.

2158 5481 2174 5513 ¹
2212 5475 2322 5531 Alii
2353 5474 2487 5529 libri
2518 5472 2855 5543 temporibus
2886 5469 3222 5543 praeferunt.

2128 5551 2179 5678 οἷ
2210 5546 2447 5677 νέιιεειιί
2475 5532 2639 5611 libri,’
2664 5532 3067 5611 Benedzziitque
3090 5538 3250 5595 Iacob
3285 5532 3419 5596 ﬁliis
3436 5533 3659 5606 Ioseph,
3682 5536 3737 5589 et

2089 5640 2145 5681 a1
2176 5666 2192 5681 .
2223 5638 2255 5678 ο
2282 5638 2330 5677 Ο.

2176 5666 2192 5695 ,
2224 5662 2330 5678 νυν.

284 5442 546 5496 tuatum
580 5433 814 5489 videtur
842 5447 873 5486 e
903 5431 1055 5485 LXX
1082 5423 1529 5497 interpretibus,
1582 5420 1686 5493 qui
1743 5419 1971 5492 legunt.

283 5514 427 5568 Dies
453 5523 742 5563 annorum
772 5506 905 5559 vitae
932 5517 1091 5557 meae.
1117 5499 1304 5554 Man'r.

366 5563 449 5624 ζ-
474 5580 718 5634 Addunt
748 5574 931 5631 nostri
964 5589 1106 5628 mss.
1140 5573 1284 5626 vitae.
1311 5568 1422 5624 Sed
1455 5570 1512 5623 et
1551 5563 1851 5629 Hebraeus,
1922 5563 1980 5616 et

288 5652 535 5728 Aquila
554 5648 753 5707 nescio
775 5646 914 5719 quid
939 5644 1072 5717 plus
1092 5642 1292 5713 habet,
1311 5656 1490 5712 quam
1511 5637 1633 5693 dies
1659 5648 1982 5708 peregrina-
