4080 6186
406 457 504 512 tus
534 456 623 510 est
651 452 722 508 de
752 448 940 522 capite
986 439 1281 516 Ephraim,
1314 442 1374 494 et
1431 435 1715 492 tranferre
1746 446 1925 503 super
1955 446 2045 522 ca-

409 550 517 617 put
548 519 841 599 Manasse:
860 535 1132 605 Dixitque
1147 530 1216 586 ad
1233 533 1487 601 patrem:
1508 525 1631 584 Non
1648 523 1725 579 ita
1747 519 2041 585 convenit,

412 612 613 707 pater:
648 631 788 703 quia
816 628 911 682 hic
942 629 1032 680 est
1062 617 1510 694 primogenitus,
1541 628 1692 685 pone
1752 612 2049 666 dexteram

412 698 579 779 tuam
630 698 806 789 super
861 717 1039 786 caput
1082 710 1234 781 ejus.
1267 706 1375 771 Qui
1408 719 1680 772 renuens,
1713 701 1795 757 ait
1828 716 1866 753 :~
1898 698 2053 769 Scio,

414 811 499 868 ﬁli
533 810 635 876 mi,
667 787 827 863 scio:
861 810 920 860 et
948 803 1062 858 iste
1091 798 1331 872 quidem
1382 795 1496 851 erit
1553 793 1612 847 in
1670 787 1938 862 populos,
1998 787 2056 876 et

415 897 940 971 multiplicabitur:
973 892 1074 948 sed
1108 891 1288 945 frater
1316 886 1446 957 ejus
1470 882 1675 954 junior
1719 879 1931 971 major-
1953 875 2053 971 illo

414 991 527 1047 erit
552 1006 565 1045 :
589 966 657 1042 et
685 1000 887 1041 semen
911 980 1073 1037 illius
1103 980 1324 1034 crescet
1357 974 1417 1029 in
1448 976 1668 1046 gentes.
1720 966 2053 1023 Benedixit-

412 1096 526 1152 que
552 1078 636 1135 eis
666 1076 726 1131 in
750 1076 876 1146 ipso
906 1078 1188 1142 tempore,
1221 1067 1423 1123 dicens
1448 1081 1460 1119 :
1500 1063 1563 1117 In
1595 1065 1650 1117 te
1680 1056 2057 1114 benedicatur

415 1146 618 1237 Israel,
703 1171 881 1236 atque
950 1160 1204 1215 dicetur:
1281 1155 1474 1210 Faciat
1527 1150 1633 1206 tibi
1703 1149 1857 1204 Deus
1904 1146 2058 1202 sicut

415 1233 686 1330 Ephraim
713 1261 770 1310 et
788 1233 952 1308 isicut
980 1250 1271 1305 Manasse.
1303 1241 1729 1310 Conslituitque
1776 1233 2054 1307 Ephraim

413 1324 547 1404 ante
579 1345 911 1401 Manassen.
945 1337 1117 1393 Etait
1146 1335 1217 1390 ad
1248 1331 1465 1403 Josepb
1494 1330 1681 1385 lilium
1714 1341 1924 1382 suum:
1969 1324 2053 1378 En

408 1453 512 1507 ego
546 1433 784 1503 morior,
814 1433 872 1485 et
900 1427 1011 1483 erit
1039 1425 1190 1481 Deus
1223 1422 1543 1490 vobiscum,
1577 1418 1928 1487 reducetque
1954 1428 2055 1467 vos

411 1501 483 1581 ad
510 1530 722 1579 terram
743 1501 979 1592 patrum
993 1518 1341 1570 vestrorum.
1358 1510 1439 1566 Do
1455 1507 1557 1564 tibi
1579 1509 1800 1580 partem
1836 1518 2014 1558 unam
2037 1501 2053 1536 ί

411 1619 574 1670 extra
596 1590 806 1666 fratres
828 1613 978 1672 tuos,
1010 1619 1189 1675 quam
1222 1600 1329 1655 tuli
1386 1599 1458 1654 de
1508 1611 1689 1653 manu
1733 1590 2056 1649 Amorrhaei

412 1703 474 1759 in
502 1699 698 1775 gladio
718 1704 775 1754 et
798 1712 937 1753 arcu
970 1709 1119 1749 meo.

479 1769 573 1860 [τίη.
607 1784 928 1851 XXXVIII,
960 1783 1017 1839 e.
1048 1778 1293 1844 LXXXI,
1354 1778 1486 1849 Cap.
1544 1773 1764 1842 xuxq
1816 1769 2056 1860 Vocavit

408 1858 607 1937 autem
637 1876 815 1933 Jacob
848 1873 1002 1928 ﬁlios
1034 1886 1198 1940 suos,
1229 1874 1287 1924 et
1317 1867 1399 1924 ait
1417 1865 1502 1922 eis
1532 1883 1551 1920 :
1577 1858 2052 1934 Congregamini,

406 1974 472 2025 ut
494 1966 836 2025 annuntiem
865 1979 994 2034 qua;
1041 1964 1286 2015 ventura
1342 1960 1483 2012 sunt
1527 1953 1692 2009 vobis
1738 1951 1798 2005 in
1844 1948 2054 2005 diebus

408 2056 769 2115 novissimis.
802 2047 1275 2123 Congregamini,
1325 2052 1381 2102 et
1426 2043 1645 2108 audite,
1691 2040 1795 2096 filii
1845 2037 2051 2107 Jacob,

409 2148 607 2205 audite
630 2142 805 2201 lsrael
828 2145 1052 2214 patrem
1074 2141 1335 2194 vestrum
1361 2151 1373 2189 :
1404 2134 1603 2190 Ruben
1626 2128 2054 2204 primogenitus

410 2252 577 2293 meus
611 2235 656 2307 ³,
686 2237 748 2288 tu
783 2229 1063 2288 fortitudo
1115 2244 1264 2295 mea,
1314 2229 1371 2281 et
1418 2221 1772 2296 principium
1834 2217 2053 2274 doloris

411 2325 522 2382 mei
551 2342 565 2380 :
590 2323 747 2395 prior
776 2320 837 2376 in
868 2318 1060 2387 donis,
1090 2317 1278 2388 major
1306 2315 1365 2369 in
1396 2310 1665 2384 imperio.
1711 2308 1945 2364 Etl'usus
1991 2322 2056 2362 es

409 2417 564 2470 sicut
603 2428 777 2484 aqua,
812 2425 927 2465 non
977 2420 1252 2462 creseas:
1310 2402 1444 2473 quia
1492 2398 1809 2458 ascendisti
1860 2396 2054 2453 cubile

406 2503 591 2576 patris
621 2502 731 2570 tui,
760 2494 1138 2556 etmaculasti
1153 2498 1404 2550 stratum
1425 2491 1575 2563 ejus.
1592 2489 1831 2545 Simeon
1849 2491 1904 2543 et
1920 2484 2055 2542 Levi

409 2575 621 2649 fratres
645 2592 667 2626 ³
701 2609 715 2651 ;
748 2605 888 2646 vasa
916 2584 1248 2658 iniquitatis
1277 2580 1570 2638 bellantia.
1630 2581 1691 2634 In
1738 2575 2053 2634 consilium

408 2698 610 2739 eorum
645 2696 760 2735 non
790 2676 985 2734 veniat
1010 2674 1207 2731 anima
1240 2688 1388 2742 mea,
1422 2674 1477 2726 et
1507 2668 1567 2726 in
1617 2671 1766 2724 coetu
1816 2665 2053 2722 illorum

410 2788 527 2827 non
558 2770 635 2826 sit
662 2767 848 2842 gloria
879 2782 1009 2822 mea
1034 2783 1055 2828 ;
1087 2762 1226 2836 quia
1254 2762 1314 2817 in
1348 2761 1540 2816 furere
1570 2774 1676 2814 suo
1722 2755 2057 2811 occiderunt

406 2861 618 2928 virum,
649 2863 707 2915 et
745 2857 804 2913 in
857 2856 1151 2912 voluntate
1202 2868 1311 2908 sua
1367 2850 1734 2907 suil'oderunt
1795 2859 2052 2902 murum.

478 3019 804 3075 ‘Hebraeus
848 3014 1023 3070 habet
1051 3024 1174 3073 ἼΠΝ
1215 3022 1351 3070 Date
1408 3009 1625 3076 Sichem
1676 3005 1841 3073 ahad,
1901 3004 2056 3076 quod

405 3074 792 3164 Septuaginta
820 3086 1280 3164 interpretantur
1312 3074 1832 3164 Σικιμαξξαίρετον,
1864 3074 2056 3140 idest,

406 3153 674 3219 Sicimam
685 3153 1049 3231 prazcipuam.
1066 3159 1234 3209 Hunc
1248 3153 1607 3231 locumsatis
1621 3156 1937 3231 obscurum
1956 3166 2050 3230 va-

410 3216 868 3290 riaﬁeruditione'
888 3231 1278 3299 Hieronymus
1308 3223 1661 3299 explicavit:
1692 3223 1923 3299 Sicima,
1958 3219 2049 3299 in-
2080 3216 2122 3282 Ο

408 3306 558 3377 quit,
576 3301 1014 3377 jwctaGraecam
1044 3306 1094 3377 et
1110 3291 1399 3377 Latinaru—
1412 3294 1860 3377 consuetudinem
1879 3291 2048 3346 decli-

410 3366 659 3433 nata'e'st.
679 3372 936 3445 Alioquin
963 3370 1221 3426 Hebraice
1246 3367 1457 3445 Sichem
1478 3366 1701 3445 dicitur,
1724 3366 2053 3445 uﬁt_J_0rmnes

410 3463 624 3522 quoque
649 3435 1240 3522 evang'relistatest‘atu‘r
1265 3442 1422 3522 ;ticet_
1438 3438 1649 3522 vitiose,
1669 3445 1727 3491 ut
1744 3435 1949 3522 Sdchar
1971 3435 2052 3489 le-

407 3508 590 3593 qatur,
622 3508 1035 3593 error'inolevit
1063 3517 1116 3568 et
1135 3518 1216 3593 east
1232 3526 1382 3593 nunc
1398 3508 1665 3593 [voeapoti's‘
1682 3508 1816 3593 urbe
1840 3508 2050 3562 Sama-

410 3581 750 3647 ritanorum.
785 3589 924 3655 Quia
952 3587 1130 3655 igitur
1149 3583 1378 3638 Sichem
1408 3581 1602 3655 lingua
1622 3581 2053 3655 Hebrsedtrans-
2129 3591 2134 3597 '

407 3667 620 3736 [eretur
643 3663 714 3736 in
733 3649 1048 3736 tiu-merum,
1069 3655 1295 3727 pulchre
1309 3649 1506 3709 allusit
1534 3653 1605 3707 ad
1626 3649 2014 3734 nomendicens
2035 3666 2057 3702 .-

411 3722 482 3790 Εἰ
498 3750 604 3807 ego
625 3732 775 3807 dabo
789 3731 894 3786 tibi
914 3729 990 3785 hu
1002 3722 1226 3783 merum
1242 3743 1358 3807 uno
1370 3742 1419 3781 [η
1437 3743 1456 3807 _;
1475 3723 1868 3807 prpprwcipluo
1879 3722 2052 3807 enim,

409 3808 471 3863 id
497 3793 599 3870 εἷι,
631 3800 898 3877 ἐξαίρετον
935 3817 1118 3877 unum
1149 3793 1488 3877 scribiturin
1510 3793 1754 3877 Hebraeo.
1780 3793 1931 3862 Quod
1953 3808 2056 3846 au-

411 3888 522 3934 tem
552 3868 690 3933 dicit
720 3868 776 3932 se
806 3891 936 3931 eam
967 3875 1025 3928 in
1046 3888 1180 3926 arcu
1202 3879 1253 3924 et
1281 3870 1460 3940 gladio
1492 3868 1809 3940 possedisse.
1860 3880 2058 3918 arcum

413 3951 510 4005 hic
536 3954 587 4005 et
614 3948 886 4020 gladium,
910 3945 1192 4017 justitiam
1217 3937 1388 4009 vocat,
1421 3937 1529 3996 etc.
1577 3937 1721 3993 Vide
1765 3937 1825 3992 in
1848 3940 2053 4006 Quaest.

412 4021 570 4078 Hebr.
604 4019 785 4075 MART.

483 4124 551 4134 —
581 4091 774 4148 Nostri
802 4104 969 4146 mss..
1002 4084 1224 4142 Daboin
1244 4084 1440 4139 futuro
1467 4081 1773 4149 ;Hebraaus
1796 4076 2057 4150 praeteri-

410 4168 539 4220 tum
573 4165 768 4236 potius
800 4164 963 4216 notat
990 4168 1131 4236 ml):
1154 4155 1307 4236 dedi,
1340 4161 1515 4210 Porro
1546 4154 1700 4224 quod
1734 4152 1815 4207 ait
1845 4155 2059 4236 partem

410 4229 601 4291 unam'.
632 4236 909 4290 Hebraeus
941 4232 1172 4304 praefert
1198 4229 1493 4283 humerum
1520 4241 1698 4279 unum
1728 4236 1850 4284 'mu
1901 4234 2059 4290 DDW,

412 4338 753 4395 quanquam
788 4332 923 4380 mw
943 4301 1061 4389 ‘pro
1092 4301 1208 4376 D57!
1239 4319 1416 4395 parte,
1440 4317 1759 4395 exponunt,
1785 4327 1910 4395 qua:
1941 4312 2057 4395 gei-

415 4382 629 4471 licetin
653 4393 917 4471 _burr_ie_ro
943 4382 1672 4471 portaturﬁtlazterum‘vid.
1703 4385 1903 4471 Quaest:
1934 4382 2059 4471 Iter.

427 4494 431 4498 ι
486 4467 506 4500 ²
538 4464 729 4520 Verba
756 4453 1037 4518 Hebraica
1068 4477 1179 4516 non
1206 4474 1439 4528 semper
1457 4457 1659 4513 eodem
1678 4455 1848 4528 modo
1877 4453 2062 4528 inter-

459 4541 677 4592 retatur
706 4535 1129 4606 Hieronymus:
1166 4531 1236 4606 in_
1257 4524 1461 4599 Qubst.
1495 4528 1655 4606 enim
1678 4524 2061 4606 Hebraicisde

470 4610 620 4664 uben
650 4607 710 4662 in
744 4596 980 4661 Hebrzeo
1010 4604 1095 4658 ita
1125 4596 1411 4672 scriptum
1444 4616 1571 4655 esse
1626 4600 1824 4661 docet;
1876 4596 2061 4672 Ruben

415 4678 819 4752 primogenitus
830 4693 1002 4752 meus,
1027 4667 1455 4752 fortitudomea,
1486 4683 1537 4752 et
1564 4672 1865 4751 capitulum
1898 4667 1958 4752 in
1989 4667 2059 4722 li-

416 4741 558 4808 beris
585 4741 742 4807 meis.
776 4750 946 4821 Major
972 4741 1042 4802 ad
1080 4745 1436 4821 portandum,
1486 4748 1539 4821 et
1596 4743 1781 4821 major
1828 4741 2058 4819 robore:

415 4825 619 4897 effusus
647 4838 703 4897 es
731 4810 875 4897 sicut
904 4810 1167 4892 aqua,'ne
1195 4810 1453 4897 adﬁcias:
1476 4810 1777 4897 Ascendisti
1795 4810 1943 4867 enim
1968 4826 2063 4866 cu-

417 4884 527 4968 bile
547 4892 726 4968 patris
756 4892 859 4960 tui,
890 4884 1367 4968 et'contaminasti
1405 4891 1643 4968 stratum
1690 4884 1749 4939 in
1805 4897 2057 4968 ascensu.

413 4956 559 5030 Quis
581 4967 657 5022 sit
679 4956 884 5020 borum
908 4963 1221 5020 verborum
1247 4976 1457 5017 sensus
1474 4958 1630 5030 apud
1652 4972 1810 5024 eum,
1834 4956 2060 5010 discere

413 5056 585 5095 nemo
617 5054 733 5093 non
766 5040 977 5108 potest.
995 5034 1203 5108 _MABT.

481 5142 550 5152 —
583 5110 745 5167 Unus
766 5098 959 5178 'Palat.
993 5100 1536 5178 bicquoque_addit,
1561 5102 1610 5178 e_t
1635 5100 1715 5178 ai_t
1735 5098 1937 5178 eis:_A_d
1961 5113 2057 5178 se-

414 5169 1143 5255 quentiapatriarcharum
1195 5169 1435 5255 nomine
1455 5172 1656 5255 confer
1672 5171 1781 5255 Qu.
1814 5169 2058 5255 Hebrai-

413 5242 532 5322 cas,
567 5242 871 5309 ubi.aliter
900 5268 969 5307 ex
1016 5248 1252 5322 Hebraeo
1283 5247 1365 5322 S.‘
1400 5249 1440 5298 P
1464 5247 1583 5322 _ter_
1613 5242 2053 5322 interpretatur.

484 5312 618 5381 εἘχ
639 5325 842 5381 eodem
866 5323 1218 5389 Hieronymo
1235 5317 1451 5389 legitur
1464 5315 1678 5389 bicloci
1694 5314 1752 5389 in
1777 5312 2058 5368 Hebraica

407 5398 673 5463 veritate,
692 5396 915 5453 Simeon
928 5403 978 5450 et
992 5385 1118 5448 Levi
1132 5385 1358 5461 fratris,
1378 5404 1516 5463 vasa,
1531 5385 1849 5463 iniquitatis
1864 5455 1873 5463 _
1891 5400 2059 5439 arma

407 5485 623 5525 eorum.
657 5455 715 5525 in
743 5481 1017 5524 arcanum
1033 5455 1225 5519 eorum
1244 5475 1331 5516 me
1352 5461 1519 5515 intret
1538 5455 1759 5527 anima,
1781 5466 1832 5527 et
1851 5455 1912 5511 in
1932 5471 2057 5511 con-

410 5556 509 5595 ven
519 5544 578 5596 tu
594 5557 787 5596 eorum
810 5556 879 5595 ne
896 5536 1230 5593 dissolvatur
1248 5533 1429 5603 gloria
1448 5528 1757 5603 mea:quia
1782 5526 1844 5603 in
1871 5530 2060 5603 furore

406 5626 501 5668 suo
530 5610 1153 5684 interfeceruntvirum,
1185 5600 1309 5663 etin
1335 5601 1571 5659 libidine
1588 5600 1691 5658 sua
1720 5600 2061 5673 sit/foderunt

407 5696 657 5743 murum.
690 5683 877 5744 Mea'r.

1444 314 1505 366 s.
1545 262 1955 364 HmRoNYm
1994 296 2246 360 DIVINA
2284 305 2780 362 BIBLIOTHECA.

2158 428 2506 488 Maledictus
2520 430 2683 488 furor
2699 430 3076 505 eorum,quia
3087 430 3357 503 pertinax
3373 448 3389 502 ;
3405 435 3465 488 et
3479 431 3811 504 indignatio

2161 535 2383 586 eorum,
2415 520 2554 593 quia
2582 521 2766 577 dura:
2791 520 3050 577 dividam
3082 537 3182 577 eos
3205 520 3263 577 in
3289 521 3494 592 Jacob,
3520 521 3811 593 etdisper-

2157 624 2294 681 gum
2323 625 2422 665 eos
2454 610 2511 666 in
2542 610 2720 667 Israel
2753 612 2957 681 ;Juda,
2987 615 3043 667 te
3072 610 3401 668 laudabunt
3432 612 3641 668 fratres
3700 611 3809 667 tui:

2164 713 2374 754 manus
2391 698 2561 754 tuain
2577 700 2901 757 cervicibus
2916 700 3290 756 inimicorum
3311 705 3549 757 tuorum
3573 699 3815 757 :adora-

2161 786 2309 843 bunt
2340 792 2394 843 te
2428 786 2531 843 filii
2561 789 2746 860 patris
2801 790 2908 845 tui.
2962 790 3205 847 Catulus
3253 788 3440 845 leonis
3489 790 3680 845 Juda:
3743 789 3814 845 ad

2160 877 2440 948 praedam,
2491 876 2575 932 fili
2633 877 2736 946 mi,
2769 878 3087 935 ascendisti
3118 881 3139 914 ‘
3171 895 3187 935 :
3240 864 3612 951 requiescens
3645 895 3815 935 accu-

2166 965 2350 1022 buisti
2386 970 2449 1022 ut
2476 965 2588 1036 leo,
2622 971 2679 1024 et
2710 967 2881 1041 quasi
2911 968 3111 1039 lemne,
3140 968 3273 1040 quis
3304 967 3815 1025 suscitabiteum?

2163 1055 2289 1111 Non
2322 1056 2621 1113 auferetur
2652 1062 2950 1130 sceptrum
2974 1059 3046 1114 de
3074 1058 3250 1123 Juda,
3281 1062 3339 1114 et
3369 1059 3488 1113 dux
3519 1058 3589 1115 de
3627 1058 3816 1114 femo-

2163 1144 2328 1202 ribus
2349 1147 2527 1217 [Vulg.
2546 1146 2946 1219 temorejejus,
2968 1147 3151 1204 donec
3167 1146 3464 1218 veniatqui
3491 1147 3818 1203 mittendus

2164 1236 2274 1302 est,
2307 1238 2364 1289 et
2394 1232 2519 1305 ipse
2564 1233 2674 1289 erit
2722 1234 3078 1307 exspectatio
3132 1234 3418 1307 gentium.
3472 1234 3685 1307 Ligans
3744 1235 3815 1291 ad

2163 1323 2394 1377 vineam
2415 1321 2637 1394 pullum
2653 1340 2850 1392 suum,
2869 1325 2910 1393 ⁵,
2934 1325 3076 1380 etad
3098 1324 3291 1394 vitem,
3308 1340 3340 1379 o
3361 1321 3445 1380 fili
3462 1323 3562 1395 mi,
3586 1323 3814 1381 asinam

2165 1427 2359 1467 suam.
2386 1411 2625 1467 Lavabit
2654 1411 2713 1467 in
2746 1411 2879 1468 vino
2904 1411 3118 1468 stolam
3151 1429 3344 1483 suam,
3367 1417 3427 1468 et
3446 1412 3505 1468 in
3529 1412 3818 1485 sanguine

2168 1515 2290 1555 uvae
2312 1499 2555 1572 pallium
2589 1517 2785 1556 suum.
2819 1500 3194 1557 Pulchriores
3227 1500 3380 1557 oculi
3413 1502 3541 1573 ejus
3571 1501 3729 1568 vino,
3761 1504 3819 1557 et

2166 1588 2368 1645 dentes
2398 1589 2547 1646 lacte
2577 1589 2970 1646 candidiores.
3001 1590 3266 1647 Zabulon
3298 1590 3355 1646 in
3386 1591 3586 1647 littore
3632 1590 3816 1648 maris

2165 1678 2456 1735 habitabit
2484 1679 2595 1750 [ΑΙ.
2647 1679 2976 1751 habitavit],
3036 1684 3093 1736 et
3145 1679 3205 1735 in
3263 1680 3519 1737 statione
3577 1680 3816 1737 navium

2169 1768 2509 1839 pertingens
2531 1785 2718 1841 usque
2740 1770 2812 1825 ad
2831 1768 3410 1837 Sidonem,lssacbar
3431 1769 3635 1826 asinus
3649 1769 3818 1826 fortis

2086 1844 2131 1908 Β
2168 1857 2464 1913 accubans
2494 1858 2647 1914 inter
2677 1859 2983 1915 terminos.
3010 1858 3170 1914 Vidit
3189 1859 3453 1931 requiem
3483 1860 3637 1932 quod
3661 1864 3818 1916 esset

2163 1948 2334 2015 bona,
2349 1951 2406 2003 et
2418 1951 2632 2003 terram
2656 1947 2809 2019 quod
2824 1948 3066 2021 optima,
3090 1953 3147 2004 et
3169 1949 3483 2021 supposuit
3500 1948 3814 2005 humerum

2162 2053 2338 2092 suum
2365 2037 2435 2093 ad
2469 2038 2848 2109 portandum,
2897 2038 3209 2110 factusque
3259 2042 3348 2094 est
3394 2039 3633 2095 tributis
3689 2055 3813 2095 ser-

2164 2125 2323 2181 viens
2348 2127 2389 2181 °.
2420 2132 2545 2182 Dan
2571 2127 2855 2198 judicabil
2898 2126 3182 2200 pepulum
3214 2144 3390 2184 suum
3433 2128 3588 2185 sicut
3616 2132 3675 2185 et
3703 2127 3821 2185 alia

2163 2214 2353 2270 tribus
2383 2214 2440 2269 in
2478 2212 2672 2270 Israel.
2708 2213 2829 2270 Fiat
2846 2215 2967 2270 Dan
2993 2214 3232 2270 coluber
3250 2214 3311 2271 in
3330 2216 3441 2287 via,
3466 2221 3724 2273 cerastes
3756 2216 3817 2271 in

2167 2304 2399 2375 semita,
2433 2304 2711 2359 mordens
2759 2302 3013 2376 ungulas
3047 2304 3198 2375 equi,
3234 2312 3291 2360 ut
3323 2305 3494 2361 cadat
3540 2321 3821 2362 ascensor

2162 2394 2292 2465 ejus
2345 2400 2515 2449 retro.
2567 2392 2831 2449 Salutare
2886 2397 3054 2449 tuum
3115 2395 3487 2466 exspectabo,
3545 2394 3813 2452 Domine.

2164 2482 2308 2550 Gad,
2342 2481 2637 2538 accinctus
2670 2481 3029 2554 praeliabitur
3052 2488 3186 2538 ante
3206 2499 3362 2554 eum,
3387 2487 3442 2540 et
3468 2482 3595 2555 ipse
3616 2483 3815 2540 accin-

2163 2576 2335 2644 getur
2367 2576 2687 2628 retrorsum
2718 2573 2760 2628 ⁷.
2811 2572 3016 2641 Aseer,
3050 2571 3287 2645 pinguis
3344 2572 3517 2645 panis
3545 2575 3698 2644 ejus,
3755 2576 3816 2629 et

2164 2660 2445 2733 praebebit
2476 2659 2715 2716 delicias
2737 2660 2995 2732 regibus.
3030 2659 3369 2732 Nepbthali,
3400 2677 3606 2717 cervus
3636 2677 3814 2717 emis-

2164 2767 2289 2819 sus,
2322 2753 2379 2805 et
2407 2750 2552 2806 dans
2583 2749 2813 2820 eloquia
2845 2748 3307 2823 pulchritudinis
3335 2750 3376 2805 ⁸.
3407 2750 3592 2807 Filius
3624 2766 3815 2807 accre-

2163 2856 2331 2896 scens
2351 2839 2590 2912 Josepb,
2614 2838 2770 2896 ﬁlius
2787 2855 3127 2897 accrescens
3149 2839 3169 2875 ⁹
3190 2844 3248 2895 et
3263 2840 3512 2896 decorus
3531 2845 3768 2913 aspectu
3796 2854 3812 2896 :

2281 2999 2345 3084 in
2377 2999 2613 3084 Hebraeo
2648 2999 3456 3084 habetjuxtailieronymum
3492 3018 3505 3057 :
3532 3001 3605 3057 De
3632 3001 3817 3073 capti-

2166 3073 2352 3139 vitate,
2381 3072 2473 3140 fili
2500 3072 2599 3140 mi,
2632 3072 2946 3126 ascendisti.
2979 3076 3161 3129 Maa'r.

2207 3160 2343 3241 _Hie
2375 3175 2609 3241 quoque
2638 3158 2696 3212 in
2722 3159 3270 3241 Hebrasoscriptum
3304 3164 3398 3241 e_s_t_
3421 3177 3434 3215 :
3466 3160 3722 3241 Alligans
3742 3159 3815 3215 ad

2160 3232 2324 3288 vitem
2367 3230 2591 3301 pullum
2619 3247 2802 3297 suum,
2835 3236 2888 3287 et
2944 3230 3008 3286 in
3060 3230 3243 3297 Sorec,
3310 3234 3398 3301 ﬁli
3452 3235 3550 3298 mi,
3598 3234 3819 3287 asinam

2153 3303 2526 3385 suam._Sorec
2574 3311 2773 3385 autem
2797 3304 2998 3385 .electa
3029 3305 3155 3385 vitis
3185 3305 3423 3385 dicitur.
3458 3304 3568 3359 Sed
3599 3310 3658 3385 et
3696 3304 3817 3385 .boc

2155 3375 2485 3439 sciendum,
2520 3374 2675 3444 quod
2710 3373 2809 3429 ubi
2838 3392 2942 3430 nos
2977 3374 3226 3445 legimus
3243 3392 3275 3445 ει
3299 3376 3541 3445 alligans
3561 3374 3818 3431 advitem

2152 3446 2379 3519 pullum
2405 3442 2590 3510 suum,
2623 3462 2727 3516 pro
2755 3446 2908 3517 pullo
2929 3446 2988 3501 in
3004 3442 3241 3503 Hebraeo
3266 3442 3452 3518 possit
3468 3445 3602 3519 legi,
3619 3446 3817 3503 urbem

2160 3535 2344 3586 suam,
2377 3528 2540 3581 mir.
2564 3520 2729 3572 MART

2229 3610 2251 3644 ⁸
2280 3607 2537 3663 Issachar
2564 3606 2757 3661 asinus
2785 3622 2963 3662 osseus
2992 3608 3312 3662 recumbens
3340 3608 3491 3663 inter
3546 3608 3815 3663 terminos

2159 3691 2209 3736 et
2229 3679 2415 3735 videns
2445 3680 2707 3750 requiem,
2768 3680 2899 3750 quia
2939 3682 3086 3734 bona
3106 3683 3222 3734 est:
3282 3688 3334 3734 et
3392 3688 3621 3750 terram,
3678 3680 3815 3750 quia

2156 3751 2388 3824 pulchra
2417 3756 2494 3804 est
2514 3748 2542 3824 ξ
2556 3749 3158 3824 inclinavithumerum
3171 3766 3341 3824 suum
3357 3748 3434 3806 ad
3451 3748 3812 3824 portandum,

2161 3820 2209 3880 et
2239 3824 2419 3880 factus
2432 3824 2507 3876 est
2521 3820 2855 3875 intributum
2877 3821 3143 3878 serviens.
3178 3823 3261 3877 Ita
3274 3822 3344 3877 ad
3366 3820 3605 3878 verbum
3631 3829 3813 3878 trans-

2162 3892 2299 3950 tulit
2330 3893 2737 3964 Hieronymus.
2769 3892 2956 3947 MART.

2230 3967 2252 4000 ⁷
2299 3965 2415 4020 Gad
2465 3962 2823 4037 Alatrunculus
2884 3962 3345 4037 labroﬁcinabitur,
3380 3980 3530 4034 eum,
3586 3968 3657 4037 et,
3698 3966 3816 4037 ipse

2167 4035 2606 4093 latrocinabitur
2658 4036 2931 4106 plantam.
3016 4036 3195 4091 Juxta
3252 4035 3556 4105 Hebraeum
3616 4035 3814 4093 sic’se

2164 4106 2536 4180 interpretari
2567 4104 2708 4162 dicit
2731 4109 3146 4179 Hieronymus,
3181 4113 3238 4163 et
3282 4104 3495 4163 deinde
3522 4125 3534 4164 :
3590 4106 3692 4165 Ubi
3718 4123 3817 4164 nos

2166 4179 2544 4236 latrunculum
2571 4180 2876 4250 posuimus,
2902 4180 2985 4250 ibi
3003 4181 3269 4250 scriptum
3289 4188 3599 4250 estet-zona,
3630 4182 3693 4234 ut
3739 4179 3816 4250 ad

2168 4252 2278 4307 Gad
2314 4266 2512 4306 nomen
2542 4247 2834 4318 a'lluderet,
2870 4249 2967 4320 qui
2994 4247 3406 4323 signiﬁcantius
3436 4247 3693 4323 εὔζωνος,
3754 4249 3816 4305 id

2166 4329 2243 4380 est
2272 4325 2550 4379 accinctus
2575 4324 2690 4377 sive
2716 4324 3026 4393 expeditus,
3075 4322 3324 4393 exprimi
3379 4331 3574 4394 potest.
3626 4322 3816 4378 Mam.

2237 4413 2258 4448 ⁸
2287 4417 2349 4468 In
2385 4412 2618 4466 llebrteo
2640 4410 2721 4465 ita
2741 4414 3029 4480 scriptum
3053 4417 3181 4466 est:
3213 4410 3474 4480 Nephtali
3504 4426 3637 4480 ager
3667 4409 3814 4466 irri-

2167 4501 2329 4563 guus,
2362 4482 2500 4563 dans
2517 4481 3243 4563 βἰέῃμιίιιρπεισΙινίιαιίὶτξἰις.⁵
3261 4483 3478 4563 Hebraei
3498 4488 3697 4563 autem
3720 4499 3819 4538 vo-

2090 4587 2135 4650 υ
2170 4552 2961 4650 lunt‘prgpteL'I-‘iberiadem,
2989 4571 3113 4650 qua:
3137 4552 3824 4650 legisyideba't-ur‘hajbere

2171 4623 2458 4695 notitiam,
2481 4623 3088 4750 agrumirriguumﬁat
3107 4623 3336 4696 eloquia
3360 4625 3825 4697 pulchritudinis

2171 4698 2531 4750 nronhetari.
2569 4712 2740 4750 norro
2774 4712 2803 4750 u
2853 4696 2870 4750 i
2901 4713 3009 4750 nos
3033 4713 3237 4750 agrum
3272 4698 3580 4750 irriguum-
3603 4703 3662 4750 et
3685 4696 3825 4750 LXX

2171 4696 2537 4770 prophetari,
2569 4712 2740 4770 porro
2774 4696 2870 4750 ubi
2901 4713 3009 4751 nos
3033 4713 3237 4767 agrum
3262 4696 3580 4770 irriguum,
3603 4703 3662 4770 et
3685 4696 3826 4770 LXX

2166 4767 2485 4843 virgultum
2521 4767 2849 4843 resolutum
2884 4774 3225 4839 posuerunt,
3257 4768 3317 4824 in
3341 4771 3583 4825 Hebraeo
3606 4768 3824 4837 legitur

2167 4840 2330 4917 ΑιΑἶιΑ
2357 4872 2536 4941 SELPA
2564 4840 2776 4941 (t1an
2794 4841 2962 4941 Πίηκ)
2983 4857 3139 4927 quod
3163 4862 3356 4941 potest
3383 4863 3442 4912 et
3461 4873 3652 4941 cervus
3686 4873 3824 4940 mis—

2169 4950 2272 4989 sus
2286 4928 2589 4986 transferri
2618 4934 2851 5001 prepter
2871 4932 3285 5001 temporaneas
3306 4930 3525 5001 fruges,
3545 4928 3820 4985 velocita-

2168 5011 2283 5060 tem
2304 5008 2469 5058 terraa
2489 4999 2773 5055 uberioris
2796 5000 3129 5054 ostendens.
3158 5000 3283 5055 llaec
3312 4999 3551 5056 sanctus
3613 5001 3824 5057 Hiero-

2169 5089 2401 5149 nymus.
2435 5070 2746 5149 aniantes
2777 5079 2968 5149 autem
3003 5070 3342 5149 ex_Hebrreo
3369 5071 3711 5149 biujusmodi
3737 5071 3820 5128 le-

2169 5142 2320 5202 cfion
2330 5161 2390 5200 es
2405 5143 2610 5216 afferre
2623 5143 3054 5216 curavintus,ut
3071 5142 3423 5216 intelligeret
3442 5142 3623 5199 lector
3643 5160 3822 5216 quam

2167 5221 2427 5275 diversas
2456 5215 2782 5284 habeamus
2813 5213 3078 5284 ejusdem
3111 5213 3374 5270 Hebraici
3404 5213 3715 5271 contextus
3746 5218 3824 5272 ab

2169 5308 2284 5347 uno
2340 5288 2696 5359 Hieronymo
2745 5283 3283 5359 interpretationes,
3338 5291 3396 5342 et
3455 5302 3823 5359 quemquam

2168 5365 2419 5429 moveat,
2443 5357 2491 5412 si
2516 5355 2722 5430 parum
2748 5355 2863 5411 sibi
2880 5355 3158 5430 constare
3181 5357 3448 5414 videatur
3464 5355 3490 5414 Ξ
3502 5355 3825 5430 quia-nunc

2164 5427 2501 5561 veil-butm’ﬁie
2519 5427 2725 5498 verbo,
2760 5429 2934 5485 modo
2963 5445 3205 5487 sensum
3238 5445 3268 5485 e
3298 5444 3475 5486 sensu
3493 5427 3825 5503 exprimere

2164 5524 2234 5561 vo
2265 5521 2322 5561 ui
2360 5545 2372 5559 .
2459 5517 2590 5556 sar.

2164 5517 2372 5563 νοιῠιι.
2404 5517 2590 5556 MART.

2236 5597 2257 5632 ⁸
2287 5593 2569 5661 Alterum,
2605 5588 2754 5647 ﬁlius
2783 5605 3118 5657 accrescens,
3149 5589 3209 5647 in
3239 5588 3420 5649 Palat.
3447 5607 3560 5649 ms.
3584 5591 3822 5650 induci-

2166 5673 2287 5740 tur,
2320 5668 2526 5724 contra
2553 5665 2748 5720 textus
2777 5662 2977 5720 ﬁdem.
