4080 6186
530 383 637 440 267
1557 385 1619 437 Β.
1660 384 2069 439 HIBRONYMI
2106 380 2364 439 DIVINA
2400 384 2895 441 BIBLIOTHECA.
3833 385 3942 442 26.

604 505 777 564 Audit
793 506 865 562 ab
885 521 952 563 eo
971 520 1099 577 qua
1111 504 1391 560 Dominus
1411 504 1488 560 im
1496 506 1925 577 perarat.Signa
1952 505 2173 561 faciunt
2199 508 2255 574 Α
2358 511 2521 562 rant:
2547 523 2757 578 panem
2780 511 2837 562 et
2857 520 3062 562 carnes
3085 506 3442 564 desiderant.
3458 510 3672 565 Manna
3692 508 3765 564 de
3794 508 3938 565 calo

602 614 796 654 coram
830 594 2174 669 populo:oredunt,Iatantur,exsultant,Pha-
2359 599 2687 665 prastatur,
2718 599 2777 650 et
2826 595 3038 651 modus
3093 596 3194 667 qui
3255 595 3533 663 sufﬁciat,
3588 597 3937 669 imperatur.

603 686 800 743 raonis
822 684 1066 741 auribus
1087 683 1384 756 ingerunt.
1407 684 1654 756 Imperio
1677 684 1777 739 Dei
1802 684 2180 749 resultant,ac
2288 685 2361 740 Χ.
2392 684 2694 740 Venerunt
2725 684 3129 755 Raphidim,et
3162 701 3277 740 non
3310 690 3432 741 erat
3452 701 3610 757 aqua
3634 689 3707 742 ad
3732 686 3939 743 biben-

603 774 841 831 duriora
869 772 1086 847 populo
1108 788 1287 845 quam
1310 772 1634 845 ingerebat,
1658 774 1926 845 ingessit.
1952 772 2180 845 Flagel-
2339 773 2481 827 dum
2508 789 2521 828 :
2547 789 2613 829 ac
2638 774 2802 845 virga
2830 780 3052 846 petram
3072 774 3384 845 percussit,
3417 791 3585 847 aqua
3614 775 3934 833 ﬂuxerunt.

605 862 687 919 Iat
714 862 1012 935 principes
1068 863 1246 917 Israel
1283 878 1297 917 :
1331 861 1515 934 Moysi
1576 866 1633 919 et
1663 867 1852 917 Aaron
1898 861 1992 917 Dei
2019 861 2181 932 judi-
2360 860 2439 917 De
2468 877 2666 933 pugna
2698 862 2875 918 Israel
2913 867 2972 918 et
2997 862 3290 920 Amalech.
3324 869 3407 919 De
3457 863 3661 920 Jethro
3692 871 3937 936 cognato

603 951 761 1008 cium
791 952 1214 1024 imprecantur,
1246 967 1351 1007 nec
1381 951 1536 1008 ultra
1567 967 1766 1008 eorum
1810 950 2181 1008 sermonibus
2361 949 2531 1016 Mosi,
2563 956 2621 1007 et
2654 952 2725 1007 de
2750 950 3050 1023 judicibus
3080 951 3422 1008 consitutis.

601 1042 848 1098 credunt
876 1041 1098 1112 majore
1129 1039 1403 1111 angustia
1449 1040 1747 1096 coarctati.
2290 1038 2386 1095 XI.
2419 1043 2495 1094 De
2522 1039 2836 1112 Raphidim
2857 1040 3101 1095 veniunt
3118 1039 3304 1107 Sinai,
3327 1040 3428 1097 ubi
3459 1040 3650 1099 Moses
3669 1048 3931 1100 montem

529 1129 623 1188 IV.
653 1129 970 1203 Catalogus
1009 1128 1245 1186 familia
1278 1129 1605 1185 Levitarum
1640 1145 1653 1185 :
1686 1133 1744 1185 et
1766 1128 1864 1185 ubi
1892 1129 2117 1201 Moyses
2150 1144 2183 1183 a
2361 1129 2625 1184 ascendit
2640 1130 2711 1184 ad
2736 1129 3121 1200 Deum,jubet
3152 1130 3297 1186 terio
3322 1129 3415 1185 die
3433 1130 3803 1188 sanctiﬁcare
3836 1148 3942 1205 po-

604 1221 719 1277 Deo
749 1223 902 1276 Deus
930 1218 1309 1275 constituitur
1330 1218 1616 1274 Pharaoni
1641 1218 1955 1291 :signaque
1985 1233 2182 1273 coram
2363 1218 2591 1289 pulum.
2610 1218 2959 1291 Decalogum
2973 1219 3267 1291 proponit,
3290 1218 3546 1291 populus
3570 1225 3824 1277 terretur
3840 1237 3941 1279 vo-

600 1309 905 1366 Pharaone
923 1307 1360 1380 faciunt;virga
1380 1308 1814 1364 convertiturin
1828 1308 2137 1364 draconem
2163 1323 2176 1360 :
2342 1307 2512 1362 cibus
2539 1306 2656 1374 Dei,
2693 1311 2750 1362 et
2780 1311 2945 1380 rogat
2973 1312 3039 1363 ut
3070 1324 3172 1378 per
3238 1308 3439 1365 Mosen
3495 1314 3785 1381 pracepta
3829 1309 3933 1368 Dei

602 1415 771 1471 aqua
799 1402 1111 1454 vertuntur
1136 1396 1195 1451 in
1230 1397 1579 1469 sanguinem
1607 1413 1620 1451 :
1659 1397 2065 1469 producuntur
2095 1412 2182 1451 ra-
2360 1397 2581 1452 audiat.

600 1504 708 1554 na,
739 1502 869 1558 qua
895 1489 1078 1543 totam
1110 1485 1428 1557 inquinant
1453 1484 1907 1557 supellectilem:
1942 1502 2048 1541 nec
2086 1484 2180 1541 his
2289 1484 2411 1541 XII.
2444 1490 2618 1555 Leges
2652 1501 2754 1556 pro
2785 1484 3036 1558 singulis
3052 1487 3229 1542 rebus
3248 1485 3538 1543 Dominus
3566 1486 3940 1559 imperal,vel

598 1574 790 1632 tribus
819 1574 1006 1647 plagis
1036 1578 1355 1643 coercetur,
1388 1574 1489 1630 sed
1522 1573 1720 1646 potius
1749 1574 2080 1630 induratur.
2360 1590 2476 1647 quo
2495 1575 2721 1645 judicio
2752 1576 2886 1647 quis
2913 1574 3256 1646 plectendas
3286 1576 3389 1632 sit.

529 1665 599 1722 V.
624 1664 1085 1736 Dominusjubet
1100 1663 1462 1719 Pharaonem
1482 1662 1693 1719 iterum
1710 1665 2039 1721 convenire.
2066 1665 2180 1720 Im-
2288 1664 2443 1720 XIII.
2460 1664 2757 1720 Ediﬁcato
2771 1663 2960 1735 altari,
2982 1664 3209 1737 Moyses
3242 1663 3855 1733 oﬁ'ertholocaustum,
3878 1669 3941 1722 et

600 1758 838 1826 petatur
855 1756 1047 1810 Aaron
1070 1752 1371 1825 pulverem
1390 1757 1555 1809 terra
1576 1756 1970 1824 percutere,ut
1985 1753 2178 1809 omnis
2358 1754 2645 1825 sanguine
2659 1752 3259 1826 respergitpopulum,
3278 1752 3585 1810 etlibrum.
3602 1753 3942 1827 Pracipitur

602 1842 793 1914 pulvis
806 1842 1203 1899 vertereturin
1221 1841 1517 1913 ciniphes:
1551 1842 1810 1913 itemque
1844 1841 2065 1898 muscis
2087 1841 2174 1897 di-
2208 1872 2257 1938 Β
2359 1843 2743 1899 ascenderein
2764 1846 3042 1908 montem,
3062 1842 3376 1899 uttahulas
3393 1841 3654 1914 lapideas
3667 1842 3936 1914 accipiat:

599 1932 752 1988 versi
800 1931 1030 2003 generis
1064 1937 1276 1987 cuncta
1306 1929 1563 2002 repletur
1607 1931 1914 2003 Egyptus,
1945 1936 2180 2003 excepta
2208 1929 2252 1938 ”
2344 1932 2593 2003 jubetur
2621 1948 2655 1987 a
2693 1930 2911 2003 populo
2961 1930 3253 2003 primitias
3284 1930 3585 2003 accipere:
3617 1947 3852 1999 aurum,
3881 1935 3941 1988 et

600 2021 844 2086 terra,in
876 2036 993 2091 qua
1022 2019 1127 2075 ﬁlii
1158 2018 1339 2075 Israel
1361 2019 1727 2075 habitabant.
1748 2024 1975 2076 Pestem
2003 2037 2181 2092 super
2360 2026 2691 2094 argentum,
2722 2020 2809 2077 vel
2854 2026 3092 2077 cateras
3122 2020 3348 2093 species
3386 2021 3458 2077 ad
3490 2020 3935 2076 tabernaculum

604 2110 877 2165 universa
908 2106 1235 2164 animantia
1265 2107 1463 2163 induci
1484 2108 1657 2178 jubet
1680 2124 1693 2163 :
1718 2107 1916 2180 gravia
1934 2109 2179 2165 vulnera
2360 2111 2713 2178 faciendum,
2738 2110 2825 2166 vel
2844 2110 3177 2165 universam
3204 2109 3623 2181 supellectilem
3654 2111 3804 2181 ejus,
3834 2124 3937 2165 ve-

602 2203 659 2253 et
681 2199 883 2254 vesica
909 2202 1211 2269 turgentes
1257 2197 1319 2251 in
1351 2196 1690 2253 hominibus
1743 2214 1812 2253 ex
1842 2198 2055 2253 cineris
2081 2214 2179 2254 as-
2360 2206 2598 2271 stesque
2630 2198 3034 2255 sacerdota‘es
3061 2202 3119 2253 et
3148 2197 3453 2264 Leviticas,
3488 2213 3602 2269 quo
3632 2198 3837 2253 ordine
3873 2197 3941 2279 iq

601 2286 1050 2358 persioneﬁunt.
1066 2285 1296 2342 Grando
1318 2285 1921 2358 superinducitur,qui
1948 2286 2179 2342 univer-
2359 2288 2644 2345 sacriﬁcio
2674 2292 3064 2356 consecretur,
3083 2288 3284 2359 etjura
3305 2286 3575 2343 sacriﬁcii
3599 2287 3939 2341 mandatur.

603 2393 669 2432 sa
688 2375 941 2431 viventia
960 2375 1360 2448 pepuleretur,
1393 2378 1451 2430 et
1497 2374 1899 2447 penitentiam
1956 2378 2179 2432 Pharao
2289 2378 2432 2433 XIV.
2454 2377 2797 2447 Pracipitur
2810 2377 2963 2448 quod
2991 2375 3329 2449 singulipro
3354 2376 3667 2431 animabus
3685 2376 3809 2431 suis
3836 2391 3942 2447 pre

600 2462 890 2520 simulans
948 2465 1132 2520 donec
1188 2463 1422 2535 requies
1480 2463 1740 2533 daretur,
1788 2465 2176 2537 deprecatur;
2322 2465 3312 2535 tiumoﬁerantDomino,etlabium
3340 2465 3943 2531 aneumsanctuario,

603 2568 737 2610 cum
764 2556 1164 2626 prastaretur,
1192 2550 1379 2608 multo
1411 2552 1645 2623 gravius
1674 2552 2007 2609 induratur.
2358 2553 3144 2626 compositiothymiamatis,
3166 2552 3361 2609 oleum
3375 2550 3945 2621 sanctiﬁcationis,et

529 2643 625 2701 VI.
645 2642 987 2715 Pracipitur
1006 2642 1189 2714 Moysi
1207 2647 1272 2698 ut
1289 2642 1356 2698 ad
1378 2657 1513 2698 eum
1535 2642 1919 2715 ingrediatur,
1941 2643 2175 2700 locusta
2357 2641 2757 2699 denominatio
2810 2641 3190 2714 prudentium
3221 2641 3504 2712 virorum,
3545 2639 3644 2712 qui
3669 2640 3948 2698 universa

601 2734 913 2789 ducantur.
937 2731 1213 2789 Tenebra
1260 2731 1822 2803 superinducuntur,
1867 2736 1925 2789 et
1953 2732 2013 2789 in
2054 2749 2176 2789 om-
2358 2731 2685 2803 perﬁciant.

600 2822 776 2877 nibus
809 2820 898 2877 his
931 2819 1175 2876 minime
1200 2820 1524 2877 cohibetur.
2285 2822 2441 2877 XIV.
2466 2819 2721 2875 Tabulas
2750 2817 3073 2875 testimonii
3105 2817 3337 2891 accipit,
3369 2822 3427 2875 et
3454 2818 3722 2875 tardante
3752 2817 3935 2889 Moss,

529 2911 650 2968 VII.
682 2915 793 2967 Lex
847 2909 1078 2981 pascha
1118 2908 1474 2982 pracipitur,
1505 2914 1563 2966 et
1594 2910 1748 2981 quod
1782 2910 1976 2966 media
2011 2915 2178 2967 nocte
2359 2909 2617 2982 populus
2649 2907 2873 2964 idolum
2906 2907 3251 2975 fabricatur.
3282 2909 3429 2964 Mosi
3461 2907 3649 2964 iratus
3677 2906 3932 2963 nuntiat.

594 2999 878 3071 [Egyptus
901 2998 1279 3070 percutienda
1293 2998 1735 3068 sit,nuntiatur.
1758 2999 2179 3071 Superlimina-
2358 3003 2416 3055 et
2438 2998 2535 3054 ille
2562 3014 2783 3071 pronus
2815 2998 3058 3053 adorat:
3100 2997 3172 3052 de
3210 3001 3407 3053 monte
3428 2997 3810 3064 descendens,
3842 3001 3932 3050 ta-

600 3103 683 3156 re,
717 3091 775 3143 et
797 3091 995 3159 postes
1014 3087 1193 3143 Israel
1215 3103 1318 3159 pro
1336 3086 1531 3159 signo,
1549 3088 1838 3159 sanguine
1859 3087 2174 3146 liniuntur.
2349 3088 2519 3144 bulas
2552 3087 2789 3157 frangit:
2817 3086 3067 3142 vitulum
3084 3085 3354 3158 arripuit,
3372 3085 3717 3155 combussit,
3749 3088 3934 3155 atque

597 3175 660 3230 In
684 3172 874 3230 noctis
901 3174 1093 3229 medio
1122 3173 1921 3247 primogenita/Egyptiorum
1944 3177 2163 3233 exstin-
2204 3234 2239 3247 ἡ
2358 3176 2650 3244 contrivit,
2682 3180 2738 3232 et
2767 3192 2901 3232 cum
2922 3175 3175 3232 Levitica
3198 3174 3418 3231 familia
3439 3178 3691 3246 quantos
3717 3172 3930 3246 potuit.

595 3266 881 3337 guuntur.
914 3262 1135 3319 Pharao
1163 3264 1487 3335 consurgit,
1516 3280 1582 3319 ac
1627 3264 1755 3320 sine
1786 3280 1950 3321 mora
1976 3283 2161 3339 popu-
2197 3234 2240 3301 θ
2352 3266 2679 3322 interfecit:
2712 3282 2780 3321 ac
2818 3281 3055 3321 rursum
3091 3264 3403 3320 Dominum
3451 3264 3815 3336 deprecatur.

598 3351 723 3407 lum
784 3351 855 3407 de
886 3354 1043 3407 terra
1091 3367 1200 3407 sua
1238 3352 1392 3407 exire
1431 3351 1749 3423 compellit.
2277 3354 2899 3413 XVI.Tahernaculum
2917 3350 3793 3425 faderisextracastraponitjn
3810 3367 3933 3423 quo

528 3439 1394 3511 VIII.Profectiopopulilsrael
1422 3441 1493 3496 de
1512 3440 1791 3498 Ramesse
1811 3442 1869 3497 in
1884 3442 2170 3501 Sochoth:
2356 3445 2637 3501 Dominus
2669 3442 2813 3499 facie
2844 3443 2914 3497 ad
2950 3442 3153 3497 faciem
3177 3458 3311 3497 cum
3342 3441 3503 3497 Mose
3529 3438 3791 3511 loquitur
3824 3456 3841 3495 :
3872 3444 3933 3496 et

600 3528 937 3602 religionem
956 3528 1184 3601 pascha
1198 3528 2175 3602 audiunt,etquibusicomederesit
2354 3537 2519 3605 rogat
2550 3531 2775 3588 ostendi
2808 3530 2921 3587 sibi
2970 3530 3217 3603 gloriam
3248 3530 3350 3586 Dei
3383 3545 3397 3585 :
3431 3545 3498 3586 ac
3528 3528 3738 3585 deinde
3759 3529 3937 3600 jubet

600 3617 1539 3690 licitum.LoquiturDominusad
1559 3622 2171 3692 Moysen,quodsecu-
2351 3623 2497 3679 alias
2548 3619 2782 3678 tabulas
2840 3636 3186 3692 praparare,
3239 3635 3371 3675 cum
3402 3618 3615 3689 quibus
3664 3615 3939 3673 ascendit

593 3714 763 3765 turus
792 3708 871 3766 sit
899 3708 1123 3764 Pharao
1154 3706 1308 3763 ﬁlios
1338 3707 1537 3777 Israel,
1564 3708 1785 3782 quique
1812 3715 2051 3767 secutus
2081 3719 2172 3767 est
2350 3716 2627 3781 montem,
2661 3710 2860 3780 ibique
2891 3724 3018 3781 qua
3073 3708 3324 3781 populus
3356 3706 3652 3763 custodire
3692 3706 3932 3773 debeat,

591 3813 693 3855 eos
718 3813 897 3871 super
920 3811 1110 3852 mare:
1145 3812 1209 3851 ac
1233 3796 1443 3851 timore
1456 3797 1733 3853 coarctati
1764 3814 2167 3858 murmurave-
2340 3801 2680 3872 imperatur,
2696 3803 2752 3854 et
2780 3799 2979 3853 decem
2996 3798 3169 3854 verba
3181 3796 3413 3853 faderis
3426 3795 3909 3867 conscribuntur,

592 3891 947 3945 runtcontra
959 3884 1193 3957 Moysen
1216 3903 1230 3953 ;
1258 3885 1521 3956 Mosique
1534 3885 1706 3957 praei
1714 3886 1873 3958 pitur
1914 3892 1980 3943 ut
2008 3894 2168 3945 mota
2277 3891 2454 3947 XVII.
2471 3888 2798 3945 Clarilicato
2816 3886 3000 3955 vultu,
3015 3887 3085 3942 de
3106 3891 3305 3942 monte
3322 3885 3718 3953 descendit,ac
3734 3882 3929 3941 velata

586 3983 782 4033 castra
812 3991 973 4030 mare
989 3976 1281 4045 percutiat
1299 3989 1366 4028 ac
1390 3972 1632 4030 dividat.
1655 3974 1735 4031 De
1777 3976 2034 4032 transitu
2064 3993 2165 4033 eo-
2354 3978 2519 4048 facie,
2554 3976 2766 4048 populo
2814 3992 2941 4047 qua
2970 3975 3256 4031 Dominus
3280 3976 3561 4045 jusserat,
3584 3972 3923 4028 enarrabat.

584 4070 778 4123 rumet
795 4080 934 4120 nece
955 4062 1440 4135 IEgyptiorum,el
1460 4065 1685 4119 cantico
1712 4064 2163 4137 triumphorum.
2344 4066 2807 4124 observationem
2838 4064 2909 4121 ad
2945 4062 3442 4120 constructionem
3500 4058 3870 4118 tabernaculi
3905 4076 3922 4116 :

510 4159 619 4218 IX.
652 4156 734 4212 De
771 4155 918 4209 mari
979 4152 1177 4208 Rubro
1235 4150 1504 4207 translati
1531 4152 1589 4206 in
1622 4151 1853 4209 Maraht
1897 4155 2161 4212 veniunt.
2342 4156 2595 4228 populus
2618 4157 2826 4227 sponte
2842 4153 3066 4221 oll'erat,
3085 4156 3141 4208 et
3159 4152 3473 4222 prudentes
3489 4148 3595 4207 viri
3611 4148 3925 4221 sapientia

578 4252 759 4315 Aqua
788 4240 1867 4313 dulcantur,etjudiciaproponuntur
1890 4260 1903 4299 :
1926 4243 1984 4298 in
2007 4243 2157 4301 Elim
2344 4245 2578 4317 spiritu,
2610 4248 2676 4299 ut
2720 4242 2963 4310 faciant,
2995 4240 3412 4313 adimplentur.

564 4332 826 4399 veniunt,
863 4328 1170 4385 duodecim
1205 4328 1416 4399 fontes,
1448 4332 1505 4384 et
1525 4329 1900 4402 septuaginta
1919 4332 2159 4390 arbores
2269 4334 2465 4390 XVIII.
2502 4334 2760 4388 Perfecto
2773 4328 3173 4396 tabernaculo,
3196 4333 3443 4384 cunctus
3468 4325 3725 4399 populus
3744 4326 3923 4382 offert

575 4420 900 4494 palmarum
925 4416 1251 4485 inveniunt,
1293 4432 1359 4474 ac
1389 4416 1600 4474 deinde
1629 4416 1688 4473 in
1719 4419 1857 4475 Sina
1898 4436 2161 4478 murmu-
2340 4428 2397 4479 et
2422 4440 2454 4478 a
2484 4421 2783 4479 sacerdote
2812 4418 3112 4489 collocato,
3138 4417 3323 4490 gloria
3370 4415 3604 4473 Domini
3627 4415 3923 4487 operitur.

1893 4742 2134 4803 TITULI
2162 4744 2348 4804 LIBRI
2377 4746 2617 4813 EXODI,

2188 4932 2260 4949 ..ο

486 5084 533 5145 I.
557 5088 635 5139 De
659 5092 789 5152 rege
810 5079 912 5151 qui
928 5070 1461 5150 opprimebatﬁlios
1486 5072 1685 5145 Israel,
1703 5077 1761 5130 et
1781 5075 1853 5131 de
1874 5073 2144 5133 obstetri-
2169 5074 2217 5145 Ι)
2252 5075 2345 5134 IV.
2374 5082 2451 5135 De
2480 5072 2963 5151 recapitulatione
2983 5073 3425 5149 generationum
3452 5070 3911 5131 Hebraicarum.

554 5172 725 5228 cibus
761 5168 1155 5231 Hebraorum,
1184 5169 1243 5222 et
1270 5164 1344 5224 de
1384 5162 1688 5222 nativitate
1745 5162 1951 5236 Moysi.
2238 5166 2307 5223 V.
2344 5168 2419 5223 De
2450 5167 2692 5224 introitu
2728 5166 2989 5223 secundo
3010 5164 3290 5238 Moysi,et
3318 5169 3512 5221 Aaron
3543 5163 3611 5219 sd
3642 5161 3918 5219 Pharao-

483 5262 555 5320 II.
586 5267 670 5318 De
702 5272 980 5331 percusso
1000 5272 1035 5311 a
1062 5256 1259 5328 Moyse
1285 5253 1577 5330 )Egyptio,
1601 5256 1660 5308 et
1687 5251 1826 5324 fuga
1852 5252 2035 5327 Moysi
2068 5256 2127 5313 in
2310 5271 2467 5324 nem,
2500 5260 2556 5312 et
2577 5256 2648 5311 de
2679 5254 2862 5312 illatis
2915 5257 3161 5327 Egypto
3191 5251 3381 5326 plagis
3411 5266 3599 5323 usque
3629 5251 3703 5307 ad
3737 5250 3920 5307 deci-

550 5356 771 5407 terram
830 5344 1085 5415 Madian,
1137 5346 1234 5399 ubi
1291 5346 1527 5415 accepta
1567 5355 1763 5407 uxore,
1791 5341 1941 5398 duos
1971 5342 2126 5401 ﬁlios
2332 5360 2511 5400 mam.

547 5437 833 5508 suscepit,
865 5441 925 5491 et
953 5435 1025 5489 de
1052 5433 1274 5491 visions
1304 5437 1362 5489 iu
1414 5431 1582 5487 rubo.
2234 5432 2329 5487 VI.
2365 5433 2443 5488 De
2469 5432 3119 5505 agniimmolatione,et
3146 5431 3218 5488 de
3248 5444 3489 5503 egressu
3514 5427 3919 5487 Hebraorum

472 5525 571 5583 III.
602 5526 682 5582 De
711 5524 873 5596 virga
897 5523 956 5578 in
989 5520 1295 5577 colubrum
1335 5535 1526 5586 versa,
1557 5521 1614 5573 et
1642 5532 1821 5573 manu
1852 5520 1909 5574 in
1943 5521 2079 5577 sinu
2107 5538 2120 5578 :
2330 5538 2398 5577 ex
2428 5522 2670 5594 (Egypto
2704 5522 2762 5577 in
2818 5520 3325 5579 consummatione
3354 5518 3594 5575 decima
3625 5517 3821 5589 plaga.

542 5620 600 5671 et
631 5613 984 5686 profeclione
1032 5610 1161 5682 ejus
1212 5610 1272 5667 in
1301 5610 1633 5682 Egyptum,
1655 5610 1711 5661 et
1741 5606 2009 5680 ingressu
2047 5611 2119 5667 ad
2233 5609 2355 5666 VII.
2378 5609 2458 5665 De
2479 5609 2862 5683 primogentis
2876 5606 3726 5677 Dominoconsecrandis,etde
3746 5606 3923 5663 ossi-

538 5703 925 5761 Pharaonem.
2310 5699 2423 5757 bus
2451 5699 2671 5774 Joseph
2722 5715 2791 5757 ex
2820 5700 3066 5773 Egypto
3123 5696 3353 5756 ablatis.
