4080 6186
197 416 304 473 sse
1658 415 1870 473 uasa
1905 417 2150 474 EXODI.
3328 488 3331 489 ί
3509 412 3621 468 270

202 540 349 597 VIII.
382 543 464 595 De
494 538 769 597 columna
800 537 973 596 nubis
999 542 1057 596 et
1082 538 1260 613 ignis,
1293 543 1351 596 et
1378 539 1627 597 transitu
1661 541 1845 597 maris
1871 556 1927 622 Α
1958 540 2069 596 XV.
2084 545 2162 596 De
2176 556 2424 597 ascensu
2446 538 2630 611 Moysi
2654 538 2711 593 in
2737 540 2956 605 monte,
2984 539 3041 593 et
3062 536 3456 609 quadraginta
3493 534 3616 596 die-

272 629 488 696 Rubri,
518 632 578 684 et
606 629 858 685 cantico.
2035 646 2166 685 rum
2188 629 2307 685 illic
2327 627 2725 685 demoratione
2767 627 2867 682 ubi
2890 627 2962 683 de
2982 625 3343 683 tabernaculi
3376 630 3433 684 et
3470 642 3621 684 arca

205 717 301 774 IX.
334 722 415 775 De
448 718 848 774 amaritudine
879 733 1040 790 aquae
1070 718 1128 773 in
1164 717 1414 788 Marath,
1444 721 1504 775 et
1533 718 1604 774 de
1635 735 1856 775 manna
2033 718 2415 775 fabricatione
2444 717 2799 773 instituitur.

274 808 335 862 in
366 808 599 863 deserto
631 807 893 879 primum
924 807 1185 880 delapso.
1958 807 2111 863 XVI.
2147 807 2228 863 De
2261 806 2732 863 sacerdotalibus
2763 804 3149 861 indumentis.

208 901 274 954 X.
304 900 387 952 De
421 896 779 969 profectione
810 896 1006 968 populi
1037 897 1097 951 in
1121 895 1455 968 Raphidim,
1482 895 1582 952 ubi
1606 913 1753 969 aqua
1783 897 1855 953 de
1960 895 2131 953 XVII.
2166 896 2246 953 De
2280 895 2589 953 sacriﬁciis
2620 898 2676 950 et
2707 892 2983 950 victimis.

273 990 443 1059 petra
476 985 725 1055 ﬁuxit,et
754 985 825 1041 de
852 985 1006 1042 bello
1032 989 1234 1042 contra
1263 985 1636 1055 Amalecilas,
1669 990 1725 1041 et
1755 985 1855 1041 ubi
1962 985 2157 1042 XVIII.
2193 989 2268 1041 De
2296 985 2475 1041 altare
2506 982 2933 1056 thymiamatis,
2965 984 3021 1038 et
3047 983 3115 1037 de
3137 986 3436 1055 unguento
3466 998 3611 1055 pon-

270 1075 486 1132 Jetbro
514 1079 800 1148 cognatus
830 1074 1036 1147 Moysi,
1069 1090 1301 1131 uxorem
1344 1075 1394 1130 ei
1426 1091 1557 1130 cum
1593 1073 1730 1130 ﬁliis
1759 1090 1855 1129 re-
2034 1072 2257 1142 tiﬁcali,
2290 1078 2346 1129 et
2374 1074 2446 1129 de
2475 1072 2730 1129 Beseleel
2760 1076 2819 1128 et
2846 1070 3037 1141 Oliab,
3070 1075 3129 1126 et
3151 1072 3221 1127 de
3242 1070 3613 1128 observantia

272 1169 620 1238 praesentat,
642 1164 792 1221 dans
816 1164 1130 1221 consilium
1151 1164 1221 1220 de
1242 1163 1628 1237 praeﬁciendis
1650 1167 1854 1221 centu-
2033 1162 2285 1220 sabbati.

272 1254 571 1311 rionibus.
1962 1251 2110 1308 XIX.
2145 1252 2227 1308 De
2257 1251 2445 1308 reditu
2479 1250 2664 1321 Moysi
2695 1253 2830 1322 post
2860 1248 3251 1321 quadraginta
3280 1248 3425 1314 dies,
3456 1252 3514 1304 et
3544 1249 3615 1305 de

200 1343 293 1401 XI.
328 1346 409 1399 De
440 1343 804 1416 profectione
833 1342 893 1397 in
924 1343 1223 1399 desertum
1254 1342 1438 1411 Sinai,
1471 1342 1570 1399 ubi
1601 1340 1856 1416 populus
2031 1341 2429 1399 confractione
2459 1340 2824 1410 tabularum,
2847 1342 2906 1395 et
2930 1339 3003 1394 de
3021 1337 3204 1394 vitulo
3225 1354 3293 1394 ex
3322 1353 3464 1393 auro
3484 1353 3622 1394 con-

271 1434 335 1488 in
367 1432 530 1488 diem
562 1432 803 1488 tertium
830 1432 1231 1488 sanctiﬁcatus
1260 1432 1640 1500 assistens,et
1672 1432 1853 1487 Deum
2035 1430 2193 1502 ﬂato,
2222 1434 2279 1486 et
2308 1431 2380 1487 de
2410 1430 2566 1487 caede
2596 1430 2654 1485 in
2690 1427 3007 1501 sacrilegos
3038 1430 3225 1500 gesta,
3256 1431 3314 1484 et
3342 1428 3618 1500 depreca-

274 1523 337 1577 in
372 1520 594 1579 vertice
624 1522 843 1578 montis
872 1520 1104 1588 vidit,et
1125 1525 1413 1594 praecepta
1434 1520 1583 1594 legis
1608 1520 1853 1593 accepit.
2035 1520 2185 1577 tione
2219 1520 2403 1594 Moysi
2436 1536 2541 1593 pro
2575 1518 2813 1592 populo.

203 1611 322 1666 XII.
358 1614 439 1666 De
473 1609 659 1667 servis
689 1608 967 1676 Hebraeis,
999 1609 1366 1679 remissione,
1404 1615 1462 1667 et
1491 1609 1855 1683 percussori-
1961 1608 2164 1665 XX.l)e
2194 1610 2458 1666 secundo
2480 1625 2728 1666 ascensu
2751 1608 2933 1682 Moysi
2956 1607 3014 1663 in
3035 1612 3624 1681 montem,etrepara-

270 1699 409 1769 bus,
434 1698 530 1755 vel
555 1697 897 1767 homicidia,
919 1697 1166 1769 furibus,
1189 1700 1277 1755 vel
1308 1698 1475 1755 falsis
1503 1699 1776 1770 testibus,
1799 1703 1857 1755 et
2034 1698 2193 1755 tione
2214 1698 2575 1765 tabularum,
2609 1702 2667 1754 et
2697 1714 2812 1755 non
2836 1696 3172 1768 adorandis,
3198 1713 3265 1753 ac
3296 1698 3368 1754 de
3390 1696 3620 1754 cunctis

270 1789 345 1845 de
375 1787 632 1860 reliquis
662 1786 918 1858 iudiciis.
2034 1789 2366 1862 praeceptis,
2390 1794 2448 1847 et
2477 1790 2551 1846 de
2567 1786 3051 1861 recapitulatione
3076 1788 3615 1844 instrumentorum

203 1877 361 1982 XIII.
504 1875 772 1982 reliquiis
802 1880 970 1982 terris
998 1876 1059 1976 in
1092 1893 1245 1935 anno
1275 1877 1550 1950 septimo,
1573 1881 1631 1935 et
1655 1878 1726 1935 de
1755 1894 1855 1935 so-
1891 1916 1939 1982 Β
2036 1877 2493 1982 tabernacu‘li,et
2507 1878 2693 1934 reditu
2711 1876 3446 1982 Moysipostquadraginta
3466 1876 3615 1982 dies.

268 1965 711 2033 lemnitatibus,
743 1981 811 2021 ac
842 1965 1105 2021 decimis.
1891 1963 1938 1982 "
1969 1966 2119 2024 XXI.
2148 1967 2229 2023 De
2256 1965 2567 2023 collatione
2588 1964 2812 2039 populi,
2843 1963 2931 2019 vel
2963 1967 3270 2036 apparatu,
3294 1968 3353 2021 et
3401 1964 3473 2021 de
3530 1964 3614 2020 fa-

206 2056 343 2113 XIV.
383 2056 467 2112 De
500 2054 878 2127 septuaginta
923 2054 1257 2111 senioribus
1304 2055 1402 2127 qui
1442 2056 1636 2128 juncti
1668 2071 1862 2114 sacer-
2041 2055 2364 2111 bricatione
2392 2053 2778 2124 tabernaculi,
2813 2052 3050 2126 quando
3098 2052 3374 2125 apparuit
3427 2050 3616 2125 gloria

269 2146 522 2205 dotibus
549 2144 827 2200 viderunt
850 2142 1163 2200 Dominum
1194 2145 1389 2202 Israel.
2044 2144 2299 2202 Domini.

1444 2436 1802 2495 CAPITULA
1840 2436 2036 2494 LIBRI
2074 2435 2326 2495 EXODI.

199 2772 242 2828 Ι.
276 2770 364 2827 De
394 2769 751 2830 nominibus
781 2770 1038 2829 ﬁliorum
1073 2770 1275 2841 Israel,
1310 2771 1411 2845 qui
1442 2771 1692 2845 ingressi
1724 2776 1865 2828 sunt
2043 2771 2098 2828 6.
2131 2770 2213 2827 De
2243 2770 2438 2827 favilla
2460 2786 2639 2843 quam
2667 2769 2889 2843 sparsit
2916 2773 3145 2843 Moyses
3179 2772 3239 2830 in
3288 2770 3524 2841 oculum,
3556 2774 3615 2828 et

269 2861 337 2916 in
367 2861 715 2934 Egyptum,
747 2865 807 2918 et
834 2863 907 2919 de
936 2862 1263 2920 infantibus
1290 2862 1689 2933 Hebraeorum,
1717 2879 1865 2937 quos
2117 2860 2267 2915 facta
2298 2863 2439 2915 sunt
2469 2859 2667 2916 ulcera
2694 2858 2753 2914 in
2777 2858 3139 2915 hominibus.

266 2950 561 3023 praecepit
590 2951 815 3008 Pharao
847 2951 905 3006 in
938 2950 1156 3008 ﬁumen
1190 2951 1417 3025 projici.
2041 2949 2098 3003 7.
2131 2947 2397 3004 Extendit
2426 2948 2652 3021 Moyses
2682 2962 2925 3003 manum
2959 2947 3018 3003 in
3059 2948 3296 3020 ccelum,
3355 2951 3413 3005 et
3467 2945 3620 3021 pluit

199 3040 268 3097 II.
306 3046 391 3097 De
422 3057 629 3112 puero,
660 3056 835 3113 quem
885 3040 1108 3097 invenit
1152 3040 1274 3098 ﬁlia
1302 3040 1645 3113 Pharaonis,
1680 3046 1737 3099 et
1766 3059 1863 3100 co-
2113 3035 2399 3093 Dominus
2429 3036 2627 3109 ignem
2659 3041 2719 3093 et
2748 3036 3116 3109 grandinem.
3460 3086 3471 3097 .

274 3129 661 3203 gnominavit
692 3146 825 3187 eum
855 3135 1108 3204 Moysen.
2040 3125 2096 3180 8.
2124 3123 2299 3179 Venit
2326 3124 2555 3182 locusta
2585 3139 2761 3196 super
2789 3141 2994 3182 omnes
3022 3126 3168 3182 ﬁnes
3197 3125 3449 3200 Egypti.

200 3218 297 3275 III.
336 3218 416 3275 De
451 3216 747 3291 Egyptio,
782 3235 953 3292 quem
987 3219 1199 3276 occidit
1224 3224 1433 3288 Moses,
1466 3224 1524 3276 et
1554 3221 1719 3291 fugit.
2044 3223 2105 3277 9.
2170 3223 2355 3279 Factae
2399 3225 2536 3279 sunt
2591 3222 2844 3279 tenebrze
2892 3222 2953 3279 in
3011 3226 3137 3280 tota
3188 3228 3345 3281 terra
3397 3222 3624 3297 Egypti

202 3308 293 3363 IV.
329 3307 571 3364 Mortuo
602 3307 925 3380 Pharaone,
959 3309 1253 3366 exaudivit
1286 3310 1567 3367 Dominus
1599 3310 1753 3368 ﬁlios
1780 3307 1864 3368 Is-
2114 3312 2330 3368 triduo.

272 3396 424 3454 rael.
2046 3399 2131 3454 10.
2166 3399 2246 3455 De
2275 3399 2504 3455 decima
2533 3399 2729 3473 plaga,
2762 3399 2822 3455 in
2857 3416 2975 3472 qua
2996 3401 3293 3473 percussit
3338 3400 3627 3459 Dominus

200 3482 271 3585 ἶν’-ζ
306 3484 418 3585 [Ibi
452 3485 733 3584 apparuit
762 3485 1007 3585 angelus
1039 3487 1181 3585 Mpsi
1214 3488 1270 3585 in
1303 3489 1471 3585 rubo:
1542 3575 1555 3585 ι
1591 3575 1604 3585 ⁸
1721 3575 1733 3585 ⁸
1895 3516 1939 3585 c
2032 3577 2078 3585 η
2111 3488 2782 3585 prnnepr-imogenitum
2813 3490 3236 3563 Egyptiorum.

199 3576 295 3630 VI.
329 3579 415 3630 De
448 3573 626 3645 signo
655 3574 811 3646 quod
868 3574 1029 3632 dedit
1083 3575 1368 3633 Dominus
1411 3575 1558 3633 Mosi
1588 3575 1648 3632 in
1679 3575 1858 3650 virga.
1901 3573 1938 3585 “’
1973 3577 2158 3635 XVII.
2191 3576 2345 3634 Dicit
2372 3576 2662 3634 Dominus
2692 3577 2901 3650 Moysi,
2938 3579 3144 3636 Adhuc
3176 3596 3353 3636 unam
3383 3581 3622 3653 plagam

202 3662 322 3718 VII.
358 3668 442 3718 De
476 3663 650 3735 signo
679 3664 962 3720 secundo.
2046 3683 2152 3739 ego
2183 3665 2397 3721 induco
2427 3666 2487 3721 in
2519 3665 2907 3722 Pharaonem.

204 3751 355 3808 VIII.
392 3755 479 3809 De
510 3752 683 3824 signo
711 3753 909 3811 tertio.
1978 3754 2179 3813 XVIII.
2214 3754 2498 3827 Loquitur
2523 3755 2812 3812 Dominus
2825 3756 3008 3829 Moysi
3040 3761 3099 3813 et
3113 3761 3306 3814 Aaron
3333 3757 3404 3814 de
3428 3773 3621 3815 sacra-

206 3840 300 3896 IX.
334 3840 450 3897 Ubi
483 3840 649 3897 venit
676 3841 748 3897 ad
778 3856 1047 3899 socerum
1077 3846 1322 3917 Moyses,
1351 3847 1407 3901 et
1424 3843 1570 3901 dixit
1592 3844 1643 3901 ei
1668 3859 1681 3899 :
1708 3843 1868 3900 Vado
2050 3848 2249 3902 mento
2280 3842 2532 3917 pascha.

281 3930 356 3986 ad
391 3930 612 3987 fratres
640 3945 822 3987 meos.
1980 3937 2139 3992 XIX.
2169 3932 2585 3990 Habitaverunt
2636 3932 2742 3988 ﬁlii
2798 3933 2977 3991 Israel
3036 3934 3097 3990 in
3155 3936 3402 4007 Egypto
3458 3934 3627 3992 annis

212 4017 280 4073 X.
309 4017 550 4075 Mortuo
610 4016 932 4092 Pharaone,
991 4019 1137 4076 dixit
1186 4019 1471 4078 Dominus
1515 4018 1586 4077 ad
1618 4022 1817 4078 Mosen
1853 4036 1868 4077 :
2052 4039 2286 4081 cccxxx.

284 4109 455 4164 Vade
488 4107 549 4164 in
582 4111 981 4181 Egyptum,et
1006 4109 1377 4167 circumcidit
1405 4111 1663 4184 Sephora
1681 4110 1873 4167 ﬁlium
1982 4114 2094 4170 XX.
2122 4113 2326 4183 Legem
2355 4111 2583 4182 pascha
2614 4112 2715 4167 dat
2743 4111 3050 4167 Dominus.

293 4214 503 4253 suum.
1984 4201 2131 4258 XXI.
2165 4198 2317 4256 Dicit
2344 4198 2651 4270 Dominus,
2683 4203 2749 4254 ut
2787 4198 3160 4257 sanotiﬁcent
3207 4216 3380 4257 omne
3433 4200 3638 4273 primi-

215 4288 311 4346 XI.
339 4286 504 4344 Dixit
537 4286 820 4344 Dominus
849 4288 920 4345 ad
951 4289 1140 4345 Aaron
1170 4306 1184 4346 :
1216 4289 1374 4347 Vade
1404 4291 1630 4349 obviam
1660 4291 1869 4364 Moysi.
2058 4290 2271 4346 tivum.

218 4377 340 4434 ΧΠ.
376 4378 601 4432 Dicunt
648 4375 956 4446 Pharaoni,
1000 4382 1067 4434 ut
1108 4379 1371 4437 dimittat
1418 4380 1596 4438 Israel
1625 4381 1697 4438 de
1726 4385 1883 4438 terra
1987 4380 2168 4437 XXII.
2202 4377 2417 4443 Quinta
2446 4377 2723 4450 progenie
2754 4379 3146 4435 ascenderunt
3190 4378 3296 4435 ﬁlii
3346 4380 3523 4437 Israel
3569 4382 3642 4438 de

1037 4467 1046 4475 ο

1037 4467 1046 4475 ’
2061 4470 2330 4541 ιΕεγρῐο.

220 4555 385 4612 XIII.
419 4552 605 4610 lubet
631 4552 921 4611 Dominus
946 4554 1131 4625 Moysi
1161 4555 1325 4628 loqui
1356 4557 1428 4614 ad
1467 4556 1774 4630 populum.
1993 4556 2208 4615 XXIII.
2242 4557 2604 4612 Consecutus
2626 4558 2717 4612 est
2735 4555 2962 4612 Pharao
2978 4555 3132 4614 ﬁlios
3150 4555 3348 4629 Israel,
3369 4561 3426 4614 et
3445 4574 3647 4631 coope-

225 4643 386 4700 XIV.
423 4642 511 4697 De
542 4642 914 4715 principibus
944 4644 1139 4701 Israel.
2068 4645 2189 4703 ruit
2220 4643 2522 4718 [Egyptios
2554 4660 2739 4701 mare.

219 4732 341 4790 XV.
374 4729 525 4787 Dedi
556 4734 637 4802 te,
668 4730 812 4787 dicit
840 4730 1149 4800 Dominus,
1178 4738 1363 4791 Deum
1393 4733 1705 4792 Pharaoni.
2000 4735 2196 4792 XXIV.
2228 4733 2557 4791 Canticum.

224 4820 371 4877 XVI.
406 4816 667 4890 Projecit
711 4821 904 4876 Aaron
954 4821 1181 4893 virgam
1236 4838 1433 4879 coram
1482 4822 1800 4891 Pharaone,
1835 4826 1893 4879 et
1930 4890 1964 4899 _
2000 4826 2167 4881 XXV.
2200 4822 2465 4880 Cantavit
2495 4825 2553 4878 et
2584 4820 2770 4878 Maria
2802 4836 2936 4877 eum
2969 4822 3320 4881 mulieribus
3344 4824 3403 4881 in
3436 4829 3656 4899 tympa-

304 4907 471 4964 facta
500 4912 590 4963 est
616 4907 793 4966 draco
812 4925 833 4963 :
864 4912 923 4965 et
947 4890 1214 4967 fecerunt
1241 4910 1401 4983 magi
1433 4911 1723 4969 similiter.
1924 4890 1972 4955 Ῑ)
2075 4914 2169 4969 nis
2199 4916 2257 4969 et
2285 4911 2503 4968 choris.

388 4997 583 5068 Plaga
613 4998 875 5069 ﬁgi/pii:
2013 5002 2209 5059 XXVI.
2250 4998 2638 5057 Murmuravit
2669 4999 2923 5072 populus
2953 4999 3014 5056 in
3046 5002 3276 5059 deserto
3316 5021 3419 5076 pro
3480 5020 3653 5076 aqua.

308 5086 363 5144 4.
397 5085 517 5143 Ubi
548 5101 705 5157 aqua
740 5087 1009 5145 ﬂuminis
1050 5089 1205 5146 facta
1225 5094 1313 5146 est
1342 5090 1615 5163 sanguis:
1646 5091 1908 5147 fecerunt
2012 5090 2241 5147 XXVII.
2276 5088 2792 5145 Murmuraverunt
2816 5092 2873 5143 et
2901 5104 3006 5160 pro
3036 5092 3334 5148 carnibus.

382 5180 447 5231 et
482 5174 643 5246 magi
673 5174 965 5232 similiter.
2015 5178 2260 5236 XXVIII.
2276 5175 2445 5233 Dedit
2458 5176 2742 5232 Dominus
2761 5176 2977 5248 populo
2997 5179 3321 5236 coturnices
3341 5187 3395 5235 et
3417 5195 3656 5236 manna.

311 5266 367 5320 2.
401 5262 713 5319 Percussit
736 5263 947 5320 iterum
978 5267 1171 5322 Aaron
1202 5283 1382 5336 aquas
1423 5268 1652 5340 [Egypti
1681 5272 1738 5325 et
1765 5270 1908 5325 edu-
2014 5269 2230 5326 XXIX.
2262 5264 2766 5322 Manducaverunt
2810 5281 3027 5322 manna
3055 5270 3226 5324 annis
3250 5268 3658 5339 quadraginta.

386 5352 482 5407 xit
513 5367 692 5407 ranas
716 5368 729 5407 :
762 5352 1025 5409 fecerunt
1054 5358 1111 5410 et
1138 5356 1291 5427 magi
1331 5356 1622 5413 similiter.
2018 5355 2200 5414 XXX.
2235 5354 2754 5410 Murmuraverunt
2780 5371 2885 5426 pro
2906 5371 3081 5426 aqua,
3112 5361 3168 5412 et
3189 5356 3390 5412 eduxit
3407 5357 3477 5412 de
3498 5361 3663 5429 petra

317 5443 372 5498 3.
403 5441 718 5498 Percussit
747 5447 940 5498 Aaron
974 5443 1269 5515 pulverem
1304 5449 1495 5514 terras,
1524 5450 1582 5501 et
1613 5446 1749 5502 facti
1772 5451 1913 5504 sunt
2091 5460 2328 5516 aquam.

390 5529 671 5602 ciniphes
701 5530 761 5585 in
794 5530 1171 5589 hominibus:
1202 5537 1260 5590 et
1290 5538 1595 5591 cesserunt
1625 5536 1804 5608 magi.
2019 5532 2218 5593 XXXI.
2240 5531 2413 5587 Venit
2442 5529 2718 5587 Amalech
2746 5532 2816 5587 ad
2830 5548 3111 5603 pugnam,
3132 5536 3189 5589 et
3211 5532 3500 5604 percussit
3526 5548 3663 5589 eum

321 5623 382 5678 4.
418 5617 683 5699 Immisit
712 5619 1089 5693 cenomyiam
1120 5622 1180 5677 in
1202 5627 1385 5680 totam
1414 5627 1632 5681 terram
1662 5625 1913 5698 Egypti.
2091 5625 2286 5679 Iosue.

312 5712 369 5767 5.
401 5707 574 5766 Misit
592 5707 880 5765 Dominus
896 5714 1146 5768 mortem
1169 5711 1229 5769 in
1252 5728 1462 5785 peoora
1479 5713 1913 5787 Egyptiorum.
2024 5711 2248 5769 XXXII.
2277 5707 2454 5766 Venit
2472 5707 2675 5765 Jethro
2705 5709 2777 5765 ad
2807 5709 3045 5782 Moysen
3074 5709 3137 5766 in
3165 5709 3487 5769 desertum.
