4080 6186
521 398 624 456 271
817 445 824 452 ,
1571 392 1630 444 Β.
1670 387 2076 443 HIERONYMI
2114 387 2368 440 DlVINA
2402 386 2896 441 BIBLIOTHECA.
3809 388 3908 443 272

520 530 779 588 χχχιιι,
815 524 1136 583 Consilium
1166 520 1554 577 dediuethro
1585 519 1785 592 Moysi,
1819 523 1886 574 ut
1945 534 2164 590 ρι-ωρο-
2197 511 2246 577 Α
2286 508 2464 563 LXXI.
2499 509 2680 564 Omne
2712 509 3072 580 primitivum
3103 510 3352 566 Domino
3384 511 3768 568 offerendum.

593 625 757 676 neret
776 617 1045 673 tribunos
1073 618 1132 669 et
1155 611 1526 668 centuriones
1541 651 1554 666 .
2279 598 2494 654 LXXII.
2527 598 2772 654 Carnem
2791 617 2822 654 a
2839 662 2842 665 _
2857 598 3469 672 bestia‘przegustatam
3486 618 3601 658 non
3613 603 3912 658 edendam.

523 707 760 766 XXXIV.
790 700 1061 761 Testatur
1092 701 1372 758 Dominus
1398 716 1499 772 per
1529 699 1765 771 Moysen
1813 696 2050 769 pepulo,
2101 701 2168 752 ut
2280 686 2526 744 LXXIII.
2566 692 2691 742 Non
2725 689 3078 744 credendum
3114 688 3282 745 facile
3312 691 3468 762 quod
3499 690 3775 747 audieris.

601 795 845 852 audient
875 809 1038 848 eum.
2283 775 2574 832 LXXXIV.
2612 777 2736 833 Non
2768 778 3252 834 consentiendum
3285 779 3538 836 testibus
3567 779 3799 850 iniquis.

523 887 760 944 XXXV.
789 881 1093 939 Descendit
1112 879 1394 936 Dominus
1417 877 1475 933 in
1495 881 1751 934 montem
1770 876 1982 932 Sinain
2015 875 2167 946 igne.
2281 863 2486 919 LXXV.
2520 865 2643 920 Non
2675 881 2801 921 esse
2836 866 3055 922 malum
3088 883 3219 922 cum
3257 867 3474 923 multis.

527 973 778 1032 XXXVI.
812 971 1080 1042 Praeipit
1110 968 1399 1025 Dominus
1429 967 1634 1040 Moysi,
1669 970 1730 1022 ut
1779 964 2060 1021 ascendat
2109 962 2168 1018 in
2280 953 2528 1042 LXXVI.
2563 954 2688 1008 Non
2721 955 3014 1011 declinare
3044 972 3175 1010 cum
3212 955 3416 1011 multis
3443 956 3502 1012 in
3525 956 3768 1028 judicio.

597 1067 862 1120 montem
894 1041 1078 1117 solus.
2281 1041 2546 1100 LXXVII.
2565 1047 2692 1099 Non
2713 1045 3111 1115 spernandum
3135 1061 3456 1117 pauperem
3477 1046 3796 1119 injudicio,
3815 1063 3916 1104 nec

526 1163 797 1219 XXXVII.
832 1165 1039 1216 Decem
1074 1158 1250 1215 verba
1279 1156 1446 1229 legis,
1489 1170 1614 1227 quas
1649 1152 1920 1225 praecepit
1978 1151 2168 1207 Domi-
2352 1149 2453 1201 Ρτο
2486 1131 2584 1186 “10
2616 1133 2969 1188 radendum.

600 1269 711 1308 nus
738 1247 1019 1306 custodiri
1053 1264 1068 1303 :
2280 1237 2556 1293 LXXVIII
2591 1241 2806 1294 Errans
2840 1239 3066 1295 inimici
3106 1241 3447 1311 jumentum
3509 1243 3919 1298 revocandum.

634 1343 684 1400 1.
717 1340 844 1396 Non
875 1340 1047 1394 erunt
1074 1335 1180 1403 tibi
1210 1334 1289 1390 dii
1327 1335 1551 1404 absque
1599 1349 1712 1388 me.
2281 1327 2761 1385 LXXIX.Inimici
2776 1331 3114 1400 jumentum
3137 1346 3406 1401 pressum
3432 1331 3925 1404 pondereerigen-

631 1431 688 1488 2.
717 1429 843 1486 Non
875 1428 1057 1484 facias
1093 1424 1197 1482 tibi
1221 1422 1443 1479 idolum
1475 1439 1662 1493 neque
1684 1419 1864 1476 ullam
1894 1418 2172 1476 similitu-
2353 1420 2514 1474 dum.

707 1518 933 1574 dinem.
2284 1524 2493 1581 LXXX.
2519 1525 2552 1581 J
2560 1525 2818 1581 udicium
2854 1527 3126 1598 pauperis
3159 1543 3276 1582 non
3299 1528 3780 1584 subvertendum.

631 1609 686 1666 3.
716 1607 842 1664 Non
873 1621 1076 1662 sumes
1110 1618 1318 1660 nomen
1350 1601 1451 1657 Dei
1485 1600 1573 1656 tui
1605 1601 1663 1655 in
1695 1616 1909 1656 Vanum
2283 1614 2522 1669 LXXXI.
2553 1614 2640 1668 Ab
2671 1614 2831 1670 omni
2859 1616 3033 1671 verbo
3064 1615 3268 1686 iniquo
3298 1616 3711 1674 recedendum.

633 1697 686 1752 4.
720 1699 784 1753 In
809 1699 1004 1750 mente
1033 1693 1184 1749 habe
1215 1691 1369 1746 diem
1401 1689 1813 1746 SUbbatOPum-
2285 1703 2549 1758 LXXXII.
2578 1705 2953 1760 Innocentem
2985 1708 3041 1760 et
3064 1705 3296 1776 justum
3329 1719 3442 1762 non
3473 1705 3750 1762 oceidend
3764 1723 3886 1762 um.

631 1786 686 1840 5-
719 1785 952 1841 Ηοηοτθι
981 1785 1205 1854 Patrem
1237 1784 1408 1836 tuum
1439 1783 1496 1834 et
1525 1782 1796 1834 matrem-
2286 1791 2582 1847 LXXXIII.
2613 1793 2856 1849 Munera
2887 1810 3000 1850 non
3029 1794 3390 1867 accipienda.

635 1877 690 1931 6.
715 1874 843 1931 Non
865 1872 1117 1930 occides.
2207 1888 2254 1952 Β
2289 1882 2557 1938 LXXXIV.
2589 1883 2670 1939 De
2701 1885 3042 1956 peregrinis,
3077 1891 3133 1941 et
3164 1885 3529 1942 remissionis
3561 1903 3738 1943 anno.

634 1965 693 2016 7ο
723 1963 847 2019 Non
879 1959 1260 2018 maachaberiﬁ
1597 2000 1601 2005 ‹
2287 1971 2546 2028 LXXXV.
2581 1972 2835 2029 Sabbato
2867 1991 2983 2030 non
3015 1976 3394 2046 operandum.

636 2053 691 2107 8.
725 2051 851 2109 Non
882 2052 1107 2106 furtum
1139 2047 1338 2104 facies.
1439 2134 1447 2136 _
1606 2133 1614 2136 Α
2286 2060 2581 2119 LXXXVI.
2616 2062 2826 2118 Omnia
2857 2080 2983 2136 qua;
3017 2065 3289 2136 praecepit
3307 2071 3488 2133 Deus,
3522 2065 3819 2123 facienda.

638 2144 694 2196 (δ.
728 2140 854 2199 Non
885 2140 1044 2194 dices
1075 2137 1288 2193 falsum
1319 2133 1747 2223 testimonium.
1807 2222 1813 2223 γ
1917 2221 1925 2223 ᾗ

2288 2149 2612 2207 LXXXVII.
2639 2150 2854 2207 Tribus
2876 2133 3247 2223 temporibus
3269 2153 3408 2208 anni
3435 2152 3590 2209 diem
3608 2153 3924 2210 solemnem

623 2232 710 2286 10.
740 2230 864 2285 Non
898 2225 1279 2298 concupisces
1308 2239 1545 2279 uxorem
1569 2222 1820 2294 proximi
1843 2221 1953 2290 tui,
1987 2237 2176 2293 neque
2354 2239 2670 2310 agendum,

968 2316 1118 2420 QII}?-
1241 2419 1245 2420 ν
1280 2401 1312 2420 ’γ
1350 2419 1367 2420 7
1413 2406 1456 2420 Α
1488 2400 1752 2420 ,εμῌμι
1788 2400 1850 2420 ’Δ
1915 2399 2143 2420 "___U_
2284 2345 2641 2400 LXXXVIII.
2674 2346 2754 2401 De
2787 2346 3093 2402 festivitate
3124 2352 3496 2420 Azymorum.

532 2407 830 2467 XXXVIII.
864 2404 1088 2460 Timuit
1119 2401 1372 2475 populus
1403 2406 1461 2457 et
1483 2400 1755 2456 dixerunt
1785 2400 1856 2456 ad
1915 2399 2146 2471 Moysen

2288 2399 2656 2490 LXXXIX.Va
2929 2399 3494 2509 conspectu—Domi;
3505 2438 3745 2495 minime
3758 2456 3937 2512 appa-

604 2499 686 2552 Tu
722 2495 958 2567 loquere
989 2493 1060 2548 ad
1094 2508 1221 2547 nos.
1405 2578 1412 2579 ί
1841 2577 1854 2579 _
1929 2577 1938 2579 _
2042 2577 2053 2579 _
2357 2526 2629 2579 Γρηάυηι,

535 2585 788 2643 XXXIX.
820 2583 969 2639 Deos
1001 2585 1307 2654 argenteos
1332 2578 1421 2634 vel
1452 2594 1661 2634 aureos
1685 2594 1799 2633 non
1831 2577 2130 2634 faciendos
2158 2601 2174 2647 ;

606 2675 707 2731 sed
741 2672 922 2730 altare
951 2669 1223 2727 Domino.

534 2773 657 2830 XL.
691 2777 770 2828 De
798 2786 979 2844 puero
1009 2769 1248 2824 Hebraeo
1280 2774 1497 2838 empto.

534 2863 686 2918 XLI.
720 2861 800 2917 De
832 2860 956 2915 ﬁlia
984 2858 1286 2914 distracta.

535 2952 707 3008 XLII.
740 2951 820 3006 De
852 2965 1125 3020 percusso
1157 2951 1215 3003 et
1246 2950 1501 3002 mortuo.

534 3039 729 3107 XLIII.
761 3039 842 3094 De
870 3037 964 3092 his
995 3036 1094 3108 qui
1129 3034 1451 3090 occiderint
1481 3033 1634 3090 dolo.

533 3127 720 3183 XLIV.
755 3131 832 3180 De
861 3125 955 3181 bis
985 3125 1086 3197 qui
1109 3121 1510 3197 percusserint
1535 3126 1760 3193 patrem
1784 3124 1885 3177 aut
1905 3126 2174 3177 matrem.

531 3215 698 3272 XLV.
731 3213 838 3279 Qui
871 3214 1025 3268 furto
1051 3215 1313 3282 ereptum
1342 3210 1730 3267 vendiderint.

530 3291 721 3360 XLVI.
755 3303 864 3370 Qui
898 3300 1301 3358 maledixerint
1332 3300 1478 3369 patri
1505 3299 1593 3354 vel
1626 3299 1824 3356 matri.

533 3392 753 3449 XLVII.
786 3392 846 3448 Si
879 3390 938 3446 in
972 3389 1098 3445 rixa
1145 3387 1502 3460 percusserit
1558 3386 1776 3459 aliquis
1826 3386 2020 3459 lapide
2078 3392 2182 3446 aut

646 3496 830 3538 υςωο.

533 3497 803 3628 Χιῗξιῗιῗ
816 3519 876 3623 Si
905 3584 1139 3624 servum
1154 3571 1256 3624 aut
1274 3565 1547 3622 ancillam
1566 3567 1920 3637 percusserit
1940 3566 2180 3640 aliquis,

605 3664 664 3716 et
692 3659 910 3714 mortui
941 3658 1176 3714 fuerint.

536 3757 739 3814 XLIX.
773 3757 829 3812 Si
861 3754 1169 3812 mulierem
1203 3753 1578 3826 percusserit,
1612 3757 1671 3809 et
1701 3753 2062 3811 abortiverit.

542 3853 598 3904 L.
630 3845 910 3902 Osculum
945 3861 1048 3917 pro
1081 3843 1249 3899 oculo
1279 3843 1629 3898 eruendum.

2286 2613 2391 2668 XC.
2427 2614 2640 2669 Tribus
2697 2614 3063 2686 temporibus
3111 2617 3249 2672 anni
3300 2631 3473 2673 omne
3525 2617 3944 2676 masculinum

2357 2717 2560 2773 parere
2596 2703 2857 2759 Domino.

2287 2809 2429 2864 XCI.
2463 2809 2757 2865 Primitias
2791 2815 2958 2866 terrae
2995 2813 3344 2868 olferendas.

2285 2898 2448 2953 XCII.
2483 2902 2607 2954 Non
2640 2901 3011 2971 coquendum
3036 2918 3254 2974 agnum
3287 2901 3348 2958 in
3371 2902 3521 2958 lacte
3558 2903 3767 2960 matris
3797 2920 3950 2959 sue.

2287 2987 2484 3044 XCIII.
2517 2988 2802 3061 Angelum
2839 2990 3426 3062 promittilDominus
3452 2992 3654 3064 Moysi,
3675 2992 3777 3064 qui
3807 3009 3954 3050 eum

2360 3077 2667 3148 praecedat.

2286 3166 2480 3222 XCIV.
2514 3166 2621 3230 Qui
2650 3173 2840 3224 Deum
2871 3168 3374 3225 audieritliberari
3409 3169 3480 3225 ab
3499 3169 3754 3226 inimicis
3773 3171 3940 3229 suis.

2210 3259 2252 3326 (ζ
2289 3254 2455 3310 XCV.
2489 3256 2638 3312 Deos
2669 3257 3130 3330 alienigenarum
3165 3276 3279 3314 non
3313 3259 3666 3316 adorandos.

2287 3343 2479 3399 XCVI.
2499 3345 2792 3402 Timorem
2817 3353 2875 3402 et
2893 3364 3102 3418 vespas
3121 3347 3446 3404 missurum
3470 3347 3809 3416 Dominum,
3837 3349 3953 3422 qui

2359 3433 2631 3503 ejicerenl
2657 3434 3032 3506 alienigenas.

2289 3522 2497 3579 XCVII.
2532 3523 2688 3579 Dixit
2739 3526 3022 3582 Dominus
3051 3526 3231 3599 Moysi
3279 3527 3594 3584 ascendere
3641 3527 3716 3582 ad
3766 3543 3836 3584 se
3885 3528 3957 3584 in

2364 3616 2560 3669 monte
2591 3630 2724 3669 cum
2759 3615 3085 3686 majoribus
3118 3620 3286 3673 natu.

2292 3719 2531 3777 XCVIII.
2565 3722 2882 3780 Ediﬁcavit
2911 3726 3135 3796 Moyses
3165 3723 3346 3781 altare
3377 3740 3447 3780 ex
3473 3723 3769 3795 lapidibus
3803 3723 3966 3781 duo-

2364 3811 2576 3865 decim.

2364 3827 2576 3866 decim.

2292 3899 2481 3954 XCIX.
2515 3901 2792 3956 Ascendit
2823 3902 3050 3974 Moyses
3082 3919 3217 3957 cum
3252 3903 3577 3974 majoribus
3613 3906 3778 3958 natu.

2239 4043 2242 4048 .
2294 3992 2351 4043 C.
2386 3988 2602 4045 Omnes
2624 3989 2788 4046 electi
2822 3997 3109 4046 venerunt
3139 3992 3198 4047 in
3229 3991 3424 4047 locum
3460 3992 3582 4048 Dei.

2295 4077 2381 4133 CI.
2415 4077 2566 4134 Dicit
2589 4079 3068 4152 DominusMoysi
3089 4088 3150 4136 ut
3175 4081 3455 4138 ascendat
3475 4081 3533 4136 in
3565 4086 3831 4138 montem
3856 4099 3969 4140 ac-

2367 4167 2559 4238 cipere
2590 4167 2826 4224 tabulas
2856 4169 3238 4225 Testamenti.

538 3936 625 3992 LI.
659 3934 909 3990 Oculum
942 3933 1093 3989 servi
1125 3937 1228 3988 aut
1258 3930 1483 4000 ancilla
1515 3932 1615 4002 qui
1647 3932 1890 3988 eruerit.

535 4023 645 4080 LII.
678 4022 738 4079 Si
770 4037 952 4079 cornu
973 4021 1226 4092 aliquem
1252 4019 1606 4090 percusserit
1635 4024 1862 4075 taurus.

533 4113 673 4169 LIII.
702 4113 763 4169 Si
795 4112 1018 4168 foveam
1052 4110 1185 4182 quis
1215 4109 1446 4166 foderit.

534 4204 664 4258 LIV.
697 4199 757 4256 Si
789 4204 997 4256 taurus
1017 4197 1202 4255 alium
1233 4214 1414 4254 cornu
1447 4197 1798 4270 percusserit
1827 4201 2085 4256 taurum.

533 4286 646 4343 LV.
677 4287 736 4342 Si
767 4285 903 4357 quis
933 4285 1185 4342 vitulum
1216 4290 1319 4341 aut
1347 4300 1513 4341 ovem
1547 4285 1776 4341 furatus
1810 4286 2004 4343 fuerit.
2295 4274 2409 4328 ΟΠ·
2445 4275 2724 4330 Ascendit
2752 4278 2977 4348 Μογεθει
3006 4281 3063 4332 et
3093 4277 3479 4333 descenditad
3495 4293 3626 4333 eum
3660 4277 3978 4348 maiestas

530 4375 675 4432 LVI.
715 4375 798 4431 De
830 4375 955 4430 fure
986 4390 1288 4446 percusso.
2369 4362 2623 4418 Domini.

533 4464 696 4520 LVII.
729 4463 811 4519 De
843 4479 983 4536 agro
1006 4462 1198 4519 alieno
1229 4463 1497 4536 depasta,
2297 4451 2436 4508 CIII.
2467 4452 2622 4508 Dicit
2651 4453 2935 4510 Dominus
2965 4454 3157 4510 oll‘erri
3189 4455 3359 4512 initia
3389 4456 3461 4512 ad
3488 4455 3984 4515 tabernaculum

532 4554 724 4610 LVIII.
749 4553 829 4610 De
857 4569 994 4610 area
1022 4552 1282 4621 incensa,
1315 4555 1403 4609 vel
1435 4568 1650 4609 messe.
2373 4540 2727 4596 faciendum.

534 4643 679 4699 LIX.
712 4643 792 4699 De
821 4643 1226 4699 commendato
1250 4646 1307 4698 ct
1335 4641 1490 4700 furto
1522 4643 1596 4698 ab
1628 4642 1826 4716 aliquo
1858 4643 2112 4700 sublato.
2219 4633 2266 4697 D
2298 4647 2433 4706 CIV.
2469 4649 2602 4712 Qua:
2633 4649 2886 4706 debeant
2905 4650 3123 4706 offerri.

533 4733 641 4789 LX.
676 4732 1048 4803 Dejumento
1075 4731 1168 4788 vel
1199 4730 1399 4803 aliqua
1429 4731 1651 4803 pecude
1677 4733 2083 4789 commendata
2131 4737 2187 4788 et
2294 4737 2405 4793 CV.
2439 4737 2517 4793 De
2536 4737 2757 4794 fabrica
2786 4754 2954 4805 arcae,
2987 4755 3202 4794 mensae
3226 4738 3599 4797 tabernaculi
3631 4744 3689 4797 et
3716 4741 3998 4802 altaris.

603 4826 858 4878 mortua.
2293 4826 2426 4881 CVI.
2465 4828 2540 4882 De
2571 4827 2696 4883 oleo
2727 4827 2998 4886 lucernas.

531 4921 675 4978 LXI.
709 4919 770 4977 Si
801 4919 1034 4993 petierit
1061 4921 1197 4992 quis
1226 4919 1466 4990 animal,
1513 4923 1568 4974 et
1643 4922 1940 4976 mortuum
1985 4919 2178 4976 fuerit.
2292 4914 2450 4971 CVII.
2483 4916 2564 4972 De
2590 4919 2916 4974 sacerdotio
2948 4921 3131 4975 Aaron
3153 4922 3211 4976 et
3241 4919 3497 4976 ﬁliorum
3527 4921 3676 4992 ejus.

530 5009 698 5068 LXII.
739 5015 817 5066 De
846 5009 1072 5082 virgine
1103 5009 1366 5066 nondum
1391 5012 1691 5081 sponsata.
2291 5005 2483 5060 CVIII.
2516 5011 2597 5062 De
2629 5006 2779 5062 stola
2808 5012 3028 5063 sancta.

530 5099 704 5155 LXII.
734 5099 1063 5156 Maleﬁcum
1095 5097 1503 5154 occidendum.
2290 5093 2426 5150 CIX.
2459 5099 2538 5150 De
2567 5100 2726 5151 veste
2756 5097 3125 5153 sacerdotali.

529 5189 718 5246 LXIV.
748 5189 857 5253 Qui
888 5187 1193 5244 dormierit
1222 5203 1354 5242 cum
1389 5188 1642 5258 peccude
1669 5187 2044 5243 occidendus.
2291 5182 2397 5237 CX.
2435 5188 2509 5238 De
2531 5184 2875 5240 ordinandis
2889 5186 3312 5252 sacerdotibus,
3331 5193 3388 5244 et
3407 5189 3479 5244 de
3505 5188 3698 5244 hostia
3719 5187 3954 5249 immo
3973 5225 4026 5241 -

527 5279 689 5335 LXV.
723 5277 834 5343 Qui
863 5276 1252 5333 immolaverit
1281 5276 1395 5331 diis
1423 5276 1832 5332 eradicandus.
2363 5273 2556 5328 lauda.

527 5367 720 5424 LXVI.
750 5367 997 5422 Advenaa
1032 5382 1146 5420 non
1206 5366 1557 5421 nocendum.
2289 5361 2430 5416 CXI.
2464 5367 2539 5416 De
2571 5361 2738 5417 altari
2770 5363 3016 5420 incensi.

526 5457 744 5513 LXVII.
777 5456 981 5511 Viduas
1011 5459 1068 5510 et
1098 5454 1359 5526 orphano
1393 5470 1507 5510 non
1549 5454 1904 5510 nocendum.
2286 5452 2446 5506 CXII.
2480 5451 2560 5507 De
2591 5451 2886 5509 oblatione
2916 5455 3296 5512 odorationis.

526 5545 777 5603 LXVIII.
819 5546 899 5602 De
931 5546 1126 5600 fenore
1155 5549 1212 5599 et
1243 5543 1502 5615 pignore.
2285 5539 3338 5612 CXIII.Sacerdotesjubenturlavare
3361 5548 3418 5600 et
3441 5559 3655 5600 manus
3677 5549 3738 5600 et
3765 5548 4032 5618 pedes

524 5635 717 5693 LXIX.
751 5636 876 5691 Non
909 5633 1465 5706 blasphemandum.
2354 5646 2487 5685 cum
2517 5632 2843 5687 ascendunt
2872 5633 3200 5690 sacriﬁcare
3229 5633 3500 5692 Domino.

524 5725 696 5784 LXX.
728 5723 1029 5783 Primitias
1056 5723 1305 5784 Domino
1335 5723 1682 5782 oﬁ'erendas.
2283 5718 2475 5776 CXIV.
2508 5719 2590 5778 De
2623 5726 2922 5794 unguento
2953 5721 3206 5781 incensi.
