4080 6186
173 309 275 365 273

1635 311 1849 364 LIBER
1883 309 2126 364 EXODI.

3478 317 3586 373 274

171 437 334 503 CXV,
357 437 443 492 De
468 435 720 493 Beseleel
745 451 920 508 quem
940 433 1180 507 replevit
1201 433 1488 490 Dominus
1510 434 1716 507 spiritu
1735 451 1828 490 sa-
1859 441 1910 501 Α
1943 435 2196 492 CXXXI.
2229 437 2353 493 Non
2389 438 2762 495 manducavit
2808 440 3034 513 Moyses
3073 442 3284 499 diebus
3322 460 3414 515 ιι,
3447 459 3582 501 cum

236 526 481 596 pientia:
514 526 585 579 ad
621 540 792 580 omne
825 541 992 596 opus.

169 613 362 670 CXVI.
399 614 482 668 De
511 615 768 670 Sabbato
799 614 1187 670 observando.

169 705 392 760 CXVII.
417 704 530 759 Ubi
551 704 652 758 dat
675 703 959 760 Dominus
982 703 1164 776 Moysi
1187 703 1421 759 tabulas
1442 701 1825 758 Testamenti.

172 793 430 848 CXVIII.
467 793 578 848 Ubi
611 793 747 849 fecit
778 791 1229 848 Aaronvitulum
1263 791 1638 848 conflatilem.

172 882 349 937 CXIX.
385 883 543 938 Dicit
577 883 862 938 Dominus
891 881 1104 953 Moysi:
1129 883 1427 938 Descende
1457 881 1750 938 velociter.

171 971 331 1027 CXX.
368 972 485 1028 Ubi
519 972 703 1027 oravit
733 976 958 1044 Moyses
991 987 1094 1042 pro
1128 971 1361 1043 populo.

168 1061 358 1116 CXXI.
395 1059 559 1115 Vidit
590 1061 818 1132 Moyses
847 1059 1118 1128 vitulum,
1152 1064 1208 1114 et
1237 1059 1522 1131 confregit
1568 1057 1823 1116 tabulas.

167 1150 366 1205 CXXII
397 1149 514 1204 Ubi
541 1149 732 1220 arguit
781 1149 1006 1220 Moyses
1050 1151 1234 1204 Aaron
1284 1152 1522 1220 prepter
1549 1147 1822 1205 vitulum.

169 1239 426 1294 CXXIII.
441 1238 639 1294 Jussit
656 1239 882 1310 Moyses
902 1237 1114 1309 populo
1131 1237 1538 1292 utocciderent
1551 1237 1796 1292 invicem
1809 1276 1821 1290 .

168 1327 402 1383 CXXIV.
439 1328 633 1398 Rogat
683 1328 912 1397 Moyses
961 1326 1270 1383 Dominum
1324 1342 1426 1397 pro
1475 1325 1712 1398 populo,
1762 1331 1826 1380 ut

231 1416 505 1472 dimittat
533 1415 656 1472 illis
688 1420 989 1488 peccatum
1024 1431 1248 1471 eorum.

166 1521 386 1578 CXXV.
415 1523 571 1578 Dicit
601 1523 890 1579 Dominus
913 1522 1090 1596 Moysi
1116 1539 1128 1576 :
1153 1522 1462 1580 Ascendite
1486 1522 1556 1578 ad
1578 1525 1819 1591 terram,

232 1627 412 1682 quam
440 1612 643 1682 juravi
677 1612 944 1683 patribus
973 1613 1205 1667 vestris.

169 1716 411 1772 CXXVI.
430 1717 709 1789 Increpat
729 1717 1006 1773 Dominus
1023 1716 1326 1790 populum,
1343 1717 1816 1789 etjubctMoysen

2009 526 2293 581 scriberet
2323 527 2497 582 verba
2528 527 2910 585 Testamenti.

1938 613 2212 672 CXXXII.
2248 616 2513 672 Gloriosa
2544 617 2696 672 facta
2724 623 2814 674 est
2837 619 3013 675 facies
3041 620 3245 693 Moysi,
3271 627 3328 678 et
3356 622 3587 680 velabat

2007 720 2134 759 eam
2169 721 2363 760 coram
2395 706 2631 777 populo,
2665 709 2820 778 quod
2853 709 2936 765 eis
2967 714 3211 766 cornuta
3239 711 3552 769 videretur.

1937 792 2222 848 CXXXIII.
2264 799 2337 850 De
2367 794 2459 850 die
2488 795 2890 853 sabbatorum.

1935 881 2230 940 CXXXIV.
2267 883 2434 939 Initia
2457 884 2629 954 jubet
2661 885 2888 957 Moyses
2917 887 3110 942 oil‘erri
3141 887 3580 964 Domino,quie-

2006 987 2238 1043 cunque
2259 971 2695 1043 disposuissent
2717 973 2774 1027 in
2799 974 2973 1028 corde
2994 990 3099 1031 suo
3123 976 3192 1030 ad
3212 992 3361 1049 opus
3381 977 3582 1033 taber-

2009 1059 2224 1130 naculi,
2258 1065 2316 1115 et
2347 1059 2570 1130 altaris,
2605 1066 2662 1116 et
2694 1077 2889 1117 rerum
2923 1063 3399 1122 sacerdotalium.

1933 1148 2193 1205 CXXXV.
2232 1150 2506 1205 Fecerunt
2537 1149 2809 1217 Beseleel,
2835 1155 2892 1205 et
2922 1150 3148 1218 Ooliab,
3180 1155 3236 1208 et
3264 1153 3458 1209 omnis
3489 1170 3581 1210 sa-

2007 1237 2170 1308 piens
2202 1237 2382 1293 stolas
2414 1243 2670 1307 sanctas,
2703 1243 2760 1294 et
2789 1255 2961 1295 omne
2990 1256 3139 1312 opus
3170 1241 3551 1298 tabernaculi.

1931 1325 2220 1381 CXXXVI.
2247 1327 2402 1382 Fecit
2432 1326 2682 1382 Beseleel
2715 1344 2911 1383 arcam
2935 1329 3320 1396 Testamenti,
3344 1334 3400 1385 et
3416 1345 3584 1386 men-

2004 1430 2152 1482 sam,
2167 1420 2222 1469 et
2237 1416 2678 1481 candelabrum,
2695 1420 2753 1472 et
2775 1420 2996 1487 septem
3017 1417 3380 1486 lucernas,et
3401 1419 3582 1475 altare

1995 1520 2253 1570 teneam,
2288 1509 2341 1558 et
2375 1503 2562 1559 oleum
2597 1504 2922 1561 liniamenti
2946 1523 2966 1561 :
2995 1511 3053 1561 et
3101 1507 3172 1562 de
3212 1507 3376 1563 altari
3409 1523 3582 1576 aereo,

2000 1593 2288 1648 columnis
2311 1597 2368 1649 et
2396 1592 2750 1648 utensilibus
2769 1595 3157 1662 tabernaculi,
3183 1601 3240 1651 et
3261 1596 3474 1652 oblatis
3506 1597 3579 1653 ad

2002 1698 2314 1738 numerum
2335 1681 2681 1738 bellatorum
2702 1699 2714 1737 :
2732 1689 2787 1738 et
2811 1683 2882 1738 de
2902 1689 3060 1740 veste
3082 1685 3448 1756 sacerdotali,
3465 1686 3577 1741 tin~

234 1812 396 1861 extra
420 1805 872 1862 tabernaculum
894 1771 1129 1878 erigere,
1147 1810 1204 1862 et
1225 1806 1484 1877 loquitur
1503 1807 1573 1862 ad
1598 1823 1732 1862 eum
1760 1807 1815 1862 in
1849 1800 1894 1866 Β
1998 1771 2344 1878 t‘”“§?"'{3’
2370 1775 2622 1878 itam"!
2653 1777 2872 1878 “Pati
2914 1777 2972 1828 et
3003 1773 3355 1845 perm:th
3380 1775 3579 1831 tabe"

233 1895 516 1951 columna
549 1895 747 1952 nubis.

175 1982 436 2040 CXXVII.
457 1984 719 2040 Locutus
741 1987 831 2040 est
857 1985 1134 2040 Dominus
1154 1985 1224 2040 ad
1244 1985 1504 2057 Moysen,
1522 1986 1774 2056 quomod
1790 2003 1815 2041 J

226 2074 498 2145 loquitur
529 2075 664 2145 quis
696 2075 766 2129 ad
801 2074 1049 2130 amicum
1084 2091 1281 2131 suum.

159 2181 454 2236 CXXVIII.
501 2181 654 2236 Petit
685 2180 911 2253 Moyses
940 2181 1257 2237 Dominum
1291 2181 1505 2251 videre,
1539 2184 1596 2236 et
1622 2182 1702 2238 ait
1731 2181 1813 2237 illi

231 2271 556 2327 Dominus:
594 2270 720 2326 Non
750 2276 914 2342 potes
946 2271 1140 2326 videre
1171 2270 1380 2326 faciem
1413 2287 1626 2327 meam.

161 2376 402 2432 CXXIX.
427 2378 714 2434 Ascendit
737 2377 964 2450 Moyses
984 2377 1044 2432 in
1069 2382 1324 2433 montem
1349 2394 1481 2433 cum
1507 2376 1638 2434 aliis
1655 2378 1818 2433 tabuo

225 2467 320 2532 Iis,
352 2467 460 2523 ubi
494 2467 722 2539 accepit
753 2467 936 2539 legem
971 2471 1028 2523 et
1058 2471 1410 2539 praeceptum
1445 2466 1698 2523 Domini.

1996 1860 2211 1930 naculi,
2244 1865 2299 1916 et
2329 1861 2605 1916 omnibus
2635 1861 2792 1916 vasis
2823 1861 2972 1932 ejus.

1925 1950 2244 2006 CXXXVII.
2272 1950 2332 2005 In
2365 1949 2458 2005 die
2490 1949 2679 2021 primo
2702 1951 2922 2006 mensis
2952 1951 3150 2022 primi,
3173 1952 3448 2026 precepit
3469 1953 3575 2008 Do-

1997 2040 2194 2096 minus
2225 2039 2408 2111 Moysi
2433 2039 2795 2095 sanctiﬁcare
2827 2040 3045 2106 omnia,
3061 2041 3369 2098 etinduere
3382 2045 3573 2098 Aaron

1997 2128 2207 2184 stolam
2241 2133 2502 2183 sanctam
2533 2128 2683 2198 ejus.

1923 2218 2280 2274 CXXXVIII.
2305 2223 2370 2274 In
2392 2216 2580 2288 primo
2614 2232 2815 2272 mense
2838 2217 2974 2273 anni
2999 2219 3240 2274 secundi
3267 2219 3578 2292 profectio-

2000 2309 2089 2362 nis
2107 2308 2177 2361 de
2194 2306 2460 2378 IEgypto,
2475 2306 2682 2361 statuit
2704 2307 2929 2377 Moyses
2953 2307 3398 2363 tabernaculum
3415 2310 3580 2365 testi-

2000 2413 2203 2452 IDODII.

1926 2486 2214 2542 CXXXIX.
2271 2483 2693 2539 Consummato
2751 2483 3156 2553 tabernaculo,
3215 2486 3354 2542 texit
3426 2485 3574 2543 illud

155 2573 362 2629 CXXX.
388 2573 1142 2646 Omneprimitivumjubet
1162 2573 1274 2630 sibi
1298 2575 1490 2630 otl'erri
1511 2575 1810 2634 Dominus.
1844 2562 1886 2631 C
2000 2577 2209 2641 nubes,
2240 2577 2298 2629 et
2327 2574 2604 2644 majestas
2641 2571 2864 2628 Domini
2898 2572 3166 2646 implevit
3192 2574 3360 2631 illud.

1737 2862 2023 2924 INCIPIT

850 2971 1447 3184 LIBER
1547 3022 2052 3186 ELLE
2169 3017 2865 3187 SMOTH

1548 3283 1649 3336 QUI
1692 3282 1899 3330 GRJECB
1943 3283 2183 3330 DICITUB

1415 3419 2328 3543 EXODUS.

222 3778 308 3848 [Τ.
343 3777 387 3847 l,
425 3778 489 3832 B.
529 3777 576 3844 I,
608 3777 668 3832 C.
703 3780 747 3846 Ι,
779 3780 910 3849 Cap.
946 3779 1014 3850 1.]
1060 3778 1188 3834 Hzec
1220 3783 1362 3835 sunt
1393 3779 1632 3835 nomina
1662 3778 1813 3835 filio-

161 3881 283 3920 rum
337 3867 554 3936 Israel,
589 3867 690 3940 qui
745 3867 993 3940 ingressi
1041 3873 1184 3924 sunt
1231 3869 1290 3923 in
1341 3872 1647 3941 Egyptum
1679 3884 1813 3923 cum

156 3954 366 4012 Jacob:
419 3955 649 4027 singuli
709 3972 843 4011 cum
905 3957 1181 4012 domibus
1234 3957 1358 4012 suis
1415 3957 1810 4013 introierunt:

162 4043 388 4113 Ruben,
423 4045 694 4110 Simeon,
736 4045 887 4112 Levi,
937 4045 1142 4112 Judas,
1196 4047 1481 4114 Issachar,
1532 4046 1815 4114 Zabulon,

161 4139 211 4186 et
261 4135 608 4206 Benjamin,
662 4133 807 4199 Dan,
859 4139 916 4190 et
982 4133 1272 4205 Nephtali,
1333 4135 1478 4202 Gad,
1533 4141 1591 4190 et
1656 4138 1813 4191 Aser.

162 4226 340 4278 Erant
372 4223 566 4295 igitur
596 4239 799 4278 omnes
832 4223 1041 4278 animae
1068 4239 1271 4279 eorum
1295 4224 1395 4295 qui
1427 4225 1646 4296 egressi
1680 4230 1819 4279 sunt

165 4311 227 4366 de
261 4313 490 4368 femore
523 4312 726 4378 Jacob,
761 4315 1137 4384 septuaginta
1171 4315 1185 4347 ί
1216 4329 1228 4366 :
1261 4312 1478 4382 Josepb
1511 4318 1706 4368 autem
1756 4313 1815 4368 in

162 4401 410 4473 .fgypto
457 4406 603 4457 erat.
637 4404 760 4465 Quo
809 4405 1063 4468 mortuo,
1098 4405 1154 4456 et
1201 4401 1492 4457 universis
1539 4401 1817 4457 fratribus

161 4492 308 4561 ejus,
340 4491 633 4561 omnique
664 4490 1008 4561 cognatione
1038 4488 1140 4544 illa
1172 4489 1213 4557 ³,
1248 4488 1351 4544 filii
1397 4491 1576 4545 Israel
1625 4505 1816 4544 creve-

229 4635 248 4667 ι
273 4631 491 4686 Errare
511 4630 885 4686 librariorum
911 4630 1191 4686 nonnulla
1205 4631 1496 4686 ﬂuxerunt
1519 4647 1550 4686 e
1581 4636 1821 4700 Septua-

161 4707 328 4829 ginta
351 4704 414 4757 in
441 4701 736 4758 Canonem
761 4702 1066 4758 Heebraicaa
1089 4703 1377 4785 veritatis:
1395 4703 1530 4757 inde
1552 4708 1641 4758 est
1659 4705 1817 4785 quod

201 4791 258 4828 ια
313 4775 480 4829 lezat
537 4790 666 4829 cum
725 4774 907 4829 altero
972 4790 1079 4828 ms.
1133 4778 1370 4829 codice:
1423 4776 1594 4829 Erant
1647 4780 1817 4829 igitur

201 4775 258 4828 ic
313 4775 480 4846 legat
537 4790 666 4829 cum
725 4774 907 4830 altero
972 4790 1079 4828 ms.
1133 4777 1370 4829 codice:
1423 4776 1594 4846 Erant
1647 4774 1822 4845 igitur

166 4861 351 4900 ms
388 4845 615 4901 animae
661 4861 869 4900 eorum.
907 4848 1003 4916 qui
1051 4847 1264 4917 egressi
1327 4854 1456 4917 sunt
1504 4845 1568 4900 de
1610 4848 1822 4915 femore

164 4918 353 4981 Iacob,
397 4918 745 4988 septuaginta
801 4920 1043 4988 quinque
1070 4916 1096 4982 ;“
1126 4917 1278 4987 quod
1337 4917 1393 4972 S.
1435 4916 1821 4988 Hieronymus

167 4991 391 5043 diserte
427 4987 634 5043 refelli:
680 4989 739 5043 in
770 4987 936 5043 libris
986 4989 1361 5056 Quintianum
1406 4987 1821 5058 Hem-uicorum,

166 5061 388 5142 degens
414 5059 698 5142 paulatim
724 5060 1110 5142 persingulos
1131 5063 1453 5142 supputato
1477 5077 1742 5142 numero,
1768 5066 1824 5116 et

163 5132 220 5186 in
256 5130 523 5186 Hebraeis
551 5130 954 5186 voluminibus
982 5130 1225 5186 inveniri
1255 5130 1707 5200 tantummodo,
1739 5148 1824 5188 se-

162 5203 461 5271 ptuaginta
512 5202 748 5257 animos.
783 5205 865 5258 Ea:
893 5218 998 5273 quo
1055 5204 1420 5272 manifestum
1478 5206 1575 5266 est,
1608 5203 1822 5272 inquit,

163 5291 349 5331 manes
379 5276 624 5341 animos,
649 5291 768 5345 quae
796 5278 1055 5341 ingressa
1084 5286 1212 5328 sunt
1241 5276 1536 5346 /Egyptum
1555 5274 1621 5329 de
1647 5277 1822 5345 femo-

169 5347 325 5402 ribus
347 5347 548 5416 Iacob,
581 5349 753 5414 [uisse
796 5348 1174 5416 septuaginta;
1209 5347 1339 5400 dum
1389 5347 1683 5412 sexaginta
1729 5361 1828 5400 sea:

171 5425 356 5489 postea
394 5421 665 5485 ingressae
688 5423 834 5483 sunt,
867 5422 917 5472 et
947 5425 1271 5486 repererunt
1319 5418 1380 5469 in
1429 5419 1665 5486 Egypto
1716 5421 1826 5472 tres

176 5495 421 5556 animus,
475 5491 669 5559 Ioseph
723 5489 938 5543 scilicet
1007 5504 1131 5543 cum
1201 5489 1410 5543 duobus
1465 5489 1598 5557 ﬁliis
1655 5490 1821 5559 ejus:

180 5563 606 5642 septuagesima:
634 5565 818 5642 autem
834 5561 962 5642 ipse
989 5560 1366 5642 μισοῖ).
1385 5563 1576 5642 ‘Suam
1617 5560 1827 5642 deinde

185 5629 533 5690 sententiam
561 5637 765 5689 tuetur
795 5629 1037 5702 ab‘ipsis
1062 5632 1195 5688 LXX
1220 5629 1694 5700 translatoribus,
1725 5632 1826 5704 qui

1928 3783 2084 3849 runt,
2118 3782 2175 3835 et
2209 3779 2376 3851 quasi
2397 3779 2403 3790 ‘
2426 3778 2828 3850 germinantes
2879 3774 3250 3848 multiplicati
3299 3778 3441 3831 sunt
3470 3792 3483 3832 :
3510 3791 3577 3831 ac

1927 3868 2181 3925 roborati
2201 3867 2804 3936 nimis,impleverunt
2820 3863 3331 3922 terram.Surrexit
3353 3864 3575 3920 interea

1929 3976 2028 4014 rex
2059 3975 2244 4014 novus
2275 3972 2454 4029 super
2486 3957 2818 4028 Egyptum,
2852 3954 2953 4026 qui
2983 3953 3290 4024 ignorabat
3318 3951 3536 4023 Joseph
3557 3970 3576 4008 :

1929 4053 1987 4104 et
2016 4047 2099 4102 ait
2131 4047 2199 4103 ad
2236 4045 2518 4118 populum
2571 4062 2745 4100 suum
2774 4060 2788 4100 :
2823 4045 2986 4111 Ecce,
3020 4041 3275 4114 populus
3324 4041 3577 4097 ﬁliorum

1930 4135 2110 4193 Israel
2140 4134 2384 4203 multus,
2407 4140 2464 4189 et
2494 4133 2700 4188 fortior
2725 4131 2894 4187 nobis
2915 4135 3023 4186 est.
3051 4129 3584 4202 Venite,sapienter

1931 4225 2338 4297 opprimamus
2396 4239 2555 4288 eum,
2605 4239 2678 4277 ne
2736 4221 2881 4276 forte
2934 4217 3380 4290 multiplicetur,
3423 4224 3482 4276 et
3532 4219 3581 4274 si

1928 4312 2216 4385 ingruerit
2267 4316 2466 4366 contra
2528 4327 2635 4366 nos
2702 4308 2948 4376 bellum,
3009 4309 3262 4363 addatur
3322 4307 3580 4365 inimicis

1932 4402 2172 4471 nostris,
2200 4399 2664 4472 expugnatisque
2714 4397 2906 4466 nobis,
2939 4397 3275 4469 egrediatur
3322 4412 3353 4452 θ
3406 4401 3581 4454 terra.

1933 4490 2248 4563 Praeposuit
2262 4490 2460 4560 itaque
2473 4487 2558 4544 eis
2573 4488 2888 4561 magistros
2903 4490 3242 4558 operum,ut
3255 4485 3584 4560 afﬂigerent

1935 4632 1993 4686 in
2042 4630 2477 4687 Deuteronomii
2532 4646 2659 4702 cap.
2691 4647 2748 4696 χ,
2779 4629 2874 4695 22,
2922 4628 3301 4700 septuaginta
3347 4632 3580 4702 tantum

1934 4703 2164 4759 animas
2197 4703 2254 4757 in
2288 4701 2877 4774 ngyptum’intrasse
2907 4709 3230 4774 memorant
3266 4717 3279 4755 :
3313 4701 3585 4774 quamvis

1933 4775 2111 4830 etiam
2147 4775 2254 4830 hoc
2291 4771 2736 4843 loéo'corrupte
2794 4772 3023 4843 legatur
3076 4773 3136 4826 in
3169 4788 3309 4828 .ms.
3341 4771 3581 4829 Alexan-

1937 4847 2104 4900 drino
2127 4862 2139 4900 :
2179 4846 2531 4916 septuaginta
2559 4846 3050 4916 quinque._MAa'r.

2007 4949 2075 4957 —
2104 4917 2198 4973 Sic
2229 4913 2448 4988 optime
2483 4913 2660 4971 habet
2691 4913 2797 4988 IIIS.
2827 4913 3100 4988 Urbingas;
3126 4913 3335 4988 reliqui
3368 4919 3581 4980 autem,

1936 5004 1967 5043 e
1999 4989 2216 5059 quibus
2247 4985 2304 5042 et
2331 4987 2445 5052 ille,
2475 5004 2648 5058 quem
2682 4987 2976 5059 Canonem
3002 4985 3297 5042 Hebraicis
3320 4988 3582 5043 veritatis

1855 5043 1900 5105 Π
1933 5043 2308 5115 Μέτῐίαηωυε
2335 5043 2516 5131 vocat;
2533 5061 2704 5131 juxta
2726 5058 2989 5131 Graecum
3013 5063 3348 5131 numerant,
3363 5063 3578 5131 septua-

1929 5131 2091 5202 ginta
2150 5133 2410 5203 quinque,
2441 5129 2586 5186 Vide
2648 5130 2852 5198 Quaest.
2885 5129 3132 5185 Hebraic.
3181 5129 3241 5185 in
3273 5129 3428 5186 Geni
3448 5145 3575 5201 cap.

1937 5219 2088 5268 ιινι,
2121 5219 2271 5258 vers.
2299 5203 2389 5256 26.

2003 5275 2157 5329 ’Pro
2215 5275 2533 5343 cognatione
2578 5272 2702 5340 illa,
2737 5272 2793 5326 in
2855 5287 2983 5328 can.
3041 5276 3098 5326 et
3156 5271 3374 5341 aliquot
3433 5285 3579 5325 mss.

1934 5346 2098 5399 codd.
2137 5345 2349 5415 legitur
2377 5347 2699 5412 cognatione
2727 5359 2852 5398 sua.
2887 5344 2947 5399 Id
3007 5358 3141 5398 vero
3176 5343 3392 5398 falsum
3448 5357 3578 5398 esse

1936 5434 2107 5472 nemo
2143 5435 2254 5471 non
2289 5417 2460 5470 videt.
2496 5417 2680 5470 MART.

2007 5518 2078 5529 —
2107 5488 2263 5544 Idem
2297 5504 2407 5543 ms.
2437 5487 2710 5552 Urbinas,
2741 5487 3062 5555 cognatione
3098 5500 3202 5539 sua
3249 5499 3574 5555 perperam.

1939 5559 2215 5617 Hebraeus
2244 5559 2422 5618 habet
2450 5567 2603 5619 mna
2643 5566 2803 5628 'u'm,
2831 5559 3114 5627 generatio
3147 5555 3269 5610 illa.
