4080 6186
444 294 556 351 2Ἰῦ

1478 287 1539 342 8.
1579 282 1982 341 HIEBONYMI
2018 283 2273 339 DIVINA
2306 285 2810 344 BIBLIOTHECA.

3747 284 3856 342 276

452 436 553 479 eos
581 416 895 476 oneribus:
927 413 1481 483 mdificaveruntque
1513 409 1690 465 urbes
1741 408 2094 465 tabernacn-
2124 408 2179 474 Α
2207 406 2507 466 Hebraeam
2532 410 3001 483 mulierem,un
3015 410 3240 467 nutrire
3254 409 3443 482 possit
3463 407 3853 467 infantulum?

453 509 648 567 lorum
698 504 985 564 Pharaoni
1037 506 1078 571 ί,
1111 501 1383 557 Phithom
1433 506 1489 555 et
1537 503 1869 555 Ramesees.
1905 500 2099 564 Quan-

458 604 639 670 toque
687 592 1093 668 opprimebant
1139 606 1261 658 eos,
1293 594 1460 645 tanto
1506 589 1691 661 magis
1742 587 2101 660 multiplica-

2206 497 2527 570 Respondit
2550 498 2638 555 ei:
2672 500 2846 556 Vade.
2880 500 3137 556 Perrexit
3165 498 3361 572 puella
3389 503 3449 555 et
3476 499 3706 556 vocavit
3734 515 3853 555 ma-

2209 592 2363 643 trem
2423 589 2552 660 ejus
2601 590 2642 643 ³.
2675 590 2759 645 Ad
2812 605 2992 661 quam
3051 590 3246 646 locuta
3301 587 3426 645 filia
3481 587 3853 647 Pharaonis:

463 690 680 744 bantur
733 689 790 740 et
845 679 1184 737 crescebant
1216 695 1229 735 :
1281 679 1643 751 oderantque
1702 677 1853 734 ﬁlios
1924 676 2105 736 Israel
2211 678 2437 749 Accipe,
2472 678 2554 734 ait
2584 694 2834 750 puerum
2864 678 3067 747 istum,
3098 682 3156 734 et
3183 677 3342 734 nutri
3372 676 3522 735 mihi
3550 694 3565 734 :
3598 692 3703 750 ego
3746 676 3852 733 tibi

465 773 736 847 Egyptii,
769 774 826 825 et
855 768 1197 840 afﬂigebsnt
1244 767 1556 823 illudentes
1598 767 1683 824 eis
1708 767 1729 801 ³
1760 783 1774 824 ;
1808 772 1984 839 atque
2032 767 2106 823 ad
2214 766 2365 823 dabo
2398 769 2721 824 mercedem
2750 773 2935 824 tuam.
2969 768 3239 839 Suscepit
3262 766 3491 831 mulier,
3524 771 3581 823 et
3611 766 3858 822 nutrivit

468 860 923 921 amaritudinem
956 857 1352 931 perducebant
1380 856 1557 913 vitam
1588 872 1792 913 eorum
1836 856 2110 929 operibus
2215 856 3154 929 puerum:adultumquetradidit
3169 856 3302 913 filiae
3316 855 3856 921 Pharaonis.Quem

468 950 633 1007 duris
688 948 799 1005 luti
854 951 911 1003 et
945 946 1168 1016 lateris,
1201 946 1481 1017 omnique
1536 945 1850 1012 famulatu,
1883 962 1996 1016 quo
2050 945 2110 1000 in
2218 944 2322 1000 illa
2346 946 2719 1017 adoptavitin
2748 946 2940 1003 locum
2963 944 3089 1013 ﬁlii,
3110 945 3452 1018 vocavitque
3474 960 3685 1001 nomen
3708 945 3861 1016 ejus,

468 1046 637 1097 terrte
694 1036 967 1110 operibus
1031 1034 1468 1107 premebantur.
1528 1035 1682 1091 Dixit
1748 1040 1945 1091 autem
2015 1051 2115 1090 rex
2218 1033 2433 1100 Moses,
2461 1034 2701 1091 dicens:
2735 1035 2882 1099 Quia
2908 1035 2981 1090 de
3011 1050 3166 1105 aqua
3194 1033 3302 1089 tuli
3334 1049 3492 1092 eum.

471 1127 703 1201 Egypti
760 1124 1173 1183 obstetricibus
1231 1123 1642 1180 Hebreorum:
1686 1140 1938 1195 quarum
1999 1142 2119 1181 una

474 1218 793 1275 vocabatur
847 1213 1109 1285 Sephora
1165 1213 1251 1282 [In
1310 1212 1366 1267 h.
1414 1213 1663 1285 Sipbra],
1695 1212 1879 1269 altera
1932 1214 2116 1283 Pbua,

481 1304 829 1379 praecipiens
877 1303 1000 1359 eis:
1031 1302 1274 1365 Quando
1325 1301 1781 1358 obstetricabitis
1824 1303 2120 1369 Hebraeae,

484 1400 543 1451 et
589 1399 791 1466 partus
838 1395 1069 1462 tempus
1118 1389 1439 1461 advenerit,
1471 1390 1521 1445 si
1570 1391 1871 1447 masculus
1924 1392 2122 1457 fuerit,

488 1482 800 1541 interficite
860 1480 1064 1548 illum;
1125 1480 1173 1535 si
1224 1479 1443 1535 femina
1499 1479 1689 1552 [ναις.
1732 1480 1857 1535 add.
1909 1481 2125 1549 fuerit],

2292 1124 2373 1194 [C.
2398 1123 2519 1194 [11.]
2543 1125 2607 1179 In
2637 1124 2845 1181 diebus
2876 1122 2995 1178 illis
3024 1129 3339 1195 postquam
3370 1126 3628 1179 creverat
3658 1121 3868 1191 Moses,

2229 1227 2503 1284 egressus
2534 1213 2605 1268 ad
2641 1212 2849 1269 fratres
2879 1228 3044 1277 suos,
3065 1212 3213 1267 vidit
3234 1211 3614 1267 afﬂictionem
3644 1227 3871 1281 eorum,

2227 1305 2285 1356 et
2314 1300 2502 1357 virum
2534 1302 2829 1374 Egytium
2860 1300 3282 1373 percutientem
3313 1301 3631 1373 quemdam
3662 1303 3733 1356 de
3762 1302 3871 1356 He-

2229 1390 2401 1446 breis
2432 1391 2711 1447 fratribus
2744 1390 2890 1447 suis.
2922 1390 3187 1463 Cumque
3215 1389 3727 1462 circumspexisset
3760 1390 3873 1446 huc

2231 1484 2409 1550 atque
2437 1480 2596 1548 illuc,
2630 1486 2687 1536 et
2715 1479 2941 1536 nullum
2994 1480 3199 1536 adesse
3236 1480 3498 1546 vidisset,
3531 1494 3875 1552 percussum

492 1572 797 1626 reservate.
833 1566 1178 1622 Timuerunt
1198 1570 1395 1622 autem
1442 1566 1787 1624 obstetrices
1835 1573 2039 1639 Deum,
2072 1575 2132 1625 et
2233 1568 2564 1641 Egyptium
2596 1568 2907 1625 abscondit
2938 1566 3161 1625 sabulo.
3185 1568 3255 1624 Et
3281 1584 3551 1640 egressus
3572 1567 3666 1623 die
3696 1568 3878 1624 altero

493 1676 609 1715 non
641 1658 903 1715 fecerunt
926 1656 1092 1726 juxta
1142 1660 1500 1727 praeceptum
1546 1656 1702 1728 regis
1746 1657 1997 1730 Egypti,
2028 1660 2131 1715 sed
2236 1658 2538 1730 conspexit
2568 1659 2715 1713 duos
2742 1657 3017 1713 Hebraos
3048 1657 3346 1725 rixantes;
3379 1656 3645 1728 dixitque
3675 1655 3725 1712 ei
3779 1654 3882 1729 qui

492 1744 913 1803 conservabant
942 1759 1153 1833 mares.
1183 1743 1406 1808 Quibus
1432 1744 1503 1800 ad
1565 1761 1627 1800 se
1682 1746 2004 1813 accersitis,
2036 1764 2135 1804 rex
2162 1768 2212 1833 Β
2241 1748 2490 1805 faciebat
2563 1747 2841 1819 iniuriam
2875 1762 2890 1801 :
2948 1747 3135 1812 Quare
3209 1745 3469 1819 percutis
3551 1745 3884 1817 proximum

491 1835 573 1893 ait
596 1852 610 1891 :
636 1834 926 1899 Quidnam
959 1837 1047 1889 est
1077 1832 1187 1889 hoc
1208 1834 1364 1905 quod
1392 1832 1577 1889 facere
1597 1833 1883 1905 voluistis,
1904 1840 1969 1891 ut
1989 1851 2133 1907 pue-

492 1942 589 1981 ros
622 1922 935 1980 servaretis
959 1921 986 1977 ?
1014 1923 1149 1986 Quae
1181 1922 1647 1993 responderunt:
1680 1922 1806 1979 Non
1837 1928 1978 1979 sunt
2023 1924 2135 1981 He-

489 2013 656 2070 braeae
687 2011 841 2068 sicut
882 2010 1160 2083 [Egyptiae
1208 2009 1515 2066 mulieres:
1547 2009 1689 2082 ipsa)
1736 2012 1894 2068 enim
1942 2014 2132 2070 obste-

2244 1842 2415 1893 tuum
2436 1837 2463 1891 ?
2484 1837 2592 1901 Qui
2625 1836 2931 1909 respondit
2953 1852 2967 1891 :
2991 1835 3132 1900 Quis
3153 1840 3210 1890 te
3233 1833 3540 1890 constituit
3562 1833 3882 1906 principem

2245 1932 2301 1981 et
2317 1925 2576 1996 judicem
2600 1926 2779 1998 super
2808 1924 3111 1982 nosinum
3134 1922 3396 1980 occidere
3413 1938 3501 1979 me
3524 1927 3586 1979 tu
3608 1922 3719 1991 vis,
3738 1922 3892 1978 sicut

2246 2012 2507 2069 occidisti
2550 2012 2675 2069 heri
2732 2009 3359 2086 Egyptium‘t'l‘imuit
3409 2012 3619 2077 Moses,
3650 2012 3708 2064 et
3760 2008 3890 2063 ait:

493 2102 754 2157 tricandi
783 2100 1001 2156 habent
1021 2098 1349 2169 scientiam,
1380 2103 1437 2154 et
1456 2099 1803 2172 priusquam
1834 2102 2139 2158 veniamus
2247 2102 2548 2168 Quomodo
2578 2102 2770 2174 palam
2803 2103 3022 2158 factum
3053 2108 3143 2156 est
3186 2098 3429 2155 verbum
3475 2097 3635 2153 istud
3660 2096 3688 2152 ?
3717 2096 3894 2152 Audi-

496 2191 567 2245 ad
601 2206 725 2259 eas,
749 2188 1007 2260 pariunt.
1032 2187 1185 2243 Bene
1207 2202 1343 2258 ergo
1370 2187 1505 2243 fecit
1528 2189 1678 2244 Deus
1699 2189 2139 2259 obstetricibus,

498 2284 555 2335 et
612 2276 792 2334 crevit
847 2277 1125 2349 populus,
1176 2276 1656 2348 confortatusque
1685 2283 1774 2334 est
1829 2279 2024 2337 nimis.
2073 2281 2144 2337 Et

500 2367 643 2440 quia
671 2367 995 2423 timuerunt
1039 2365 1384 2422 obstetrices
1432 2369 1635 2434 Deum,
1670 2367 1979 2424 aedificavit
2024 2368 2145 2425 illis

504 2456 735 2513 domos.
768 2454 1046 2526 Precepit
1075 2469 1212 2527 ergo
1270 2453 1496 2510 Pharao
1553 2455 1714 2511 omni
1771 2457 1986 2530 populo
2014 2475 2143 2528 suo,

504 2545 743 2601 dicens:
775 2543 1072 2616 Quidquid
1118 2542 1434 2598 masculini
1481 2559 1655 2600 sexus
1698 2550 1905 2603 natum
1950 2548 2143 2618 fuerit,

504 2635 565 2691 iu
624 2634 844 2689 ﬂumen
907 2631 1211 2704 projicite:
1246 2631 1487 2704 quiquid
1540 2633 1799 2703 feminei,
1832 2642 2144 2694 reservate.

574 2723 657 2795 [C.
694 2722 763 2791 Il,
797 2722 928 2794 Cap.
962 2720 1058 2793 ΙΙ.]
1117 2720 1401 2791 Egressus
1459 2724 1547 2777 est
1606 2728 1740 2795 post
1795 2723 1917 2780 haec
1962 2726 2051 2781 vir
2079 2730 2148 2782 de

503 2813 675 2870 domo
707 2810 863 2879 Levi,
896 2814 1136 2881 accepta
1167 2826 1342 2865 uxore
1372 2810 1576 2883 stirpis
1605 2828 1743 2868 sues.
1778 2813 1912 2877 Quae
1944 2831 2146 2873 conce-

505 2902 615 2976 pit,
648 2905 705 2957 et
733 2899 958 2973 peperit
1005 2898 1215 2968 filium,
1251 2904 1309 2955 et
1358 2898 1563 2956 videns
1609 2915 1745 2957 eum
1800 2902 2147 2975 elegantem,

508 2990 819 3048 abscondit
867 2988 1059 3043 tribus
1105 2988 1429 3043 mensibus.
1461 2990 1726 3061 Cumque
1785 2992 1904 3061 iam
1963 2992 2150 3049 celare

2249 2190 2446 2262 vitque
2458 2190 2685 2246 Pharao
2699 2205 3031 2246 sermonem
3051 2188 3230 2257 hunc,
3245 2192 3303 2243 et
3317 2186 3615 2258 quaerebat
3631 2184 3897 2242 occidere

2251 2278 2492 2335 Mosen:
2526 2279 2627 2351 qui
2673 2279 2907 2352 fugiens
2954 2278 3026 2333 de
3074 2280 3393 2347 conspectu
3441 2274 3593 2346 ejus,
3635 2278 3897 2329 moratus

2252 2372 2342 2423 est
2369 2367 2429 2423 in
2459 2373 2616 2424 terra
2644 2367 2902 2433 Madian,
2933 2370 2991 2422 et
3027 2365 3176 2421 sedit
3200 2364 3373 2436 juxta
3420 2369 3686 2436 puteum.
3721 2362 3899 2417 Erant

2252 2461 2450 2513 autem
2481 2456 2767 2513 sacerdoti
2792 2455 3017 2512 Madiau
3044 2459 3272 2527 septem
3299 2451 3452 2519 tiliae,
3470 2467 3599 2524 quae
3616 2456 3901 2507 venerunt

2254 2549 2327 2605 ad
2359 2547 2745 2605 hauriendam
2776 2562 3015 2618 aquam,
3046 2547 3106 2601 et
3136 2542 3393 2615 impletis
3424 2539 3728 2598 canalibus
3761 2540 3902 2596 ada-

2256 2654 2438 2711 quare
2477 2636 2791 2709 cupiebant
2833 2650 3038 2707 greges
3057 2631 3241 2706 patris
3257 2631 3371 2688 sui.
3390 2631 3783 2702 Supervenere
3806 2645 3905 2700 pa-

2256 2733 2466 2795 stores,
2497 2736 2551 2783 et
2581 2728 2879 2797 ejecerunt
2906 2740 3005 2781 eas
3038 2740 3052 2779 :
3086 2721 3425 2793 surexitque
3453 2722 3665 2787 Moses,
3695 2722 3773 2788 et,
3804 2718 3905 2774 de-

2256 2819 2438 2874 fensis
2491 2814 2723 2889 puellis,
2752 2814 3067 2886 adaquavit
3122 2828 3257 2868 oves
3313 2826 3538 2866 earum.
3579 2811 3713 2874 Qua
3765 2823 3899 2862 cum

2257 2905 2636 2962 revertissent
2665 2903 2737 2960 ad
2771 2902 2992 2959 Rabuel
3027 2905 3251 2973 patrem
3281 2915 3475 2966 suum,
3507 2896 3653 2954 dixit
3684 2896 3753 2952 ad
3788 2910 3907 2952 eae:

2258 3000 2370 3050 Cur
2421 2993 2676 3049 velocius
2732 2990 2973 3048 venistis
3028 2988 3250 3047 solito?
3279 2988 3768 3059 Responderunt:
3798 2984 3902 3039 Vir

506 3094 623 3136 non
656 3080 878 3150 posset,
910 3075 1167 3148 sumpsit
1196 3074 1479 3131 ﬁscellam
1512 3076 1822 3150 scirpeam,
1855 3086 1913 3136 et
1960 3080 2152 3137 linivit
2183 3128 2225 3157 η
2264 3082 2571 3157 ASgyptius
2601 3080 2871 3138 liberavit
2901 3096 3009 3137 nos
3038 3079 3110 3135 de
3141 3094 3320 3135 manu
3362 3080 3705 3148 pastorum:
3740 3074 3906 3130 insu-

506 3184 636 3225 eam
656 3128 952 3221 bitumine
973 3128 2152 3242 acrpice:posuitque,inrtusinfantuiuin,
2183 3128 2226 3196 ο
2264 3128 3707 3246 ξέῖδεξῗιῖᾷαξῆῖᾴζιὲιῖἶᾍᾏὶέοἶῖαἶ,τρῖίιῖἑιῖᾆιέ

510 3260 569 3311 et
598 3254 797 3328 posuit
826 3270 961 3311 eum
996 3252 1055 3308 in
1086 3258 1312 3309 carecto
1343 3254 1480 3325 ripas
1513 3255 1777 3313 ﬂuminis
1802 3264 1990 3315 stante
2020 3276 2158 3331 pro-

2268 3261 2493 3317 ovibus.
2526 3265 2602 3315 At
2655 3258 2787 3315 ille:
2825 3257 2930 3314 Ubi
2960 3257 3096 3313 est?
3127 3255 3357 3329 inquit:
3391 3268 3572 3326 quare
3602 3251 3912 3309 dimisistis

511 3344 608 3400 cul
640 3360 838 3400 sorore
868 3343 994 3414 ejus
1024 3347 1082 3398 et
1112 3342 1520 3401 consideraute
1560 3351 1831 3403 eventum
1880 3348 1981 3404 rei.
2015 3354 2159 3406 Ecce
2267 3350 2564 3407 hominem
2586 3348 2613 3404 ?
2642 3352 2845 3404 vocate
2870 3363 3005 3403 eum
3034 3350 3099 3401 ut
3128 3345 3396 3402 comedat
3420 3359 3649 3416 panem.
3682 3340 3913 3397 Juravit

517 3437 713 3490 autem
764 3431 1157 3487 descendebat
1205 3431 1327 3487 filia
1357 3432 1658 3504 Pharonis,
1684 3440 1749 3491 ut
1777 3434 2078 3496 lavaretur.
2097 3439 2159 3495 in
2266 3455 2404 3512 ergo
2436 3438 2628 3495 Moses
2679 3438 2836 3508 quod
2899 3435 3190 3492 habitaret
3244 3450 3380 3490 cum
3434 3449 3523 3489 eo.
3556 3429 3907 3503 Accepitque

514 3520 779 3591 flumine,
819 3526 875 3577 et
906 3518 1111 3593 puella:
1169 3521 1588 3593 gradiebantur
1638 3540 1742 3595 per
1795 3527 2153 3598 crepidinem

512 3609 681 3667 alvei.
712 3609 850 3674 Qum
898 3624 1034 3665 cum
1088 3608 1334 3666 vidisset
1380 3609 1638 3667 fiscelam
1694 3612 1755 3668 in
1814 3616 2152 3687 papyrione,

512 3697 675 3756 misit
706 3714 882 3753 unam
917 3715 947 3753 e
994 3696 1235 3753 famulis
1283 3698 1432 3766 suis,
1462 3705 1517 3755 et
1570 3699 1809 3758 allatam
1858 3706 2151 3775 aperiens,

508 3803 872 3859 cernensque
923 3786 984 3842 in
1033 3802 1104 3843 ea
1151 3786 1461 3859 parvulum
1516 3790 1867 3862 vagientem,
1910 3794 2154 3852 miserta

504 3878 657 3949 ejus,
689 3874 806 3933 ait:
840 3880 919 3931 De
971 3873 1296 3932 infantibus
1344 3875 1717 3933 Hebreorum
1769 3887 1856 3936 est
1897 3879 2013 3937 hic.
2048 3881 2152 3939 Cui

505 3982 672 4025 soror
700 3964 905 4038 pueri:
942 3965 1054 4035 Vis,
1088 3965 1303 4037 inquit,
1336 3971 1402 4021 ut
1444 3968 1678 4036 vadem,
1709 3973 1767 4024 et
1799 3986 1996 4028 vocem
2046 3972 2152 4030 tibi

580 4108 597 4144 ⁸
632 4108 861 4181 Legerit
890 4109 948 4165 S.
982 4107 1172 4187 Pater,
1197 4116 1437 4187 numam
1467 4118 1564 4175 hy
1606 4127 1709 4183 ριιο
1756 4124 1988 4187 ηπ)οη
2033 4126 2151 4187 ην,

511 4181 632 4237 sive
655 4252 667 4259 _
687 4194 760 4259 tu"
800 4197 902 4259 pro
955 4193 1013 4248 ε),
1061 4181 1537 4259 tabernaculorum
1562 4254 1573 4259 Α
1595 4181 1695 4259 pro
1717 4181 2149 4259 thesaurorum,

516 4252 672 4335 quod
702 4251 1009 4307 Chaldmus
1042 4252 1294 4323 prefert,
1316 4259 1372 4308 et
1391 4251 1660 4322 Rabbini,
1681 4255 1896 4328 aliique
1927 4251 2149 4331 passim

516 4327 883 4378 Internretes.

513 4338 883 4379 interpretes.

580 4339 883 4473 {81:11:33.
900 4392 994 4473 hic
1014 4391 1123 4449 loci
1150 4410 1291 4450 mss.
1320 4394 1720 4469 quamplures,
1743 4402 1790 4455 et
1816 4400 2145 4473 invidentes,

510 4466 614 4522 sed
647 4464 885 4521 frustra.
921 4464 1107 4522 MART.

580 4536 603 4571 ³
634 4539 695 4592 In
729 4537 966 4611 Hebraeo
996 4544 1232 4611 matram
1262 4538 1425 4607 pueri
1453 4538 1647 4609 habet,
1672 4543 1825 4611 quod
1851 4543 2005 4599 tollit
2030 4562 2152 4601 om-

514 4624 645 4663 nem
679 4608 1128 4685 ambiguitatem
1151 4607 1435 4665 librorum
1459 4607 1772 4682 editorum,
1796 4614 1897 4685 qui
1918 4624 2154 4674 matrem

510 4696 672 4735 suam
699 4679 923 4736 legunt.
957 4679 1141 4736 ΜΑιιτ.

528 4768 535 4775 ’
584 4780 652 4790 --
681 4736 892 4807 Melius
922 4750 1010 4833 {in
1069 4750 1308 4807 Hebraeo
1340 4736 1477 4815 v‘rm
1507 4764 1617 4825 DN,
1657 4759 1893 4814 matrem
1944 4762 2110 4830 pueri
2138 4778 2153 4817 :

512 4820 767 4876 Vulgata
795 4821 996 4876 editio.
1029 4831 1261 4876 matrem
1288 4839 1467 4876 suam.

568 4823 767 4893 ulgata
795 4823 996 4889 editio,
1029 4831 1261 4878 matrem
1288 4839 1467 4879 suam.
1602 4823 1609 4825 ’
1944 4823 1959 4830 ’

587 4894 903 4976 ‘HPalatin.
954 4898 1259 4976 msxtacet
1291 4911 1545 4976 amorem
1581 4914 1715 4954 mox
1761 4904 1968 4957 Gersan
2018 4917 2153 4959 cum

516 4962 795 5050 Urbi‘nate
818 4972 881 5050 et
909 4965 1162 5050 vulgatis
1193 4966 1332 5037 legit
1364 4985 1474 5050 pro
1507 4968 1726 5026 Gereon.

514 5105 526 5118 .
571 5036 605 5118 ,⁸
636 5037 787 5118 Editi
818 5036 951 5093 libri
982 5036 1048 5094 ac
1079 5036 1464 5118 manuscripti
1515 5041 1900 5118 quamplures
1927 5045 2157 5118 addunt

510 5109 663 5189 ista:
695 5109 938 5189 Alterum
996 5125 1120 5189 vero
1172 5109 1401 5189 peperit,
1429 5109 1596 5189 quem
1653 5109 1885 5185 vocavit,
1918 5116 2152 5189 Elisser,

509 5178 732 5260 diceris:
767 5182 908 5237 Deus
926 5182 1090 5260 gzim
1118 5178 1311 5260 patria
1325 5178 1705 5260 niei:_adiutor
1749 5178 1900 5260 mea}
1929 5178 2155 5260 eripuit

510 5267 596 5323 me
624 5252 690 5308 de
717 5269 887 5309 manu
916 5253 1254 5309 Pharaonis.
1289 5254 1353 5309 In
1406 5255 1537 5311 aliis
1584 5264 1708 5312 tum
1760 5258 1993 5323 Graecis,
2026 5252 2153 5316 tum

519 5322 743 5404 Latinis
771 5323 1332 5404 exemplaribushoc
1364 5329 1535 5383 modo
1555 5328 1803 5404 legitur:
1826 5322 2012 5386 Alium
2032 5348 2156 5404 vero

515 5396 995 5477 vocavitﬁlieaer,
1016 5400 1139 5477 _etc.
1176 5396 1394 5477 Horum
1440 5396 1639 5455 autem
1668 5403 1975 5477 verborum
2007 5403 2155 5459 nihil

511 5470 701 5521 exstat
731 5466 790 5522 in
823 5466 1102 5523 Hebraioo
1132 5472 1426 5535 contextu,
1458 5488 1647 5535 neque
1674 5472 1734 5527 in
1765 5473 2151 5530 Samaritano:

516 5537 735 5618 absunt
754 5538 1040 5618 similiter
1056 5610 1068 5618 _
1086 5540 1182 5618 in_
1196 5540 1351 5618 LXX
1380 5542 1520 5618 edit.
1534 5537 1718 5618 ‘Bom.
1750 5546 2154 5618 manuscripto

513 5606 925 5680 Alexandrino,
958 5614 1017 5668 et
1054 5610 1113 5667 in
1146 5610 1495 5686 Paraphrasi
1525 5613 1857 5674 Chaldaioa.
1888 5606 2155 5675 Mutuata

2266 3527 2587 3600 Sephoram
2618 3525 2799 3582 ﬁliam
2851 3525 2983 3596 ejus
3043 3539 3284 3581 uxorem
3318 3520 3375 3578 ‘:
3411 3537 3537 3593 qua
3591 3518 3818 3593 peperit
3859 3517 3912 3572 ei

2262 3617 2473 3681 ﬁlium,
2505 3630 2679 3687 quem
2710 3613 2936 3671 vocavit
2974 3612 3241 3682 Gersom,
3273 3610 3515 3667 dicens:
3546 3609 3786 3664 Advena
3831 3605 3915 3661 fui

2262 3706 2322 3761 in
2356 3711 2573 3761 terram
2604 3703 2796 3760 aliena
2819 3701 3052 3772 '.[T.II,
3083 3699 3146 3756 C.
3177 3699 3297 3771 IV.]
3321 3699 3459 3755 Post
3480 3697 3735 3753 multum
3762 3701 3916 3752 tem-

2262 3794 2421 3867 poris
2453 3797 2719 3849 mortuus
2768 3796 2861 3849 est
2916 3806 3016 3846 rex
3070 3788 3337 3861 Egyptl:
3369 3792 3427 3843 et
3458 3786 3919 3859 ingemiscentes

2261 3882 2362 3938 filii
2396 3881 2575 3939 Israel
2606 3884 2845 3954 propter
2874 3895 3068 3951 opera,
3090 3876 3387 3934 vociferati
3416 3884 3554 3932 sunt
3577 3891 3592 3930 :
3618 3872 3917 3931 ascendit-

2262 3987 2374 4044 que
2394 3969 2614 4027 clamor
2631 3985 2834 4027 eorum
2859 3969 2931 4024 ad
2957 3969 3139 4024 Deum
3161 3983 3264 4039 pro
3284 3965 3466 4038 [ναις.
3495 3966 3591 4035 ab]
3614 3961 3916 4035 operibus.

2259 4116 2534 4171 videntur
2554 4129 2585 4170 e
2606 4110 2796 4185 capite
2815 4110 3262 4185 decimooctavo
3275 4107 3543 4185 ejusdem
3559 4104 3738 4185 Exodi
3760 4120 3919 4185 vers.

2259 4188 2293 4243 3
2323 4192 2379 4243 et
2403 4188 2454 4249 4.
2483 4185 2582 4242 ubi
2606 4176 2927 4240 de'Eliezer
2954 4182 3156 4255 eadem
3181 4176 3364 4255 prope
3377 4179 3649 4255 legimus.
3695 4176 3919 4255 Deinde

2260 4248 2449 4315 codex
2468 4256 2791 4313 Bibliorum
2821 4271 2934 4311 ms.
2961 4259 3020 4312 Β.
3054 4248 3248 4309 Germ.
3276 4248 3309 4308 εἰ
3331 4248 3516 4307 Pratis
3541 4264 3705 4306 num.
3736 4248 3790 4310 3,
3823 4251 3920 4301 to-

2261 4340 2377 4386 tam
2428 4330 2578 4386 hanc
2627 4327 2959 4400 pericopem
3008 4324 3242 4381 exhibet
3287 4323 3346 4377 in
3397 4320 3694 4400 margine:
3729 4319 3922 4400 codex

2261 4340 2377 4386 tam
2428 4338 2578 4386 hanc
2627 4342 2959 4400 pericopem
3008 4338 3242 4381 exhibet
3287 4340 3346 4377 in
3397 4338 3694 4447 margisngs:
3729 4338 3922 4374 couex

2260 4409 2455 4459 autem
2524 4398 2739 4472 Regius
2800 4397 3031 4472 Optima;
3101 4402 3282 4472 notae,
3325 4411 3508 4472 num.
3586 4464 3599 4472 .
3690 4432 3706 4458 ,
3751 4396 3924 4472 extra

2260 4473 2471 4530 seriem
2503 4489 2569 4528 ac
2601 4462 2914 4527 numerum
2948 4469 3235 4523 linearum
3271 4465 3448 4521 habet
3498 4464 3703 4520 eadem
3735 4462 3920 4517 verba

2260 4546 2319 4603 in
2348 4561 2449 4601 ora
2479 4541 2736 4599 inferiori
2792 4539 3037 4595 minutis
3093 4537 3533 4594 characteribus
3589 4532 3918 4603 descripta.

2263 4618 2327 4673 In
2376 4630 2493 4672 uno
2540 4613 2795 4685 denique
2840 4612 3006 4667 Gorb.
3042 4626 3180 4685 ms.,
3226 4625 3395 4685 num.
3424 4611 3476 4672 1.
3507 4607 3651 4685 bed
3677 4610 3919 4661 tantum

2263 4687 2548 4760 leguntur,
2594 4676 2749 4760 intra
2803 4688 3063 4740 textum:
3100 4683 3161 4737 Et
3207 4681 3416 4760 eripuit
3468 4694 3558 4735 me
3612 4676 3683 4760 de
3741 4691 3926 4760 manu

2263 4746 2598 4817 Pharaonis.
2631 4759 2847 4812 Caetera
2894 4769 3101 4811 manus
3153 4746 3441 4809 recentior
3491 4746 3805 4821 supplevit
3840 4750 3918 4801 ad

2265 4848 2429 4888 oram
2455 4828 2791 4885 inferiorem
2822 4824 2979 4882 libri.
3010 4825 3091 4880 Ex
3140 4824 3247 4880 hac
3277 4829 3437 4881 tama
3490 4817 3924 4888 exemplarium

2263 4902 2541 4958 varietate
2585 4898 2729 4957 satis
2758 4896 3123 4969 exploratum
3155 4895 3467 4969 habemus.
3500 4908 3616 4969 qua
3643 4887 3717 4947 de
3756 4887 3925 4946 Elie-

2262 4988 2361 5035 zer
2381 4974 2659 5030 dicuntur
2679 4965 2936 5041 primum
2959 4967 3309 5041 adnotatain
3332 4965 3615 5041 margine,
3630 4976 3927 5041 successu

2264 5032 2544 5116 temporis
2601 5032 2961 5113 in'eorpore
3021 5039 3212 5112 posita
3277 5032 3491 5095 fuissew
3530 5054 3565 5094 a
3630 5032 3927 5091 librariis.

2267 5119 2453 5176 MART.

2338 5169 2679 5244 L-addunt
2709 5180 2893 5240 nostri
2924 5184 3105 5238 me.et
3125 5196 3272 5253 quos
3304 5178 3571 5237 Martian.
3595 5169 3934 5253 consuluit,

2265 5260 2523 5331 aditique
2557 5255 2712 5331 libri,
2745 5255 2989 5331 Alterum
3032 5252 3172 5331 _verb
3222 5253 3461 5331 peperit,
3492 5263 3652 5331 quem
3704 5252 3929 5304 vomu

2266 5321 2503 5400 Ειὶειὲν,
2534 5328 2755 5400 dicem;
2786 5327 2923 5382 Deus
2948 5324 3098 5400 etaim
3122 5321 3302 5400 patris
3331 5325 3441 5400 mei
3464 5321 3693 5393 adjutor
3734 5332 3936 5399 meus,

2266 5409 2320 5459 et
2348 5396 2559 5474 eripuit
2589 5414 2672 5456 me
2696 5397 2763 5474 de
2787 5396 3469 5474 manugPaai-aonisnguaa
3498 5407 3634 5449 cum
3662 5396 3936 5474 origina-

2271 5475 2355 5529 les
2381 5460 2576 5529 te'xtus
2599 5487 2712 5526 non
2736 5469 3013 5535 habeant,
3035 5467 3095 5523 in
3118 5465 3394 5538 Hexaplis
3415 5470 3612 5538 tamen
3634 5460 3744 5538 sub
3765 5462 3937 5517 aete-

2269 5544 2419 5602 risco
2451 5544 2633 5601 fuisse
2668 5533 3193 5611 descripta,'fidem
3239 5533 3378 5597 facit
3421 5533 3764 5597 Coislinian.
3797 5546 3931 5597 ma,

2264 5632 2445 5687 penes
2465 5612 2981 5673 lontfaueonium.
