4080 6186
252 295 341 352 277
1661 296 1876 351 LIBER
1913 294 2160 351 EXODI.

3506 293 3617 351 278

248 423 301 480 Et
326 420 528 478 audivit
554 418 830 491 gemitum
854 434 1152 485 eorum,ac
1184 420 1528 475 recordatus
1558 423 1646 474 est
1677 418 1846 474 fcede-
1876 422 1926 487 Α
1960 418 2079 476 dixi
2110 422 2175 474 ut
2202 420 2448 475 educam
2507 436 2607 475 vos
2630 419 2731 491 fde
2762 416 3079 476 atllictione
3120 419 3375 493 Egypti,
3406 419 3474 506 in.
3496 423 3613 477 ter-

248 510 311 564 ris
352 507 492 578 quod
530 506 827 578 pepigerat
854 522 991 561 eum
1024 506 1339 573 Abraham,
1362 509 1523 562 Isaac
1554 512 1611 561 et
1641 506 1844 561 Jacob.

248 599 301 654 Et
320 595 546 668 respexit
572 595 859 652 Dominus
890 596 1041 652 ﬁlios
1071 593 1345 661 Israel,et
1375 597 1644 667 cognovit
1668 595 1848 665 [ναίω

251 686 349 742 add.
379 685 508 755 eos].

301 775 369 845 [Ο.
400 774 457 839 ν,
487 774 614 846 Cap.
649 774 771 845 Ill.)
828 777 1014 830 Moses
1046 778 1243 830 autem
1279 774 1554 845 pascebat
1583 789 1717 828 oves
1746 772 1847 828 Je-

244 866 347 921 thro
371 863 587 935 cognati
616 863 809 934 [ναις.
844 863 1053 935 soceri]
1083 865 1197 932 sui,
1221 863 1542 919 sacerdotis
1588 862 1844 917 Madian.

241 954 459 1025 Cumque
477 951 757 1007 minasset
773 968 1002 1023 gregem
1023 953 1091 1006 ad
1111 951 1389 1007 interiora
1414 950 1650 1020 deserti,
1692 951 1849 1005 venit

245 1044 298 1098 ad
329 1045 562 1096 montem
590 1040 692 1095 Dei
754 1041 969 1098 Horeb.
1017 1040 1418 1113 Apparuitque
1450 1042 1503 1096 ei
1562 1039 1846 1095 Dominus

243 1130 678 1203 [b.apparuitque
694 1129 942 1202 angelus
970 1131 1217 1198 Domini]
1243 1131 1303 1185 in
1335 1130 1569 1185 flamma
1594 1130 1747 1201 ignis
1777 1130 1846 1184 de

245 1220 398 1275 medio
426 1218 571 1285 rubi,
603 1222 661 1274 et
715 1220 1116 1291 videbatquod
1144 1221 1329 1275 rubus
1351 1219 1600 1288 arderet,
1634 1224 1691 1274 et
1728 1235 1842 1273 non

239 1310 657 1364 combureretur.
683 1308 839 1363 Dixit
866 1324 1002 1380 ergo
1022 1308 1212 1364 Moses
1246 1325 1259 1363 :
1292 1308 1538 1369 Vadam.
1562 1312 1619 1363 et
1637 1308 1843 1363 videbo

237 1398 479 1453 visionem
509 1396 662 1453 hanc
695 1413 1320 1469 magnam,quarenon
1344 1397 1724 1453 comburatur
1742 1413 1841 1451 ru-

237 1488 341 1542 bus.
368 1486 610 1541 Gernens
643 1490 839 1543 autem
872 1486 1158 1543 Dominus
1189 1487 1344 1559 quod
1359 1489 1623 1558 pergeret
1652 1486 1723 1540 ad
1755 1484 1841 1539 vi-

236 1575 477 1644 dendum,
499 1575 724 1631 vocavit
753 1591 888 1630 eum
920 1575 1202 1631 demedio
1228 1574 1383 1639 rubi,
1416 1574 1595 1629 etait:
1649 1574 1840 1630 Moses

238 1663 410 1719 loses.
440 1663 544 1727 Qui
576 1664 917 1737 respondit:
953 1664 1199 1719 Adsum.
1231 1664 1303 1719 At
1332 1662 1464 1719 ille:
1491 1663 1573 1720 Ne
1629 1678 1840 1734 appro-

236 1754 349 1825 pies,
369 1753 571 1823 inquit,
604 1752 720 1808 huc
754 1769 769 1807 :
803 1752 966 1809 solve
996 1752 1555 1821 calceamentum,de
1595 1750 1841 1823 pedibus

236 1842 327 1897 tuis
353 1859 367 1897 :
391 1840 547 1897 locus
578 1841 759 1911 enim,
812 1842 872 1897 in
906 1858 1023 1914 quo
1050 1846 1195 1910 stas,
1225 1845 1382 1896 terra
1412 1844 1616 1895 sancta
1638 1844 1746 1897 est.
1781 1836 1847 1894 Et

1961 526 2085 564 ram
2116 508 2426 563 Chananaai
2454 514 2509 563 et
2536 509 2803 578 Hetthasi,
2835 514 2893 564 et
2919 508 3245 565 Δηιοπὴωί
3302 509 3609 577 Pherewi,

1955 602 2014 653 et
2047 598 2251 665 Hevaai,
2284 603 2341 653 et
2377 598 2649 663 Jebuzaai,
2681 598 2754 653 ad
2788 603 3006 653 terram
3039 597 3317 653 ﬂuentem
3372 598 3523 654 lacte
3550 602 3610 655 et

1962 686 2153 741 'nelle.
2191 685 2255 741 Et
2276 688 2518 742 audient
2547 703 2746 742 vocem
2777 691 2941 742 tuam
2975 704 2989 742 :
3024 686 3490 759 ingredierisque
3516 692 3605 757 tu,

1958 780 2015 829 et
2045 775 2305 830 seniores
2363 774 2563 845 Israel,
2596 775 2667 829 ad
2725 790 2923 846 regem
2981 774 3235 847 Egypti,
3294 779 3353 831 et
3396 775 3606 831 dicetis

1956 863 1975 935 [
1989 863 2135 934 Vulg.
2167 864 2348 935 dices]
2390 864 2461 918 ad
2496 879 2647 937 ‘eum
2683 878 2697 919 :
2740 862 3024 919 Dominus
3060 864 3208 919 Deus
3239 864 3603 920 Hebraeorum

1955 954 2177 1008 vocavit
2207 970 2313 1008 nos
2347 969 2361 1007 :
2396 952 2614 1008 ibimus
2637 952 2789 1007 viam
2820 951 2998 1007 trium
3024 951 3252 1007 dierum
3276 969 3379 1025 per
3398 953 3603 1009 solitu-

1955 1042 2176 1106 dinem,
2209 1047 2274 1095 ut
2303 1040 2681 1097 immolemus
2700 1040 2943 1096 Domino
2958 1040 3076 1095 Deo
3103 1046 3323 1097 nostro.
3356 1042 3467 1097 Sed
3499 1058 3605 1115 ego

1954 1130 2076 1185 scio
2108 1130 2264 1200 quod
2299 1146 2412 1184 non
2445 1130 2705 1185 dimittet
2738 1146 2849 1186 vox
2880 1145 2979 1184 rex
3034 1129 3288 1201 Egypti,
3339 1135 3405 1186 ut
3433 1130 3605 1197 eatis,

1953 1219 2065 1273 nisi
2100 1236 2203 1290 per
2234 1236 2470 1274 manum
2515 1218 2789 1274 validam.
2815 1219 3140 1274 Extendam
3170 1219 3327 1274 enim
3361 1236 3601 1276 manum

1954 1324 2169 1374 meam,
2202 1314 2259 1364 et
2290 1308 2618 1380 percutiam
2649 1308 2958 1380 Egyptum
2978 1308 3037 1362 in
3060 1308 3291 1364 cunctis
3322 1308 3605 1364 mirabili-

1952 1397 2063 1452 bus
2097 1398 2264 1466 meis,
2310 1396 2714 1469 quasfacturus
2737 1413 2869 1452 sum
2906 1396 2964 1451 in
2990 1396 3183 1452 medio
3206 1412 3404 1452 eorum
3434 1412 3447 1451 :
3478 1403 3607 1469 post

1950 1485 2073 1541 haec
2103 1486 2361 1542 dimittet
2391 1503 2514 1540 vos.
2537 1486 2817 1556 Daboque
2846 1486 3098 1557 gratiam
3123 1484 3339 1557 populo
3361 1485 3603 1541 huicco-

1951 1592 2074 1630 ram
2107 1576 2413 1648 )Egyptiis,
2444 1578 2501 1631 et
2527 1592 2660 1630 cum
2680 1573 3083 1646 egrediemini,
3108 1590 3223 1629 non
3245 1573 3479 1631 exibitis
3502 1591 3602 1630 va-

1950 1664 2044 1719 cui
2088 1683 2102 1721 :
2154 1668 2249 1721 sed
2305 1662 2627 1735 postulabit
2672 1663 2954 1719 muliere
3008 1662 3200 1718 vicina
3249 1678 3357 1721 sua
3414 1668 3473 1719 et
3530 1664 3603 1720 ab

1952 1751 2187 1825 hospita
2218 1771 2347 1820 sua,
2389 1770 2529 1809 vasa
2584 1756 2880 1825 argentea,
2940 1756 2997 1808 et
3024 1768 3221 1817 aurea,
3257 1768 3324 1807 ac
3370 1756 3601 1809 vestes:

1955 1843 2299 1915 punctisque
2332 1859 2431 1899 eas
2462 1858 2639 1914 super
2668 1840 2821 1897 ﬁlios
2852 1845 2909 1896 et
2930 1839 3081 1897 filias
3112 1845 3355 1911 vestras,
3377 1845 3436 1896 et
3463 1857 3604 1913 spo-

244 1930 337 1985 ait:
365 1934 470 2002 Ego
500 1946 635 1986 sum
663 1937 817 1986 Deus
848 1930 1029 2003 patris
1060 1930 1167 1998 tui,
1199 1929 1659 1986 DeusAbraham
1690 1934 1846 1985 Deus
1944 1932 2165 1988 liabitis
2214 1932 2547 2004 Egyptum.

244 2022 390 2089 Isaac,
421 2020 570 2075 Deus
600 2019 803 2076 Jacob.
827 2020 1148 2076 Asbcondit
1176 2019 1369 2075 Moses
1400 2019 1607 2074 faciem
1641 2034 1841 2074 suam:

245 2124 333 2163 non
360 2109 501 2164 enim
548 2108 805 2163 audebat
835 2111 1128 2180 respicere
1160 2112 1365 2164 contra
1397 2112 1599 2162 Deum.
1631 2106 1734 2163 Cui
1764 2106 1846 2161 ait

245 2198 484 2253 Dominus
506 2213 520 2253 :
542 2196 678 2251 Vidi
710 2196 1086 2253 aﬂlictionem
1119 2196 1321 2270 populi
1352 2196 1465 2251 mei
1487 2196 1547 2251 in
1576 2196 1842 2267 Egypto,

243 2286 588 2341 etclamorem
624 2288 754 2355 ejus
796 2286 991 2341 audivi
1039 2291 1276 2359 propter
1302 2285 1583 2341 duritiam
1642 2301 1842 2339 eorum

242 2374 316 2442 qui
344 2380 588 2446 praesunt
636 2375 959 2447 operibus:
1019 2381 1077 2431 et
1134 2374 1328 2431 sciens
1374 2376 1635 2429 dolorem
1695 2375 1844 2443 ejus,

237 2462 467 2518 descendi
498 2472 560 2519 ut
592 2464 901 2519 liberarem
936 2465 1122 2537 [Vulg].
1186 2464 1427 2519 liberem
1480 2470 1531 2518 et
1565 2463 1841 2528 educam]

242 2566 347 2606 eum
374 2553 438 2607 de
468 2554 741 2608 manibus
762 2554 1188 2625 Egyptiorum,
1211 2557 1267 2608 et
1280 2553 1587 2608 educerem
1600 2552 1669 2606 de
1693 2556 1847 2607 terra

241 2640 320 2695 illa
344 2642 396 2695 in
418 2645 634 2697 terram
666 2642 876 2697 bonam
909 2648 965 2697 et
995 2642 1341 2713 spatiosam,
1377 2643 1433 2696 in
1468 2646 1681 2695 terram
1717 2655 1845 2710 quas

240 2729 344 2783 ﬂuit
368 2732 503 2785 lacte
527 2735 589 2787 et
621 2730 813 2798 melle,
834 2732 905 2786 ad
947 2730 1071 2786 loca
1102 2730 1434 2795 Chanansei,
1481 2737 1537 2785 et
1577 2728 1845 2795 Hetthsei,

240 2821 286 2871 et
326 2820 655 2890 Amorrbzei,
736 2820 1033 2890 Pherezeei,
1092 2825 1150 2877 et
1205 2820 1420 2885 Hevsai,
1473 2824 1530 2875 et
1573 2818 1845 2874 Jebusai.

238 2904 433 2961 Clamor
458 2924 597 2981 ergo
628 2908 883 2964 ﬁliorum
913 2908 1092 2964 Israel
1122 2909 1283 2963 venit
1333 2909 1403 2964 ad
1435 2924 1565 2964 me:
1612 2906 1849 2977 vidique

240 2992 575 3052 alllictionem
612 3014 837 3067 eorum,
861 3014 978 3070 qua
999 2998 1070 3053 ab
1100 2997 1384 3069 Egyptiis
1414 2996 1845 3068 opprimuntur.

236 3083 322 3137 Sed
351 3086 489 3153 veni,
521 3086 759 3142 mittam
792 3092 848 3142 te
878 3088 946 3141 ad
980 3086 1367 3151 Pharaonem,
1418 3090 1482 3140 ut
1503 3086 1719 3141 educas
1752 3100 1850 3154 po—

2050 2020 2205 2093 [Cap.
2242 2020 2383 2092 [Ν]
2416 2018 2737 2090 Respondit
2766 2017 2959 2073 Moses
2992 2021 3049 2072 et
3079 2016 3181 2072 ait:
3213 2017 3338 2073 Non
3369 2017 3610 2072 credent

1954 2110 2123 2175 mihi,
2155 2125 2346 2181 neque
2372 2108 2823 2164 audientvocem
2849 2122 3039 2163 meam
3065 2106 3199 2173 :sed
3218 2105 3411 2161 dicent
3436 2122 3450 2161 :
3478 2105 3604 2161 Non

1952 2197 2229 2271 apparuit
2257 2197 2362 2253 tibi
2378 2197 2678 2251 Dominus.
2708 2194 2795 2268 [Β.
2821 2196 2918 2260 ΙΙΙ,
2940 2194 3003 2250 C.
3037 2195 3169 2267 VI.)
3205 2193 3506 2267 Dixitergo
3533 2194 3605 2249 ad

1950 2305 2085 2344 eum
2122 2305 2134 2343 :
2168 2288 2316 2353 Quid
2350 2291 2439 2341 est
2468 2286 2578 2341 hoc
2624 2286 2781 2357 quod
2812 2290 2976 2341 tenes
3009 2284 3067 2338 in
3101 2300 3276 2339 manu
3298 2288 3401 2339 tua
3433 2284 3460 2337 ‘I
3490 2283 3603 2339 Re-

1952 2378 2225 2448 spondit:
2254 2376 2454 2448 Virga.
2481 2375 2750 2445 Dixitque
2784 2374 3095 2429 Dominus:
3130 2372 3354 2444 Projice
3382 2388 3509 2427 eam
3542 2371 3604 2427 in

1951 2473 2191 2522 terram.
2225 2466 2497 2537 Projecit,
2530 2470 2587 2519 et
2616 2480 2782 2519 versa
2810 2468 2901 2519 est
2929 2463 2987 2517 in
3048 2461 3379 2531 colubrum,
3427 2460 3511 2517 ita
3541 2465 3606 2517 ut

1951 2556 2176 2627 fugeret
2203 2554 2698 2624 Moses.Dixitque
2732 2552 3050 2608 Dominus:
3080 2552 3333 2607 Extende
3364 2566 3602 2606 manum

1952 2652 2134 2711 tuam,
2166 2648 2223 2699 et
2254 2642 2626 2714 apprehende
2652 2641 2901 2696 caudam
2933 2642 3082 2709 ejus.
3118 2639 3405 2709 Extendit,
3432 2644 3491 2695 et
3511 2644 3597 2693 te-

1954 2730 2102 2795 nuit,
2138 2744 2419 2799 versaque
2447 2732 2537 2783 est
2569 2728 2627 2781 in
2684 2727 2930 2799 virgam.
2964 2726 3037 2781 Ut
3095 2726 3355 2791 credant,
3388 2723 3601 2795 inquit.

1953 2819 2105 2888 quod
2140 2816 2477 2890 apparuerit
2534 2816 2646 2871 tibi
2685 2815 2967 2870 Dominus
3015 2819 3169 2870 Deus
3201 2818 3433 2885 patrum
3464 2828 3604 2867 suo-

1955 2923 2087 2961 rutn
2114 2907 2151 2960 ¹.
2189 2911 2339 2961 Deus
2371 2905 2689 2971 Abraham,
2723 2904 2877 2959 Deus
2919 2906 3102 2973 Isaac,
3136 2907 3193 2958 et
3222 2903 3377 2957 Deus
3403 2900 3603 2956 Jacob.

1954 2994 2037 3065 [0.
2078 2996 2192 3052 VII.
2224 2998 2244 3065 ]
2272 2994 2543 3065 Dixitque
2563 2994 2850 3049 Dominus
2865 3008 3103 3047 rursum
3132 2992 3325 3047 :Mitte
3355 3004 3606 3047 manum

1953 3090 2118 3139 tuam
2151 3084 2211 3139 in
2242 3084 2436 3139 sinum
2468 3082 2847 3146 tuum.Quam
2869 3097 3004 3137 cum
3024 3080 3284 3136 misisset
3304 3080 3363 3135 in
3386 3078 3605 3144 sinum,

238 3171 407 3241 pulum
458 3190 683 3241 meum,
716 3175 869 3230 filios
900 3174 1077 3230 lsrael
1102 3176 1173 3230 de
1194 3175 1456 3247 Egypto.
1484 3172 1638 3228 Dixit
1660 3176 1845 3228 Moses
1880 3158 1922 3223 Ο
1963 3176 2206 3247 protulit
2235 3176 2527 3248 leprosam
2562 3174 2929 3231 instarnivis.
2955 3172 3603 3244 Retrahe,ait,manum

238 3262 291 3315 ad
321 3261 485 3319 Deum
515 3281 529 3319 :
566 3264 713 3330 Quis
729 3280 835 3336 ego
867 3281 1024 3333 sum,
1046 3268 1111 3318 ut
1130 3263 1338 3319 vadam
1367 3264 1440 3318 ad
1463 3263 1847 3331 Pharaonem,

238 3353 281 3402 et
303 3351 527 3407 educam
556 3352 717 3408 ﬁlios
776 3351 954 3408 Israel
1010 3353 1082 3407 de
1109 3355 1351 3423 Egypto
1374 3350 1401 3405 ?
1443 3349 1552 3417 Qui
1582 3350 1727 3405 dixit
1755 3348 1807 3404 ei
1833 3365 1845 3404 :

239 3436 330 3510 Ego
372 3456 462 3495 ero
509 3446 734 3506 tecum,
764 3447 821 3496 et
850 3440 958 3496 hoc
991 3441 1235 3496 habebis
1256 3441 1515 3512 signum,
1551 3440 1703 3510 quod
1738 3438 1849 3493 mi-

236 3529 376 3582 terim
399 3534 483 3584 te:
504 3531 654 3587 Cum
678 3529 947 3585 eduxeris
970 3529 1253 3602 populum
1277 3530 1458 3601 [ναις.
1474 3529 1599 3584 add.
1627 3527 1845 3599 meum]

240 3614 292 3670 dc
317 3617 564 3690 Egypto,
616 3618 954 3673 immolabis
989 3620 1100 3674 Deo
1131 3634 1309 3689 super
1354 3623 1611 3673 montem
1643 3616 1847 3673 istum.

238 3704 312 3758 Ait
336 3707 512 3764 Moses
543 3708 619 3764 ad
673 3708 893 3763 Deum:
944 3708 1083 3763 Ecce
1140 3723 1246 3779 ego
1297 3707 1508 3763 vadam
1567 3707 1637 3761 ad
1695 3705 1849 3761 ﬁlios

241 3792 382 3849 lsrael
459 3800 518 3852 et
576 3795 770 3852 dicam
819 3797 941 3852 eis:
1024 3798 1182 3852 Deus
1256 3800 1492 3868 patrum
1550 3799 1848 3851 vastorum

240 3882 373 3938 misit
397 3901 487 3941 me
514 3885 590 3940 ad
623 3902 745 3941 vos.
793 3886 850 3940 Si
909 3885 1161 3941 dixerint
1216 3885 1363 3940 mihi
1390 3901 1402 3939 :
1435 3885 1597 3948 Quod
1628 3890 1717 3941 est
1747 3901 1850 3939 no-

241 3985 347 4026 men
375 3975 498 4044 ejus
519 3975 550 4030 ‘I
586 3974 726 4046 quid
753 3975 944 4030 dicam
970 3975 1057 4030 eis
1085 3974 1113 4030 ?
1143 3976 1297 4030 Dixit
1323 3980 1478 4031 Deus
1509 3976 1581 4030 ad
1611 3979 1807 4030 Mosen
1833 3991 1847 4030 :

242 4060 330 4129 Ego
356 4079 479 4119 sum
512 4064 619 4135 qui
650 4080 806 4120 sum.
832 4065 927 4119 Ait
957 4081 970 4120 :
1000 4064 1094 4119 Sic
1124 4064 1284 4120 dices
1313 4064 1450 4120 filiis
1483 4064 1659 4120 Israel
1693 4080 1707 4119 :
1741 4062 1849 4130 Qui

239 4153 327 4215 est,
347 4150 499 4207 misit
557 4168 652 4209 me
699 4153 771 4207 ad
832 4169 953 4207 vos.
987 4152 1257 4224 Dixitque
1311 4152 1524 4207 iterum
1582 4153 1735 4208 Deus
1775 4152 1847 4208 ad

238 4235 406 4294 Mosen
437 4258 451 4296 :
486 4241 622 4297 Hec
654 4241 813 4295 dices
845 4240 981 4295 ﬁliis
1015 4240 1191 4296 lsrael
1222 4242 1540 4297 :Dominus
1573 4246 1722 4296 Deus
1754 4258 1850 4313 pa-

238 4328 363 4382 trum
388 4334 712 4397 vastorum,
736 4329 891 4384 Deus
928 4329 1245 4395 Abraham,
1285 4336 1343 4385 et
1398 4329 1552 4385 Deus
1580 4329 1761 4395 Isaac,
1791 4334 1849 4386 et

239 4416 361 4471 Deus
388 4415 585 4487 Jacob,
615 4418 780 4473 misit
811 4432 900 4473 me
931 4419 1002 4473 ad
1033 4434 1135 4474 vos
1156 4435 1175 4472 :
1205 4418 1312 4473 hoc
1342 4434 1551 4475 nomen
1586 4419 1730 4474 mihi
1760 4424 1849 4474 est

239 4500 284 4554 in
304 4509 595 4575 rternum,
628 4506 811 4561 ethoc
843 4506 1181 4562 memoriale
1210 4523 1406 4561 meum
1438 4508 1498 4561 in
1525 4509 1851 4579 generatio-
1880 4540 1928 4602 Β

238 4605 346 4645 nem
391 4600 446 4649 et
501 4595 964 4666 generationem.
1021 4595 1194 4662 Vade,
1252 4611 1542 4667 congrega
1588 4596 1850 4653 seniores

238 4678 387 4735 Israel
416 4687 471 4737 et
510 4683 672 4739 dices
702 4684 773 4738 ad
806 4699 905 4739 eos
938 4699 951 4738 :
988 4683 1269 4741 Dominus
1302 4688 1453 4739 Deus
1486 4689 1718 4756 patrum
1753 4700 1851 4740 ve-

237 4771 460 4825 strorum
516 4773 792 4844 apparuit
822 4770 993 4838 mihi,
1049 4772 1199 4827 Deus
1255 4771 1571 4843 Abraham,
1604 4778 1662 4829 et
1702 4777 1852 4828 Deus

234 4857 391 4927 haec,
425 4864 483 4915 et
512 4859 668 4916 Deus
695 4860 899 4929 Jacob,
923 4859 1124 4917 dicens
1151 4877 1164 4916 :
1197 4860 1441 4918 visitans
1471 4861 1698 4917 visitavi
1728 4878 1850 4931 vos,

233 4947 280 4997 et
302 4945 408 5001 vidi
437 4948 639 5003 omnia
666 4964 794 5021 quas
825 4947 1163 5005 acciderunt
1202 4948 1370 5005 vobis
1399 4950 1459 5006 in
1486 4950 1753 5022 IEgypto.
1785 4949 1855 5005 Et

291 5180 305 5211 ¹
334 5176 501 5247 Loco,
532 5191 762 5253 patrum
798 5195 1047 5249 suorum,
1100 5196 1304 5238 omnes
1334 5198 1475 5238 mss.
1509 5183 1739 5240 codices
1768 5184 1853 5239 le-

236 5252 375 5333 gent,
402 5252 625 5333 patri-tm
651 5260 921 5333 tuorum;
951 5253 1131 5333 quod“
1164 5269 1468 5333 perperam
1496 5254 1855 5333 ,imitataest

233 5323 395 5377 versio
428 5323 636 5381 Latina
662 5328 857 5381 textus
884 5323 1415 5391 Samaritani,‘cum
1447 5323 1507 5380 in
1538 5327 1853 5382 Samarita-

238 5404 420 5470 norum
453 5412 519 5450 ac
551 5399 924 5470 Hebraeorum
947 5395 1346 5470 voluminibus
1374 5399 1657 5469 scriptum
1690 5415 1853 5470 repe-

238 5467 397 5518 ηδιον
426 5478 601 5527 anna
650 5467 923 5537 avotham,
985 5468 1043 5523 id
1084 5473 1195 5536 est,
1250 5478 1469 5541 patrum
1495 5467 1713 5526 ‘eorum
1756 5467 1851 5527 'vel

237 5545 437 5591 Nomm
468 5556 643 5595 nam.

319 5637 381 5647 —
408 5610 479 5666 Et
505 5611 709 5681 nostri,
729 5614 785 5667 et
812 5626 957 5681 quos
976 5609 1178 5667 laudat
1195 5610 1456 5667 Martian.
1478 5628 1588 5668 ms.
1607 5617 1852 5684 tuorum,

1962 3267 2121 3335 [Vulg
2148 3266 2273 3322 add.
2306 3266 2493 3337 tuam]
2534 3266 2594 3321 in
2628 3265 2822 3320 sinum
2853 3268 3037 3320 tuum.
3079 3262 3355 3332 Retraxit,
3380 3266 3439 3317 et
3468 3277 3606 3334 pro-

1959 3356 2095 3411 tultt
2125 3356 2363 3420 iterum,
2394 3364 2449 3410 et
2476 3358 2601 3411 erat
2638 3353 2851 3409 similis
2879 3353 3042 3408 carni
3074 3352 3336 3424 reliqua.
3368 3350 3426 3407 Si
3488 3366 3603 3406 non

1958 3443 2331 3510 crediderint,
2356 3442 2546 3514 inquit
2575 3442 2712 3510 tibi,‘
2730 3441 3242 3513 neque,audierint
3268 3455 3604 3497 sermonem

1958 3535 2109 3607 signi
2127 3535 2361 3607 prioris,
2380 3533 2802 3590 credentverbo
2824 3532 2973 3603 signi
2989 3532 3311 3606 sequentis.
3336 3530 3606 3603 lC.[VIlI.]

1956 3625 2116 3689 Quod
2158 3624 2208 3679 si
2238 3640 2347 3679 noc
2377 3624 2608 3679 duobus
2630 3624 2865 3695 quidem
2905 3622 2999 3678 bis
3028 3620 3608 3695 signiscrediderint,

1959 3728 2146 3784 neque
2178 3712 2677 3767 audierintvocem
2697 3716 2883 3779 tuam,
2900 3727 3068 3767 sume
3088 3728 3304 3783 aquam
3320 3709 3601 3773 ﬂuminis,

1958 3809 2016 3858 et
2045 3802 2279 3858 eﬂ'nnde
2310 3818 2438 3857 eam
2461 3818 2641 3873 super
2659 3802 2907 3869 aridam,
2928 3805 2985 3858 et
3012 3800 3301 3874 quidquid
3333 3798 3606 3855 hauseris

1957 3896 2027 3947 de
2057 3891 2252 3960 fluvio,
2283 3896 2545 3946 vertetur
2566 3891 2626 3946 in
2651 3890 3023 3962 sanguinem.
3046 3889 3142 3945 Ait
3163 3889 3389 3945 Moses:
3422 3886 3604 3943 Obse-

1957 3997 2077 4050 cro,
2112 3980 2377 4047 Domine,
2409 3997 2524 4036 non
2549 3996 2681 4035 sum
2704 3979 2986 4050 eloquens
3011 3979 3085 4034 ab
3106 3977 3233 4034 heri
3262 3981 3322 4032 et
3352 3975 3603 4031 nudius-

1957 4068 2185 4137 tertius,
2220 4074 2277 4124 et
2306 4085 2373 4125 ex
2406 4085 2519 4141 quo
2547 4068 2778 4124 locutus
2799 4084 2861 4123 es
2887 4068 2957 4123 ad
2982 4083 3213 4123 servum
3249 4069 3439 4133 tuum,
3490 4064 3604 4119 im-

1958 4159 2261 4231 peditioris
2310 4162 2369 4213 et
2405 4157 2681 4213 tardioris
2714 4157 2927 4229 linguae
2959 4172 3109 4211 sum.
3142 4154 3293 4211 Dixit
3321 4152 3604 4209 Dominus

1958 4248 2027 4303 ad
2060 4263 2194 4303 eum
2229 4262 2243 4301 :
2268 4247 2411 4313 Quis
2427 4247 2560 4302 fecit
2582 4263 2647 4302 os
2680 4246 2939 4303 hominis
2960 4245 2988 4300 ‘l
3017 4242 3604 4317 autquisfabricatus

1955 4341 2043 4392 est
2074 4339 2307 4390 mutum
2338 4340 2440 4390 aut
2467 4335 2740 4399 surdum,
2768 4331 3397 4405 videntemﬁetcaacnm?
3413 4346 3605 4387 nonne

1955 4424 2105 4494 ego?
2143 4428 2319 4495 Perge
2373 4423 2577 4495 igitur,
2607 4427 2665 4478 et
2693 4439 2799 4496 ego
2846 4422 2904 4477 in
2937 4438 3034 4478 ore
3061 4427 3164 4477 tuo
3196 4438 3211 4477 :
3270 4421 3607 4492 doceboque

1956 4521 2014 4569 te
2044 4513 2184 4584 quid
2219 4512 2499 4583 loquaris.
2536 4517 2606 4567 At
2635 4512 2731 4567 ille
2757 4530 2770 4580 ;
2804 4512 3077 4578 Obsecro,
3101 4509 3316 4583 inquit,
3340 4509 3604 4576 Domine,

1958 4603 2125 4658 mitte
2155 4617 2333 4674 quem
2347 4602 2644 4658 missurus
2656 4618 2717 4659 es
2730 4602 2770 4656 ⁸.
2795 4605 2988 4657 Iratus
3002 4598 3360 4661 Dominusin
3384 4599 3578 4657 Mosen
3589 4639 3603 4665 ,

1960 4690 2039 4746 ait
2061 4708 2080 4745 :
2108 4692 2298 4746 Aaron
2331 4691 2507 4746 frater
2535 4694 2674 4745 tuus
2708 4690 2954 4756 Levites,
2986 4690 3108 4745 scio
3138 4689 3293 4761 quod
3325 4687 3606 4761 eloquens

1961 4779 2078 4834 sit:
2108 4794 2239 4835 ecce
2277 4777 2404 4852 ipse
2459 4778 2792 4851 egredietur
2848 4778 2907 4833 in
2940 4793 3249 4835 occursum
3297 4780 3489 4843 tuum,
3521 4775 3603 4831 vi-

1962 4868 2224 4940 densque
2254 4872 2331 4934 te,
2363 4867 2657 4924 laetabitur
2711 4867 2902 4924 corde.
2963 4867 3226 4939 Loquere
3256 4864 3329 4924 ad
3360 4881 3516 4935 eum,
3549 4869 3607 4921 et

1961 4972 2110 5029 pone
2140 4957 2316 5013 verba
2347 4973 2477 5013 mea
2507 4955 2567 5012 in
2599 4972 2699 5013 ore
2742 4956 2891 5027 ejus,
2915 4960 2974 5014 et
3002 4971 3105 5028 ego
3131 4971 3231 5012 ero
3261 4956 3322 5011 in
3351 4971 3451 5012 ore
3478 4958 3599 5010 tuo.

1960 5202 2064 5260 pro
2090 5203 2314 5243 suorum
2344 5188 2566 5259 legunt.

2053 5260 2073 5293 ⁸
2092 5261 2173 5314 [ta
2190 5275 2257 5313 ex
2289 5254 2525 5315 Hebreo
2550 5257 2891 5314 vertendum
2910 5258 3074 5313 docet
3094 5258 3479 5329 Hieronymus
3500 5254 3603 5311 lib.

1964 5347 2025 5385 ιιι
2064 5334 2386 5386 Comment.
2421 5332 2475 5386 in
2499 5331 2610 5385 Isai
2633 5346 2762 5402 cap.
2794 5347 2870 5402 vi.
2905 5334 3042 5386 Post
3062 5328 3361 5402 recitatum
3390 5328 3542 5402 enim
3576 5344 3607 5383 e

1964 5402 2101 5457 LXX
2147 5403 2564 5475 interpretibus
2614 5400 2763 5457 hanc
2817 5401 3173 5475 lectionem:
3233 5400 3606 5475 Obscro._Do-

1960 5477 2131 5541 mine,
2162 5491 2275 5528 non
2302 5472 2447 5530 'sum
2481 5474 2696 5555 dignus,
2732 5472 2955 5553 provide
2985 5474 3162 5527 alium
3190 5486 3349 5598 quem
3392 5472 3602 5552 mittqs,

1961 5546 2263 5598 subiungit
2293 5546 2464 5598 aliam
2499 5552 2699 5598 dtcens
2719 5562 2738 5598 :
2767 5549 2898 5598 Sive
2927 5548 2988 5598 ut
3017 5547 3078 5598 in
3108 5547 3194 5598 He
3231 5557 3343 5598 τωο
3376 5544 3601 5598 (coitur.

1961 5546 2263 5616 subjungit
2293 5546 2464 5603 aliam
2499 5542 2699 5600 dicens
2719 5542 2743 5599 ἐ
2767 5543 2898 5616 sive
2927 5548 2988 5598 ut
3017 5547 3078 5599 in
3108 5542 3343 5600 Hebraeo
3376 5542 3601 5616 legitur,

1958 5616 2124 5674 mitte
2149 5615 2322 5689 quem
2356 5618 2648 5675 missurus
2677 5619 2781 5673 est.
2818 5615 3007 5672 Meas.
