4080 6186
412 257 522 314 279

1447 269 1506 320 S.
1547 266 1958 322 HIERONYMI
1995 265 2249 321 DIVINA
2285 264 2787 321 BLBLIOTHECA.

3715 265 3815 320 280

404 388 464 442 et
490 384 553 441 in
578 401 676 442 ore
705 386 888 455 illius,
920 390 977 443 et
1003 389 1309 444 ostendam
1359 391 1525 446 vobis
1570 389 1711 460 quid
1758 404 1926 459 agere
1957 389 2056 442 de-
2086 391 2140 457 Α
2171 392 2322 444 Deus
2353 389 2724 445 Hebraeorum
2812 388 3039 445 vocavit
3096 405 3224 455 nos,
3286 392 3351 446 ut
3406 405 3611 446 eamus
3663 389 3810 448 viam

410 464 623 531 beatis.
652 476 780 546 Ipse
809 476 1083 547 loquetur
1128 494 1231 548 pro
1292 483 1349 532 te
1378 480 1447 534 ad
1510 478 1816 550 populum,
1868 482 1926 531 et
1956 476 2065 531 erit

418 580 484 619 os
516 571 681 619 tuum
721 580 733 618 :
770 572 828 619 lu
860 571 1053 619 autem
1086 565 1201 620 eris
1222 566 1403 638 [ναις.
1436 567 1562 622 add.
1597 566 1670 637 ei]
1701 567 1761 621 in
1814 566 1906 621 his
1937 582 2061 635 quae

414 653 485 706 ad
544 652 726 708 Deum
776 652 1083 724 pertinent.
1119 654 1352 722 Virgam
1402 672 1634 728 quoque
1685 655 1836 710 hanc
1865 670 2063 709 sumes

424 740 625 813 [Vulg..
659 744 848 810 sume]
900 742 959 795 in
1020 759 1196 798 manu
1230 748 1353 811 tua,
1414 745 1474 799 in
1534 761 1651 816 qua
1708 744 1972 799 facturus
2001 759 2064 798 es

418 830 605 900 signa.
638 830 718 901 [Ο.
754 829 879 900 ΙΧ.]
912 831 1071 886 Abiit
1120 832 1334 899 Moses,
1368 839 1424 889 et
1450 850 1717 889 reversus
1748 837 1836 888 est
1866 833 1933 886 ad
1969 833 2062 887 Je-

420 916 553 972 thro
585 922 899 990 cognatum
961 921 1149 993 [Vulg.
1199 923 1488 992 socerum]
1540 939 1737 991 suum,
1807 921 2065 992 dixitque

412 1006 463 1062 ei
494 1023 507 1060 :
540 1006 786 1071 Vadam,
818 1012 873 1062 et
920 1016 1179 1064 revertar
1212 1012 1283 1065 ad
1347 1012 1556 1066 fratres
1623 1027 1783 1066 meos
1815 1011 1873 1064 in
1903 1010 2067 1081 Egy-

416 1100 580 1166 ptum
611 1102 675 1150 ut
701 1096 955 1164 videam,
988 1097 1038 1152 si
1070 1099 1263 1155 adhuc
1301 1102 1530 1156 vivunt.
1564 1100 1667 1155 Cui
1709 1100 1791 1154 ait
1818 1098 2022 1154 Jethro
2050 1114 2062 1153 :

414 1183 573 1240 Vade
596 1186 654 1239 in
681 1202 819 1256 pace
846 1187 935 1256 [T.
969 1188 1065 1253 ΙΙΙ,
1106 1192 1168 1243 C.
1202 1190 1300 1261 Χ.]
1338 1189 1492 1245 Dixit
1520 1205 1656 1261 ergo
1690 1189 1969 1244 Dominus
1992 1188 2063 1243 ad

424 1274 622 1330 Mosen
668 1274 726 1329 in
759 1275 994 1330 Madian
1022 1291 1035 1331 :
1071 1277 1245 1343 Vade,
1272 1282 1328 1333 et
1346 1283 1631 1333 revertere
1649 1278 1707 1332 in
1730 1278 2063 1349 Egyptum,

423 1363 637 1418 mortui
669 1364 826 1418 enim
859 1370 999 1419 sunt
1029 1381 1235 1421 omnes
1276 1366 1376 1436 qui
1437 1368 1773 1438 quaerebant
1804 1367 2062 1421 animam

418 1456 606 1507 tuam.
639 1451 801 1508 Tulit
820 1469 955 1525 ergo
971 1456 1158 1510 Moses
1176 1471 1412 1511 uxorem
1433 1472 1627 1524 suam,
1650 1460 1707 1511 et
1732 1455 1883 1511 filios
1902 1471 2063 1519 suos,

419 1544 475 1595 et
503 1540 787 1611 imposuit
816 1558 915 1597 eos
944 1559 1123 1614 super
1154 1544 1411 1610 asinum,
1470 1560 1857 1614 reversusque
1886 1547 1976 1598 est
2005 1542 2064 1597 in

415 1633 753 1701 IEgyptum,
786 1640 1022 1701 portans
1054 1631 1277 1703 virgam
1310 1632 1409 1687 Dei
1439 1633 1500 1687 in
1523 1648 1705 1688 manu
1736 1632 2065 1689 sua.Dixit—

420 1734 534 1789 que
565 1718 617 1773 ei
648 1720 931 1776 Dominus
962 1721 1267 1776 revertenti
1311 1722 1369 1776 in
1417 1722 1729 1793 [Egyptum
1755 1738 1769 1777 2
1828 1721 1973 1777 Vide
2004 1725 2067 1775 ut
2098 1752 2145 1816 Β

419 1807 620 1863 omnia
666 1812 915 1878 ostenta,
950 1825 1076 1880 quae
1108 1810 1278 1881 posui
1309 1810 1370 1865 in
1402 1826 1582 1866 manu
1610 1815 1732 1877 tua,
1756 1809 1937 1867 facias
1969 1826 2068 1865 co-

421 1912 548 1951 ram
580 1896 882 1952 Pharaone
915 1914 928 1953 :
963 1913 1068 1969 ego
1099 1898 1389 1954 indurabo
1420 1914 1520 1955 cor
1571 1902 1721 1970 ejus,
1755 1903 1810 1955 et
1836 1914 1950 1954 non
1979 1898 2068 1952 di-

423 1985 614 2040 mittet
667 1985 967 2057 populum.
1026 1987 1310 2058 Dicesque
1343 1989 1415 2043 ad
1474 2003 1609 2043 eum
1668 1978 1874 2044 {Haec
1928 1986 2071 2043 dicit

422 2073 704 2128 Dominus
730 2089 742 2127 :
776 2074 935 2129 ﬁlius
967 2074 1393 2146 primogenitus
1416 2091 1582 2132 meus
1612 2081 1701 2133 est
1722 2076 1921 2132 Israel.
1946 2076 2070 2131 Dixi

422 2161 526 2217 tibi
555 2179 574 2215 :
611 2162 845 2218 Dimitte
885 2162 1071 2218 filium
1105 2170 1406 2229 meum,ut
1436 2166 1652 2221 serviat
1682 2164 1850 2233 mihi,
1883 2171 1939 2220 et
1968 2181 2071 2220 no-

414 2249 578 2306 luisti
611 2251 903 2307 dimittere
923 2268 1059 2308 eum
1097 2270 1112 2309 :
1144 2270 1276 2309 ecce
1308 2270 1413 2325 ego
1470 2254 1820 2311 interﬁciam
1881 2254 2070 2309 filium

420 2343 590 2395 tuum
623 2339 1106 2413 primogenitum.
1141 2342 1404 2413 Cumque
1450 2347 1607 2399 esset
1661 2344 1719 2399 in
1754 2343 1979 2409 itinere,
2012 2344 2071 2398 in

424 2427 744 2484 diversorio
775 2431 1029 2485 occurrit
1058 2431 1106 2487 ei
1140 2432 1445 2502 Dominus,
1469 2436 1527 2488 et
1564 2432 1791 2489 volebat
1812 2433 2073 2488 occidere

427 2533 584 2573 eum.
617 2517 779 2573 Tulit
807 2518 963 2574 illico
985 2520 1243 2592 Sephora
1296 2521 1699 2577 acutissimam
1740 2527 1988 2593 petram,
2020 2529 2073 2577 et

427 2606 799 2663 circumcidit
829 2609 1178 2679 praeputium
1236 2609 1343 2664 ﬁlii
1373 2610 1485 2677 sui,
1545 2610 1847 2681 tetigitque
1896 2611 2073 2683 pedes

423 2695 575 2765 ejus,
607 2698 664 2750 et
693 2696 813 2752 ait:
874 2700 1131 2768 Sponsus
1190 2699 1550 2769 sanguinum
1610 2704 1674 2755 tu
1707 2699 1848 2754 mihi
1879 2715 1961 2755 es.
2005 2702 2074 2754 Et

423 2784 799 2840 dimisiteum
824 2791 1133 2857 postquam
1154 2787 1401 2844 dixerat:
1414 2794 1676 2860 Sponsus
1690 2788 2072 2861 sanguinum,

426 2872 501 2928 ob
532 2872 1041 2930 circumcisionem
1065 2878 1105 2930 ¹.
1136 2878 1215 2947 [Ο.
1248 2878 1375 2947 ΧΙ,]
1396 2877 1757 2933 Dixitautem
1790 2878 2075 2933 Dominus

425 2962 498 3017 ad
529 2964 719 3017 Aaron
752 2979 771 3017 :
805 2962 957 3019 Vade
1008 2964 1068 3018 in
1128 2981 1435 3021 occursum
1462 2967 1604 3021 Mosi
1637 2967 1696 3021 in
1753 2967 2071 3021 desertum.

423 3049 533 3113 Qui
568 3051 821 3120 perrexit
850 3052 900 3105 ei
919 3053 1155 3107 obviam
1182 3054 1241 3107 in
1264 3053 1521 3109 Montem
1549 3056 1667 3123 Dei,
1687 3059 1744 3109 et
1774 3055 2073 3111 osculatus

2175 477 2353 533 trium
2386 478 2613 533 dierum
2646 479 2704 533 in
2728 478 3129 545 solitudinem,
3190 483 3248 533 et
3277 478 3678 535 sacriﬁcemus
3710 484 3814 536 Do-

2174 566 2331 622 mino
2360 568 2468 622 Deo
2501 570 2699 624 nostro
2733 584 2746 622 :
2779 584 2850 623 ne
2879 568 3024 623 forte
3054 566 3279 624 accidat
3310 567 3482 623 nobis
3504 569 3688 638 pestis
3718 575 3814 626 aut

2172 655 2423 727 gladius.
2457 656 2548 711 Ait
2568 658 2638 711 ad
2671 674 2768 713 eos
2800 674 2897 712 rex
2952 655 3182 728 [Egypti
3216 674 3228 711 :
3259 658 3468 725 Quare,
3523 657 3716 714 Moses
3763 665 3817 714 et

2172 751 2388 814 Aaron,
2421 746 2753 802 sollicitatis
2788 746 3066 818 populum
3091 746 3163 801 ab
3224 746 3504 817 operibus
3535 747 3661 803 suis
3683 746 3711 800 ?
3743 749 3817 804 ite

2173 832 2245 886 ad
2278 848 2455 887 onera
2478 839 2670 889 vestra
2700 851 2713 888 :
2751 834 3022 903 Dixitque
3053 834 3273 890 Pharao
3305 851 3318 888 :
3357 833 3581 890 Multus
3601 842 3691 891 est
3721 854 3817 908 po-

2176 918 2349 990 pulus
2406 926 2611 976 terrae:
2684 922 2895 978 videtis
2971 923 3127 994 quod
3210 924 3383 977 turba
3430 926 3819 981 succreverit:

2175 1014 2395 1079 quanto
2418 1010 2608 1080 magis
2631 1011 2679 1066 si
2711 1010 3015 1067 dederitis'
3030 1010 3114 1066 eis
3138 1011 3400 1081 requiem
3428 1011 3498 1066 ab
3524 1012 3823 1083 Operibus?

2177 1098 2449 1169 Praecepit
2479 1115 2612 1169 ergo
2646 1099 2702 1154 in
2736 1099 2829 1155 die
2864 1098 2968 1155 illo
3010 1099 3304 1171 praefectis
3334 1116 3577 1171 operum
3608 1106 3665 1156 et
3694 1118 3822 1157 exa-

2175 1185 2436 1241 ctoribus
2469 1186 2691 1258 p0puli,
2722 1188 2925 1243 dicens
2960 1204 2972 1241 :
3005 1188 3388 1259 Nequaquam
3425 1187 3578 1244 ultra
3612 1190 3823 1246 dabitis

2175 1274 2372 1346 paleas
2404 1275 2619 1347 pOpulo
2642 1278 2713 1331 ad
2747 1275 3138 1332 conficiendos
3161 1276 3397 1347 lateres,
3430 1278 3583 1334 sicut
3612 1280 3774 1351 prius
3807 1295 3821 1337 :

2174 1364 2276 1418 sed
2308 1364 2420 1435 ipsi
2453 1365 2686 1433 vadant,
2708 1364 3059 1437 etcolligant
3085 1365 3357 1437 stipulas.
3385 1367 3452 1421 Et
3474 1383 3809 1424 mensuram

2175 1451 2448 1524 laterum,
2482 1469 2630 1524 quos
2653 1454 2832 1526 [ναις.
2869 1457 3068 1526 quam]
3096 1454 3261 1525 prius
3294 1455 3613 1526 faciebant,
3646 1458 3824 1529 impo-

2176 1541 2327 1597 netis
2358 1558 2537 1613 super
2564 1559 2683 1611 eos,
2713 1559 2818 1598 nec
2875 1543 3153 1599 minuetis
3210 1542 3536 1615 quidquam
3568 1562 3590 1607 ;
3620 1551 3825 1602 vacant

2174 1629 2348 1699 enim,
2380 1636 2437 1687 et
2494 1632 2711 1687 idcirco
2772 1632 3181 1700 vociferantur,
3204 1633 3462 1689 dicentes
3492 1633 3731 1703 Eamus,
3766 1640 3824 1693 et

2176 1720 2580 1775 sacriﬁcemus
2641 1721 2763 1776 Deo
2799 1726 3020 1777 nostro.
3053 1720 3477 1792 Opprimantur
3524 1723 3823 1794 operibus,

2178 1810 2243 1863 et
2265 1808 2535 1880 expleant
2564 1824 2652 1876 ea,
2685 1814 2751 1864 ut
2772 1826 2887 1865 non
2920 1811 3298 1881 acquiescant
3346 1811 3537 1867 verbis
3586 1814 3825 1869 menda-

2178 1897 2363 1955 cibus.
2397 1897 2582 1969 lgitur
2614 1898 2835 1969 egressi
2866 1897 3123 1969 praefecti
3153 1914 3397 1969 operum
3420 1902 3479 1953 et
3511 1903 3827 1971 exactores,

2181 1986 2252 2040 ad
2286 1985 2567 2057 populum
2599 1987 2874 2043 dixerunt
2906 2004 2919 2043 :
2953 1986 3045 2042 Sic
3090 1986 3235 2042 dixit
3292 1987 3514 2043 I‘harao
3549 2005 3563 2043 :
3596 1987 3722 2045 Non
3754 1992 3824 2046 do

2180 2075 2346 2130 vobis
2374 2074 2574 2146 paleas
2614 2074 2717 2145 ite,
2774 2079 2831 2131 et
2877 2074 3134 2147 colligite
3163 2076 3351 2131 sicubi
3419 2077 3682 2133 invenire
3729 2096 3829 2151 po-

2180 2163 2393 2228 teritis,
2426 2180 2532 2220 nec
2557 2166 2857 2220 minuetur
2908 2165 3234 2237 quidquam
3283 2165 3355 2221 de
3387 2182 3559 2237 opere
3617 2172 3831 2225 vestro.

2179 2251 2614 2324 Dispersusque
2639 2258 2729 2309 est
2758 2253 3009 2326 populus
3037 2269 3139 2325 per
3162 2270 3398 2310 omnem
3430 2263 3641 2311 terram
3674 2261 3833 2330 Egy-

2182 2341 2265 2414 pti
2294 2342 2365 2397 ad
2400 2340 2758 2414 colligendas
2809 2343 3026 2414 paleas.
3073 2343 3335 2399 Praefecti
3393 2359 3627 2416 quoque
3691 2361 3829 2416 ope-

2183 2445 2315 2485 rum
2346 2430 2671 2497 instabant,
2704 2431 2966 2487 dicentes
3002 2448 3015 2490 :
3067 2431 3362 2503 Complete
3392 2448 3540 2503 opus
3572 2438 3827 2488 vestrum

2184 2518 2465 2591 quotidie,
2486 2524 2550 2575 ut
2569 2520 2733 2592 prius
2758 2521 2946 2576 facere
2968 2519 3513 2594 solebatis,quando
3539 2522 3834 2577 dabantur

2182 2609 2346 2663 vobis
2369 2608 2566 2679 paleae.
2594 2608 3018 2681 Flagellatique
3035 2614 3175 2665 sunt
3190 2609 3291 2682 qui
3340 2616 3625 2681 praeerant
3646 2612 3831 2683 cperi-

2184 2696 2295 2752 bus
2328 2697 2579 2753 filiorum
2619 2697 2819 2766 Israel,
2854 2700 2925 2754 ab
2957 2699 3329 2754 exactoribus
3360 2698 3706 2766 Pharaonis,
3737 2699 3827 2755 di-

2184 2787 2453 2843 centibus
2484 2803 2497 2843 :
2531 2787 2717 2850 Quare
2748 2803 2863 2843 non
2896 2786 3153 2857 impletis
3207 2803 3551 2843 mensuram
3586 2786 3833 2843 laterum

2184 2876 2337 2930 sicut
2369 2876 2550 2946 prius,
2585 2893 2688 2931 nec
2722 2876 2847 2932 heri
2876 2893 2981 2932 nec
3012 2877 3216 2932 hodie?
3244 2876 3659 2948 Venerunlque
3688 2894 3835 2949 prae-

2185 2964 2358 3034 positi
2388 2964 2642 3019 ﬁliorum
2676 2964 2876 3030 Israel,
2909 2970 2965 3020 et
2994 2965 3290 3020 vociferati
3323 2970 3466 3021 sunt
3492 2966 3567 3021 ad
3590 2964 3837 3022 Pharao-

2184 3068 2317 3107 nem
2350 3053 2609 3109 dicentes
2624 3069 2637 3108 :
2655 3056 2767 3108 Cur
2783 3054 2864 3110 ita
2876 3053 3001 3124 agis
3023 3059 3226 3110 contra
3237 3070 3436 3111 servos
3457 3060 3588 3110 tuos
3611 3053 3835 3110 ?Paleae

426 3143 517 3192 est
550 3154 712 3195 eum.
744 3138 1128 3210 Narravitque
1159 3141 1351 3197 Moses
1405 3149 1594 3200 Aaron
1660 3144 1860 3198 omnia
1906 3143 2077 3198 verba
2103 3108 2146 3175 α
2189 3158 2303 3196 non
2332 3142 2550 3196 dantur
2574 3142 2765 3209 nobis,
2814 3147 2871 3198 et
2925 3142 3137 3199 lateres
3166 3143 3442 3199 similiter
3471 3142 3842 3215 imperantur

428 3226 686 3296 Domini,
718 3227 940 3297 quibus
974 3229 1214 3285 miserat
1242 3246 1397 3299 eum,
1432 3231 1668 3302 etsigna
1684 3248 1809 3302 quis
1829 3233 2078 3287 manda-

427 3320 607 3371 verat.
642 3315 1056 3388 Veneruntque
1085 3318 1288 3388 simul,
1319 3324 1377 3375 et
1405 3327 1904 3391 congregaverunt
1934 3338 2076 3376 cun-

427 3411 553 3459 ctos
584 3404 844 3460 seniores
871 3405 1125 3461 ﬁliorum
1148 3407 1346 3463 Israel.
1384 3409 1758 3480 Locutusque
1781 3416 1870 3465 est
1889 3412 2078 3467 Aaron

426 3492 628 3549 omnia
656 3494 853 3560 verba,
897 3511 1025 3565 qua:
1070 3495 1296 3551 dixerat
1330 3498 1610 3553 Dominus
1641 3498 1711 3553 ad
1761 3498 1981 3566 Mosen,
2022 3504 2081 3555 et

429 3581 565 3636 fecit
603 3580 773 3652 signa
801 3598 996 3638 coram
1022 3583 1262 3655 populo,
1293 3590 1351 3639 et
1381 3586 1629 3640 credidit
1660 3587 1932 3657 populus.
1960 3594 2079 3642 Au-

429 3671 806 3742 dieruntque,
841 3674 997 3743 quod
1028 3672 1323 3729 visitasset
1365 3676 1648 3730 Dominus
1696 3676 1847 3731 ﬁlios
1880 3676 2081 3742 Israel,

427 3763 484 3815 et
514 3759 669 3829 quod
696 3761 1053 3832 rexpexisset
1108 3760 1481 3818 aﬂlictionem
1536 3780 1760 3833 eorum,
1803 3770 1861 3820 et
1912 3765 2081 3836 proni

428 3848 840 3904 adoraverunt.

539 3938 620 4010 [Ο.
655 3940 780 4011 XII]
814 3945 954 3996 Post
981 3940 1100 3996 haec
1132 3940 1384 4013 ingressi
1406 3946 1750 3998 suntMoses
1781 3946 1837 3998 et
1867 3948 2080 4012 Aaron,

427 4030 485 4082 et
514 4028 790 4083 dixerunt
870 4029 1158 4084 Pharaoni
1194 4046 1206 4084 :
1242 4035 1372 4084 Haec
1396 4030 1541 4085 dixit
1602 4032 1882 4086 Dominus
1935 4036 2084 4086 Deus

428 4116 608 4173 Israel
640 4117 660 4151 ³
695 4131 708 4171 :
745 4116 980 4172 Dimitte
1004 4118 1289 4189 populum
1314 4134 1512 4174 meum
1540 4124 1603 4174 ut
1634 4119 1923 4175 sacrificet
1941 4120 2085 4175 mihi

431 4206 490 4259 in
524 4206 774 4262 deserto.
801 4210 874 4261 At
904 4206 1000 4262 ille
1032 4208 1370 4279 respondit:
1406 4208 1548 4273 Quis
1576 4214 1667 4264 est
1688 4208 1995 4277 Dominus,
2022 4215 2086 4264 ut

434 4293 670 4348 audiam
701 4310 901 4350 vocem
952 4296 1101 4365 ejus,
1135 4300 1193 4351 et
1247 4296 1539 4352 dimittam
1601 4297 1834 4353 Israel?
1888 4298 2083 4355 nescio

434 4383 770 4454 Dominum,
802 4387 859 4439 et
916 4383 1094 4440 Israel
1127 4401 1244 4440 non
1302 4385 1619 4441 dimittam.
1654 4385 2081 4459 Dixeruntque:

2188 3246 2257 3285 en
2290 3229 2493 3285 famuli
2526 3230 2611 3286 tui
2656 3230 2903 3302 ﬂagellis
2934 3231 3234 3301 caedimur,
3268 3236 3325 3287 et
3383 3232 3604 3303 injuste
3635 3233 3827 3303 agitur

2185 3324 2387 3375 contra
2435 3319 2720 3391 p0pulum
2775 3326 2963 3376 tuum.
3006 3320 3114 3385 Qui
3147 3321 3275 3377 ait:
3310 3321 3544 3377 Vacatis
3602 3321 3742 3391 otio,
3776 3326 3836 3377 et

2186 3408 2403 3465 idcirco
2449 3408 2645 3464 dicitis
2689 3423 2704 3463 :
2745 3409 2983 3476 Eamus,
3018 3414 3074 3464 et
3132 3408 3529 3465 sacrificemus
3558 3408 3829 3467 Domino.

2190 3499 2272 3552 Ite
2303 3512 2460 3569 ergo,
2493 3503 2552 3552 et
2573 3498 2925 3569 operamini,
2958 3497 3135 3570 paleis
3170 3515 3287 3554 non
3319 3499 3618 3554 dabuntur
3651 3498 3841 3566 vobis,

2188 3592 2245 3640 et
2274 3585 2532 3641 reddetis
2577 3592 2928 3642 consuetum
2983 3603 3297 3643 numerum
3358 3586 3631 3642 laterum.
3664 3588 3844 3641 Vide-

2189 3674 2447 3744 bantque
2478 3690 2540 3729 se
2591 3675 2890 3747 praepositi
2943 3674 3213 3746 ﬁliorum,
3268 3675 3441 3732 Israel
3472 3675 3531 3730 in
3566 3678 3740 3745 malo,
3771 3693 3845 3733 eo

2189 3763 2345 3833 quod
2377 3763 2670 3819 diceretur
2708 3764 2792 3819 eis
2829 3780 2842 3819 :
2901 3763 3027 3819 Non
3062 3763 3362 3819 minuetur
3394 3763 3717 3835 quidquam
3772 3765 3847 3820 de

2189 3850 2474 3906 lateribus
2505 3866 2607 3922 per
2645 3851 2910 3923 singulos
2958 3852 3101 3907 dies.
3153 3851 3665 3923 Occurreruntque
3692 3853 3847 3908 Mosi

2190 3946 2247 3994 et
2277 3945 2489 4009 Aaron,
2506 3940 2607 4010 qui
2635 3940 2873 3996 stabant
2893 3957 2959 3996 ex
2974 3940 3237 4009 adverso,
3262 3941 3625 4013 egredientes
3648 3942 3667 4013 [
3691 3942 3846 4013 Vulg.

2190 4027 2653 4100 egredientibus]
2683 4045 2717 4083 a
2769 4029 3096 4100 Pharaone,
3151 4035 3207 4085 et
3264 4030 3535 4086 dixerunt
3590 4031 3663 4085 ad
3694 4047 3845 4086 eos:

2189 4116 2397 4172 Videat
2427 4117 2735 4183 Dominus,
2756 4118 3363 4189 etjudicet,quoniam
3391 4120 3588 4175 lcstere
3619 4119 3849 4175 fecistis

2191 4206 2426 4260 odorem
2459 4209 2731 4260 nostrum
2764 4222 2962 4262 coram
2991 4207 3297 4264 Pharaone
3327 4212 3385 4263 et
3411 4206 3595 4263 servis
3615 4208 3762 4279 ejus,
3787 4214 3853 4263 et

2190 4292 2524 4365 praebuistis
2553 4293 2605 4349 ei
2661 4292 2945 4366 gladium,
3006 4304 3069 4351 ut
3098 4295 3390 4352 occideret
3447 4311 3570 4353 nos.
3634 4299 3851 4352 Rever-

2191 4397 2413 4453 susque
2433 4386 2523 4438 est
2552 4382 2742 4439 Moses
2773 4384 2845 4439 ad
2903 4383 3239 4453 Dominum,
3300 4389 3358 4440 et
3390 4384 3473 4440 ait
3500 4401 3515 4439 :
3570 4384 3850 4453 Domine,

507 4583 523 4616 ι
555 4580 751 4634 Canon
782 4579 954 4635 Hebr.
1005 4595 1120 4635 ver.
1173 4597 1240 4636 ac
1273 4597 1415 4635 mss.
1450 4580 1811 4651 antiquiores
1861 4581 2089 4637 addunt
2119 4585 2166 4651 ο
2198 4594 2409 4652 nomen
2442 4579 2641 4645 Israel,
2698 4582 2756 4634 et
2788 4595 2894 4652 pro
2948 4594 3015 4635 eo
3070 4579 3406 4652 appositum
3467 4579 3711 4652 verbum
3741 4579 3856 4634 Ile-

473 4656 565 4706 ost
596 4667 816 4718 vocem,
848 4654 1196 4723 sanguinum
1230 4659 1294 4708 ut
1326 4653 1383 4707 in
1410 4653 1801 4723 praecendenti
1832 4653 2085 4708 versicu-

473 4668 565 4706 osr.
596 4668 816 4718 vocem,
848 4668 950 4706 san
997 4668 1196 4707 uinum
1230 4668 1294 4708 ut
1326 4669 1383 4707 1n
1410 4668 1801 4723 praecenuentl
1832 4669 2082 4708 veretcu-

430 4668 509 4789 ΓΟ,
541 4725 601 4777 tu
631 4723 778 4778 mihi
805 4739 878 4778 es.
932 4669 1043 4779 Sqed
1077 4724 1296 4780 absunt
1322 4725 1442 4779 haec
1483 4725 1661 4779 verba
1693 4724 1750 4779 in
1782 4724 1940 4779 fonte
1975 4726 2082 4780 lle—

430 4794 652 4863 braico,
687 4801 742 4849 et
768 4796 1129 4850 notariorum
1159 4796 1381 4851 incuria
1412 4796 1470 4850 in
1498 4812 1639 4850 mss.
1668 4795 1814 4850 libro
1841 4795 2078 4851 fluxisse

433 4883 547 4921 non
583 4866 829 4920 dubium
861 4871 970 4923 est.
1008 4867 1192 4921 MART.

531 4967 599 4978 —
626 4938 805 4993 Addit
835 4937 1017 4993 Palat.
1053 4956 1163 4994 ms.
1217 4938 1533 5009 pluresque
1570 4936 1689 5009 alii
1722 4953 1897 5008 penes
1927 4941 2079 4992 Mar-

433 5008 576 5064 tian.
604 5008 697 5065 hic
730 5016 794 5065 ut
838 5011 895 5064 in
927 5080 931 5081 ν
958 5008 1304 5081 praecedenti
1336 5008 1643 5081 versiculo,
1702 5018 1762 5064 tu
1811 5008 1952 5063 mihi
2008 5024 2081 5063 es.

430 5088 511 5135 Ac
541 5090 677 5136 sunt
709 5081 810 5153 qui
856 5080 1052 5148 velint,
1093 5099 1159 5137 ea
1187 5085 1487 5137 censuisse
1518 5080 1939 5153 Hieronymum
1961 5096 2077 5153 gre-

432 5153 704 5224 petenda,
732 5150 972 5209 tametsi
1026 5153 1084 5209 in
1147 5153 1428 5208 Hebraico
1483 5150 1793 5223 archetypo
1851 5150 2078 5207 deside-

432 5228 657 5279 rentur.

537 5296 691 5351 3Pro
721 5295 817 5352 deo
868 5296 1060 5359 Israel,
1121 5295 1181 5350 in
1233 5295 1467 5350 Canone
1516 5294 1686 5349 Hebr.
1747 5309 1859 5349 ver.
1894 5310 1960 5349 ac
2022 5293 2079 5348 in

431 5366 612 5422 altero
643 5367 879 5438 optimae.
912 5372 1059 5422 nota:
1092 5383 1201 5422 ms.
1253 5367 1449 5421 codice
1477 5372 1532 5421 S.
1565 5366 1833 5420 Germani
1885 5382 1918 5420 a
1950 5371 2079 5419 Pra-

432 5438 529 5502 tis,
562 5456 727 5494 num.
760 5441 813 5505 3,
849 5439 1063 5509 legitur
1098 5440 1363 5493 Dominus
1397 5443 1544 5493 Deus
1602 5438 1984 5504 Hebraeorum,
2018 5441 2082 5492 ut

434 5511 653 5580 pluries
686 5512 840 5565 infra
869 5511 1086 5566 dicitur
1114 5511 1173 5565 in
1206 5514 1324 5565 toto
1346 5510 1557 5565 Exodo.
1597 5510 1658 5564 Id
1691 5525 1822 5563 vero
1856 5509 1909 5580 in
1963 5510 2079 5579 pri-

434 5578 546 5636 inis
578 5583 924 5652 notandum,
957 5582 1066 5640 hoc
1116 5584 1237 5639 toto
1266 5582 1329 5638 in
1360 5596 1581 5638 canone
1611 5580 1791 5637 fuisse
1822 5578 2079 5636 deletum

2198 4651 2485 4722 braeorumr
2520 4666 2655 4706 cum
2694 4652 2808 4706 isto
2850 4651 3137 4722 signchin
3157 4653 3443 4722 margine,
3487 4667 3603 4722 quo
3633 4651 3859 4722 docere

2200 4739 2305 4777 nos
2339 4721 2521 4776 voluit
2552 4722 2634 4778 ita
2663 4721 2949 4794 scriptum
3003 4722 3114 4794 legi
3145 4724 3203 4777 in
3222 4721 3483 4794 Hebraeo.
3505 4721 3710 4778 Restat
3733 4721 3854 4793 igi-

2196 4798 2292 4847 tur
2323 4808 2390 4866 ex
2420 4793 2972 4866 hacrobservatione,
3008 4793 3075 4848 in
3125 4794 3348 4866 aliquot
3377 4793 3586 4849 saltem
3636 4809 3846 4848 exem-

2197 4864 2459 4937 plaribus
2508 4865 2805 4921 Hebraicis
2858 4865 2994 4920 olim
3030 4864 3316 4937 scriptum
3352 4881 3365 4919 :
3400 4867 3665 4921 Dominus
3698 4866 3847 4937 Deus

2196 4936 2545 4992 Hebrceorum
2589 4955 2601 4993 :
2649 4938 3007 4993 contrarium
3056 4943 3250 4992 tamen
3284 4939 3597 4993 manifeste
3629 4936 3854 4992 suadet

2196 5025 2347 5062 unus
2379 5009 2643 5063 omnium
2666 5010 2953 5081 interpres
2974 5014 3098 5062 tum
3124 5025 3257 5064 cum
3282 5008 3564 5081 hodierno
3598 5008 3858 5064 Hebrmo

2193 5096 2554 5151 consensus:
2590 5080 3161 5136 necnonPharaonis
3207 5080 3507 5151 responsio
3539 5081 3855 5135 subnexa:

2191 5150 2378 5223 Nescio
2446 5153 2760 5219 Dominum,
2819 5160 2870 5207 el
2943 5153 3113 5207 Israel
3142 5169 3253 5207 non
3275 5151 3575 5207 dimittam.
3640 5152 3859 5223 Itaque

2194 5222 2314 5278 haec
2345 5239 2666 5279 susoensus
2700 5223 2907 5279 hiereo.
2943 5223 3127 5279 MART.

2262 5294 2282 5328 ³
2314 5296 2373 5349 In
2410 5293 2679 5364 pluribus
2706 5312 2849 5352 mss.
2904 5295 3207 5350 codicibus
3258 5294 3546 5366 scriptum
3566 5293 3856 5364 est,side-

2190 5363 2455 5421 (ierimus.
2516 5366 2633 5422 Hoc
2691 5383 2823 5423 vero
2874 5372 3210 5422 mutuatum
3270 5363 3562 5422 videtura
3601 5363 3854 5435 Graecis,

2192 5438 2290 5507 qui
2320 5436 2523 5509 legunt
2564 5437 2621 5492 in
2686 5439 2876 5510 prima
2941 5455 3211 5509 persona,
3260 5436 3716 5509 καταπαύσωμεν,
3778 5437 3849 5492 id

2188 5513 2297 5577 est,
2382 5511 2737 5565 cessationem
2791 5509 3001 5580 demus,
3061 5510 3149 5565 vel
3206 5512 3484 5583 quiescere
3535 5511 3845 5580 faciamus.

2188 5583 2371 5635 MART.
