4080 6186
272 312 355 368 281

1683 312 1899 367 LIBER
1935 312 2177 369 EXODI.

3522 305 3630 362 282

272 455 358 494 cur
380 436 617 493 al‘ﬁixisti
647 436 931 510 pepulum
961 437 1140 493 istum
1162 438 1192 492 ?
1219 417 1399 509 quare
1465 436 1676 493 misisti
1737 453 1829 493 me
1851 437 1879 491 ‘I
1906 438 1958 504 Α
1990 440 2152 511 ginta
2181 444 2318 497 tres.
2353 440 2478 496 Pilii
2511 439 2752 496 Merari:
2784 437 2954 495 Mooli
2991 437 3067 505 lh.
3096 435 3332 504 Mahali]
3365 438 3423 491 et
3450 431 3625 489 Musi.

270 528 334 583 Ex
359 545 417 583 eo
443 526 589 583 enim
634 544 747 599 quo
780 529 1081 600 ingressus
1113 544 1245 582 sum
1279 528 1349 582 ad
1406 528 1761 584 Pharaonem
1812 533 1875 583 ut

270 616 500 688 loquerer
529 616 586 671 in
620 618 861 672 nomine
891 623 1015 686 tuo,
1048 616 1255 671 afﬂixit
1278 618 1559 688 populum
1592 623 1785 690 tuum,
1817 622 1877 672 et

271 722 363 761 non
392 705 641 761 liberasti
677 722 801 761 eos.

324 793 456 863 (Cap.
486 793 599 861 VI).
637 795 907 865 Dixitque
961 795 1245 850 Dominus
1295 796 1366 850 ad
1414 796 1651 851 Mosen:
1705 797 1871 852 Nunc

266 882 456 938 videbis
469 899 587 953 quae
606 883 874 938 facturus
888 883 996 937 sim
1024 884 1327 951 Pharaoni;
1344 900 1447 955 per
1459 901 1697 940 manum
1712 885 1868 941 enim

267 972 438 1026 fortem
469 971 723 1027 dimittet
754 989 874 1041 eos,
907 977 963 1027 et
992 972 1050 1026 in
1068 990 1244 1028 manu
1267 973 1508 1028 robusta
1524 974 1716 1044 ejiciet
1738 974 1867 1030 illos

267 1062 321 1115 de
336 1066 473 1115 terra
492 1060 685 1133 sua[C.
710 1062 890 1132 XIII.]
914 1062 1554 1133 LocutusqueestDeus
1577 1064 1647 1118 ad
1670 1064 1868 1119 Mosen

267 1148 433 1203 dicens
454 1149 595 1220 :Ego
618 1149 1035 1219 Dominus.qui
1054 1151 1327 1221 apparuit
1352 1152 1663 1218 Abraham,
1684 1155 1868 1219 Isaac,

265 1240 308 1290 et
324 1235 501 1302 Jacob,
518 1236 577 1290 in
596 1240 711 1290 Deo
733 1237 1155 1306 omnipotente,
1178 1244 1233 1293 et
1256 1255 1468 1294 nomen
1495 1256 1691 1295 meum
1714 1242 1868 1296 Ado-

264 1324 340 1377 nei
366 1341 469 1379 non
501 1324 752 1380 indicavi
786 1326 890 1381 eis.
925 1326 1243 1398 Pepigique
1272 1344 1406 1383 cum
1436 1329 1519 1383 eis
1551 1330 1762 1395 foedus,
1807 1335 1871 1386 ut

261 1413 427 1468 darem
450 1412 562 1469 illis
582 1418 797 1469 terram
822 1413 1121 1483 Chanaan,
1142 1422 1357 1472 terram
1382 1420 1870 1490 peregrinationis

262 1517 451 1568 eorum,
476 1503 529 1556 in
553 1519 673 1575 qua
690 1503 1197 1560 fueruntadvenaa.
1224 1507 1341 1576 Ego
1369 1508 1565 1562 audivi
1583 1509 1866 1581 gemitum

260 1589 484 1646 ﬁliorum
514 1591 721 1657 Israel,
743 1609 857 1663 quo
888 1593 1136 1665 [Egyptii
1191 1603 1615 1667 oppresserunt
1653 1615 1773 1667 eos,
1815 1605 1871 1655 et

261 1681 559 1736 recordatus
609 1697 744 1736 sum
796 1683 947 1753 pacti
998 1683 1133 1740 mei.
1168 1686 1302 1740 Ideo
1329 1685 1421 1739 dic
1454 1686 1591 1742 ﬁliis
1646 1690 1864 1745 Israel:

1984 535 2082 585 Ha:
2112 532 2487 599 cognationes
2520 528 2649 583 Levi
2710 543 2812 599 per
2862 525 3114 581 familias
3174 540 3331 579 suas.
3393 522 3630 593 Accepit

1980 623 2175 674 autem
2207 621 2445 673 Amram
2491 633 2725 672 uxorem
2779 614 2885 687 [h.]
2941 613 3236 670 Jochebed
3298 610 3624 684 patruelem

1982 725 2175 775 suam,
2208 723 2334 778 quae
2367 706 2589 776 peperit
2618 706 2669 760 ei
2701 708 2716 740 ί
2752 707 2940 759 Aaron
2976 707 3033 759 et
3063 702 3257 759 Mosen
3291 702 3331 756 ³.
3365 704 3632 755 Fuerunt

1981 815 2094 870 que
2126 797 2264 853 anni
2295 797 2422 851 vitae
2471 801 2731 856 Amram.
2780 798 3017 849 centum
3076 791 3321 862 triginta
3377 794 3625 860 septem.

1984 887 2107 942 Filii
2140 902 2375 959 quoque
2412 887 2567 940 lsaar
2598 883 2800 949 :Core,
2861 887 2917 938 et
2972 880 3230 951 Nepheg,
3294 882 3353 934 et
3404 877 3624 933 Zechri.
3681 903 3698 923 ο

1982 976 2108 1032 Filii
2138 992 2373 1047 quoque
2398 974 2553 1030 Oziel
2578 990 2590 1029 :
2624 971 2844 1041 Misael,
2872 975 2930 1026 et
2958 969 3275 1040 Elsaphan,
3326 972 3383 1023 et
3424 966 3625 1022 Sithri.

1977 1066 2212 1135 Accepit
2276 1071 2471 1120 autem
2528 1066 2718 1118 Aaron
2768 1076 3008 1115 uxorem
3086 1057 3314 1113 Elisahe
3344 1056 3387 1123 ⁸,
3446 1055 3627 1110 ﬁliam

1982 1155 2320 1220 Aminadab,
2338 1168 2594 1209 sororem
2619 1150 2906 1218 Naasson,
2928 1164 3056 1219 qua:
3082 1145 3305 1218 peperit
3326 1145 3377 1200 ei
3400 1144 3625 1212 Nadab,

1980 1249 2035 1300 et
2064 1244 2235 1311 Abiu,
2268 1244 2523 1307 Eleazar,
2554 1245 2608 1295 et
2661 1238 2931 1294 Ithamar.
2973 1235 3096 1290 Filii
3154 1250 3387 1306 quoque
3444 1232 3624 1288 Core:

1977 1334 2129 1401 Asir,
2159 1338 2214 1387 et
2245 1332 2483 1398 Elcana,
2510 1334 2568 1386 et
2605 1326 2921 1395 Abiasaph.
2957 1330 3050 1379 [Ias
3080 1328 3221 1378 sunt
3250 1321 3629 1394 cognationes

1979 1422 2328 1478 Coritarum.
2370 1422 2443 1474 At
2488 1434 2621 1474 vero
2652 1417 2887 1472 Eleazar
2943 1414 3105 1471 ﬁlius
3157 1414 3349 1467 Aaron
3410 1410 3632 1480 accepit

1980 1527 2221 1567 uxorem
2252 1511 2325 1565 de
2358 1507 2591 1564 ﬁliabus
2624 1503 2855 1560 Phutiel
2880 1522 2904 1568 ;
2953 1519 3081 1575 quae
3114 1500 3340 1573 peperit
3394 1498 3447 1553 ei
3506 1496 3634 1551 Phi-

1982 1617 2137 1657 nees.
2164 1600 2228 1655 Hi
2263 1602 2403 1654 sunt
2476 1596 2771 1668 principes
2826 1591 3186 1648 familiarum
3245 1587 3631 1643 Leviticaruin

1980 1706 2082 1761 per
2110 1688 2487 1761 cognationes
2519 1702 2681 1741 suas.
2733 1685 2851 1739 Iste
2909 1685 3000 1738 est
3055 1686 3249 1736 Aaron
3314 1683 3371 1732 et
3427 1680 3633 1743 Moses,

261 1770 352 1859 Ego
382 1769 681 1839 Dominus,
714 1771 814 1841 qui
847 1771 1092 1828 educam
1127 1790 1229 1828 vos
1260 1775 1330 1830 de
1360 1777 1657 1847 ergastulo
1700 1780 1866 1852 {Egy-
1900 1794 1947 1859 Β
1976 1780 2188 1850 quibus
2217 1775 2488 1848 praecepit
2518 1773 2827 1837 Dominus,
2852 1780 2913 1826 ut
2937 1771 3249 1825 educerent
3272 1766 3423 1822 ﬁlios
3446 1763 3628 1821 Israel

260 1857 505 1926 ptiorum,
565 1863 625 1913 et
681 1875 882 1915 eruam
931 1861 1003 1915 de
1032 1862 1331 1933 servitute,
1378 1881 1444 1920 ac
1477 1867 1761 1924 redimam
1820 1872 1876 1931 in

260 1944 465 2001 brachio
493 1947 742 2017 excelso,
776 1953 833 2003 et
875 1949 1118 2019 judiciis
1151 1953 1406 2024 magnis.
1461 1959 1529 2009 Et
1581 1974 1880 2019 assumam

258 2049 339 2089 vos
366 2036 495 2089 mihi
521 2036 581 2091 in
617 2037 923 2108 populum,
956 2042 1012 2093 et
1041 2054 1139 2095 ero
1166 2046 1357 2097 vester
1404 2043 1596 2101 Deus:
1628 2053 1686 2103 et
1731 2051 1879 2107 scie-

260 2122 319 2177 tis
339 2124 480 2193 quod
512 2139 622 2195 ego
652 2125 759 2180 sim
782 2126 1068 2184 Dominus
1094 2129 1251 2185 Deus
1282 2136 1493 2201 vester,
1528 2137 1629 2206 qui
1662 2140 1881 2197 eduxe-

260 2212 348 2265 rim
372 2228 464 2268 vos
494 2213 564 2268 de
602 2215 894 2283 ergastulo
914 2216 1343 2289 Egyptiorum,
1376 2230 1435 2275 et
1460 2222 1790 2283 induxerim
1820 2230 1879 2284 in

260 2303 462 2367 terram,
484 2318 664 2371 super
684 2318 863 2373 quam
886 2303 1063 2359 levavi
1083 2322 1323 2362 manum
1350 2325 1561 2378 meam,
1591 2318 1653 2368 ut
1676 2316 1877 2373 darem

259 2403 362 2443 eam
389 2390 704 2460 Abraham,
729 2391 913 2459 Isaac,
937 2395 1187 2450 etlacob
1222 2397 1491 2469 daboque
1516 2400 1679 2458 illam
1712 2406 1877 2461 vobis

260 2478 659 2546 possidendam,
693 2496 799 2552 ego
850 2482 1150 2538 Dominus.
1186 2486 1269 2553 [T.
1306 2486 1712 2558 IV.]Narravit
1742 2510 1879 2565 ergo

258 2568 413 2621 Moses
441 2568 643 2623 omnia
674 2568 814 2623 ﬁliis
848 2570 1049 2635 Israel,
1078 2573 1179 2642 qui
1212 2591 1326 2629 non
1354 2578 1776 2649 acquieverunt
1800 2583 1878 2649 ei,

259 2660 462 2727 propter
489 2658 830 2729 angustiam
864 2659 1134 2729 spiritus,
1170 2667 1225 2716 et
1274 2680 1422 2735 opus
1465 2667 1878 2726 durissimum.

257 2742 591 2817 Locutusque
621 2754 710 2802 est
764 2747 1051 2804 Dominus
1086 2752 1155 2806 ad
1196 2752 1417 2819 Mosen,
1480 2756 1722 2814 dicens:
1785 2763 1882 2815 In—

258 2833 464 2902 gredere
490 2840 545 2889 et
579 2834 819 2906 loquere
850 2837 920 2891 ad
938 2838 1301 2895 Pharaonem
1319 2858 1512 2914 regem
1534 2845 1787 2919 Egypti,
1818 2853 1883 2905 ut

258 2920 484 2977 dimittat
514 2922 671 2978 ﬁlios
704 2924 884 2980 Israel
907 2926 977 2981 de
1008 2932 1161 2983 terra
1184 2946 1310 2987 sua.
1334 2930 1659 3003 Respondit
1688 2939 1880 2992 Moses

258 3024 423 3064 coram
453 3012 702 3068 Domino
732 3014 911 3069 :Ecce
940 3016 1044 3070 ﬁlii
1067 3016 1245 3073 Israel
1266 3035 1380 3074 non
1410 3037 1502 3077 me
1524 3024 1794 3091 audiunt,
1825 3030 1882 3081 et

259 3100 517 3168 quomodo
549 3101 753 3157 audiet
783 3103 1031 3171 Pharao,
1064 3108 1388 3177 praesertim
1425 3126 1559 3166 cum
1610 3112 1721 3167 sim
1783 3114 1875 3168 in-

259 3161 618 3245 circumcisns
650 3190 825 3247 labiis
859 3194 881 3246 Ρ
909 3161 1197 3266 [α.’>ξιν.]
1232 3161 1738 3271 Locutusque—es-t
1767 3161 1877 3257 D-o-
1908 3161 1950 3227 C

259 3277 428 3333 nimus
458 3280 529 3335 ad
559 3284 763 3336 Mosen
792 3286 849 3337 et
877 3285 1088 3353 Aaron,
1121 3290 1178 3341 et
1208 3288 1368 3343 dedit
1417 3292 1763 3347 mandatum
1809 3295 1878 3349 ad

258 3364 388 3423 ﬁlios
416 3368 618 3436 Israel,
655 3374 713 3424 et
744 3371 815 3425 ad
852 3371 1211 3429 Pharaonem
1263 3392 1457 3449 regem
1516 3380 1766 3453 Egypti,
1824 3387 1889 3438 ut

259 3455 543 3543 educerent
577 3457 731 3513 ﬁlios
785 3460 964 3515 Israel
1022 3463 1094 3516 de
1152 3468 1308 3520 terra
1360 3466 1611 3540 ZEgypti.
1657 3471 1737 3541 [Β.
1774 3472 1884 3543 IV.]

261 3542 340 3597 isti
366 3551 499 3602 sunt
521 3547 824 3619 principes
856 3549 1163 3607 domorum
1196 3570 1298 3624 per
1330 3556 1584 3612 familias
1610 3575 1769 3613 suas.
1795 3560 1886 3613 Fi-

259 3630 310 3686 lii
341 3633 536 3691 Ruben
570 3637 952 3709 primogeniti
1009 3641 1245 3698 Israelis
1281 3660 1296 3698 :
1355 3646 1547 3700 Enoch
1572 3652 1629 3702 et
1660 3648 1886 3714 Phallu,

260 3723 415 3777 Bsron
445 3730 501 3779 et
527 3724 795 3782 Charmi.
830 3726 926 3782 Has
956 3729 1333 3798 cognationes
1366 3735 1594 3789 Ruben.
1633 3736 1763 3790 Filii
1793 3737 1887 3791 Si-

264 3825 405 3899 tncon
434 3830 445 3868 :
478 3813 739 3883 Jamuel,
771 3819 830 3869 et
858 3816 1078 3886 Jamin,
1110 3824 1167 3873 et
1216 3820 1377 3876 Ohad
1437 3824 1614 3894 [Vulg.
1675 3825 1884 3899 Ahod].

258 3898 459 3971 Jachin,
491 3912 544 3958 et
577 3904 744 3971 Soar,
776 3908 833 3959 et
880 3905 1021 3960 Saul
1081 3907 1239 3963 ﬁlius
1299 3911 1730 3969 Chananitidis.
1792 3898 1885 3969 His

262 3992 537 4063 progenies
567 3992 828 4049 Simeon.
862 3997 928 4048 Et
974 3994 1095 4050 haec
1148 3999 1389 4055 nomina
1441 3999 1696 4057 ﬁliorum
1756 4003 1883 4058 Levi

259 4093 344 4146 per
368 4083 745 4151 cognationes
776 4097 916 4136 suas
940 4100 958 4135 :
983 4083 1226 4154 Gerson,
1260 4092 1317 4141 et
1346 4088 1552 4155 Caath,
1577 4095 1633 4144 et
1655 4091 1885 4146 Merari.

260 4169 386 4221 Anni
433 4176 633 4225 autem
686 4170 818 4225 vitae
874 4171 1002 4226 Levi
1062 4174 1297 4231 fuerunt
1352 4181 1584 4233 centum
1645 4180 1891 4251 triginta

258 4262 475 4326 septem.
511 4258 645 4314 Filii
679 4258 899 4314 Gerson
935 4261 1041 4331 [h.]
1077 4262 1278 4319 Libani
1314 4270 1370 4320 et
1400 4266 1612 4336 Semel,
1647 4284 1750 4339 per
1792 4286 1887 4324 co-

1990 1870 2063 1924 de
2117 1873 2273 1923 terra
2302 1864 2529 1937 lEgypti
2561 1861 2660 1934 per
2694 1872 2915 1918 turmas
2945 1876 3105 1915 suas.
3138 1855 3207 1912 Hi
3238 1859 3395 1924 sunt,
3423 1855 3526 1925 qui
3546 1854 3633 1907 lo-

1990 1961 2258 2029 quuntur
2283 1956 2351 2010 ad
2385 1954 2747 2009 Pharaonem
2780 1965 2977 2021 regem
3007 1945 3259 2019 :Egypti,
3288 1950 3352 2000 ut
3379 1944 3637 1998 educant

1992 2048 2146 2104 ﬁlios
2176 2046 2354 2103 Israel
2388 2047 2459 2100 de
2478 2045 2758 2115 [Egyptoz
2804 2041 2917 2095 iste
2968 2040 3158 2095 Moses
3187 2039 3245 2090 et
3301 2035 3515 2102 Aaron,
3574 2030 3633 2086 in

1991 2137 2085 2192 die
2134 2153 2253 2208 qua
2292 2134 2527 2190 locutus
2557 2136 2648 2187 est
2676 2129 2963 2186 Dominus
2995 2127 3066 2183 ad
3100 2125 3323 2192 Mosen,
3373 2122 3433 2177 in
3482 2126 3637 2176 terra

1992 2226 2237 2299 Egypti.
2273 2227 2356 2294 [C.
2388 2222 2613 2293 XV.]Et
2642 2220 2874 2276 locutus
2905 2220 2996 2273 est
3045 2213 3326 2271 Dominus
3384 2210 3454 2266 ad
3514 2214 3633 2265 Mo-

1989 2332 2114 2383 sen,
2147 2315 2386 2370 dicens:
2419 2312 2534 2383 Ego
2566 2308 2886 2366 Dominus:
2913 2306 3150 2377 loquere
3168 2303 3240 2358 ad
3268 2300 3631 2356 Pharaonem

1988 2420 2185 2476 regem
2214 2401 2466 2475 Egypti,
2499 2399 2700 2455 omnia
2729 2413 2857 2468 quas
2888 2412 2994 2468 ego
3025 2394 3233 2465 loquor
3264 2390 3392 2446 tibi.
3438 2390 3505 2446 Et
3554 2387 3638 2444 ait

1990 2493 2181 2548 Moses
2196 2507 2392 2548 coram
2414 2490 2660 2545 Domino
2690 2487 2801 2542 :En
2824 2478 3458 2541 incircumcisuslahiis
3479 2494 3635 2548 sum,

1987 2581 2277 2653 quomodo
2310 2580 2509 2635 audiet
2531 2594 2622 2632 me
2653 2576 2875 2631 Pharao
2895 2574 2922 2628 ‘I

2060 2670 2214 2741 [Cap.
2248 2669 2393 2739 VII].
2425 2667 2699 2737 Dixitque
2739 2662 3028 2720 Dominus
3060 2661 3131 2716 ad
3192 2660 3394 2715 Mosen
3430 2674 3442 2712 :
3494 2656 3636 2713 Ecce

1989 2758 2265 2817 constitui
2289 2762 2344 2812 te
2379 2759 2559 2812 Deum
2587 2751 2905 2809 Pharaonis
2930 2766 2943 2806 :
2972 2754 3029 2805 et
3056 2751 3248 2803 Aaron
3298 2748 3474 2801 frater
3497 2749 3634 2799 tuus

1989 2850 2099 2905 erit
2150 2847 2432 2920 propheta
2486 2850 2644 2900 tuus.
2676 2847 2757 2897 Tu
2826 2838 3084 2911 loqueris
3141 2833 3335 2907 [ναις.
3398 2832 3634 2905 add.ei]

1989 2937 2187 2994 omnia
2212 2953 2342 3008 quae
2374 2934 2589 2990 mando
2620 2931 2725 2987 tibi
2752 2947 2765 2985 :
2798 2929 2897 2984 ille
2928 2928 3204 2999 loquetur
3251 2924 3323 2979 ad
3382 2922 3637 2976 Pharao-

1991 3043 2146 3092 nem,
2179 3030 2243 3081 ut
2273 3024 2530 3079 dimittat
2560 3021 2713 3077 ﬁlios
2744 3018 2924 3076 Israel
2956 3018 3026 3072 de
3057 3022 3215 3071 terra
3244 3010 3497 3068 sua.Sed
3530 3026 3636 3081 ego

1991 3116 2277 3170 indurabo
2307 3130 2406 3169 cor
2434 3113 2585 3181 ejus,
2616 3115 2673 3167 et
2704 3105 3110 3178 multiplicabo
3130 3103 3301 3175 signa
3330 3104 3387 3155 et
3406 3101 3637 3155 ostenta

1991 3220 2121 3259 mea
2148 3204 2209 3258 in
2238 3207 2393 3259 terra
2420 3200 2671 3273 Egypti,
2711 3202 2769 3253 et
2798 3212 2911 3252 non
2943 3194 3181 3250 audient
3222 3204 3362 3245 vos:
3424 3185 3641 3243 immit-

1993 3302 2237 3365 tamque
2270 3307 2511 3348 manum
2543 3304 2735 3344 meam
2759 3300 2935 3357 super
2955 3284 3289 3355 Egyptum,
3313 3282 3369 3334 et
3388 3277 3635 3333 educam

1997 3383 2313 3438 exercitum
2344 3386 2400 3436 et
2433 3379 2716 3451 populum
2749 3389 2946 3431 meum
2978 3372 3131 3427 ﬁlios
3163 3367 3344 3426 Israel
3375 3366 3446 3422 de
3484 3369 3640 3421 terra

1995 3473 2222 3545 [Egypti
2242 3488 2343 3543 per
2347 3469 2572 3541 judicia
2604 3465 2880 3522 maxima.
2906 3463 2974 3517 Et
3002 3461 3190 3517 scient
3212 3455 3459 3529 [Egyptii
3485 3454 3638 3527 quod

1997 3577 2103 3633 ego
2146 3562 2258 3617 sim
2305 3558 2591 3614 Dominus
2634 3555 2736 3627 qui
2780 3549 3139 3609 extenderim
3174 3562 3415 3603 manum
3449 3560 3638 3601 meam

1997 3667 2173 3723 super
2202 3653 2536 3721 Egyptum,
2569 3651 2628 3701 et
2656 3643 2958 3700 eduxerim
2993 3639 3155 3703 ﬁlios,
3186 3635 3367 3693 Israel
3412 3634 3482 3690 de
3529 3650 3643 3690 me-

1998 3740 2092 3796 dio
2122 3755 2346 3795 eorum.
2380 3734 2747 3805 Fecititaque
2777 3732 2989 3796 Moses,
3011 3734 3069 3784 et
3096 3729 3286 3783 Aaron
3310 3726 3461 3781 sicut
3490 3740 3639 3795 prae-

1996 3833 2226 3901 ceperat
2258 3827 2341 3883 eis
2371 3826 2564 3897 [ναις.
2598 3826 2735 3879 tacet
2764 3820 2871 3891 eis]
2902 3818 3189 3875 Dominus
3223 3833 3235 3871 :
3266 3815 3348 3868 ita
3369 3816 3632 3884 egerunt.

1997 3920 2078 3991 [C.
2110 3918 2277 3984 XVI.]
2314 3918 2450 3971 Erat
2480 3919 2677 3969 autem
2709 3911 2899 3966 Moses
2921 3906 3217 3978 octoginta
3248 3917 3559 3991 annorum,
3584 3903 3643 3954 et

1998 3988 2189 4063 Aaron
2220 4005 2516 4075 octoginta
2546 4002 2750 4067 trium,
2781 3997 3011 4067 quando
3044 3992 3220 4049 locuti
3244 3994 3382 4047 sunt
3401 3990 3471 4045 ad
3491 3988 3637 4042 Pha-

2000 4110 2259 4151 raonem.
2294 4092 2559 4162 Dixitque
2591 4088 2876 4145 Dominus
2909 4085 2981 4140 ad
3034 4083 3233 4138 Mosen
3293 4085 3350 4135 et
3401 4080 3593 4133 Aaron
3624 4090 3637 4129 :

1996 4187 2142 4240 Cum
2176 4182 2385 4237 dixerit
2412 4180 2581 4235 vobis
2615 4178 2859 4241 Pharao,
2893 4172 3197 4229 Ostendite
3230 4168 3421 4240 signa,
3483 4166 3641 4221 dices

1999 4274 2069 4328 ad
2102 4274 2308 4326 Aaron:
2370 4268 2529 4323 'l‘olle
2558 4266 2781 4338 virgam
2813 4267 2998 4329 tuam,
3029 4265 3085 4316 et
3135 4257 3352 4328 Projice
3382 4272 3510 4311 eam
3541 4270 3639 4309 co-

258 4346 533 4412 gnationes
567 4364 730 4403 suas.
766 4347 893 4404 Filii
943 4349 1123 4405 Caath
1157 4367 1170 4406 :
1209 4355 1463 4421 Amram,
1514 4361 1571 4412 et
1601 4356 1782 4428 Isaar,
1835 4363 1890 4414 et
1925 4426 1951 4428 _
2001 4377 2124 4417 ram
2155 4360 2478 4424 Pharaone,
2511 4373 2577 4411 ac
2606 4360 2863 4411 vertetur
2894 4352 2952 4407 in
2997 4349 3325 4406 colubrum.
3383 4344 3642 4417 lngressi

257 4429 482 4501 Hebron,
510 4440 573 4490 at
613 4433 792 4506 Oziel,
843 4436 1100 4509 annique
1130 4440 1258 4495 vitae
1289 4442 1489 4516 Caath,
1520 4426 1889 4503 centumltri-
1919 4426 1967 4491 Ῑ)
1996 4451 2196 4521 itaque
2226 4448 2418 4503 Moses
2448 4451 2505 4500 et
2532 4447 2722 4501 Aaron
2753 4443 2824 4499 ad
2859 4441 3241 4508 Pharaonem,
3279 4438 3540 4492 fecerunt
3567 4432 3643 4490 si-

314 4650 375 4660 -
395 4624 455 4676 In
487 4620 743 4677 Palatio.
771 4637 939 4691 mss.,
965 4626 1014 4678 .ςί
1042 4623 1303 4682 dederitis
1334 4630 1407 4683 ei.

316 4694 329 4725 ¹
360 4690 732 4774 Urbinas__ms
760 4690 931 4774 tacet
957 4697 1013 4750 ei
1044 4712 1057 4750 :
1090 4702 1429 4774 tun_1__cnm_
1460 4699 1721 4757 Palatino
1752 4707 1887 4774 post

255 4760 740 4867 Ιξῃέἶηῃὲξίίὲξηῗὲ
753 4765 995 4867 Μῇἰίανηι
1013 4783 1080 4867 εἰ(
1112 4769 1265 4867 ΙιξζΧ
1296 4770 1586 4867 edi‘tio'ne..

360 4836 746 4909 Septuaginta
774 4838 999 4891 addunt
1029 4839 1137 4895 hoc
1169 4840 1312 4909 loco,
1346 4847 1399 4896 et
1446 4844 1679 4899 Mariam
1734 4860 1887 4899 soro-

255 4919 353 4983 rem
382 4922 596 4983 eorum.
632 4907 758 4983 Ilaec
789 4924 1023 4979 quoque
1047 4907 1323 4983 leguntur
1346 4915 1403 4968 in
1431 4921 1586 4970 textu
1615 4915 1886 4971 Hebraeo-

253 4978 624 5055 ﬁamaritano,
655 4979 713 5033 in
746 4978 919 5049 quem
953 4997 1066 5037 non
1102 4978 1303 5054 'pauca
1361 4985 1601 5041 ﬂuxisse
1658 5005 1688 5042 e
1743 4988 1888 5043 LXX

253 5052 683 5131 interpretibus,
715 5056 994 5131 constans
1025 5052 1395 5131 est‘virorum
1419 5058 1727 5113 doctorum
1754 5076 1887 5113 sen-

254 5123 437 5176 tentia.
469 5129 657 5200 Syrus
686 5138 821 5200 cum
853 5123 1241 5200 aliquot‘rpss.
1268 5130 1703 5200 exemplaribus
1742 5131 1891 5185 Lati-

255 5206 446 5248 norum
491 5193 641 5265 legit
685 5193 1031 5268 quidem,'et
1077 5197 1344 5267 Mariam;
1382 5193 1481 5255 sed
1526 5217 1640 5256 non
1692 5201 1887 5268 habet,

252 5276 473 5320 sororem
518 5281 730 5321 eorum.
763 5267 921 5332 Quae,
982 5270 1183 5324 omnia
1222 5271 1517 5328 adscititia
1574 5288 1702 5327 esse
1748 5273 1892 5327 satis

258 5336 551 5411 manifeste
584 5337 948 5411 demonstrat
995 5355 1182 5396 canon
1244 5344 1411 5398 Hebr.
1465 5344 1748 5411 veritatis,
1792 5344 1890 5398 ubi

257 5408 422 5485 erasis
452 5409 511 5463 in
546 5424 786 5485 corpore
810 5408 1147 5485 hujusmodi
1182 5414 1391 5485 verbis,
1416 5416 1677 5470 scholion
1732 5408 1890 5470 istud

258 5476 850 5557 elatereﬁappositum
886 5476 1141 5557 legitur:
1174 5485 1228 5539 h.
1268 5476 1390 5541 non‘
1426 5486 1585 5541 habet
1633 5486 1890 5557 Mariam,

258 5548 307 5601 id
332 5548 750 5628 est,§ehraeus
780 5568 894 5628 non
937 5548 1129 5628 habet,
1185 5557 1439 5612 Mariam.
1492 5557 1635 5613 Huic
1678 5548 1892 5628 adjunl

259 5622 413 5688 gandi
443 5622 752 5679 Chaldaeus
782 5628 839 5678 et
863 5626 1070 5695 Arabs,
1103 5622 1258 5698 apud
1283 5645 1434 5700 quos
1461 5628 1608 5686 nihil
1636 5622 1893 5702 reperias

1994 4628 2150 4698 quod
2184 4624 2429 4698 Mariam
2461 4625 2728 4698 spectat;
2759 4621 2860 4676 sed
2884 4633 3075 4691 neque
3096 4618 3155 4673 in
3188 4612 3491 4671 codicibus
3525 4611 3630 4667 La-

1994 4696 2135 4755 tinis
2166 4697 2425 4754 melioris
2454 4699 2624 4750 notae.
2650 4696 2831 4747 MART.

2065 4746 2759 4838 El'Inmllt-ebras'oﬂlegirnus7
2784 4746 3020 4838 magis:
3053 4759 3162 4838 hoc
3218 4761 3335 4838 est,
3403 4755 3643 4822 Elisabe,

1997 4859 2111 4898 non
2147 4840 2449 4904 Elisabeth,
2482 4832 2563 4893 ut'
2587 4838 2805 4891 habent
2864 4832 3003 4906 LXX
3056 4832 3428 4906 interpretes,
3493 4842 3644 4906 quos

1997 4919 2329 4984 sequuntur
2359 4903 2521 4975 editi,
2552 4905 2934 4984 et_gnonnu_lli
2968 4903 3136 4959 codd.
3167 4918 3319 4984 ‘mss.
3356 4903 3644 4984 recentio-

1999 4969 2110 5041 res.
2147 4985 2323 5039 Porro
2359 4969 2569 5036 nomen
2592 4978 2810 5033 Elisabe
2849 4977 2906 5030 in
2957 4972 3391 5044 exemplaribus
3431 4969 3644 5025 Graecis

1999 5058 2554 5135 fuisse_co_rruptum
2590 5048 2820 5135 probari
2852 5052 3044 5135 potest
3074 5042 3189 5100 ndn
3234 5042 3443 5135 solum;
3461 5056 3515 5135 et
3538 5055 3646 5135 ca-

1998 5110 2483 5183 noneIHebraicae
2514 5110 2797 5187 veritatis,
2820 5110 3074 5192 aliisque
3108 5132 3247 5170 mss.
3301 5110 3645 5192 codd..L_ati-

1999 5182 2090 5254 nis
2123 5196 2562 5269 antiquioribus
2596 5211 2661 5249 ac
2697 5182 2954 5269 melioris
2982 5182 3187 5269 ’θριξὶ
3224 5186 3320 5269 sed
3356 5200 3424 5237 ex
3476 5182 3644 5235 libris

2000 5271 2175 5326 etiam
2212 5256 2627 5324 Hébraicorum
2662 5263 2993 5328 nominum,
3026 5260 3122 5340 ubi
3147 5256 3643 5340 .$._Il.ier_onymus

2001 5322 2439 5397 deinxiodoﬁhoc
2466 5353 2678 5411 nomen,
2708 5322 3017 5411 recensens
3048 5327 3455 5411 legit_Elisg'be,
3475 5322 3640 5411 quod

1999 5416 2418 5484 interpretatur
2448 5412 2544 5484 Dei
2574 5399 3139 5484 mci‘jarameatumz:
3166 5406 3306 5471 etcu‘,
3336 5399 3454 5452 Hoc
3514 5409 3643 5448 vom

2001 5503 2114 5541 non
2147 5473 2322 5549 esset,
2353 5484 2401 5538 si
2435 5473 2718 5536 Elisabctli
2743 5480 3052 5549 leperetur,
3086 5473 3267 5527 MART.

2071 5588 2138 5598 ——
2167 5554 2398 5613 Palatia
2430 5570 2566 5624 ms.,
2599 5550 2870 5607 Helsabee.
