4080 6186
356 321 468 379 283

1404 325 1461 378 Β.
1502 322 1912 377 HIERONYMI
1950 322 2207 378 DIVINA
2241 322 2736 379 BIBLIOTHEA.

3670 319 3775 377 284

359 452 460 507 cut
488 450 843 523 prmeeperat
889 446 1193 517 Dominus,
1248 445 1499 519 tulitque
1553 450 1744 503 Aaron
1775 447 1998 519 virgam

2121 466 2387 538 Dixitque
2421 466 2701 522 Dominus
2733 467 2803 522 ad
2837 467 3034 523 Mosen
3062 482 3076 533 ;
3109 465 3213 521 Dic
3257 465 3329 521 ad
3366 467 3558 521 Aaron
3586 482 3602 522 :
3661 465 3776 521 Ex-

358 556 555 597 oeram
592 539 887 595 Pharaone
918 540 973 593 et
1003 536 1181 591 servis
1230 536 1379 607 ejus,
1405 536 1534 608 quas
1568 552 1739 591 versa
1795 540 1886 591 est
1943 537 2003 591 in

358 628 687 686 colubrum.
724 625 951 684 Vocavit
981 630 1175 681 autem
1211 624 1436 681 Pharao
1470 626 1764 697 sapientes
1793 630 1851 681 et
1880 642 2005 681 ma-

358 718 561 775 leficos
594 734 609 773 :
643 722 699 771 et
724 717 985 772 fecerunt
1024 715 1197 770 etiam
1257 714 1371 787 ipsi
1429 732 1531 788 per
1576 715 2006 771 incantationes

360 806 659 879 Egyptias
689 808 745 860 et
791 820 1006 860 arcana
1063 804 1332 875 quaedam
1394 804 1683 859 similiter.
1746 805 2005 875 Projece-

325 890 617 968 'runtque
654 892 878 966 singuli
906 893 1103 964 virgas
1159 910 1319 961 suas,
1352 909 1480 965 quae
1527 909 1704 949 versa
1758 897 1899 949 sunt
1946 892 2005 947 in

362 986 644 1040 dracones
677 1004 691 1053 ;
724 983 823 1039 sed
850 983 1145 1038 devoravit
1163 982 1330 1054 virga
1356 986 1539 1037 Aaron
1560 983 1756 1054 virgas
1780 998 2004 1038 eorum.

364 1074 830 1145 Induratumque
860 1076 950 1127 est
979 1088 1079 1127 cor
1125 1071 1469 1137 Pharaonis,
1526 1076 1583 1125 et
1612 1088 1725 1126 non
1788 1071 2011 1126 audivit

360 1180 483 1233 eos,
514 1161 665 1218 sicut
694 1162 801 1234 [h.]
835 1162 1060 1217 dixerat
1116 1161 1418 1216 Dominus.
1468 1162 1517 1227 [1
1579 1161 1797 1232 Plaga.]
1862 1160 2011 1215 Dixit

362 1258 559 1311 autem
578 1252 867 1307 Dominus
894 1251 963 1305 ad
982 1251 1181 1306 Mosen
1209 1253 1608 1323 :Ingravatum
1626 1254 1717 1304 est
1740 1266 1840 1304 cor
1862 1249 2007 1303 Pha-

361 1343 581 1408 raonis,
615 1357 728 1396 non
761 1339 1213 1411 vultﬁdimittere
1247 1339 1550 1411 populum.
1581 1338 1739 1393 Vade
1768 1338 1840 1393 ad
1872 1354 2005 1392 eum

362 1446 559 1499 mane,
591 1445 721 1486 ecce
745 1429 1083 1501 egredietur
1109 1429 1178 1483 ad
1208 1445 1394 1500 aquas
1420 1444 1432 1483 :
1467 1432 1524 1483 et
1554 1427 1740 1483 stabis
1791 1428 1849 1481 in
1909 1443 2009 1482 oc-

360 1536 605 1576 cursum
638 1519 766 1590 ejus
798 1534 976 1589 super
1046 1518 1239 1589 ripum
1288 1516 1588 1573 ﬂuminis:
1649 1521 1707 1571 et
1759 1516 2006 1588 virgam,

362 1624 490 1681 quae
523 1624 802 1664 conversa
832 1612 919 1662 est
946 1606 1003 1661 in
1039 1607 1380 1668 draconem.
1407 1605 1577 1661 tolles
1607 1606 1667 1661 in
1688 1620 1863 1660 manu
1886 1609 2006 1659 tua.

356 1697 642 1770 Dicesque
672 1697 742 1752 ad
776 1712 949 1752 eum:
983 1695 1270 1751 Dominus
1305 1697 1454 1751 Deus
1489 1695 1860 1750 Hebraeorum
1894 1694 2007 1749 mi-

2114 557 2288 611 tende
2312 573 2552 613 manum
2576 560 2740 612 tuam
2773 573 2950 627 super
2980 555 3190 611 ﬂuxios
3219 560 3277 611 et
3308 572 3486 627 super
3508 554 3667 612 rivos
3706 572 3773 611 ac

2116 643 2384 716 paludes,
2416 649 2473 701 et
2504 645 2651 701 eduo
2708 661 2882 701 ranas
2913 660 3091 716 super
3123 652 3335 701 terram
3392 644 3645 716 Egypti.
3705 644 3775 699 Et

2115 734 2376 789 extendit
2420 735 2607 789 Aaron
2642 750 2882 789 manum
2933 750 3112 806 super
3163 749 3349 805 aquas
3406 732 3660 805 Egypti,
3719 736 3774 788 et

2114 824 2507 878 ascenderunt
2536 840 2692 878 rane
2723 824 2810 893 [In
2843 823 2902 877 h.
2940 822 3131 894 rana],
3164 826 3646 895 aperueruntque
3669 826 3777 877 ter-

2117 928 2243 967 ram
2299 912 2546 985 Egypti.
2613 913 2893 968 Fecerunt
2950 915 3146 968 autem
3208 910 3457 967 malefici
3513 927 3618 982 per
3684 910 3775 964 in-

2118 1002 2481 1056 cantationes
2503 1018 2641 1057 suas
2673 1001 2966 1066 similiter,
3000 1001 3451 1072 eduxeruntque
3482 1016 3658 1054 ranas
3680 1016 3780 1054 su-

2119 1104 2223 1160 per
2250 1093 2461 1144 terram
2493 1090 2745 1162 Egypti.
2779 1090 3018 1145 Vocavit
3040 1094 3235 1144 autem
3288 1088 3515 1144 Pharao
3572 1088 3773 1143 Mosen

2118 1181 2175 1232 et
2202 1179 2414 1248 Aaron,
2448 1183 2505 1235 et
2531 1180 2675 1235 dixit
2704 1179 2825 1235 eis:
2860 1178 3033 1234 Orate
3063 1177 3402 1245 Dominum,
3437 1180 3501 1232 ut
3550 1176 3776 1232 auferat

2119 1282 2293 1321 ranas
2324 1285 2358 1323 a
2390 1284 2481 1324 me
2511 1273 2567 1325 et
2595 1286 2629 1324 a
2660 1268 2874 1341 populo
2898 1283 3060 1323 meo:
3094 1272 3151 1322 et
3171 1266 3465 1321 dimittam
3488 1264 3771 1338 papulum

2121 1360 2185 1410 ut
2220 1356 2511 1413 sacrificet
2541 1358 2807 1413 Domino.
2870 1355 3144 1427 Dixitque
3198 1358 3389 1410 Moses
3441 1353 3771 1410 Pharaoni:

2118 1445 2425 1506 Constitue
2482 1446 2627 1503 mihi
2660 1448 2889 1517 quando
2955 1446 3233 1517 deprecer
3290 1460 3394 1516 pro
3446 1446 3522 1511 te,
3555 1447 3614 1499 et
3669 1458 3773 1513 pro

2120 1540 2328 1607 servis,
2361 1538 2481 1594 tuis
2512 1540 2569 1593 et
2600 1552 2703 1609 pro
2735 1534 2949 1608 p0pulo
2983 1539 3108 1603 tuo,
3141 1538 3205 1589 ut
3234 1532 3549 1604 abigantur
3568 1548 3719 1587 ranae
3742 1548 3776 1586 a

2118 1634 2177 1685 te
2208 1634 2254 1698 ί,
2287 1633 2343 1683 et
2371 1645 2405 1683 a
2435 1628 2609 1683 domo
2640 1628 2776 1681 tua:
2836 1628 2894 1680 et
2921 1628 3149 1678 tantum
3182 1622 3242 1677 in
3275 1619 3519 1677 ﬂumine
3578 1635 3774 1675 rema-

2119 1723 2316 1774 neant.
2351 1716 2461 1783 Qui
2494 1713 2833 1787 respondit:
2858 1710 3018 1768 Cras.
3044 1716 3118 1767 At
3147 1709 3278 1766 ille:
3301 1710 3481 1766 Juxta
3499 1709 3768 1775 verbum,

359 1787 564 1883 ⁸ίξ¹ξ²θ
594 1786 775 1883 (δά-ξεν
809 1785 1014 1883 βὶοθοξε
1046 1802 1059 1841 ³
1096 1784 1333 1883 nimi“?
1376 1783 1909 1883 pop“1“m_m°“m’
1947 1786 2008 1838 ut
2040 1817 2085 1883 Β
2117 1808 2329 1879 inquit,
2361 1809 2532 1861 tuum
2564 1783 2809 1859 faciam:
2868 1806 2935 1856 ut
2964 1800 3117 1857 scias
3174 1798 3455 1871 quoniam
3511 1814 3628 1854 non
3680 1801 3773 1854 est

359 1874 504 1931 mihi
536 1874 827 1931 sacrificet
852 1874 910 1929 in
961 1874 1241 1930 deserto:
1286 1878 1343 1929 et
1374 1888 1563 1944 usque
1619 1873 1690 1929 ad
1752 1888 2007 1944 praesens

357 1964 561 2021 audire
592 1962 856 2019 noluisti.
891 1963 1020 2018 Haec
1050 1963 1235 2036 igitur
1265 1963 1409 2018 dicit
1435 1964 1761 2020 Dominus:
1787 1963 1850 2017 In
1900 1961 2009 2017 hoc

360 2051 510 2109 scies
543 2053 699 2125 quod
732 2052 1018 2108 Dominus
1059 2052 1210 2107 sim:
1264 2067 1396 2108 ecce
1455 2050 1777 2123 percutiam
1821 2050 2004 2121 virga,

360 2159 489 2214 qua:
520 2140 578 2195 in
611 2158 791 2197 manu
824 2156 952 2196 mea
982 2144 1092 2207 est,
1124 2157 1339 2212 aquam
1362 2140 1645 2207 ﬂuminis,
1680 2144 1737 2195 et
1755 2144 2012 2195 vertetur

362 2231 421 2286 in
455 2230 844 2303 sanguinem:
880 2230 1075 2285 Pisces
1106 2245 1361 2303 quoque,
1393 2229 1490 2301 qui
1530 2234 1669 2285 sunt
1699 2230 1755 2283 in
1809 2228 2007 2297 ﬂuvio,

360 2319 706 2387 morientur,
740 2324 799 2375 et
826 2324 1297 2391 computrescent
1327 2335 1512 2391 aquas,
1570 2322 1628 2373 et
1679 2317 2012 2390 afﬂigentur

363 2409 617 2482 Egypti,
650 2408 920 2464 bibentes
979 2425 1192 2481 aquam
1246 2407 1530 2464 ﬂuminis.
1562 2406 1721 2463 Dixit
1776 2422 2010 2478 quoque

363 2497 645 2554 Dominus
674 2498 744 2553 ad
780 2497 1019 2554 Mosen:
1058 2497 1154 2553 Dic
1186 2498 1259 2553 ad
1288 2500 1517 2554 Aaron:
1564 2497 1723 2553 Tolle
1782 2498 2007 2567 virgam

363 2593 551 2657 tuam,
584 2592 641 2644 et
671 2589 920 2643 extende
950 2604 1190 2643 manum
1224 2593 1385 2643 tuam
1419 2604 1597 2659 super
1628 2604 1811 2659 aquas
1841 2589 2010 2659 [Egy-

363 2676 467 2749 pli,
500 2681 556 2732 et
586 2692 762 2748 super
791 2673 1000 2731 ﬂuvios
1032 2692 1259 2745 eorum,
1292 2680 1350 2732 et
1380 2676 1535 2733 rivos
1567 2694 1633 2733 ac
1666 2677 1931 2749 paludes,
1954 2681 2012 2732 et

366 2782 570 2823 omnes
598 2764 761 2821 lacus
792 2781 1103 2838 aquarum.
1139 2769 1201 2821 ut
1221 2769 1525 2823 vertantur
1552 2766 1613 2821 in
1635 2766 2007 2837 sanguinem,

363 2860 420 2912 et
450 2856 529 2911 sit
558 2870 735 2911 cruor
763 2854 823 2910 in
855 2854 1012 2911 omni
1046 2859 1201 2911 terra
1230 2855 1476 2928 Egypti,
1512 2859 1633 2912 tam
1684 2856 1743 2911 in
1798 2854 2009 2928 ligneis

367 2944 523 3002 vasis
553 2960 733 3018 quam
765 2943 824 2999 in
859 2943 1070 3000 saxeis.
1121 2945 1523 3018 Feceruntque
1570 2946 1652 3001 ita
1708 2949 1896 3001 Moses
1954 2951 2012 3002 et

368 3037 578 3106 Aaron,
630 3034 785 3090 sicut
844 3037 1197 3106 prmeeperat
1272 3035 1592 3090 Dominus:
1652 3039 1711 3091 et
1776 3035 2008 3090 elevans

366 3124 609 3196 virgam,
633 3123 923 3195 percussit
943 3139 1156 3195 aquam
1182 3122 1446 3178 ﬂuminis
1467 3139 1662 3179 coram
1711 3124 2010 3180 Pharaone

367 3218 427 3269 et
454 3212 638 3269 servis
668 3212 795 3283 ejus
825 3228 840 3281 ;
874 3228 1003 3284 qua
1034 3228 1197 3267 versa
1254 3217 1345 3268 est
1398 3213 1458 3268 in
1517 3212 1887 3285 sanguinem.
1944 3215 2013 3269 Et
2041 3189 2084 3255 Ο

367 3302 581 3375 pisces,
607 3301 707 3375 qui
738 3305 907 3356 erant
938 3301 994 3355 in
1027 3300 1292 3368 ﬂumine,
1315 3302 1532 3358 mortui
1563 3307 1739 3358 sunt:
1769 3319 2011 3376 compu-

367 3388 631 3460 truitque
657 3387 892 3459 ﬂuvius,
926 3392 983 3444 et
1012 3405 1127 3444 non
1182 3393 1452 3461 poterant
1506 3390 1755 3463 Egyptii
1814 3392 2012 3446 bibere

367 3494 580 3550 aquam
615 3475 902 3545 ﬂuminis,
934 3480 993 3532 et
1038 3477 1147 3531 fuit
1176 3478 1419 3551 sanguis
1450 3479 1507 3534 in
1556 3484 1677 3535 tota
1706 3483 1860 3534 terra
1915 3480 2012 3535 1E-

367 3567 549 3641 gypti.
584 3567 983 3638 Feceruntque
1012 3566 1287 3623 similiter
1316 3566 1563 3624 maleﬁci
1611 3569 2008 3642 Egyptiorum

368 3654 869 3712 incantationibus
910 3656 1033 3711 suis
1084 3673 1097 3711 :
1136 3660 1193 3712 et
1232 3658 1573 3713 induratum
1612 3664 1697 3713 est
1735 3675 1834 3714 cor
1872 3658 2013 3714 Pha-

369 3745 589 3816 raonis,
622 3761 728 3800 nec
759 3744 982 3801 audivit
999 3762 1121 3816 eos,
1152 3745 1434 3819 sicut[h.]
1457 3748 1679 3804 dixerat
1704 3747 2011 3808 Dominus.

366 3837 704 3908 Avertitque
734 3851 817 3901 se,
849 3839 907 3891 et
935 3836 1238 3909 ingressus
1267 3841 1357 3893 est
1386 3839 1622 3894 domum
1666 3856 1855 3906 suam,
1908 3858 2014 3897 nec

369 3925 646 3999 apposuit
674 3942 774 3982 cor
804 3925 981 3980 etiam
1014 3924 1123 3981 hac
1151 3924 1292 3981 vice.
1319 3927 1611 3981 Fodcrunt
1642 3932 1835 3984 autem
1888 3947 2012 3985 om-

369 4031 474 4071 nes
504 4015 743 4088 Egyptii
777 4031 880 4088 per
908 4013 1218 4070 circuitum
1251 4015 1514 4071 ﬂuminis
1545 4033 1783 4090 aquam,
1841 4024 1899 4073 ut
1923 4018 2013 4072 bi~

371 4104 612 4161 herent:
645 4121 761 4160 non
794 4103 950 4160 enim
985 4108 1255 4177 poterant
1285 4104 1483 4161 bibere
1513 4106 1583 4161 de
1615 4123 1764 4177 aqua
1817 4107 2012 4162 ﬂumi-

371 4192 483 4249 nis.
517 4193 868 4266 Impletique
898 4198 1039 4249 sunt
1068 4198 1291 4267 septem
1328 4194 1475 4266 dies,
1508 4200 1821 4268 postquam
1883 4213 2013 4269 pcr-

370 4282 555 4339 cussit
587 4282 867 4339 Dominus
897 4282 1159 4337 ﬂuvium.

443 4369 530 4443 [Β.
563 4374 632 4442 V,
667 4370 796 4443 Cap.
831 4370 1279 4443 Vill,2PIaga.]
1301 4372 1457 4428 Dixit
1478 4387 1707 4444 quoque
1734 4373 2016 4428 Dominus

372 4460 445 4516 ad
478 4459 678 4515 Mosen
711 4475 724 4516 :
758 4460 1069 4533 Ingredere
1099 4460 1169 4514 ad
1204 4460 1588 4530 Pharaonem,
1622 4465 1679 4517 et
1734 4461 1891 4518 dices
1940 4462 2009 4517 ad

2117 1900 2273 1956 sicut
2300 1894 2589 1952 Dominus
2611 1893 2765 1949 Deus
2790 1895 3007 1948 noster.
3036 1891 3103 1946 Et
3124 1890 3397 1946 recedent
3417 1905 3596 1954 ranae,
3636 1906 3669 1943 a
3688 1891 3769 1957 te,

2116 1998 2170 2045 et
2200 2005 2233 2044 a
2264 1987 2437 2042 domo
2467 1988 2592 2052 tua,
2624 1986 2682 2038 et
2706 2000 2740 2037 a
2768 1981 2950 2038 servis
2999 1982 3138 2049 tuis,
3171 1983 3228 2035 et
3258 1997 3291 2036 a
3343 1977 3558 2052 populo
3616 1982 3716 2033 tuo
3742 1993 3756 2033 :

2116 2081 2350 2134 tantum
2383 2075 2441 2129 in
2475 2072 2715 2129 ﬂumine
2748 2071 3155 2127 remanebunt.
3215 2067 3565 2141 Egressique
3623 2070 3765 2123 sunt

2116 2170 2303 2223 Moses
2334 2168 2390 2220 et
2418 2165 2609 2219 Aaron
2641 2178 2674 2217 a
2704 2160 3043 2227 Pharaone;
3077 2162 3133 2214 et
3162 2158 3434 2213 clamavit
3466 2156 3657 2211 Moses
3689 2155 3761 2211 ad

2118 2255 2435 2313 Dominum
2471 2269 2571 2322 pro
2595 2248 2912 2323 sponsione
2934 2263 3209 2303 ranarum
3233 2261 3405 2313 quam
3426 2244 3767 2301 condixerat

2117 2342 2428 2401 Pharaoni.
2464 2339 2740 2412 Fecitque
2773 2337 3058 2393 Dominus
3083 2336 3255 2406 juxta
3303 2334 3544 2390 verbum
3590 2332 3761 2401 Mosi,

2118 2440 2175 2491 et
2206 2436 2445 2489 mortua:
2466 2433 2619 2485 "sunt
2649 2444 2801 2484 ranae
2832 2428 2903 2481 de
2930 2425 3225 2495 domibus,
3258 2428 3317 2479 et
3346 2424 3417 2478 de
3472 2422 3649 2490 villis,
3708 2426 3767 2477 et

2119 2522 2398 2597 degagris.
2430 2519 3059 2590 Congregaveruntque
3080 2530 3181 2569 eas
3225 2512 3284 2567 in
3318 2514 3643 2568 immensos
3662 2527 3768 2582 ag-

2118 2629 2306 2686 geres,
2339 2614 2394 2667 et
2426 2606 2791 2681 computruit
2822 2610 2997 2660 terra.
3027 2604 3241 2659 Videns
3285 2607 3479 2658 autem
3539 2601 3763 2656 Pharao

2118 2702 2274 2775 quod
2306 2701 2442 2755 data
2472 2702 2625 2754 esset
2654 2696 2909 2767 requies,
2942 2692 3270 2766 ingravavit
3323 2708 3424 2747 cor
3451 2707 3648 2760 suum,
3708 2694 3765 2745 et

2118 2810 2233 2848 non
2267 2788 2490 2847 audivit
2518 2804 2637 2856 eos,
2672 2786 2823 2842 sicut
2854 2785 3077 2840 dixerat
3125 2784 3305 2855 [Vulg.
3368 2780 3761 2855 praeceperat].

2117 2880 2424 2938 Dominus.
2458 2878 2544 2950 [T.
2578 2875 2646 2947 V,
2678 2876 2711 2930 3
2742 2874 2963 2945 Plaga.)
3022 2871 3294 2945 Dixitque
3355 2870 3638 2927 Dominus
3690 2869 3763 2924 ad

2116 2977 2348 3027 Mosen:
2386 2974 2641 3039 Loquere
2672 2965 2743 3021 ad
2775 2965 2964 3020 Aaron
2992 2979 3006 3019 :
3039 2961 3299 3017 Extende
3323 2961 3548 3033 virgam
3576 2964 3763 3025 tuam,

2118 3066 2174 3118 et
2205 3064 2442 3133 percute
2474 3055 2771 3130 pulverem
2802 3058 2966 3109 terras
3001 3056 3096 3107 :et
3117 3051 3237 3107 sint
3259 3049 3524 3123 ciniphes
3547 3048 3603 3104 in
3629 3047 3766 3104 uni-

2119 3164 2289 3206 versa
2318 3153 2471 3203 terra
2498 3144 2746 3218 Egypti.
2782 3144 3179 3213 Feceruntque
3226 3139 3327 3195 ita.
3388 3141 3457 3193 Et
3507 3136 3768 3194 extendit

2121 3246 2312 3294 Aaron
2347 3250 2610 3303 manum,
2643 3233 2863 3305 virgam
2895 3236 3141 3287 tenens:
3175 3228 3586 3302 percussitque
3643 3226 3765 3298 pul-

2119 3345 2313 3386 verem
2346 3332 2533 3393 terrae,
2564 3330 2622 3381 et
2647 3323 2783 3379 facti
2816 3326 2959 3377 sunt
2998 3320 3265 3395 ciniphes
3314 3320 3370 3375 in
3408 3318 3763 3385 hominibus,

2121 3422 2178 3474 et
2208 3417 2266 3472 in
2291 3413 2615 3488 jumentis:
2662 3409 2858 3467 omnis
2922 3408 3113 3482 pulvis
3145 3412 3311 3464 terrae
3343 3422 3546 3462 versus
3588 3409 3677 3461 est
3706 3404 3765 3459 in

2122 3505 2386 3578 ciniphes
2420 3519 2520 3576 per
2550 3506 2732 3558 totam
2783 3504 2997 3555 terram
3057 3496 3307 3570 Egypti.
3368 3497 3769 3565 Feceruntque

2120 3594 2393 3653 similiter
2422 3590 2671 3648 malefici
2696 3605 2797 3662 per
2825 3587 3252 3643 incantationes
3279 3602 3439 3652 suas,
3463 3592 3523 3640 ut
3554 3584 3770 3639 educe-

2121 3690 2252 3741 rent
2272 3680 2562 3754 ciniphes,
2586 3684 2642 3734 et
2672 3695 2784 3735 non
2818 3679 3171 3751 potuerunt:
3199 3678 3481 3746 erantque
3503 3671 3768 3744 ciniphes

2123 3778 2243 3829 tam
2277 3772 2335 3828 in
2366 3768 2710 3827 hominibus
2742 3783 2919 3839 quam
2952 3766 3012 3820 in
3038 3764 3345 3836 jumentis.
3400 3763 3467 3818 Et
3496 3761 3769 3818 dixerunt

2124 3861 2372 3918 maleﬁci
2404 3860 2474 3915 ad
2507 3858 2870 3913 Pharaonem
2898 3872 2912 3910 :
2946 3854 3175 3927 Digitus
3205 3853 3306 3910 Dei
3330 3858 3421 3908 est
3440 3852 3551 3907 hoc
3573 3852 3766 3924 [ναις.

2122 3951 2263 4022 hic],
2295 3950 2758 4018 induratumque
2788 3948 2875 4001 est
2904 3960 3004 3999 cor
3032 3941 3377 4010 Pharaonis,
3411 3945 3467 3997 et
3498 3957 3614 3996 non
3659 3957 3770 3996 au-

2123 4040 2267 4095 divit
2312 4054 2411 4094 eos
2495 4035 2650 4091 sicut
2706 4033 2938 4090 locutus
2989 4036 3079 4087 est
3125 4030 3325 4103 [γαίῃ.
3396 4028 3771 4102 praeceperat]

2124 4126 2430 4185 Dominus.
2465 4126 2520 4196 [4
2545 4124 2766 4194 Plaga.]
2793 4121 2949 4177 Dixit
2979 4135 3215 4193 quoque
3247 4119 3516 4174 Dominus
3548 4119 3617 4173 ad
3652 4116 3771 4172 Mo-

2125 4234 2263 4273 sen:
2297 4218 2595 4286 Consurge
2628 4210 2907 4282 diluculo,
2939 4214 2997 4265 et
3054 4214 3144 4266 sta
3191 4224 3386 4265 coram
3446 4207 3767 4273 Pharaone,

2124 4305 2457 4379 egredietur
2486 4302 2639 4358 enim
2682 4301 2753 4356 ad
2783 4316 2967 4375 aquas
2995 4315 3008 4355 :
3042 4302 3100 4355 et
3132 4298 3293 4355 dices
3324 4298 3395 4353 ad
3427 4313 3593 4353 eum:
3638 4299 3769 4351 Haec

2123 4395 2267 4452 dicit
2295 4392 2616 4450 Dominus:
2647 4388 2888 4447 Dimitte
2909 4388 3190 4462 populum
3224 4403 3413 4444 meum
3454 4393 3516 4442 ut
3546 4382 3771 4443 sacrifi-

2124 4489 2216 4542 cet
2247 4482 2415 4538 mihi.
2457 4481 2619 4546 Quod
2652 4480 2699 4536 si
2752 4496 2865 4534 non
2917 4477 3214 4533 dimiseris
3261 4492 3417 4544 eum,
3476 4491 3605 4531 ecce
3662 4490 3770 4547 ego

374 4565 506 4607 eum
534 4554 694 4640 in?”
716 4548 1163 4640 dicitPQmiPus
1195 4566 1207 4604 ³
1233 4550 1772 4640 Πίωίίίθᾲρορωυω
1791 4568 2011 4618 meum»
2044 4547 2089 4611 D
2122 4572 2436 4629 immittam
2460 4572 2518 4625 in
2546 4576 2623 4640 te,
2646 4573 2703 4625 et
2723 4568 2783 4623 in
2803 4583 2999 4623 servos
3016 4572 3175 4636 tuos,
3191 4565 3250 4620 in
3266 4565 3549 4638 populum
3572 4568 3765 4625 tuum.

376 4644 443 4696 ut
473 4639 763 4696 sacrificet
794 4638 940 4694 mihi
972 4655 985 4695 :
1021 4638 1110 4694 sin
1157 4643 1351 4695 autem
1403 4638 1662 4697 nolueris
1693 4640 2009 4709 dimittere,

373 4745 508 4787 ecce
536 4745 642 4802 ego
673 4728 999 4802 percutiam
1034 4743 1239 4785 omnes
1297 4730 1581 4786 terminos
1637 4734 1771 4785 tuos
1828 4732 2008 4786 ranis.

373 4819 442 4876 Et
468 4817 712 4876 ebulliet
737 4818 953 4874 ﬂuvius
983 4834 1157 4874 ranas
1184 4836 1204 4881 ;
1234 4834 1361 4889 quas
1410 4819 1750 4887 ascendant,
1807 4823 1864 4874 et
1918 4820 2012 4875 in-

375 4906 718 4982 grediantur
746 4908 987 4964 domum
1019 4912 1204 4975 tuam,
1233 4912 1292 4962 et
1319 4906 1659 4962 cubiculum
1684 4906 1879 4963 lectuli
1902 4908 2011 4975 tui,

280 4988 283 4993 ’
374 5001 433 5054 et
461 5012 641 5070 super
678 5000 924 5051 stratum
985 5003 1172 5064 tuum,
1234 4996 1396 5051 etin
1454 4996 1660 5051 domos
1711 5013 2013 5052 servorum

371 5093 429 5145 et
460 5087 519 5144 in
552 5085 835 5160 populum
866 5090 1060 5155 tuum,
1103 5090 1161 5143 et
1193 5085 1252 5142 in
1282 5086 1483 5142 furnos
1515 5091 1670 5155 tuos,
1704 5090 1761 5143 et
1788 5086 1848 5141 in
1879 5086 2013 5143 reli-

372 5176 544 5250 quias
570 5176 835 5234 ciborum
867 5180 1209 5244 tuorum,et
1256 5176 1326 5231 ad
1361 5182 1431 5243 te,
1492 5178 1551 5232 et
1601 5175 1671 5244 ad
1728 5175 2011 5249 populum

369 5272 563 5331 tuum,
595 5271 653 5323 et
684 5266 755 5321 ad
790 5281 994 5321 omnes
1036 5280 1232 5321 servos
1279 5269 1437 5332 tuos,
1469 5265 1777 5321 intrabunt
1835 5282 2010 5321 rana.

440 5448 457 5482 ί
485 5446 710 5517 Legunt
737 5442 855 5513 hic,
888 5445 1021 5516 post
1050 5442 1227 5517 LXX,
1257 5440 1397 5498 editi
1434 5440 1621 5517 Latini
1641 5440 1796 5517 libri,
1820 5442 2013 5517 utubi-

368 5512 767 5587 gantur'ranaz
812 5534 845 5571 a
893 5512 968 5582 te,
1000 5518 1056 5570 et
1086 5531 1119 5568 a
1149 5512 1305 5570 domo
1336 5522 1448 5578 tua,
1506 5515 1555 5587 et
1585 5513 1838 5587 eiservis,
1873 5513 2007 5584 tuis,

366 5585 420 5647 et
450 5606 484 5645 a
509 5589 732 5660 popula,
762 5590 855 5644 tuo
897 5589 996 5660 ;_et
1024 5589 1240 5660 tantum
1268 5589 1380 5660 etc.
1401 5585 1573 5660 Atia
1605 5585 1860 5653 Hebraeo,
1912 5588 2005 5660 cui

368 5656 661 5718 consentit
683 5656 869 5717 canon
899 5657 1041 5716 Heb.
1072 5657 1357 5730 veritatis,
1400 5656 1616 5729 legitur
1646 5661 1711 5713 ut
1738 5674 1846 5715 nos
1876 5659 2005 5715 edi-

2119 4668 2177 4721 et
2206 4663 2266 4719 in
2297 4662 2503 4717 domos
2532 4664 2684 4725 tuas,
2716 4673 2889 4713 omne
2917 4672 3104 4729 genus
3152 4670 3492 4711 muscarum
3525 4670 3539 4710 :
3570 4658 3631 4710 et
3656 4653 3770 4709 im-

2122 4752 2442 4825 plebuntur
2471 4749 2686 4805 domus
2705 4746 3109 4820 Egyptiorum
3126 4744 3347 4800 muscis
3368 4741 3770 4817 diversigene-

2124 4842 2227 4908 ris,
2259 4845 2317 4897 et
2350 4840 2624 4895 universa
2653 4842 2807 4893 terra
2840 4837 2898 4891 in
2949 4852 3068 4907 qua
3118 4833 3355 4889 fuerint.
3420 4832 3771 4904 Faciamque

2124 4928 2453 4989 mirabilem
2485 4929 2544 4983 in
2576 4928 2669 4983 die
2698 4926 2799 4981 illa
2831 4933 3043 4981 terram
3064 4926 3271 4993 Gesen,
3297 4922 3355 4977 in
3378 4938 3496 4994 qua
3517 4921 3772 4994 populus

2126 5035 2291 5087 meus
2321 5024 2429 5088 est,
2462 5020 2527 5073 ut
2557 5033 2670 5073 non
2703 5014 2821 5071 sint
2849 5012 2926 5068 ibi
2962 5028 3200 5081 muscis,
3232 5015 3288 5067 et
3305 5010 3456 5067 scias
3494 5009 3773 5082 quoniam

2124 5125 2229 5181 ego
2247 5106 2527 5165 Dominus
2558 5106 2616 5160 in
2634 5104 2826 5160 medio
2844 5109 3029 5159 terrae.
3055 5100 3389 5173 Ponamque
3422 5098 3772 5156 divisionem

2124 5200 2277 5253 inter
2308 5194 2591 5269 populum
2624 5208 2820 5249 meum
2855 5195 2913 5247 et
2938 5190 3219 5263 populum
3251 5193 3423 5246 tuum
3450 5206 3464 5246 :
3488 5204 3619 5246 cras
3660 5187 3775 5244 erit

2123 5283 2361 5358 signum
2395 5282 2552 5338 istud
2576 5295 2591 5336 :
2626 5280 2902 5351 Fecitque
2919 5278 3208 5335 Dominus
3232 5276 3335 5334 ita.
3365 5278 3435 5333 Et
3453 5277 3613 5332 venit
3634 5291 3774 5332 mu-

2123 5443 2340 5499 dimus.
2374 5442 2561 5497 MART.
2594 5472 2660 5481 ——
2688 5438 2863 5495 Addit
2890 5438 3042 5495 idem
3078 5455 3188 5494 ms.
3210 5453 3342 5493 cum
3368 5436 3542 5493 editis
3580 5436 3773 5506 libris,

2113 5518 2285 5590 juxta
2315 5514 2602 5584 Graecum,
2633 5518 2686 5569 et
2734 5530 2769 5568 a
2817 5510 2989 5567 servis
3040 5512 3169 5578 tuis,
3201 5514 3253 5565 et
3304 5526 3337 5565 a
3389 5508 3599 5583 populo
3654 5512 3773 5580 tuo,

2115 5592 2353 5658 tantum,
2384 5590 2495 5644 etc.
