4080 6186
326 318 420 375 285
1744 313 1959 368 LIBER
1994 312 2240 369 EXODI.
3588 303 3697 360 286

329 460 414 503 sca
437 439 768 515 gravissima
807 439 869 495 in
920 439 1125 496 domos
1174 438 1495 496 Pharaonis
1539 441 1597 495 et
1644 452 1939 494 servorum
1968 439 2023 505 Α
2052 437 2270 494 crificet
2300 437 2621 505 mihi.Quia
2650 437 2708 493 in
2734 436 2844 493 hac
2865 436 2990 491 vice
3014 434 3243 491 mittam
3268 448 3470 489 omnes
3491 430 3696 504 plagas

329 536 458 607 ejus,
478 536 531 588 et
556 531 615 586 in
644 545 877 586 omnem
907 535 1125 585 terram
1156 528 1407 600 Egypti,
1431 532 1823 599 corruptaque
1853 531 1943 581 est
2050 544 2212 584 meas
2251 545 2431 600 super
2460 544 2559 584 cor
2587 532 2758 583 tuum
2788 528 2983 599 [Vulg.
3016 525 3143 582 add.
3180 525 3469 596 et],super
3500 537 3700 578 servos

331 629 465 681 terra
491 620 559 676 ab
601 618 1008 690 hujuscemodi
1058 617 1302 672 muscis.
1335 617 1689 688 Vocavitque
1718 615 1943 670 Pharao
2052 620 2207 681 tuos,
2241 622 2297 672 et
2326 633 2505 689 super
2532 616 2816 689 populum
2847 622 3016 672 tuum
3044 632 3057 670 :
3092 618 3156 669 ut
3185 614 3341 669 scias
3370 611 3527 683 quod
3578 626 3697 666 non

332 713 505 770 Mosen
559 712 615 765 et
665 711 879 775 Aaron,
913 710 971 763 et
1025 707 1109 762 ait
1163 706 1288 768 eis;
1320 710 1423 773 Ite,
1458 706 1781 761 sacriﬁcate
1830 709 1944 759 Deo
2055 708 2133 761 sit
2163 704 2379 761 similis
2408 705 2518 761 mei
2541 706 2600 760 in
2633 705 2792 760 omni
2810 710 2986 760 terra.
3010 702 3175 759 Nunc
3197 702 3354 757 enim
3379 699 3701 757 extendens

333 805 498 855 vestro
548 798 607 853 in
663 801 821 851 terra
876 795 1056 869 [ναις.
1088 803 1141 851 et
1189 795 1306 851 cod.
1339 795 1494 851 Mem.
1526 794 1738 849 addunt
1792 793 1943 863 hac].
2056 813 2299 853 manum
2332 812 2522 852 meam
2557 796 2746 866 [Vulg.
2782 799 2887 852 tae.
2922 795 3159 866 meam],
3194 791 3519 865 percutiam
3552 794 3609 844 te
3648 792 3705 843 et

2058 885 2340 959 populum
2371 889 2541 941 tuum
2577 892 2760 957 peste,
2792 884 3130 957 peribisque
3159 882 3231 937 de
3271 886 3447 936 terra.
3482 878 3704 935 Idcirco

2059 979 2255 1031 autem
2288 974 2458 1047 posui
2510 979 2587 1045 te,
2622 979 2687 1029 ut
2734 974 3038 1029 ostendam
3086 971 3146 1026 in
3191 974 3248 1025 te
3296 968 3702 1024 fortitudinem

2060 1081 2275 1131 meam,
2308 1069 2366 1119 et
2394 1068 2664 1120 narretur
2694 1077 2905 1119 nomen
2941 1076 3137 1117 meum
3172 1060 3231 1114 in
3290 1058 3472 1113 ommi
3527 1061 3703 1112 terra.

2060 1154 2269 1211 Adhuc
2300 1153 2512 1208 retines
2545 1151 2824 1223 populum
2854 1166 3073 1212 meum,
3105 1153 3303 1204 etnon
3334 1146 3421 1200 vis
3452 1162 3585 1200 eum
3618 1144 3706 1198 di-

2063 1244 2292 1299 mittere
2313 1242 2341 1297 ?
2372 1244 2451 1297 En
2487 1242 2685 1315 pluam
2717 1241 2827 1297 hac
2868 1240 2998 1312 ipsa
3027 1238 3173 1293 hora
3202 1253 3330 1291 cras
3362 1232 3706 1306 grandinem

332 1340 434 1389 Deo
463 1340 655 1387 nostro
686 1332 843 1388 sicut
872 1329 1145 1402 pracepit
1174 1329 1367 1385 nobis.
1401 1329 1674 1401 Dixitque
1704 1327 1948 1384 Pharao:
2064 1331 2310 1387 multam
2344 1332 2544 1402 nimis,
2578 1330 2772 1403 qualis
2811 1348 2927 1386 non
2963 1328 3074 1385 fuit
3125 1328 3184 1382 in
3233 1327 3501 1397 Egypto,
3535 1339 3568 1377 a
3616 1323 3709 1375 die

333 1420 734 1494 Egcdimittam
754 1436 855 1475 vos
886 1425 951 1475 ut
969 1418 1312 1475 sacriﬁcetis
1337 1419 1582 1474 Domino
1604 1419 1720 1474 Deo
1738 1423 1952 1488 vestro,
2066 1436 2179 1490 qua
2222 1421 2467 1475 fundata
2498 1424 2606 1487 est,
2638 1435 2827 1491 usque
2856 1420 2916 1474 in
2951 1433 3209 1491 praesens
3258 1421 3514 1485 tempus.
3548 1410 3712 1467 Mitte

331 1511 384 1567 in
411 1511 669 1566 deserto:
695 1514 1097 1564 verumtamen
1129 1507 1365 1578 longius
1396 1524 1468 1562 ne
1499 1507 1736 1571 abeatis,
1756 1512 1955 1578 rogate
2066 1526 2203 1583 ergo
2227 1511 2354 1581 jam
2382 1527 2558 1577 nunc,
2584 1515 2640 1565 et
2670 1525 2961 1583 congrege
2982 1510 3257 1582 jumenta
3284 1508 3408 1570 tua,
3433 1506 3490 1557 et
3518 1501 3714 1556 omnia

336 1616 425 1673 pro
454 1615 561 1654 me.
595 1602 669 1653 Et
697 1597 781 1654 ait
827 1597 1049 1653 Moses:
1080 1600 1365 1668 Egressus
1394 1614 1429 1652 a
1468 1600 1546 1667 te,
1578 1597 1795 1669 rogabo
1844 1596 1956 1652 Do-
2067 1617 2196 1672 quae
2230 1600 2408 1656 habes
2438 1600 2498 1655 in
2559 1616 2734 1671 agro:
2769 1598 3039 1655 homines
3096 1596 3275 1663 enim,
3309 1597 3369 1649 et
3420 1593 3711 1663 jumenta,

335 1688 565 1753 mitium.
598 1690 658 1743 εί
686 1687 918 1742 recedet
945 1701 1152 1741 11111808
1180 1703 1213 1741 ﬁ
1242 1684 1564 1754 Pharaone,
1596 1690 1653 1741 et
1683 1702 1715 1740 a
1752 1685 1956 1755 serviS,
2068 1694 2127 1744 et
2156 1689 2452 1755 universa,
2484 1704 2613 1761 quae
2644 1690 2880 1744 inventa
2911 1688 3129 1743 fuerint
3160 1685 3323 1750 foris,
3345 1697 3449 1738 nec
3479 1694 3719 1751 congre-

334 1774 796 1848 stapopuloejus
811 1778 1391 1875 cras:‘verumtam‘en
1413 1773 1533 1875 noli
1566 1771 1954 1875 ultrafallere,
1991 1810 2039 1875 Β
2070 1784 2206 1850 gata
2235 1780 2307 1833 de
2355 1778 2536 1850 agris,
2571 1777 2967 1851 cecideritque
2997 1794 3178 1849 super
3208 1793 3275 1833 ea
3300 1772 3547 1847 grando,
3584 1790 3715 1832 mo-

327 1871 507 1923 utnon
531 1865 803 1920 dimittas
823 1862 1105 1936 p0pulum
1129 1862 1458 1919 sacriﬁcare
1479 1862 1963 1933 Domino.Egres-
1993 1862 2038 1875 “’
2072 1868 2315 1923 rientur.
2348 1868 2455 1932 Qui
2485 1868 2687 1923 timuit
2713 1868 2949 1923 verbum
2980 1866 3213 1923 Domini
3246 1868 3317 1922 de
3347 1867 3530 1921 servis
3562 1865 3715 1920 Pha-

325 1970 529 2027 susque
573 1954 769 2010 Moses
817 1970 850 2008 a
900 1952 1220 2019 Pharaone,
1252 1953 1438 2009 oravit
1478 1952 1818 2009 Dominum.
1852 1951 1959 2017 Qui

2082 1958 2291 2021 raonis,
2326 1956 2461 2013 fecit
2492 1957 2802 2027 confugere
2833 1973 3031 2012 servos
3076 1972 3217 2011 suos
3246 1961 3303 2011 et
3341 1956 3614 2027 jumenta
3660 1955 3716 2009 in

322 2044 443 2099 fecit
488 2046 663 2114 juxta
720 2042 959 2097 verbum
990 2040 1195 2097 illius:
1230 2045 1288 2097 et
1318 2040 1567 2097 abstulit
1623 2057 1861 2096 muscas
1930 2057 1963 2095 a
2070 2048 2317 2101 domos:
2351 2045 2452 2118 qui
2511 2050 2707 2101 autem
2761 2045 3015 2117 neglexit
3062 2061 3390 2100 sermonem
3449 2042 3708 2108 Domini,

335 891 391 946 Et
416 889 491 943 ait
514 887 735 942 Moses:
767 884 894 941 Non
926 889 1117 956 potest
1153 883 1235 939 ita
1256 883 1381 938 fieri
1433 900 1447 938 :
1481 882 1948 939 abominationes

335 978 465 1035 enim
478 976 874 1048 Egyptiorum
889 974 1332 1029 immolabimus
1344 972 1594 1029 Domino
1618 977 1733 1027 Deo
1748 976 1947 1027 nostro

333 1066 467 1139 quod
488 1065 534 1121 si
556 1063 1011 1119 mactaverimus
1031 1079 1100 1118 ea
1120 1078 1250 1134 quae
1272 1061 1727 1133 colunt/Egyptii
1751 1077 1948 1117 coram

336 1156 425 1224 eis,
469 1153 760 1226 lapidibus
809 1169 915 1207 nos
963 1152 1232 1207 obruent.
1267 1151 1437 1206 Viam
1489 1150 1666 1206 trium
1718 1151 1949 1206 dierum

332 1259 621 1319 pergamus
641 1242 701 1297 in
724 1240 1127 1297 solitudinem:
1144 1246 1199 1295 et
1222 1240 1684 1296 sacrificabimus
1709 1239 1951 1295 Domino

323 2132 635 2199 Pharaone,
660 2135 719 2186 et
746 2148 782 2187 ι
822 2130 1028 2198 servis,
1062 2135 1120 2186 et
1149 2147 1182 2186 a
1230 2130 1446 2203 populo
1489 2132 1660 2200 ejus:
1696 2146 1811 2185 non
1864 2146 1959 2185 su-

324 2221 521 2292 perfuit
550 2236 629 2276 ne
656 2236 773 2275 una
804 2219 1065 2290 quidem.
1090 2224 1156 2273 Et
1184 2220 1553 2290 ingravatum
1577 2224 1668 2275 est
1698 2235 1798 2275 cor
1816 2218 1961 2274 Pha-

328 2310 528 2380 nonis,
553 2311 643 2366 ita
672 2314 737 2365 ut
766 2324 839 2365 ne
868 2309 975 2364 hac
1005 2309 1243 2380 quidem
1274 2308 1396 2365 vice
1421 2309 1745 2365 dimitteret
1775 2325 1959 2381 popu-

322 2398 451 2454 lum.

388 2487 546 2559 [Cap.
580 2486 744 2556 IX,5
801 2487 1023 2556 Plaga.]
1071 2486 1229 2543 Dixit
1284 2490 1482 2543 autem
1543 2487 1828 2544 Dominus
1886 2489 1956 2543 ad

322 2576 543 2633 Mosen:
581 2576 898 2649 Ingredere
946 2576 1015 2631 ad
1071 2576 1451 2647 Pharaonem,
1496 2581 1553 2632 et
1600 2576 1839 2649 loquere
1887 2578 1959 2631 ad

326 2681 478 2721 eum:
500 2665 637 2721 Haec
658 2664 1099 2721 dicitDominus
1120 2664 1276 2721 Deus
1297 2665 1701 2722 Hebraeorum:
1729 2666 1962 2721 Dimitte

327 2755 599 2827 populum
636 2770 833 2809 meum
867 2760 933 2810 ut
958 2753 1245 2810 sacriﬁcet
1275 2754 1441 2809 mihi.
1477 2755 1638 2821 Quod
1672 2754 1722 2810 si
1771 2755 1964 2810 adhuc

327 2844 532 2914 renuis,
566 2847 630 2899 et
656 2843 875 2899 retines
905 2858 1041 2899 eos:
1071 2858 1203 2898 ecce
1244 2859 1461 2899 manus
1490 2860 1622 2899 mea
1651 2843 1762 2899 erit
1791 2861 1967 2916 super

326 2948 485 3003 agros
517 2936 696 2988 tuos:
721 2947 899 3003 super
925 2948 1127 3003 equos,
1160 2936 1217 2987 et
1247 2932 1468 3002 asinos,
1501 2937 1558 2988 et
1586 2933 1861 3001 camelos,
1911 2938 1967 2989 et

326 3020 510 3088 boves,
539 3026 602 3076 et
631 3036 788 3088 oves,
818 3020 1003 3092 pestis
1030 3020 1199 3076 valde
1228 3022 1438 3092 gravis.
1474 3025 1541 3076 Et
1570 3022 1741 3078 faciet
1768 3023 1959 3078 Domi.

328 3125 430 3165 nus
451 3108 746 3176 mirabile,
770 3108 925 3164 inter
943 3110 1345 3179 possessiones
1370 3110 1548 3166 Israel
1570 3115 1628 3165 et
1651 3111 1968 3182 possessio-

2071 2135 2300 2192 dimisit
2328 2151 2525 2190 servos
2556 2151 2696 2191 suos
2725 2140 2783 2190 et
2819 2135 3085 2206 jumenta
3134 2133 3191 2187 in
3246 2133 3425 2205 agris.
3458 2137 3530 2188 Et
3574 2131 3721 2186 dixit

2073 2225 2353 2280 Dominus
2386 2225 2458 2279 ad
2490 2227 2685 2279 Mosen
2716 2239 2731 2280 :
2765 2224 3020 2279 Extende
3051 2239 3293 2277 manum
3328 2230 3485 2277 tuam
3518 2222 3578 2275 in
3610 2237 3718 2277 cm-

2068 2314 2216 2380 lum,
2241 2318 2307 2369 ut
2330 2314 2430 2368 fiat
2460 2313 2682 2385 grando
2714 2312 2773 2367 in
2796 2312 3072 2367 universa
3101 2315 3259 2367 terra
3286 2310 3517 2383 Egypti
3543 2324 3722 2381 super

2069 2404 2359 2469 homines,
2392 2406 2447 2457 et
2478 2418 2653 2474 super
2676 2402 2971 2472 jumenta,
3005 2405 3063 2457 et
3093 2416 3271 2472 super
3302 2415 3537 2454 omnem
3589 2397 3726 2453 ber—

2071 2492 2205 2546 bam
2238 2492 2361 2563 agri
2394 2490 2451 2545 in
2485 2496 2640 2545 terra
2666 2491 2920 2563 Egypti.
2952 2490 3341 2561 Extenditque
3373 2488 3563 2544 Moses
3606 2487 3724 2541 vir-

2070 2596 2202 2651 gam
2238 2579 2295 2633 in
2330 2578 2641 2650 ecslum,et
2669 2579 2954 2635 Dominus
2977 2578 3137 2634 dedit
3164 2578 3446 2643 tonitrua,
3466 2581 3522 2632 et
3543 2592 3723 2647 gran-

2072 2670 2295 2737 dinem,
2318 2684 2386 2723 ac
2406 2668 2795 2723 discurrentia
2823 2667 3057 2740 fulgura
3087 2682 3265 2739 super
3286 2674 3520 2722 terram:
3548 2665 3725 2736 pluit-

2072 2774 2187 2829 que
2217 2757 2497 2813 Dominus
2527 2757 2872 2829 grandinem
2907 2774 3085 2829 super
3113 2761 3327 2811 terram
3363 2753 3615 2827 Egypti.
3657 2754 3728 2808 Et

2076 2846 2299 2918 grando
2330 2849 2386 2899 et
2413 2844 2569 2917 ignis
2602 2845 2867 2901 immista
2914 2845 3132 2918 pariter
3186 2844 3559 2899 ferebantur:
3595 2845 3725 2897 tan-

2075 2940 2263 3006 taeque
2323 2933 2433 2989 fuit
2465 2933 2917 3006 magnitudinis,
2950 2936 3171 3005 quanta
3228 2936 3361 2988 ante
3418 2946 3723 3001 nunquam

2077 3023 2352 3096 apparuit
2382 3023 2440 3079 in
2473 3024 2747 3079 universa
2798 3028 2954 3079 terra
3009 3022 3238 3095 Egypti
3294 3038 3363 3077 ex
3416 3036 3533 3093 quo
3582 3035 3726 3092 gens

2080 3112 2181 3167 illa
2213 3113 2447 3169 condita
2477 3117 2567 3169 est
2587 3114 2629 3168 ¹.
2648 3113 2719 3168 Et
2739 3112 3030 3185 percussit
3058 3110 3281 3183 grando
3312 3109 3371 3165 in
3394 3109 3553 3164 omni
3580 3116 3731 3164 terra

327 3214 424 3254 nes
450 3196 883 3271 Egyptiorum,
918 3177 984 3253 ut
1030 3197 1176 3255 nihil
1225 3198 1467 3254 omnino
1510 3177 1710 3271 pereat
1759 3216 1827 3255 ex
1875 3200 1966 3255 his
2000 3177 2043 3242 C
2082 3201 2309 3276 Egypti
2342 3206 2556 3257 cuncta
2586 3218 2713 3275 qua:
2740 3177 2997 3257 'fuerant
3043 3177 3103 3256 in
3155 3200 3335 3272 agris,
3367 3198 3440 3253 ab
3491 3196 3731 3253 homine

325 3302 445 3359 qua
474 3286 777 3360 pertinent
806 3287 877 3342 ad
912 3285 1065 3344 ﬁlios
1093 3287 1292 3344 Israel.
1315 3288 1747 3361 Constituitque
1776 3288 1972 3344 Domi-

325 3391 429 3432 nus
458 3381 728 3448 tempus,
759 3375 1000 3432 dicens:
1035 3376 1176 3431 Cras
1208 3375 1383 3432 faciet
1417 3377 1699 3434 Dominus
1729 3380 1972 3433 verbum

323 3463 469 3521 istud
500 3465 564 3521 in
596 3470 775 3520 terra.
809 3464 967 3520 Fecit
994 3480 1129 3535 ergo
1161 3464 1445 3521 Dominus
1474 3466 1716 3521 verbum
1750 3466 1855 3522 hoc
1885 3466 1975 3521 al-

325 3557 443 3609 tera
471 3554 567 3609 die
596 3570 613 3610 :
644 3559 993 3626 mortuaque
1042 3558 1185 3610 sunt
1211 3554 1407 3609 omnia
1440 3555 1767 3611 animantia
1806 3556 1973 3628 Egy-

327 3641 576 3712 ptiorum
603 3658 621 3697 :
653 3642 725 3698 de
752 3641 1111 3698 animalibus
1140 3658 1274 3698 vero
1304 3642 1557 3699 filiorum
1602 3643 1777 3699 Israel
1828 3643 1977 3700 nihil

328 3731 560 3787 omnino
596 3731 792 3803 periit.
824 3736 895 3787 Et
924 3732 1087 3787 misit
1118 3732 1341 3788 Pharao
1371 3734 1443 3788 ad
1481 3732 1797 3789 videndum
1824 3750 1837 3790 :
1870 3750 1977 3791 nec

324 3828 434 3875 erat
463 3820 797 3893 quidquam
832 3826 1133 3877 mortuum
1171 3822 1240 3877 de
1266 3821 1360 3877 his
1390 3838 1519 3893 qua:
1542 3823 1856 3894 possideba
1896 3824 1977 3880 Is-

324 3910 452 3965 rael.
490 3912 550 3985 [ὃ
583 3910 810 3983 Plaga.)
839 3910 1335 3983 Ingravatumque
1366 3917 1456 3968 est
1489 3929 1590 3968 cor
1636 3912 1974 3983 Pharaonis,

325 4003 376 4052 et
401 4014 514 4055 non
550 3999 789 4055 dimisit
818 3999 1127 4072 populum.
1161 4004 1229 4055 Et
1261 4001 1405 4057 dixit
1434 4001 1722 4057 Dominus
1752 4003 1822 4058 ad
1856 4003 1976 4058 Mo-

326 4101 420 4142 sen
451 4094 508 4143 et
539 4094 778 4144 Aaron:
810 4089 1016 4145 Tollite
1047 4090 1251 4161 plenas
1282 4107 1491 4147 manus
1523 4091 1733 4147 cineris
1781 4092 1852 4146 de
1882 4108 1978 4147 ca-

331 4175 504 4242 mino,
536 4182 601 4232 et
630 4183 870 4249 spargat
914 4178 1086 4233 illum
1145 4179 1337 4234 Moses
1394 4180 1453 4234 in
1512 4179 1723 4235 cmlum
1782 4196 1977 4236 coram

329 4264 672 4322 Pharaone:
726 4266 920 4337 sitque
978 4266 1172 4337 pulvis
1231 4283 1411 4337 super
1466 4284 1703 4323 omnem
1759 4272 1978 4323 terram

329 4350 580 4425 Egypti:
596 4360 774 4409 erunt
801 4353 959 4410 enim
978 4353 1321 4411 hominibus
1355 4356 1715 4427 etjumentis
1738 4356 1981 4413 vulnera

326 4440 513 4513 [νίας.
571 4441 813 4510 ulcera],
866 4448 924 4499 et
978 4444 1181 4499 vesicas
1235 4448 1561 4517 turgentes,
1593 4446 1652 4501 in
1710 4445 1981 4501 universa

2083 3308 2272 3363 usque
2299 3292 2370 3347 ad
2394 3293 2758 3363 jumentum,
2782 3295 3174 3361 cunctamque
3196 3289 3433 3344 herbam
3452 3286 3577 3359 agri
3609 3302 3735 3358 per-

2084 3381 2271 3436 cussit
2300 3381 2541 3451 grando,
2574 3384 2631 3435 et
2662 3396 2837 3435 omne
2867 3379 3093 3452 lignum
3128 3377 3384 3451 regionis
3423 3373 3729 3446 confregit.

2082 3470 2335 3526 Tantum
2357 3470 2416 3524 in
2440 3473 2593 3525 terra
2614 3470 2823 3536 Gesen,
2849 3469 2948 3526 ubi
2972 3472 3141 3523 erant
3157 3466 3259 3522 filii
3284 3465 3483 3533 Israel,
3509 3465 3731 3536 grando

2086 3575 2203 3615 non
2230 3558 2460 3615 cecidit.
2492 3557 2764 3631 Misitque
2794 3558 3041 3629 Pharao,
3073 3562 3131 3613 et
3176 3556 3399 3613 vocavit
3430 3555 3628 3609 Mosen
3675 3558 3737 3609 et

2083 3651 2298 3713 Aaron,
2329 3648 2530 3704 dicens
2563 3664 2636 3703 an
2668 3664 2800 3703 eos:
2834 3647 3071 3703 Peccavi
3102 3648 3275 3703 etiam
3309 3659 3504 3700 nunc:
3541 3643 3733 3698 Domi-

2087 3753 2201 3793 nus
2223 3738 2424 3809 justus
2449 3753 2462 3791 :
2486 3753 2593 3809 ego
2620 3741 2683 3792 et
2713 3736 2971 3808 populus
2995 3752 3183 3804 meus,
3208 3734 3396 3807 impii.
3425 3732 3599 3787 Orate
3624 3733 3733 3787 Do-

2087 3826 2337 3893 minum,
2370 3830 2435 3881 ut
2492 3826 2765 3881 desinant
2819 3826 3084 3881 tonitrua
3136 3823 3261 3892 Dei,
3292 3826 3349 3877 et
3378 3821 3639 3894 grando:
3673 3822 3737 3872 ut

2086 3916 2382 3970 dimittam
2415 3932 2537 3979 vos,
2570 3920 2627 3970 et
2659 3931 3027 3989 nequaquam
3077 3913 3172 3968 hic
3221 3912 3375 3966 ultra
3422 3908 3732 3963 maneatis.

2087 4005 2185 4060 Ait
2214 4005 2408 4060 Moses
2432 4024 2446 4073 ;
2470 4008 2613 4061 Cum
2645 4020 2920 4075 egressus
2947 4004 3108 4058 fuero
3140 4002 3212 4057 de
3233 3999 3399 4065 urbe,
3422 3998 3731 4052 extendam

2087 4092 2316 4164 palmas
2347 4108 2507 4147 meas
2539 4092 2610 4146 ad
2643 4092 2982 4154 Dominum,
3014 4094 3071 4145 et
3101 4087 3419 4145 cessabunt
3448 4085 3730 4150 tonitrua,

2088 4186 2147 4236 et
2176 4182 2398 4252 grando
2430 4197 2546 4235 non
2577 4181 2720 4235 erit:
2742 4185 2806 4236 ut
2834 4180 2987 4235 scias
3018 4178 3158 4250 quia
3172 4176 3404 4234 Domini
3435 4178 3526 4231 est
3555 4178 3733 4229 terra:

2088 4272 2219 4326 novi
2251 4275 2467 4338 autem,
2503 4270 2657 4341 quod
2689 4274 2747 4325 et
2801 4274 2887 4338 tu,
2920 4273 2977 4324 et
3007 4268 3156 4323 servi
3213 4266 3323 4335 tui,
3356 4264 3607 4320 necdum
3655 4262 3734 4317 ti-

2088 4360 2299 4415 meatis
2331 4358 2643 4415 Dominum
2675 4363 2878 4415 Deum.
2906 4357 3110 4414 Linum
3159 4371 3294 4429 ergo
3342 4359 3401 4409 et
3445 4352 3735 4409 hordeum

2088 4446 2292 4503 laesum
2326 4452 2436 4514 est,
2460 4463 2526 4502 eo
2556 4447 2708 4519 quod
2734 4451 2890 4502 esset
2912 4446 3199 4502 hordeum
3228 4444 3442 4512 virens,
3466 4445 3522 4496 et
3545 4440 3735 4495 linum

328 4535 480 4587 terra
529 4532 789 4604 Egypti.
839 4532 1130 4588 Tulerunt
1185 4533 1442 4589 cinerem
1507 4534 1577 4590 de
1634 4535 1885 4602 camino,
1928 4540 1985 4591 et
2014 4543 2060 4607 D
2082 4538 2210 4609 jam
2242 4535 2533 4592 folliculos
2563 4537 2955 4609 germinaret:
2988 4534 3251 4590 triticum
3293 4536 3490 4587 autem
3535 4535 3595 4586 et
3651 4531 3739 4583 far

328 4625 625 4677 steterunt
654 4635 853 4677 coram
887 4620 1211 4688 Pharaone,
1245 4627 1303 4678 et
1326 4622 1546 4695 sparsit
1575 4622 1741 4678 illum
1794 4627 1983 4680 Moses

327 4708 382 4763 iu
414 4708 677 4766 ccelum:
713 4709 980 4780 factaque
1008 4714 1149 4766 sunt
1193 4710 1435 4767 vulnera
1486 4710 1808 4767 vesicarum
1854 4718 1982 4768 tur-

323 4799 596 4871 gentium
625 4799 688 4856 in
721 4799 1088 4868 hominibus,
1110 4806 1169 4856 et
1190 4801 1504 4872 jumentis,
1562 4820 1666 4859 nec
1712 4808 1983 4875 poterant

326 4888 578 4945 malefici
611 4893 769 4944 stare
800 4904 997 4944 coram
1031 4889 1188 4946 Moss
1213 4896 1450 4963 propter
1481 4892 1745 4958 vulnera,
1769 4909 1896 4964 quas
1918 4892 1981 4948 in

323 4974 437 5033 illis
466 4981 664 5045 erant,
697 4982 756 5033 et
786 4977 844 5032 in
874 4978 1036 5033 omni
1066 4983 1221 5036 terra
1265 4980 1514 5054 Egypti.
1567 4981 1985 5054 Induravitque

324 5065 619 5121 Dominus
661 5082 762 5121 cor
810 5065 1153 5136 Pharaonis,
1186 5072 1243 5124 et
1292 5085 1408 5125 non
1439 5069 1663 5125 audivit
1701 5085 1800 5126 eos
1830 5070 1986 5126 sicut

317 5150 554 5211 locutus
588 5158 680 5209 est
711 5153 999 5210 Dominus
1030 5157 1103 5212 ad
1127 5160 1327 5212 Mosen
1359 5158 1415 5230 [7
1451 5158 1687 5230 Plaga.]
1720 5157 1986 5229 Dixitque

318 5243 619 5299 Dominus
650 5243 724 5298 ad
760 5243 960 5300 Mosen
989 5260 1003 5298 :
1036 5244 1206 5301 Mane
1237 5262 1545 5320 consurge,
1579 5251 1638 5303 et
1667 5251 1757 5303 sta
1786 5262 1982 5302 coram

318 5330 651 5399 Pharaone,
684 5336 739 5387 et
770 5331 931 5388 dices
977 5333 1048 5388 ad
1103 5350 1278 5389 eum:
1314 5335 1444 5391 Haec
1493 5336 1636 5391 dicit
1698 5335 1985 5390 Dominus

322 5422 474 5477 Dens
504 5420 929 5478 Hebraeorum:
970 5420 1211 5478 Dimitte
1243 5423 1525 5496 populum
1565 5439 1762 5479 meum
1795 5428 1859 5478 ut
1888 5439 1983 5478 sa-

410 5547 429 5582 ¹
458 5544 653 5600 Aliter
676 5561 863 5601 canon

315 5586 426 5672 ίιια
453 5586 1014 5674 meum;

2094 4642 2208 4682 non
2242 4630 2383 4682 sunt
2424 4625 2585 4694 laesa,
2618 4624 2758 4696 quia
2805 4624 3065 4681 serotina
3112 4626 3298 4678 erant.
3332 4624 3737 4694 Egressusque

2095 4715 2281 4771 Moses
2313 4731 2347 4769 a
2376 4714 2675 4771 Pharaone
2705 4731 2773 4770 ex
2805 4713 2947 4769 urbe
2975 4712 3222 4768 tetendit
3275 4726 3488 4766 manus
3518 4709 3590 4764 ad
3621 4707 3734 4763 Do-

2093 4803 2364 4860 minum:
2395 4808 2452 4860 et
2498 4807 2875 4860 cessaverunt
2930 4803 3191 4858 tonitrua
3246 4804 3303 4856 et
3355 4798 3598 4870 grando,
3633 4813 3738 4852 nec

2094 4892 2251 4948 ultra
2280 4892 2524 4948 stillavit
2556 4892 2751 4964 pluvia
2778 4907 2957 4959 super
3003 4895 3244 4945 terram.
3280 4889 3490 4944 Videns
3538 4891 3734 4941 autem

2092 4982 2320 5037 Pharao
2352 4982 2506 5053 quod
2540 4985 2832 5037 cessasset
2861 4979 3081 5053 pluvia,
3113 4984 3171 5035 et
3200 4978 3447 5052 grando,
3478 4980 3536 5032 et
3582 4973 3736 5030 toni-

2093 5074 2245 5135 trua,
2279 5070 2440 5125 auxit
2468 5074 2791 5141 peccatum,
2824 5074 2880 5125 et
2910 5070 3277 5141 ingravatum
3308 5070 3397 5122 est
3443 5080 3542 5119 cor
3587 5063 3738 5133 ejus,

2092 5162 2149 5215 et
2178 5175 2479 5215 servorum
2512 5158 2697 5230 illius,
2729 5163 2783 5214 et
2815 5158 3155 5215 induratum
3189 5156 3367 5212 nimis
3394 5172 3408 5212 :
3438 5169 3542 5208 nec
3574 5150 3741 5207 dimi-

2095 5248 2172 5304 sit
2203 5247 2355 5304 filios
2388 5247 2589 5316 Israel,
2622 5249 2776 5304 sicut
2806 5247 3038 5304 locutus
3070 5251 3160 5303 est
3187 5244 3467 5301 Dominus
3490 5256 3590 5314 per
3612 5255 3737 5295 ma-

2096 5354 2235 5392 num
2269 5338 2433 5395 Mosi.

2164 5426 2252 5495 [L.
2285 5425 2379 5497 VI,
2410 5427 2539 5499 Cap.
2570 5428 2648 5495 Χ,
2678 5427 2711 5481 8
2758 5426 2978 5497 Plaga.]
3038 5424 3103 5479 Et
3150 5420 3293 5477 dixit
3324 5418 3608 5476 Dominus
3666 5418 3737 5473 ad

919 5546 1215 5603 Hebraicis
1244 5550 1529 5618 veritatis,
1562 5526 1665 5607 sed
1695 5552 1901 5608 eodem
1960 5567 2175 5619 sensu;
2210 5551 2351 5626 legit
2405 5553 2563 5609 enim
2619 5550 2778 5606 hunc
2828 5551 2889 5605 in
2923 5551 3201 5605 modum:
3234 5548 3318 5601 Ex
3354 5560 3457 5620 quo
3514 5559 3645 5621 gens
3673 5544 3738 5599 in
