4080 6186
250 293 360 351 287

1290 299 1349 352 8.
1391 295 1801 350 HIERONYMI
1839 295 2096 350 DIVINA
2129 294 2626 351 BIBLIOTHRCA.

3552 291 3662 354 288

257 420 456 478 Mosen
482 438 496 478 :
518 422 828 494 Ingredere
860 422 932 477 ad
964 420 1326 476 Pharaonem
1354 433 1498 491 ;ego
1529 419 1687 474 enim
1723 417 1898 473 indu-
1927 419 1978 486 Α
2016 419 2475 486 mentissimum,
2508 425 2564 476 et
2597 423 2892 492 arreptam
2953 419 3241 476 locustam
3299 418 3546 491 projecit
3601 419 3658 473 in

255 511 377 567 ravi
426 527 525 568 cor
553 511 703 584 eius,
736 515 792 568 et
822 527 1122 567 servorum
1157 509 1316 566 illius
1343 526 1354 565 :
1393 513 1459 564 ut
1489 510 1698 564 faciam
1737 509 1904 580 signa

259 615 390 656 mea
419 600 538 657 haec
593 601 651 655 in
711 616 798 669 eo,
831 603 888 655 et
945 614 1117 655 nares
1149 598 1209 654 in
1268 599 1508 655 auribus
1540 598 1645 653 ﬁlii
1702 598 1814 668 tui,
1847 601 1904 652 et

260 695 541 760 nepotum
593 692 847 756 tuorum,
882 688 1115 760 quoties
1162 686 1535 744 contriverim
1587 687 1904 760 Egyptios,

260 782 318 833 et
348 777 515 848 signa
544 793 673 833 mea
705 776 940 832 fecerim
971 776 1029 832 in
1083 775 1190 844 eis,
1225 780 1282 833 et
1313 776 1512 832 scietis
1539 777 1718 848 [Vulg.
1753 775 1903 831 scia-

255 866 353 938 tis]
385 866 523 939 quia
553 882 656 937 ego
693 865 993 922 Dominus.
1028 865 1386 921 Introierunt
1440 881 1576 936 ergo
1632 869 1820 921 Moses
1851 868 1907 920 et

258 960 451 1009 Aaron
482 954 553 1009 ad
588 953 969 1020 Pharaonem,
1003 959 1060 1010 et
1116 955 1390 1010 dixerunt
1439 955 1507 1009 ad
1561 970 1696 1009 eum
1725 969 1739 1009 :
1773 953 1903 1009 Haec

259 1043 403 1098 dicit
433 1043 737 1114 Dominus,
777 1045 925 1100 Deus
973 1045 1392 1100 Hebraeorum:
1425 1043 1738 1115 Usquequo
1789 1060 1903 1098 non

259 1132 347 1188 vis
378 1131 590 1203 subjici
624 1132 767 1188 mihi
792 1133 819 1188 ?
840 1132 1068 1188 dimitte
1100 1132 1381 1204 pupulum
1405 1137 1709 1199 meum,ut
1725 1131 1902 1187 sacri-

259 1221 393 1277 ﬁcet
424 1221 589 1277 mihi.
614 1221 715 1277 Sin
748 1227 944 1278 autem
981 1222 1232 1291 resistis,
1259 1227 1314 1277 et
1346 1239 1459 1277 non
1493 1221 1581 1276 vis
1613 1220 1908 1276 dimittere

262 1325 599 1366 eumzecce
629 1326 734 1383 ego
765 1310 1042 1366 inducam
1103 1325 1233 1366 cras
1290 1309 1578 1366 locustam
1641 1309 1699 1364 in
1758 1309 1904 1364 ﬁnes

264 1405 435 1456 tuos:
462 1416 590 1471 qua:
615 1399 840 1472 aperiat
875 1399 1243 1471 superﬁciem
1276 1406 1440 1454 terra;
1471 1415 1573 1454 nec
1598 1399 1783 1467 [Vulg.
1814 1397 1908 1469 ne]

265 1489 592 1561 quidquam
625 1489 754 1560 ejus
787 1493 1084 1560 appareat,
1116 1489 1215 1544 sed
1249 1489 1588 1544 comedatur
1619 1488 1772 1558 quod
1820 1503 1906 1542 re-

267 1579 503 1635 siduum
525 1577 700 1632 fuerit
721 1578 995 1649 grandini
1019 1594 1031 1632 :
1060 1578 1326 1634 corrodet
1347 1578 1502 1633 enim
1531 1577 1730 1633 omnia
1750 1575 1911 1648 ligna

267 1684 396 1739 quae
431 1667 765 1737 germinant
795 1667 853 1722 in
887 1666 1064 1738 agris.
1085 1667 1155 1721 Et
1187 1665 1519 1738 implebunt
1549 1667 1755 1721 domos
1776 1670 1909 1720 tuas

268 1758 324 1811 et
395 1770 693 1810 servorum
765 1758 1026 1822 tuorum,
1073 1760 1132 1810 et
1187 1754 1856 1826 omnium/Egyptiorum
1892 1772 1906 1820 ;
1942 1790 1990 1855 Β

267 1847 546 1915 quantam
580 1859 693 1897 non
727 1842 1000 1898 viderunt
1057 1846 1252 1915 patres
1311 1842 1419 1911 tui,
1451 1848 1507 1899 et
1536 1842 1648 1911 avi,
1680 1843 1913 1914 ex;quo

271 1931 382 1988 orti
413 1935 552 1988 sunt
581 1948 760 2003 super
786 1935 1002 1987 terram
1036 1949 1224 2002 usque
1267 1930 1323 1985 in
1361 1936 1702 2002 praesentem
1734 1931 1909 1986 diem.

270 2020 608 2092 Avertitque
638 2036 720 2090 se,
743 2024 801 2076 et
829 2037 1099 2090 egressus
1121 2028 1210 2076 est
1228 2037 1261 2075 a
1291 2019 1612 2075 Pharaone.
1635 2019 1916 2075 Dixerunt

273 2114 468 2165 autem
503 2109 653 2165 servi
683 2109 1008 2164 Pharaonis
1057 2109 1126 2164 ad
1160 2125 1333 2165 eum:
1373 2110 1686 2181 Usquequo
1734 2107 1914 2180 patie-

271 2215 405 2254 mur
434 2197 544 2253 hoc
577 2197 922 2253 scandalum
949 2200 971 2252 Ρ
1002 2197 1240 2253 Dimitte
1269 2197 1560 2264 homines,
1596 2203 1658 2252 ut
1689 2196 1914 2253 sacriﬁ-

273 2290 405 2342 cent
439 2285 679 2341 Domino
710 2285 825 2341 Deo
859 2303 965 2342 suo
998 2303 1010 2341 :
1047 2303 1240 2342 nonne
1288 2286 1449 2341 vides
1482 2286 1637 2358 quod
1677 2284 1916 2358 perierit

271 2373 598 2446 Egyptus?
626 2374 1176 2447 Revocaveruntque
1220 2375 1443 2441 Mosen,
1476 2379 1534 2430 et
1585 2381 1774 2429 Aaron
1845 2373 1915 2428 ad

272 2463 634 2526 Pharaonem
662 2478 674 2517 :
711 2463 810 2534 qui
849 2463 992 2518 dixit
1020 2464 1144 2518 eis:
1178 2465 1279 2532 Ite,
1313 2463 1640 2519 sacriﬁcate
1671 2462 1918 2519 Domino

273 2556 385 2608 Deo
442 2545 678 2608 vestro:
729 2550 972 2624 quinam
1035 2555 1174 2609 sunt
1231 2553 1330 2624 qui
1392 2552 1531 2608 ituri
1584 2551 1782 2608 sunt?
1825 2551 1921 2606 Ait

270 2643 498 2696 Moses:
547 2643 692 2697 Cum
752 2639 1010 2712 parvulis
1067 2641 1286 2697 nostris
1342 2645 1399 2698 et
1455 2641 1698 2697 senibus
1731 2641 1912 2712 [ναις.

273 2728 626 2800 senioribus]
665 2745 994 2802 pergemus,
1023 2746 1156 2785 cum
1212 2729 1347 2786 ﬁliis
1387 2734 1446 2786 et
1493 2729 1751 2795 ﬁliabus,
1785 2745 1920 2785 cum

272 2818 478 2876 ovibus
509 2824 568 2874 et
613 2819 933 2876 armentis:
967 2823 1056 2876 est
1099 2818 1256 2875 enim
1310 2818 1656 2876 solemnitas
1684 2818 1921 2874 Domini

275 2908 374 2963 Dei
407 2908 614 2965 nostri.
644 2908 712 2964 Et
743 2909 1048 2982 respondit
1077 2908 1299 2966 Pharao
1327 2925 1340 2964 :
1368 2909 1464 2965 Sic
1510 2908 1799 2964 Dominus
1843 2907 1922 2963 sit

273 2996 602 3068 vobiscum,
637 2999 926 3068 quomodo
957 3013 1062 3071 ego
1095 2997 1391 3054 dimittam
1412 3014 1533 3065 vos,
1555 3001 1614 3053 st
1645 2995 1921 3068 parvulos

274 3091 516 3156 vestros,
549 3085 642 3141 cui
674 3085 919 3142 dubium
950 3091 1042 3142 est
1090 3087 1246 3158 quod
1297 3086 1553 3157 pessime
1604 3085 1872 3157 cogitetis
1900 3087 1922 3140 Ρ

2014 524 2175 564 mare
2207 508 2510 564 Rubrum:
2546 525 2660 564 non
2696 511 2981 564 remansit
3024 527 3095 565 ne
3147 525 3265 566 una
3314 509 3554 581 quidem
3600 507 3660 562 in

2013 596 2240 653 cunctis
2271 597 2490 654 ﬁnibus
2519 599 2772 672 ZEgypti.
2797 599 2865 654 Et
2896 598 3196 655 induravit
3228 597 3516 653 Dominus
3565 613 3663 651 cor
3733 667 3736 670 .

2013 684 2360 752 Pharaonis,
2389 687 2722 743 necdimisit
2753 688 2907 744 ﬁlios
2941 687 3142 743 Israel.
3176 688 3231 760 [9
3263 687 3479 756 Plaga]
3515 684 3666 740 Dixit

2015 778 2211 829 autem
2249 775 2528 831 Dominus
2561 776 2632 831 ad
2667 776 2867 832 Mosen
2901 775 3158 831 Extende
3206 791 3450 831 manum
3501 778 3664 829 tuam

2013 862 2073 918 in
2107 863 2341 934 coelum,
2374 869 2431 920 et
2476 865 2594 920 sint
2650 865 2904 920 tenebrae
2961 881 3140 936 super
3169 869 3384 920 terram
3438 861 3665 935 Egypti

2016 957 2138 1010 tam
2172 954 2364 1009 densas
2396 958 2461 1008 ut
2491 955 2716 1026 palpari
2767 959 3003 1026 queant.
3039 954 3421 1025 Extenditque
3477 955 3665 1008 Moses

2019 1059 2261 1098 manum
2286 1043 2343 1098 in
2368 1042 2599 1112 coelum,
2625 1049 2681 1099 et
2711 1044 2871 1099 factas
2903 1049 3044 1099 sunt
3073 1043 3325 1099 tenebris
3352 1040 3665 1098 horribiles

2018 1131 2075 1186 in
2111 1131 2385 1188 universa
2412 1136 2566 1188 terra
2594 1133 2825 1204 Egypti
2857 1134 3050 1188 tribus
3099 1133 3328 1188 diebus.
3360 1131 3542 1186 Nemo
3588 1129 3666 1184 vi-

2017 1221 2105 1276 dit
2135 1221 2376 1276 fratrem
2408 1237 2609 1289 suum,
2645 1237 2750 1276 nec
2794 1221 2974 1276 movit
3003 1237 3065 1276 se
3122 1221 3192 1277 de
3249 1219 3376 1276 loco
3435 1219 3494 1273 in
3551 1234 3664 1289 quo

2019 1315 2180 1366 erat:
2215 1310 2550 1381 ubicunque
2582 1316 2776 1366 autem
2808 1310 3158 1366 habitabant
3187 1309 3290 1364 ﬁlii
3329 1307 3528 1376 Israel,
3562 1307 3663 1362 lux

2019 1404 2163 1455 erat.
2196 1399 2555 1470 Vocavitque
2585 1399 2810 1454 Pharao
2839 1402 3057 1468 Mosen,
3091 1405 3149 1454 et
3175 1398 3323 1454 dixit
3352 1401 3368 1434 ¹
3398 1414 3410 1453 :
3445 1398 3550 1464 Ite,
3581 1413 3670 1452 sa-

2019 1489 2276 1544 criﬁcate
2307 1489 2572 1557 Domino,
2607 1504 2741 1544 oves
2769 1493 3000 1543 tantum
3058 1492 3261 1544 vestra:
3316 1491 3374 1543 et
3404 1489 3668 1543 armenta

2021 1582 2383 1647 remaneant,
2401 1576 2623 1646 parvuli
2645 1577 2818 1633 vestri
2843 1581 2978 1633 eant
2998 1576 3433 1634 vobiscum.Ait
3454 1575 3664 1631 Moses:

2021 1667 2224 1724 Hostia
2255 1684 2490 1739 quoque
2514 1671 2570 1723 st
2599 1666 2986 1722 holaucausta
3016 1666 3184 1723 dabis
3215 1665 3408 1732 nobis,
3432 1681 3559 1735 qua:
3589 1665 3670 1720 of-

2020 1758 2276 1812 feramus
2305 1755 2548 1812 Domino
2569 1755 2684 1812 Deo
2715 1761 2932 1813 nostro.
2955 1755 3162 1813 Cuncti
3190 1770 3395 1828 greges
3426 1757 3668 1826 pergant

2026 1845 2332 1901 nobiscum
2363 1861 2376 1899 :
2411 1860 2526 1900 non
2559 1845 2883 1901 remanebit
2912 1861 2979 1900 ex
3009 1843 3094 1900 eis
3127 1843 3387 1916 ungula:
3420 1858 3546 1914 quis
3578 1857 3672 1896 ne-

2024 1935 2274 1992 cessaria
2307 1941 2442 1990 sunt
2472 1935 2531 1989 in
2564 1933 2786 1990 cultum
2813 1933 3044 1990 Domini
3067 1933 3166 1989 Dei
3189 1933 3408 1991 nostri:
3432 1948 3663 2004 praeser-

2024 2026 2133 2082 tim
2161 2041 2293 2080 cum
2317 2024 2654 2097 ignoremus
2667 2023 2806 2095 quid
2831 2023 3038 2079 debeat
3059 2021 3376 2090 immolari,
3393 2023 3578 2078 donec
3596 2022 3668 2076 ad

2024 2114 2220 2186 ipsum
2254 2113 2445 2169 locum
2478 2113 2899 2185 perveniamus.
2925 2113 3225 2168 Induravit
3253 2116 3448 2167 autem
3481 2111 3679 2166 Domi-

2027 2220 2138 2260 nus
2169 2219 2267 2258 cor
2297 2201 2638 2269 Pharaonis,
2673 2207 2730 2258 et
2759 2200 2949 2258 noluit
2997 2201 3290 2256 dimittere
3338 2216 3456 2256 eos.
3491 2199 3676 2255 Dixit-

2028 2309 2140 2366 que
2171 2292 2396 2349 Pharao
2437 2292 2509 2347 ad
2565 2295 2801 2348 Mosen:
2840 2291 3064 2346 Recede
3120 2307 3153 2346 a
3211 2305 3304 2346 me
3362 2289 3521 2362 [Vulg
3550 2289 3675 2345 add.

2026 2384 2129 2453 et],
2154 2397 2290 2437 cave
2321 2396 2393 2436 ne
2427 2381 2581 2436 ultra
2601 2380 2803 2436 videas
2835 2380 3040 2436 faciem
3069 2395 3258 2434 meam
3288 2394 3300 2432 :
3328 2393 3680 2449 quocunque

2028 2472 2123 2527 die
2168 2469 2512 2543 apparueris
2560 2469 2730 2537 mihi,
2764 2468 3051 2525 morieris.
3082 2467 3407 2540 Respondit
3433 2470 3630 2523 Moses
3662 2482 3675 2521 :

2029 2561 2115 2617 Ita
2144 2561 2244 2616 ﬁet
2274 2561 2295 2594 ²
2328 2565 2391 2615 ut
2434 2558 2666 2615 locutus
2696 2565 2806 2628 est,
2841 2575 2954 2614 non
2987 2557 3194 2613 videbo
3253 2556 3406 2612 ultra
3463 2556 3672 2613 faciem

2027 2654 2214 2705 tuam.

2100 2737 2183 2811 [Ο.
2215 2737 2389 2807 XVII,
2423 2740 2552 2809 Cap.
2585 2736 2708 2804 ΧΙ.]
2736 2740 2809 2792 Et
2838 2735 2984 2792 dixit
3013 2735 3299 2792 Dominus
3325 2735 3398 2791 ad
3431 2733 3630 2791 Mosen
3659 2751 3672 2789 :

2030 2826 2380 2896 Adhue,una
2402 2826 2573 2899 plaga
2595 2830 2831 2896 tangam
2858 2825 3218 2881 Pharaonem
3255 2827 3312 2879 et
3341 2823 3677 2896 Egyptum,

2030 2922 2090 2974 et
2119 2920 2253 2990 post
2283 2915 2404 2971 haec
2435 2915 2692 2970 dimittet
2722 2930 2824 2970 vos
2857 2917 2914 2970 et
2954 2913 3111 2970 exire
3153 2911 3481 2985 compellet.
3515 2911 3683 2968 Dices

2033 3021 2170 3078 ergo
2196 3004 2357 3062 omni
2389 3003 2565 3076 plebi,
2601 3007 2666 3059 ut
2696 3001 2948 3075 postulet
2974 3001 3063 3058 vir
3095 3002 3168 3058 ab
3220 3001 3408 3058 amico
3459 3018 3592 3071 suo,
3629 3004 3686 3057 et

2034 3093 2248 3150 mulier
2279 3111 2312 3149 a
2340 3092 2532 3149 vicina
2562 3109 2690 3162 sua,
2723 3108 2864 3149 vasa
2893 3097 3168 3164 argentea
3195 3095 3254 3147 et
3297 3106 3496 3147 aurea.
3517 3089 3684 3146 Dabit

277 3175 402 3232 Non
435 3153 531 3230 ﬁet
559 3174 659 3242 ita,
694 3175 797 3231 sed
828 3175 906 3232 ite
933 3153 1164 3231 tantum
1194 3153 1324 3241 viri,
1356 3179 1412 3232 et
1441 3153 1765 3231 sacriﬁcate
1812 3178 1921 3230 Do-
1952 3153 1995 3221 C
2037 3187 2234 3240 autem
2266 3181 2550 3238 Dominus
2581 3153 2830 3253 gratiam
2864 3153 3077 3252 popvulo
3105 3197 3213 3236 suo
3258 3195 3456 3237 coram
3508 3179 3683 3251 Egy-

281 3263 480 3320 mino:
513 3262 620 3319 hoc
651 3263 808 3318 enim
855 3267 914 3320 et
959 3263 1074 3336 ipsi
1119 3263 1367 3336 petistis.
1402 3263 1732 3336 Statimque
1759 3261 1929 3334 ejecti

280 3356 420 3408 sunt
449 3353 522 3407 de
552 3357 866 3424 conspectu
890 3351 1232 3410 Pharaonis.
1252 3352 1407 3409 Dixit
1427 3356 1620 3409 autem
1643 3352 1929 3410 Dominus

283 3443 353 3499 ad
390 3441 629 3497 Mosen:
662 3441 917 3498 Extende
949 3459 1191 3498 manum
1249 3447 1411 3498 tuam
1470 3458 1646 3514 super
1703 3446 1920 3498 terram

222 3584 229 3591 .
282 3529 511 3604 Egypti
541 3530 610 3585 ad
660 3529 972 3602 locustam,
1005 3537 1070 3588 ut
1126 3531 1404 3588 ascendat
1457 3547 1634 3603 super
1687 3547 1837 3597 eam,
1874 3534 1929 3585 et

285 3621 524 3676 devoret
535 3635 764 3676 omnem
782 3620 1022 3676 herbam
1038 3636 1163 3690 quas
1177 3618 1412 3676 residua
1432 3619 1606 3675 fuerit
1628 3618 1923 3692 grandini.

284 3709 356 3766 Et
387 3709 649 3764 extendit
676 3713 864 3766 Moses
896 3710 1119 3782 virgam
1143 3726 1320 3781 super
1342 3713 1557 3765 terram
1573 3708 1803 3781 Egypti
1832 3725 1845 3775 ;
1877 3712 1932 3764 et

289 3797 571 3856 Dominus
603 3799 832 3855 induxit
861 3805 1100 3855 ventum
1131 3803 1395 3855 urentem
1423 3803 1541 3854 tota
1571 3798 1672 3853 illa
1720 3798 1832 3865 die,
1867 3813 1933 3852 ac

286 3895 478 3958 nocte,
502 3894 557 3942 et
588 3904 757 3943 mane
790 3889 958 3953 facto,
984 3893 1191 3944 ventus
1224 3904 1401 3942 urens
1426 3885 1931 3942 levavitlocustas.

286 3982 421 4048 Qua:
454 3981 848 4037 ascenderunt
870 3994 1049 4049 super
1078 3977 1408 4032 universam
1437 3982 1648 4032 terram
1679 3973 1932 4046 IEgypti,

286 4077 344 4126 et
371 4071 650 4126 sederunt
678 4067 736 4122 in
761 4066 988 4122 cunctis
1011 4065 1228 4121 ﬁnibus
1245 4064 1641 4136 Egyptiorum
1667 4063 1933 4119 innume-

289 4159 527 4228 rabiles,
553 4156 756 4230 quales
788 4159 922 4212 ante
954 4153 1099 4209 illud
1133 4159 1368 4225 tempus
1401 4169 1516 4209 non
1549 4152 1801 4222 fuerant,
1833 4168 1938 4206 nec

290 4252 496 4321 postea
527 4248 731 4302 futuras
763 4249 922 4300 sunt.
957 4243 1442 4315 Operueruntque
1474 4242 1806 4297 universam
1835 4257 1940 4296 su-

290 4334 586 4410 perﬁciem
620 4339 805 4402 teme,
830 4336 1128 4388 vastantes
1157 4330 1372 4386 omnia.
1404 4330 1687 4386 Devorata
1715 4332 1804 4384 est
1833 4328 1939 4400 igi-

292 4431 390 4482 tur
419 4422 604 4479 herba
631 4426 821 4492 terra,
840 4424 897 4476 et
926 4419 1172 4491 quiquid
1203 4434 1511 4491 pomorum
1544 4419 1603 4473 in
1632 4417 1941 4474 arboribus

2035 3271 2193 3345 ptiis.
2209 3271 2458 3342 Fuitque
2480 3269 2673 3326 Moses
2693 3269 2781 3325 vir
2800 3285 3055 3342 magnus
3075 3269 3240 3325 valde
3259 3268 3317 3322 in
3343 3271 3684 3345 terrazEgy-

2035 3344 2140 3434 pti,
2170 3376 2367 3417 coram
2426 3358 2608 3416 servis
2666 3358 2991 3427 Pharaonis
3021 3363 3080 3415 et
3135 3357 3295 3414 omni
3355 3344 3588 3428 populo.
3620 3356 3689 3412 Et

2036 3449 2114 3508 ait
2183 3449 2314 3506 Hec
2368 3448 2514 3505 dicit
2569 3448 2892 3504 Dominus:
2949 3447 3138 3504 Media
3196 3451 3368 3503 nocte
3423 3446 3688 3518 egrediar

2038 3539 2213 3613 [ναις.
2247 3538 2588 3611 ingrediar],
2619 3538 2679 3593 in
2709 3541 3047 3610 Egyptum,
3078 3541 3135 3593 et
3182 3535 3469 3592 morietur
3516 3550 3686 3591 omne

2037 3627 2488 3702 primogenitum
2520 3627 2582 3682 in
2614 3632 2772 3683 terra
2802 3625 3271 3699 Egyptiorum,a
3291 3623 3682 3696 primogenito

2036 3717 2376 3786 Pharaonis,
2410 3716 2512 3788 qui
2542 3717 2708 3772 sedet
2738 3717 2797 3771 in
2830 3715 2976 3772 solio
3007 3716 3157 3786 ejus,
3193 3730 3380 3786 usque
3437 3714 3508 3769 ad
3565 3713 3685 3785 pri-

2040 3807 2402 3879 mogenitum
2436 3805 2682 3874 ancillis,
2714 3822 2840 3876 quis
2873 3809 2963 3861 est
3019 3805 3089 3860 ad
3124 3803 3366 3871 molam,
3396 3807 3455 3858 et
3484 3801 3686 3858 omnia

2041 3898 2431 3970 primogenita
2453 3898 2881 3967 jumentorum.
2912 3895 3150 3965 Eritque
3182 3893 3404 3949 clamor
3437 3908 3688 3964 magnus

2041 3987 2101 4042 in
2133 3984 2406 4042 universa
2435 3989 2589 4042 terra
2619 3983 2872 4056 (Egypti,
2907 3983 3098 4054 qualis
3128 3999 3232 4038 nec
3263 3986 3399 4037 ante
3432 3980 3560 4045 fuit,
3583 3995 3688 4035 nec

2044 4080 2248 4149 postea
2280 4077 2514 4131 futurus
2545 4078 2651 4130 est.
2673 4073 2838 4144 Apud
2874 4087 3080 4128 omnes
3110 4076 3305 4127 autem
3332 4068 3484 4125 ﬁlios
3509 4067 3690 4124 Israel

2045 4183 2160 4222 non
2195 4164 2403 4219 mutiet
2435 4163 2598 4219 canis
2657 4162 2729 4216 ab
2771 4160 3010 4216 homine
3041 4175 3231 4231 usque
3262 4159 3334 4214 ad
3397 4173 3597 4230 pecus,
3631 4164 3694 4211 ut

2044 4253 2247 4310 sciatis
2279 4257 2496 4324 quanto
2528 4249 2812 4307 miraculo
2841 4248 3057 4304 dividat
3081 4248 3368 4304 Dominus
3397 4245 3695 4319 Egyptios

2046 4346 2104 4399 et
2136 4341 2328 4398 Israel.
2363 4340 2845 4410 Descendentque
2902 4353 3108 4393 omnes
3162 4336 3309 4393 servi
3372 4336 3458 4392 tui
3489 4334 3588 4391 isti
3620 4335 3692 4389 ad

2049 4447 2166 4497 me,
2197 4435 2254 4486 et
2310 4430 2642 4487 adorabunt
2698 4443 2811 4495 me,
2847 4427 3148 4482 dicentes:
3185 4425 3469 4498 Egredere
3524 4428 3609 4494 tu,
3637 4425 3694 4478 et

290 4515 425 4583 fuit,
447 4529 573 4585 qua
595 4511 817 4584 grando
839 4510 1160 4580 dimiserat,
1187 4508 1452 4580 nihilque
1478 4507 1719 4563 omnino
1744 4505 1937 4562 virens
1968 4521 2018 4588 D
2048 4521 2242 4578 omnis
2272 4518 2547 4592 populus,
2581 4517 2680 4589 qui
2713 4517 3014 4589 subjectus
3054 4519 3144 4570 εει
3197 4514 3305 4570 tibi
3333 4531 3346 4568 ε
3381 4517 3513 4586 post
3569 4511 3693 4568 hac

293 4605 562 4662 relictum
593 4606 682 4658 est
710 4601 767 4657 in
797 4600 974 4673 lignis
1005 4603 1062 4655 et
1092 4599 1148 4653 in
1185 4598 1384 4654 herbis
1416 4601 1606 4665 terras,
1637 4597 1695 4652 in
1727 4601 1939 4652 cuncta

291 4695 558 4767 Egypto.
591 4694 771 4757 Quam
818 4690 890 4745 ob
949 4705 1071 4744 rem
1132 4687 1383 4744 festinus
1434 4687 1659 4743 Pharao
1715 4684 1941 4742 vocavit

293 4783 491 4840 Mosen
525 4785 582 4836 et
611 4781 824 4845 Aaron,
855 4783 912 4834 et
943 4777 1090 4832 dixit
1119 4777 1242 4833 eis:
1268 4777 1500 4832 Peccavi
1535 4775 1592 4830 in
1626 4774 1940 4830 Dominum

294 4873 478 4929 Deum
510 4876 788 4937 vestrum,
820 4873 877 4924 et
908 4867 964 4922 in
999 4884 1118 4922 vos.
1151 4866 1253 4921 Sed
1291 4882 1446 4920 nunc
1487 4864 1762 4920 dimittite
1812 4879 1940 4935 pec-

298 4967 493 5018 catum
527 4959 667 5016 mihi
717 4958 891 5014 etiam
925 4955 1034 5011 hac
1091 4954 1232 5023 vice,
1265 4959 1321 5009 et
1371 4958 1567 5025 rogate
1627 4951 1940 5008 Dominum

302 5055 478 5108 Deum
496 5054 776 5115 vestrum,
794 5052 858 5102 ut
872 5046 1095 5101 auferat
1109 5062 1141 5101 a
1155 5059 1246 5099 me
1259 5048 1502 5099 mortem
1523 5042 1717 5098 istam.
1731 5041 1940 5112 Egres—

298 5155 519 5212 susque
549 5143 640 5195 est
680 5139 750 5194 de
807 5139 1086 5207 conspetu
1138 5132 1480 5200 Pharaonis,
1515 5136 1571 5186 et
1627 5131 1812 5187 oravit
1839 5133 1943 5185 Do-

299 5229 551 5288 minum.
586 5228 693 5295 Qui
724 5227 865 5282 ﬂare
895 5222 1027 5280 fecit
1055 5226 1316 5288 ventum,
1343 5221 1412 5275 ad
1446 5219 1747 5276 occidente
1779 5217 1942 5274 vehe-

374 5409 390 5443 ¹
422 5405 572 5462 Editi
603 5402 737 5459 libri
766 5399 1074 5456 lectionem
1109 5397 1245 5453 LXX
1276 5397 1689 5469 interpretum,
1715 5397 1772 5450 et
1818 5398 1945 5469 tex-

301 5483 426 5534 tum
455 5476 889 5533 Samaritanum
925 5469 1129 5536 secuti,
1154 5469 1247 5526 hic
1279 5469 1388 5525 loci
1412 5466 1562 5541 post,
1601 5466 1798 5541 Mosen,
1842 5467 1944 5521 ad-

303 5551 474 5618 dunt,
487 5553 535 5604 et
557 5549 757 5603 Aaron.
781 5543 1096 5618 Sciendum
1121 5557 1254 5596 vero
1274 5539 1517 5618 verbum
1540 5541 1718 5618 Aaron
1743 5539 1946 5618 abesse

305 5621 365 5678 in
388 5609 899 5690 He'hr.,Syr.Arab.
915 5619 972 5672 et
992 5628 1214 5672 canone
1235 5613 1452 5686 sapius
1472 5611 1728 5669 laudato.
1753 5609 1942 5668 MAn'r.

2048 4607 2437 4682 egrediemur.
2471 4607 2542 4662 Et
2569 4606 2742 4662 exivit
2793 4623 2824 4660 a
2884 4605 3182 4660 Pharaone
3243 4603 3432 4658 iratus
3489 4599 3689 4656 nimis.

2049 4698 2205 4755 Dixit
2234 4705 2428 4752 autem
2463 4695 2746 4750 Dominus
2776 4694 2848 4748 ad
2889 4693 3129 4749 Mosen:
3161 4691 3288 4747 Non
3345 4689 3544 4746 audiet
3597 4705 3699 4744 vos

2051 4787 2298 4854 Pharao,
2319 4790 2382 4841 ut
2414 4783 2600 4841 multa
2641 4784 2810 4855 signa
2834 4783 2976 4837 ﬁant
3026 4781 3086 4837 in
3110 4786 3265 4836 terra
3297 4779 3549 4852 Egypti.
3573 4781 3700 4834 Mo—

2053 4894 2146 4934 ses
2178 4881 2371 4932 autem
2406 4879 2462 4929 et
2492 4879 2681 4929 Aaron
2741 4873 3004 4927 fecerunt
3035 4870 3230 4926 omnia
3285 4873 3537 4938 ostenta,
3570 4884 3698 4938 quas

2052 4965 2271 5036 scripta
2301 4967 2464 5030 sunt,
2493 4978 2688 5018 coram
2721 4960 3023 5017 Pharaone
3048 4976 3062 5027 ;
3087 4963 3146 5015 et
3176 4957 3472 5014 induravit
3501 4957 3696 5012 Domi-

2054 5073 2166 5112 nus
2197 5071 2296 5111 cor
2326 5051 2647 5109 Pharaonis
2669 5067 2774 5106 nec
2797 5049 3024 5105 dimisit
3049 5048 3202 5104 ﬁlios
3225 5046 3405 5105 Israel
3452 5047 3524 5102 de
3545 5051 3700 5102 terra

2054 5161 2159 5200 sua
2192 5145 2377 5215 [Vulg],
2406 5146 2544 5197 tacet
2575 5141 2644 5194 de
2676 5145 2833 5194 terra
2863 5136 3013 5210 sua].

2127 5233 2213 5304 [T.
2249 5231 2379 5297 Xll,
2403 5230 2464 5284 B.
2499 5229 2596 5296 Vl,
2621 5227 2688 5283 D.
2710 5227 2914 5295 XVIII,
2948 5226 3075 5298 Cap.
3110 5225 3263 5296 Xll.]
3285 5223 3440 5280 Dixit
3469 5239 3704 5296 quoque

2132 5423 2195 5432 —
2227 5388 2419 5446 Nostri
2482 5403 2626 5443 mss.
2663 5385 2878 5457 Moysen
2938 5390 2991 5441 et
3046 5386 3254 5454 Aaron,
3298 5392 3350 5440 et
3403 5383 3558 5440 dixit
3585 5386 3704 5440 eis:

2058 5480 2189 5520 cum
2224 5460 2396 5517 editis
2425 5463 2482 5514 et
2505 5461 2674 5531 juxta
2704 5458 2987 5531 Graecum.

2131 5534 2382 5591 Urbinas
2415 5526 2632 5602 aliique
2661 5545 2839 5602 penes
2870 5527 3140 5585 Martian.
3178 5543 3346 5598 mss.,
3379 5526 3492 5597 ﬁat.
