4080 6186
347 376 350 378 ⁷
391 393 492 447 289
1839 392 2055 448 mssa
2091 391 2336 450 EXODI.
3680 389 3786 447 290

395 519 665 575 Dominus
691 517 762 573 ad
785 521 983 572 Mosen
1013 522 1069 572 et
1089 518 1278 572 Aaron
1305 517 1362 571 in
1385 521 1542 572 terra
1563 517 1791 589 (Egypti
1818 533 1833 572 :
1871 518 2026 573 Men-
2053 517 2109 585 Α
2139 522 2233 573 tur
2263 520 2318 574 in
2353 519 2626 576 domibus
2649 519 2858 577 vestris
2883 536 2896 574 :
2931 519 3034 591 qui
3091 519 3411 575 comederit
3466 521 3785 576 fermenta-

387 609 462 666 sis
491 609 621 675 iste,
655 607 819 662 vobis
851 605 1208 678 principium
1243 606 1577 672 mensium;
1633 605 1860 677 primus
1913 607 2023 662 erit
2137 612 2290 674 tum,
2322 608 2532 680 peribit
2561 609 2760 664 anima
2789 609 2918 679 ejus
2949 609 3018 664 de
3049 613 3202 664 ccetu
3254 608 3426 665 Israel
3463 627 3477 665 :
3532 613 3653 664 tam
3714 609 3785 665 de

385 699 438 753 in
462 696 768 753 mensibus
800 695 960 751 anni.
994 695 1326 767 Loquimini
1349 696 1417 751 ad
1447 695 1784 752 universum
1808 700 2021 752 emtum
2141 697 2378 752 advenis
2408 714 2582 768 quam
2606 697 2677 752 de
2706 697 3000 770 indigenis
3031 701 3217 754 terrae.
3250 703 3434 753 Omne
3475 697 3786 753 fermenta-

385 787 634 842 ﬁliorum
667 785 867 857 Israel,
902 789 958 842 et
985 785 1163 840 dicite
1203 785 1288 840 eis
1323 801 1336 840 :
1393 785 1631 841 Decima
1666 786 1759 840 die
1805 785 2026 841 mensis

391 874 757 946 hujustollat
791 874 1200 946 unusquisque
1257 890 1477 946 agnum
1506 891 1604 945 per
1662 873 1916 930 familias
1975 879 2031 929 et

389 965 590 1020 domos
621 980 763 1020 suas
797 966 840 1018 ί.
865 963 967 1018 Sin
1001 971 1191 1018 autem
1241 963 1434 1019 minor
1458 967 1549 1018 est
1604 979 1907 1032 numerus,
1968 967 2032 1019 ut

388 1053 655 1109 sufﬁcere
669 1053 854 1125 possit
873 1053 944 1108 ad
965 1052 1320 1108 vescendum
1345 1068 1589 1124 agnum,
1609 1059 1872 1108 assumet
1891 1052 2031 1108 vici-

390 1158 528 1197 num
575 1158 748 1198 suum
791 1143 891 1213 qui
936 1141 1171 1211 junctus
1192 1145 1282 1196 est
1305 1141 1502 1197 domui
1535 1143 1872 1213 ejus,juxta
1920 1159 2030 1197 nu-

391 1248 612 1287 merum
645 1232 977 1287 animarum
1011 1247 1138 1302 quae
1170 1230 1438 1286 sufﬁcere
1461 1236 1713 1303 possunt
1745 1232 1815 1286 ad
1865 1247 2028 1286 esum

388 1321 546 1392 agni.
578 1319 699 1375 Erit
729 1325 926 1375 autem
959 1335 1147 1391 agnus
1179 1319 1402 1391 absque
1424 1319 1675 1390 macula,
1711 1319 2032 1385 masculus,

388 1408 700 1464 anniculus
736 1426 748 1465 :
775 1410 950 1480 juxta
980 1423 1149 1477 quem
1175 1409 1352 1463 ritum
1373 1407 1588 1464 tolletis
1612 1413 1669 1464 et
1691 1409 1946 1464 haedum.
1967 1409 2034 1464 Et

385 1497 690 1553 servabilis
716 1515 851 1553 eum
884 1497 1162 1569 usquead
1217 1501 1486 1568 quartam
1534 1498 1819 1554 decimam
1878 1499 2032 1554 diem

388 1587 608 1642 mensis
632 1585 850 1658 hujus:
894 1585 1344 1657 immolabitque
1377 1602 1510 1642 eum
1534 1586 1806 1643 universa
1837 1586 2034 1643 multi-

386 1676 529 1730 tudo
562 1673 817 1730 ﬁliorum
851 1673 1028 1730 Israel
1062 1675 1129 1729 ad
1163 1690 1498 1746 vesperum.
1529 1676 1620 1747 {Et
1674 1681 1910 1732 eument
1965 1677 2035 1732 de

386 1764 676 1837 sanguine
705 1765 856 1835 ejus,
889 1780 955 1820 ac
994 1768 1212 1836 ponent
1239 1770 1746 1836 superutrumque
1786 1771 2033 1836 postem,

2144 791 2270 841 tum
2303 802 2417 841 non
2449 786 2804 842 comedetis:
2839 785 2898 841 in
2927 786 3154 842 cunctis
3187 785 3540 843 habitaculis
3579 787 3787 842 vestris

2145 874 2328 930 edetis
2349 892 2570 948 azyma.
2607 874 2837 930 Vocavit
2865 879 3062 930 autem
3091 874 3281 931 Moses
3302 892 3506 931 omnes
3528 877 3789 932 seniores

2148 963 2256 1037 [h.]
2287 964 2487 1035 Israel,
2518 969 2576 1020 et
2605 965 2753 1020 dixit
2798 964 2869 1020 ad
2901 979 3039 1020 eos:
3098 965 3180 1020 Ite
3231 964 3502 1021 tollentes
3562 963 3783 1020 animal

2146 1071 2248 1126 per
2278 1053 2530 1110 familias
2561 1059 2807 1119 vestras,
2829 1057 2888 1109 et
2918 1052 3218 1109 immolato
3248 1053 3454 1110 Phase.
3512 1054 3789 1110 Fascicuo

2145 1142 2386 1215 lumque
2417 1142 2654 1216 hyssopi
2687 1142 2893 1214 tingite
2914 1141 2972 1196 in
3005 1142 3292 1213 sanguine
3322 1142 3422 1213 qui
3455 1146 3544 1198 est
3599 1142 3659 1197 in
3719 1141 3788 1195 1i-

2149 1233 2326 1304 mine,
2357 1237 2414 1288 et
2443 1232 2732 1305 aspergite
2761 1248 2829 1288 ex
2861 1248 2926 1287 eo
2958 1230 3431 1303 superliminare,
3463 1235 3521 1286 et
3562 1234 3789 1285 utrum-

2149 1339 2260 1394 que
2293 1326 2556 1394 postem:
2625 1320 2821 1377 nullus
2876 1325 3136 1377 vestrum
3167 1319 3515 1392 egrediatur
3573 1320 3792 1375 ostium

2147 1413 2356 1468 domus
2386 1428 2505 1467 suae
2537 1426 2725 1483 usque
2755 1426 2945 1466 mane.
2977 1409 3278 1465 Transibit
3304 1407 3462 1465 enim
3492 1407 3794 1464 ‘Dominus

2148 1501 2483 1575 percutiens
2513 1500 2848 1573 [Egyptiosz
2883 1515 3132 1570 cumque
3179 1498 3391 1554 viderit
3444 1498 3793 1570 sanguinem

2149 1590 2210 1646 in
2236 1588 2696 1662 superliminari,
2727 1592 2784 1644 et
2815 1587 2874 1643 in
2912 1590 3163 1658 utroque
3191 1590 3375 1659 poste,
3423 1585 3796 1642 transcendet

2151 1679 2366 1735 ostium
2397 1679 2630 1746 domus,
2664 1682 2723 1734 et
2754 1695 2868 1734 non
2899 1677 3053 1733 sinet
3101 1692 3506 1748 percussorem
3567 1673 3793 1747 ingredi

2153 1769 2365 1824 domus
2393 1772 2620 1823 vestras
2659 1770 2716 1822 et
2755 1765 2986 1821 laedere.
3040 1764 3281 1821 Custodi
3333 1765 3576 1820 verbum
3634 1763 3791 1819 istud

386 1858 439 1908 et
467 1853 534 1908 in
563 1852 1116 1925 superliminaribus
1148 1853 1480 1922 domorum,
1514 1853 1572 1908 in
1598 1854 1813 1926 quibus
1843 1869 2038 1910 come-
2075 1879 2122 1945 Β
2153 1857 2482 1930 legitimum
2515 1856 2620 1913 tibi
2650 1861 2707 1912 et
2728 1855 2992 1912 ﬁliistuis
3011 1854 3274 1928 usquein
3295 1858 3596 1910 aeternum.
3620 1858 3795 1908 Cum-

389 1943 532 1998 dent
558 1941 747 1998 illum.
781 1943 851 1998 Et
882 1943 1058 1998 edent
1088 1958 1291 1998 carnes
1323 1947 1492 1999 nocte
1546 1942 1645 1998 illa
1701 1960 1866 2000 assas
1922 1943 2045 2014 igni

390 2039 445 2088 et
473 2048 716 2104 azymos
747 2047 928 2103 panes
959 2048 1092 2086 cum
1124 2031 1373 2088 lactucis
1404 2032 1758 2104 agrestibus.
1792 2033 1916 2088 Non
1947 2050 2047 2088 co-

390 2121 643 2177 medetis
670 2135 738 2176 ex
759 2136 824 2176 eo
855 2121 1104 2175 crudum
1138 2121 1302 2191 quid,
1334 2137 1439 2176 nec
1472 2125 1701 2177 coctum
1736 2139 1908 2194 aqua,
1944 2121 2046 2176 sed

388 2226 595 2266 assum
627 2213 856 2265 tantum
891 2209 1014 2282 igni
1049 2225 1062 2264 :
1097 2213 1274 2281 caput
1303 2226 1438 2265 cum
1501 2211 1753 2282 pedibus
1802 2212 1932 2280 ejus
1989 2217 2048 2266 et

387 2298 688 2354 intestinis
721 2298 1161 2354 vorabitis.Nec
1213 2299 1541 2355 remanebit
1596 2301 1921 2372 quidquam
1980 2316 2048 2354 ex

388 2405 453 2444 eo
488 2403 684 2459 usque
741 2403 937 2454 mane,
997 2387 1045 2441 si
1099 2386 1238 2458 quid
1299 2388 1602 2444 residuum
1664 2390 1857 2458 fuerit,
1918 2390 2048 2459 igne

387 2476 771 2533 comburetis.
836 2477 928 2531 Sic
994 2480 1187 2532 autem
1261 2478 1575 2533 comedetis
1631 2477 1822 2548 illum,
1879 2493 2047 2534 renes

383 2573 615 2622 vestros
647 2566 982 2638 accingetis,
1015 2570 1072 2622 et
1103 2566 1500 2624 calceamenta
1529 2568 1823 2625 habebitis
1853 2568 1911 2623 in
1946 2585 2048 2640 pe-

391 2656 571 2711 dibus
601 2661 871 2712 tenentes
901 2655 1139 2712 haculos
1163 2657 1223 2712 in
1284 2657 1578 2724 manibus,
1623 2662 1680 2713 et
1729 2657 2049 2714 comedetis

385 2745 740 2802 festinanter
769 2762 783 2801 :
819 2749 904 2800 est
923 2746 1079 2801 enim
1109 2745 1297 2802 Phase
1323 2745 1402 2817 (id
1430 2747 1531 2817 :est
1580 2749 1884 2817 transitus)
1937 2753 2049 2804 Do-

392 2834 564 2890 mini.
601 2835 672 2889 Et
700 2834 964 2890 transibo
995 2851 1098 2906 per
1154 2840 1372 2890 terram
1416 2836 1647 2908 IEgypti
1703 2842 1870 2892 nocte
1925 2836 2045 2908 illa,

392 2923 846 2997 percutiamque
875 2938 1048 2978 omne
1081 2923 1542 2996 primogenitum
1575 2925 1634 2980 in
1654 2926 2047 2998 terra/Egypti

388 3015 458 3068 ab
483 3012 730 3068 homine
743 3027 930 3084 usque
951 3013 1022 3068 ad
1049 3028 1248 3083 pecus,
1272 3019 1329 3068 et
1351 3013 1410 3068 in
1435 3015 1662 3070 cunctis
1683 3015 1796 3069 diis
1819 3014 2048 3088 zEgypti

388 3102 605 3158 faciam
633 3101 879 3172 judicia,
915 3118 1020 3172 ago
1051 3101 1378 3156 Domimus.
1414 3103 1537 3158 Erit
1581 3108 1772 3160 autem
1808 3105 2049 3176 sanguis

386 3193 558 3247 vobis
591 3192 654 3247 in
685 3190 918 3262 signum
954 3191 1013 3246 in
1045 3192 1268 3246 adibus
1301 3191 1360 3247 in
1391 3192 1607 3262 quibus
1638 3193 1821 3261 eritis,
1854 3200 1911 3249 et
1957 3194 2046 3249 vi-

385 3281 539 3337 debo
573 3279 950 3350 sanguinem,
983 3284 1040 3335 et
1063 3280 1324 3335 transibo
1354 3297 1475 3350 vos,
1511 3298 1616 3337 nec
1641 3283 1754 3338 erit
1784 3284 1844 3337 in
1881 3283 2045 3339 vobis

382 3369 557 3441 plaga
577 3368 927 3438 disperdens
951 3368 1186 3440 quando
1201 3384 1544 3440 percussero
1569 3373 1779 3425 terram
1795 3371 2044 3444 Egypti.

385 3457 697 3513 Habebitis
728 3461 924 3512 autem
955 3457 1107 3512 hanc
1138 3457 1294 3514 diem
1347 3459 1405 3513 in
1458 3466 1932 3531 monumentum,
1991 3465 2049 3516 et

382 3545 768 3602 celebrabitis
791 3561 920 3601 eam
953 3544 1272 3601 solemnem
1306 3546 1551 3602 Domino
1599 3548 1659 3602 in
1718 3550 2049 3620 generatio-

387 3636 568 3691 nibus
628 3634 836 3690 vestris
895 3633 1056 3690 cultu
1115 3635 1493 3706 sempiterno.
1551 3637 1781 3709 Septem
1843 3639 2050 3695 diebus

388 3741 607 3794 azyma
639 3723 959 3779 comedetis
996 3741 1008 3780 :
1046 3723 1105 3778 in
1147 3725 1240 3779 die
1272 3725 1461 3796 primo
1493 3743 1609 3781 non
1644 3727 1757 3782 erit
1788 3727 2050 3784 fermen-

387 3819 516 3869 tum
548 3816 572 3848 ²
593 3813 654 3868 in
681 3813 957 3868 domibus
978 3815 1185 3868 vestris
1210 3813 1578 3886 :quicunque
1599 3817 1917 3872 comederit
1939 3819 2050 3872 fer-

391 3907 753 3970 mentatum,
779 3901 993 3972 peribit
1021 3901 1220 3956 anima
1251 3901 1351 3957 illa
1365 3903 1657 3973 de:lsrael,
1692 3922 1724 3960 a
1747 3905 1936 3976 primo
1962 3905 2054 3961 die

397 4006 596 4062 usque
631 3991 703 4046 ad
735 3990 891 4045 diem
925 3990 1264 4061 septimum.
1299 3991 1430 4048 Dies
1461 3993 1654 4064 prima
1682 3995 1794 4054 erit
1852 3999 2057 4050 sancta

397 4085 583 4150 atque
618 4077 923 4147 solemnis,
955 4084 1011 4134 et
1043 4079 1168 4134 dies
1199 4080 1451 4151 septima
1482 4081 1687 4137 eadem
1746 4083 2056 4138 festivitate

398 4166 762 4223 venerabilis
791 4182 805 4221 :
833 4166 978 4222 nihil
1007 4167 1200 4239 aperis
1233 4169 1456 4225 facietis
1489 4170 1548 4225 in
1569 4171 1673 4241 eis,
1698 4171 1950 4243 exceptis
1971 4171 2058 4228 his

398 4273 532 4328 quae
551 4256 628 4312 ad
647 4257 1001 4310 vescendum
1024 4257 1416 4327 pertinent.Et
1435 4259 1819 4316 observabitis
1837 4278 2058 4333 azyma,

394 4345 459 4400 in
491 4344 706 4400 eadem
738 4343 894 4399 enim
923 4344 1052 4416 ipsa
1073 4345 1165 4400 die
1187 4347 1434 4401 educam
1458 4349 1776 4403 exercitum
1797 4355 2058 4406 vestrum

399 4434 472 4489 de
505 4442 667 4489 terra
697 4432 945 4504 Egypli,
979 4440 1036 4489 et
1058 4435 1399 4490 custodietis
1418 4436 1572 4492 diem
1594 4436 1774 4493 istum
1798 4439 1856 4493 in
1880 4455 2062 4511 gene-

400 4523 670 4579 rationes
692 4530 918 4579 vestras
935 4524 1048 4579 ritu
1073 4534 1368 4596 perpetuo.
1391 4526 1582 4584 Primo
1607 4546 1829 4602 mense,
1852 4535 2063 4602 quarta

2154 1962 2267 2017 que
2296 1943 2607 2000 intoieritis
2637 1947 2876 2011 terram,
2910 1958 3090 2015 quam
3114 1941 3398 1998 Dominus
3429 1942 3677 1997 daturus
3707 1945 3796 1996 est

2155 2033 2320 2089 vobis
2351 2037 2415 2087 ut
2464 2031 2764 2104 pollicitus
2809 2036 2919 2098 est,
2973 2030 3359 2086 observabitis
3417 2031 3796 2086 caeremonias

2155 2123 2321 2178 istas.
2357 2122 2422 2176 Et
2453 2137 2587 2177 cum
2619 2120 2876 2176 dixerint
2904 2119 3070 2175 vobis
3102 2119 3207 2174 ﬁlii
3238 2119 3414 2174 vestri
3440 2136 3454 2174 :
3485 2121 3646 2185 “,Quae
3705 2123 3797 2175 est

2153 2212 2270 2268 ista
2299 2209 2551 2282 religio?
2583 2209 2790 2265 dicetis
2845 2208 2970 2265 eis:
3031 2208 3286 2265 Victima
3343 2209 3624 2264 transitus
3684 2214 3798 2272 υοτ

2155 2302 2301 2357 mnii
2328 2306 2436 2369 est,
2471 2299 2708 2371 quando
2739 2298 3015 2355 transivit
3045 2314 3223 2370 super
3278 2299 3486 2355 domos
3542 2297 3798 2354 ﬁliorum

2158 2390 2332 2446 Israel
2365 2390 2426 2444 in
2458 2389 2726 2461 IEgypto,
2763 2388 3096 2460 percutiens
3117 2387 3440 2460 Egyptios,
3487 2391 3545 2443 et
3595 2387 3802 2443 domos

2157 2485 2390 2535 nostros
2423 2478 2699 2533 liberans.
2735 2477 3199 2549 Incurvatusgue
3234 2476 3489 2549 populus
3521 2475 3801 2532 adoravit.

2155 2568 2225 2623 Et
2275 2565 2498 2639 egressi
2551 2565 2658 2620 filii
2720 2564 2893 2622 Israel
2952 2566 3215 2621 fecerunt
3270 2565 3424 2621 sicut
3461 2568 3810 2638 praeceperat

2157 2655 2443 2712 Dominus
2475 2655 2620 2710 Mosi
2651 2659 2707 2710 et
2750 2655 2964 2712 Aaron.
2999 2655 3092 2726 [10
3135 2644 3352 2726 Plaga.)
3415 2655 3652 2711 Factum
3715 2661 3801 2709 est

2156 2750 2350 2802 autem
2384 2744 2443 2798 in
2475 2744 2662 2799 noctis
2694 2743 2910 2811 medio,
2941 2742 3232 2814 percussit
3289 2743 3575 2799 Dominus
3635 2757 3806 2798 omne

2155 2832 2610 2906 primogenitum
2645 2832 2702 2887 in
2726 2837 2883 2887 terra
2915 2832 3162 2904 Egypti,
3196 2849 3229 2887 a
3248 2832 3638 2904 primogenita
3662 2831 3806 2887 Pha-

2156 2923 2373 2993 raonis,
2401 2923 2502 2994 qui
2537 2921 2780 2977 sedebat
2807 2921 2868 2976 in
2901 2921 3047 2977 solio
3075 2923 3225 2992 ejus,
3263 2937 3448 2992 usque
3479 2921 3550 2976 ad
3585 2921 3804 2993 primo-

2155 3013 2421 3085 genitum
2453 3010 2692 3083 captivaa
2751 3027 2879 3082 qum
2928 3010 3142 3066 eratin
3201 3027 3458 3075 carcere,
3514 3014 3573 3066 et
3628 3025 3800 3065 omne

2157 3101 2615 3174 primogenitum
2649 3101 3077 3171 jumentorum.
3137 3101 3520 3172 Surrexitque
3576 3099 3802 3156 Pharao

2160 3197 2348 3258 nocte,
2380 3196 2438 3246 et
2466 3206 2671 3245 omnes
2702 3189 2850 3244 servi
2908 3190 3058 3259 ejus,
3119 3195 3446 3260 cunctaque
3502 3189 3803 3261 I‘Egyptus,

2159 3285 2215 3335 et
2246 3284 2409 3335 ortus
2439 3283 2529 3333 est
2567 3276 2787 3332 clamor
2844 3293 3095 3350 magnus
3155 3278 3213 3332 in
3270 3277 3552 3350 Egypto:
3615 3293 3806 3349 neque

2155 3369 2310 3424 enim
2344 3373 2467 3422 erat
2498 3367 2702 3422 domus
2733 3366 2792 3421 in
2826 3383 2944 3438 qua
2970 3382 3085 3421 non
3106 3366 3333 3438 jaceret
3369 3369 3662 3422 mortuus.
3698 3365 3807 3420 Vo-

2157 3459 2416 3528 catisque
2443 3456 2619 3528 [Vulg.
2653 3455 2779 3510 add.
2814 3454 3060 3526 Pharao]
3095 3458 3249 3511 Mose
3279 3459 3336 3510 et
3365 3463 3556 3510 Aaron
3615 3460 3805 3522 nocte,

2158 3547 2270 3602 ait:
2305 3546 2559 3617 Surgite,
2589 3545 2934 3616 egredimini
2967 3561 3000 3599 a
3031 3544 3247 3615 populo
3280 3559 3432 3609 meo,
3465 3549 3522 3599 et
3571 3559 3692 3608 vos,
3752 3547 3810 3598 et

2161 3637 2266 3691 ﬁlii
2304 3634 2516 3690 lsrael:
2572 3634 2670 3702 ite,
2719 3632 3022 3689 immolate
3069 3633 3318 3689 Domino
3377 3632 3530 3688 sicut
3590 3631 3805 3703 dicitis,

2159 3730 2301 3782 Oves
2335 3729 2558 3780 vestras
2606 3727 2664 3778 et
2707 3728 2976 3778 armenta
3035 3722 3323 3777 assumite
3375 3726 3440 3776 ut
3486 3720 3805 3793 petieratis,

2161 3821 2218 3872 et
2243 3817 2492 3870 abuntes
2523 3812 2848 3868 benedicite
2879 3810 3048 3866 mihi.
3095 3810 3503 3883 Urgebantque
3560 3809 3810 3882 Egyptii

2163 3903 2447 3978 populum
2483 3903 2554 3957 de
2579 3907 2737 3956 terra
2766 3901 2922 3957 exire
2949 3899 3244 3969 velociter,
3269 3901 3528 3956 dicentes
3553 3917 3566 3966 ;
3594 3902 3812 3956 Omnes

2166 3993 2502 4049 moriemur.
2527 3991 2686 4047 Tulit
2701 3991 2882 4062 igitur
2898 3989 3149 4061 populus
3165 4005 3543 4060 conspersam
3565 3988 3810 4044 farinam

2167 4087 2479 4154 antequam
2514 4081 3004 4136 fermentaretur:
3040 4077 3310 4150 etligans
3342 4078 3401 4132 in
3433 4076 3649 4148 palliis,
3711 4093 3816 4148 po-

2168 4171 2286 4228 suit
2307 4186 2484 4242 super
2513 4170 2791 4224 humeros
2822 4183 2986 4223 suos.
3018 4167 3421 4237 Feceruntque
3471 4165 3575 4220 filii
3635 4164 3813 4222 Israel

2167 4261 2322 4316 sicut
2352 4261 2704 4330 praeceperat
2731 4261 2916 4312 Moses
2943 4271 2956 4312 :
2989 4259 3047 4312 et
3077 4255 3372 4327 petierunt
3405 4255 3476 4310 ab
3532 4253 3817 4327 Egyptiis

2167 4367 2305 4406 vasa
2335 4353 2610 4420 argentea
2638 4351 2697 4402 et
2726 4361 2924 4414 aurea,
2957 4350 3294 4416 vestemque
3337 4343 3676 4416 plurimam.
3707 4343 3819 4399 De-

2169 4437 2256 4494 dit
2276 4444 2472 4494 autem
2495 4435 2780 4492 Dominus
2791 4433 3044 4507 gratiam
3067 4433 3281 4506 populo
3306 4433 3819 4506 coramEgyptiis,

2171 4532 2239 4584 ut
2293 4526 2736 4584 commodarent
2783 4525 2911 4580 eis:
2946 4530 3005 4579 et
3035 4523 3442 4594 spoliaverunt
3499 4521 3821 4594 Egyptios.

401 4613 648 4667 decima
679 4611 773 4666 die
799 4613 1022 4667 mensis
1053 4615 1124 4668 ad
1154 4630 1482 4686 vesperam,
1516 4619 1834 4675 comedetis
1866 4637 2069 4692 azyma
2096 4609 2142 4675 D
2173 4618 2264 4689 [T.
2300 4616 2468 4687 VIII.]
2499 4615 2865 4686 Profectique
2895 4617 3035 4668 sunt
3068 4612 3171 4667 lilii
3214 4611 3389 4668 Israel
3422 4613 3492 4668 de
3547 4612 3826 4668 Ramesse

400 4717 605 4772 usque
634 4701 792 4756 diem
823 4701 1164 4758 vicesimam
1188 4704 1438 4774 primam
1461 4707 1726 4778 ejusdem
1750 4710 1969 4765 mensis
1995 4710 2069 4766 ad
2179 4707 2240 4761 in
2272 4706 2539 4772 Soccoth,
2571 4708 2846 4760 sexcenta
2887 4704 3005 4758 fere
3035 4701 3220 4758 millia
3249 4701 3513 4775 peditum
3544 4701 3826 4770 virorum,

399 4805 744 4862 vesperam.
777 4790 1016 4862 Septem
1047 4792 1259 4849 diebus
1289 4793 1648 4853 fermentum
1681 4814 1796 4853 non
1820 4797 2074 4856 invenie-
2181 4797 2404 4867 absque
2435 4793 2713 4868 parvulis,
2745 4796 2803 4848 et
2844 4791 3194 4848 mulieribus
3221 4792 3244 4824 ³
3293 4791 3375 4863 [h.
3435 4807 3552 4847 non
3609 4790 3824 4846 habet:

481 5005 530 5064 ί.
563 5009 766 5065 Canon
797 5009 974 5093 Ilebr.
1008 5025 1122 5068 ver.
1155 5007 1324 5093 docet
1355 5014 1834 5093 undetollendus
1865 5017 1950 5093 sit
1971 5032 2073 5093 ag-

406 5083 826 5160 nus,_nam-ad
852 5081 1034 5160 domos
1056 5101 1182 5139 suas
1203 5086 1434 5160 adjecit,
1471 5089 1536 5143 ab
1560 5091 1749 5145 ovibus
1769 5095 1820 5145 et
1854 5081 2045 5147 haedi;
2061 5109 2076 5160 ;

2188 5013 2379 5076 braico
2408 5015 2740 5086 fermentum
2769 5008 3042 5086 legimus,
3077 5024 3192 5064 non
3224 5007 3616 5086 fermentatum
3641 5003 3829 5058 Msa-r.

2263 5077 2452 5143 --Sic
2513 5091 2668 5140 recte
2716 5077 2936 5138 habent
2993 5077 3135 5136 mss.
3191 5079 3399 5145 nostri,
3453 5077 3830 5146 fermentum:

407 5152 579 5233 quod
613 5153 801 5233 Agabs
836 5156 1047 5233 partim
1070 5150 1357 5233 expressit
1379 5150 1791 5233 dicens,ridque
1810 5175 1970 5233 caput
2013 5150 2083 5219 ei:
2191 5177 2385 5233 secus_
2418 5159 2648 5233 quibus,
2692 5155 2958 5233 Martian.
3018 5168 3168 5233 usus.
3220 5155 3328 5216 est,
3405 5150 3828 5233 [εξπιεηταξιινη.

405 5224 640 5306 Opibus.
666 5224 974 5306 Glossema
994 5224 1223 5306 videt—ur
1255 5224 1672 5306 marginale'_in
1692 5224 1944 5306 'corpore
1977 5251 2048 5306 po
2066 5264 2084 5278 -

2191 5221 2524 5288 Mem.hanc
2556 5229 2735 5283 habet
2766 5225 3124 5281 notationem
3155 5224 3215 5278 in
3251 5238 3433 5293 marg.
3466 5221 3831 5290 fermentum,

406 5298 608 5351 situm
643 5312 678 5382 ρ.
709 5297 986 5382 librariis.
1023 5300 1361 5382 Proaimum
1388 5297 1482 5359 Est
1514 5304 1648 5359 huic
1678 5297 1832 5375 quod
1869 5297 2085 5378 legi-tur
2195 5301 2991 5382 nonutaliifermentatum.

407 5384 554 5439 cap.
585 5367 906 5439 iALevitici,
939 5386 1088 5425 vers.
1130 5373 1214 5426 10.
1245 5372 1436 5429 MART.

2269 5377 2289 5410 ³
2323 5360 2585 5428 Lectioni'
2604 5370 2846 5426 canonis
2871 5365 3252 5425 consentiunt
3283 5368 3400 5420 tres
3460 5376 3602 5416 mss.
3664 5360 3835 5416 codd.

489 5431 836 5516 3-;Voculas
853 5431 904 5495 et
926 5440 1108 5496 domos
1126 5441 1380 5500 Urbinas
1398 5461 1509 5500 ms.
1533 5444 1787 5516 ignorat.
1808 5447 2088 5504 Hebrteus
2197 5446 2540 5502 Colbertinaa
2558 5442 2945 5516 bibliothecae,
2979 5446 3034 5494 et
3063 5452 3216 5516 unus
3246 5450 3276 5489 e
3308 5431 3840 5516 recentioribus

409 5493 574 5568 ηπιι)
604 5521 702 5568 me
731 5493 1041 5590 nam
1055 5493 1795 5589 ’ἑιθιῖῥῆἇῆιῖῇὲῗῗῶἷιὶἇῆὶ
1808 5493 2088 5590 ’ἱνῶἓῐῆιῖ

409 5599 530 5649 agn
541 5597 639 5634 um
660 5599 763 5652 per
784 5585 1028 5639 domum.

411 5724 420 5730 ο
493 5652 663 5732 {Pro
688 5653 964 5732 fermento
997 5672 1138 5732 mss.
1172 5672 1377 5732 omnes
1392 5660 1796 5732 fermentatum
1847 5661 2090 5732 legunt:

413 5725 744 5782 retinenda
769 5731 964 5783 tamen
995 5727 1288 5786 editorum
1317 5725 1512 5799 lectio,
1533 5731 1675 5805 quia
1699 5732 1760 5788 in
1791 5725 1953 5791 font'e
1981 5733 2093 5792 He-

2200 5501 2476 5574 Germani
2507 5533 2541 5570 a
2563 5513 2771 5569 Pratis.
2803 5501 3003 5568 Deleta
3031 5515 3221 5564 autem
3283 5505 3555 5559 videntur
3602 5504 3659 5557 in
3710 5501 3842 5558 aliis

2203 5589 2412 5647 ultima
2439 5587 2637 5648 verba.
2666 5588 2720 5640 et
2751 5582 3096 5647 mulieribus,
3130 5581 3368 5651 propter
3398 5576 3840 5632 adnotationem

2205 5659 2592 5732 marginalem
2623 5655 2888 5713 canonis.
2921 5653 3106 5709 MART.
3633 5681 3636 5684 η
