4080 6186
290 363 393 420 291

1329 356 1390 410 8.
1429 350 1838 407 HIBBONYMI
1876 350 2134 406 DIVINA
2171 351 2673 410 BIBLIOTHECA.

3598 349 3708 408 292

290 485 682 556 mulieribus].
715 482 827 539 Sed
852 484 911 537 et
941 478 1193 549 vulgnus
1215 474 1620 548 promiscuum
1652 471 1929 528 innumeo
1959 475 2015 540 Α
2043 474 2346 545 separabis
2389 490 2580 541 omne,
2614 474 2769 546 quod
2800 473 2992 545 aperit
3042 471 3280 529 vulvam
3343 474 3619 546 Domino,
3650 478 3709 532 et

291 575 475 634 rabile
503 572 767 631 ascendit
796 585 930 626 cum
987 567 1093 635 eis,
1135 581 1268 621 oves
1299 568 1355 619 et
1384 567 1650 620 armenta
1697 566 1753 618 et
1806 561 1933 618 ani-

289 667 514 723 mantia
542 661 754 719 diversi
779 658 1011 733 generis
1044 655 1231 713 multa
1269 655 1469 710 nimis.
1530 653 1937 723 Coxeruntque

287 754 565 821 farinam,
617 765 793 822 quam
851 747 1079 802 dudum
1137 760 1514 816 conspersam
1572 744 1643 799 de
1700 743 1937 813 Egypto

288 844 579 901 tulerant:
611 845 667 895 et
697 839 960 894 fecerunt
981 834 1403 892 subcinericios
1437 849 1616 904 panes
1656 848 1892 905 azymos
1918 847 1932 887 :

288 948 477 1004 neque
506 930 661 987 enim
692 932 965 1000 poterant
985 924 1346 991 iermentari,
1396 923 1743 995 cogentibus
1784 921 1938 976 exire

288 1018 593 1095 Egyptiis,
638 1023 696 1074 et
750 1014 975 1071 nullam
1031 1014 1220 1069 facere
1272 1013 1602 1067 sinentibus
1660 1027 1935 1066 moram:

288 1127 392 1168 nec
450 1107 739 1182 pulmenti
797 1105 1117 1177 quidquam
1201 1105 1535 1158 occurrerat
1591 1115 1936 1172 praeparare.

287 1193 920 1273 [C.XVIII.]Habitatio
952 1199 1147 1249 autem
1174 1189 1745 1259 ﬁliorumlsrael,qui
1771 1204 1940 1244 man-

289 1293 498 1348 serunt
525 1287 587 1342 in
612 1286 878 1357 Egypto,
927 1282 1035 1338 fuit
1084 1280 1646 1353 quadringentorum
1706 1277 1940 1348 triginta

291 1392 606 1435 annorum.
662 1373 887 1439 Quibus
931 1370 1199 1443 expletis,
1245 1370 1448 1425 eadem
1506 1368 1601 1423 die
1664 1384 1940 1440 egressus

295 1472 387 1525 est
406 1465 599 1523 omnis
630 1462 917 1520 exercitus
945 1458 1179 1516 Domini
1210 1460 1283 1515 de
1312 1463 1469 1514 terra
1498 1457 1748 1530 IEgypti.
1818 1456 1942 1512 Nox

294 1561 386 1613 est
413 1554 527 1611 ista
548 1548 926 1610 observabilis
951 1547 1201 1615 Domini,
1225 1547 1461 1619 quando
1497 1546 1697 1603 eduxit
1732 1562 1831 1603 eos
1870 1546 1942 1601 de

296 1651 455 1701 terra
485 1641 749 1715 lEgypti:
776 1639 929 1695 hanc
982 1636 1294 1693 observare
1322 1636 1539 1693 debent
1588 1651 1793 1692 omnes
1836 1632 1941 1690 ﬁlii

294 1732 475 1791 Israel
504 1732 562 1787 in
595 1728 1077 1803 generationibus
1120 1726 1265 1782 suis.
1328 1725 1414 1795 [C.
1470 1726 1611 1794 XX].
1671 1723 1941 1796 Dixitque

184 1822 185 1825 “
297 1822 583 1879 Dominus
636 1819 710 1876 ad
771 1818 970 1874 Mosen
1028 1820 1085 1871 et
1140 1822 1366 1873 Aaron:
1399 1814 1531 1870 Haec
1586 1816 1677 1870 est
1736 1811 1940 1884 religio

293 1911 483 1968 Phase
516 1927 530 1970 ;
565 1907 771 1964 Omnis
802 1904 1136 1976 alienigena
1167 1920 1283 1959 nou
1314 1904 1581 1958 comedet
1599 1919 1669 1958 ex
1696 1918 1782 1958 eo.
1802 1904 1943 1957 Om-

292 2001 385 2055 nis
417 2004 611 2054 autem
646 2012 850 2053 servus
877 1993 1186 2064 emptitius
1219 1992 1690 2061 circumsidetur,
1747 1995 1804 2046 et
1859 1990 1945 2046 sic

290 2089 576 2144 comedet.
609 2087 845 2141 Advena
877 2087 936 2139 et
970 2080 1366 2138 mercenarius
1410 2097 1526 2136 non
1556 2081 1730 2136 edent
1759 2095 1828 2134 ex
1857 2095 1944 2135 eo.

293 2180 357 2233 In
390 2192 509 2231 una
538 2175 709 2229 domo
743 2173 1105 2238 comedetur,
1141 2186 1244 2225 nec
1276 2168 1533 2225 efferatis
1566 2170 1636 2225 de
1668 2167 1949 2224 carnibus

294 2266 424 2336 ejus
456 2264 632 2328 foras,
666 2278 769 2317 nec
800 2278 866 2317 os
898 2259 1059 2315 illius
1090 2257 1495 2331 confringetis.
1528 2258 1733 2315 Omnis
1765 2262 1947 2314 castus

298 2353 556 2410 ﬁliorum
581 2350 762 2407 Israel
793 2350 967 2405 faciet
995 2348 1164 2403 illud.
1197 2347 1359 2413 Quod
1391 2346 1441 2403 si
1472 2347 1606 2419 quis
1620 2349 1952 2421 peregrino-

299 2458 430 2497 rum
462 2442 521 2495 in
552 2445 810 2496 vestram
842 2436 1091 2494 voluerit
1129 2437 1381 2493 transire
1412 2436 1723 2503 coloniam,
1755 2442 1810 2492 et
1863 2439 1949 2493 fa-

296 2546 426 2586 cere
483 2529 671 2585 Phase
727 2526 995 2593 Domino,
1051 2525 1510 2582 circumcidetur
1556 2525 1721 2598 prius
1778 2543 1951 2583 omne

298 2618 700 2677 masculinum
732 2618 885 2689 ejus,
917 2620 976 2672 et
1003 2620 1146 2673 tunc
1176 2615 1286 2670 rite
1314 2614 1674 2675 celebrabit:
1727 2615 1952 2687 eritque

296 2708 451 2765 sicut
474 2707 753 2780 indigena
781 2710 987 2764 terrea:
1021 2704 1071 2761 si
1128 2704 1263 2776 quis
1309 2708 1507 2761 autem
1564 2704 1953 2761 circumcisus

304 2814 418 2853 non
454 2796 654 2863 fuerit,
685 2811 803 2851 non
834 2799 1105 2850 vescetur
1134 2808 1203 2848 ex
1233 2808 1318 2849 eo.
1351 2792 1569 2849 Eadem
1603 2792 1695 2849 lex
1724 2792 1833 2849 erit
1863 2793 1950 2848 in-

301 2888 524 2959 digena:
556 2889 614 2940 et
643 2883 869 2954 colono,
907 2881 1011 2954 qui
1045 2881 1453 2954 peregrinatur
1481 2883 1635 2953 apud
1668 2899 1769 2938 vos
1802 2923 1815 2937 .
1850 2882 1952 2939 Fe-

295 2980 619 3046 ceruntque
650 2978 854 3029 omnes
881 2970 987 3026 ﬁlii
1018 2970 1196 3026 Israel
1223 2972 1379 3027 sicut
1436 2976 1800 3043 praceperat
1852 2974 1955 3027 Do-

296 3064 496 3120 minus
528 3061 677 3119 Mosi
708 3065 766 3118 et
797 3062 1006 3116 Aaron.
1029 3059 1315 3115 Eteadem
1330 3059 1424 3115 die
1446 3059 1646 3115 eduxit
1673 3060 1955 3116 Dominus

295 3152 449 3208 ﬁlios
481 3149 657 3208 Israel
690 3151 761 3205 de
793 3153 949 3205 terra
978 3147 1211 3221 )Egypti
1243 3165 1345 3219 per
1375 3152 1606 3203 turmas
1633 3165 1795 3204 suas.

481 3204 888 3306 MII,IC.XXI,
922 3204 1284 3309 Cap.wXIII:]
1317 3237 1689 3308 Locutusque
1718 3243 1809 3294 est
1838 3237 1950 3294 Do-
1983 3204 2027 3273 ς’

300 3330 499 3386 minus
531 3328 602 3383 ad
638 3327 861 3391 Mosen,
920 3325 1167 3382 dicens:
1228 3326 1541 3381 Sanctiﬁca
1592 3326 1738 3381 mihi
1784 3342 1956 3382 omne

301 3414 950 3491 primogenitum,quod
966 3415 1155 3487 aperit
1168 3413 1395 3469 vulvam
1414 3415 1472 3469 in
1488 3412 1627 3470 ﬁliis
1644 3415 1822 3471 Israel
1836 3420 1956 3471 tam

315 3508 387 3563 de
418 3504 767 3562 hominibus
799 3519 973 3575 quam
1006 3503 1077 3558 de
1102 3503 1432 3573 jumentis:
1468 3519 1598 3559 mea
1627 3509 1768 3559 sunt
1798 3505 1956 3560 enim

308 3594 527 3652 omnia.
552 3593 623 3650 Et
645 3593 729 3650 ait
750 3592 940 3649 Moses
982 3593 1054 3648 ad
1088 3591 1412 3664 populum:
1448 3592 1799 3649 Mementote
1842 3592 1956 3649 diei

307 3684 509 3755 hujus,
542 3683 602 3738 in
631 3699 749 3755 qua
778 3681 999 3755 egressi
1030 3679 1174 3738 estis
1206 3681 1278 3738 de
1309 3681 1549 3754 {Egypto
1580 3685 1637 3737 et
1665 3682 1737 3738 de
1786 3682 1960 3739 domo

309 3772 632 3843 servitutis,
666 3771 945 3843 quoniam
974 3770 1032 3826 in
1061 3786 1241 3826 manu
1275 3771 1404 3825 torti
1440 3770 1641 3826 eduxit
1686 3787 1789 3827 vos
1846 3776 1959 3828 Do-

306 3862 507 3918 minus
529 3862 601 3917 de
629 3860 756 3917 loco
776 3860 911 3929 isto,
948 3864 1012 3914 ut
1044 3876 1159 3915 non
1191 3860 1509 3915 comedetis
1546 3859 1959 3915 fermentatum

303 3966 538 4023 panem.
573 3951 758 4005 Hodie
788 3948 1143 4021 egredimini
1168 3964 1371 4004 mense
1394 3965 1675 4004 novarum
1700 3949 1958 4021 frugum.

302 4041 570 4112 Cumque
599 4038 995 4095 introduxerit
1026 4042 1082 4094 te
1101 4037 1390 4093 Dominus
1412 4036 1470 4092 in
1494 4043 1709 4093 terram
1732 4037 1960 4094 Chana-

305 4130 415 4185 naii
464 4133 521 4185 et
551 4127 802 4185 Hetthasi
831 4132 890 4183 et
950 4126 1277 4182 Amorrhaei
1337 4127 1545 4183 etEvaai
1595 4131 1653 4183 et
1682 4126 1961 4199 Jebusmi,

311 4234 491 4289 quam
511 4217 741 4289 juravit
772 4215 1040 4288 patribus
1071 4217 1190 4273 tuis
1251 4220 1317 4271 ut
1364 4216 1530 4271 daret
1580 4215 1690 4271 tibi
1745 4220 1961 4272 terram

308 4307 591 4362 liuentem
622 4305 770 4362 lacte
799 4309 856 4362 et
888 4305 1084 4374 melle,
1140 4304 1465 4361 celebrabis
1523 4304 1681 4360 hunc
1740 4320 1961 4361 morem

307 4410 609 4451 sacrorum
626 4410 825 4450 mense
840 4395 1217 4465 isto.Septem
1232 4393 1441 4449 diebus
1454 4392 1707 4449 vesceris
1719 4394 1963 4466 azymis,

308 4490 367 4540 et
396 4484 453 4539 in
478 4483 571 4540 die
595 4482 848 4556 septimo
880 4483 992 4539 erit
1040 4481 1389 4539 solemnitas
1443 4481 1694 4539 Domini.
1748 4484 1967 4555 Azyma

2046 562 2201 633 quod
2233 562 2597 635 primitivum
2629 567 2719 618 est
2759 562 2818 617 in
2872 562 3177 634 pecoribus
3216 561 3359 629 tuis,
3417 562 3705 636 quidquid

2046 650 2327 707 habueris
2376 651 2687 707 masculini
2754 668 2951 718 sexus,
3010 652 3383 709 consecrabis
3440 653 3705 709 Domino.

2047 738 2512 812 Primogeuitum
2535 740 2684 796 asini
2710 740 2967 796 mutabis
2990 755 3114 807 ove,
3138 742 3293 813 quod
3323 741 3373 797 si
3397 758 3511 798 non
3544 741 3707 797 rede-

2048 827 2248 896 meris,
2280 828 2618 886 interiicies.
2648 828 2832 887 Omne
2863 834 3060 885 autem
3092 830 3556 903 primogenitum
3604 830 3706 886 ho-

2050 917 2225 972 minis
2258 918 2329 973 de
2359 918 2502 974 ﬁliis
2526 917 2668 984 tuis,
2703 918 2887 990 pretio
2922 919 3196 975 redimes.
3228 919 3492 990 Cumque
3533 918 3709 974 inter-

2050 1007 2341 1078 rogaverit
2363 1011 2419 1063 te
2449 1005 2606 1063 ﬁlius
2631 1012 2773 1063 tuus
2805 1024 2937 1065 cras
2965 1007 3203 1063 dicens:
3232 1007 3381 1073 Quid
3414 1011 3505 1064 est
3530 1006 3640 1063 hoe
3677 1005 3706 1061 τ

2050 1095 2432 1166 respondebis
2463 1096 2513 1151 ei
2540 1112 2553 1150 :
2588 1096 2653 1152 In
2678 1112 2857 1152 manu
2881 1096 3013 1151 forti
3044 1095 3243 1151 eduxit
3274 1112 3382 1152 nos
3419 1094 3707 1152 Dominus

2050 1184 2121 1239 de
2151 1190 2311 1240 terra
2339 1185 2569 1257 lEgypti
2601 1186 2671 1240 de
2700 1185 2875 1241 domo
2903 1182 3225 1241 servitutis.
3249 1184 3399 1243 Nam
3451 1200 3585 1241 cum
3616 1185 3707 1240 in-

2049 1272 2295 1328 duratus
2319 1277 2475 1328 esset
2504 1274 2749 1340 Pharao,
2780 1278 2837 1329 et
2867 1272 3047 1329 nollet
3084 1290 3192 1329 nos
3240 1272 3556 1337 dimittere,
3614 1287 3709 1327 oo-

2050 1361 2193 1417 cidit
2215 1363 2497 1418 Dominus
2519 1377 2692 1418 omne
2710 1361 3168 1435 primogenitum
3192 1362 3250 1418 in
3276 1367 3434 1419 terra
3454 1360 3704 1436 Egypti,

2051 1469 2085 1508 a
2111 1453 2501 1526 primogenita
2521 1452 2777 1510 hominis
2793 1470 2979 1526 usque
3001 1452 3457 1525 primogenitum
3471 1454 3711 1525 jumen-

2053 1544 2251 1597 torum
2288 1560 2301 1603 ;
2333 1540 2552 1598 idcirco
2582 1540 2821 1598 immolo
2855 1542 3099 1599 Domino
3131 1558 3303 1598 omne
3333 1544 3485 1614 quod
3519 1540 3709 1614 aperit

2050 1630 2281 1687 vulvam
2313 1630 2627 1687 masculini
2644 1647 2838 1702 sexus,
2858 1635 2915 1688 et
2935 1630 3136 1688 omnia
3147 1630 3539 1704 primogenita
3561 1628 3709 1687 ﬁlio-

2050 1737 2184 1776 rum
2217 1735 2487 1776 meorum
2515 1720 2762 1777 redimo.
2795 1720 2920 1777 Erit
2948 1720 3130 1794 igitur
3160 1720 3332 1794 quasi
3362 1721 3599 1793 signum
3644 1718 3706 1774 in

2050 1826 2228 1867 manu
2260 1814 2385 1881 tua,
2415 1813 2473 1866 et
2502 1810 2672 1882 quasi
2702 1826 3028 1883 appensum
3051 1810 3214 1883 quid,
3237 1810 3310 1867 ob
3351 1808 3709 1867 reeordatio-

2053 1916 2210 1969 nem,
2241 1901 2393 1955 inter
2422 1898 2624 1956 oculos
2680 1905 2814 1956 tuos
2847 1918 2862 1962 :
2893 1915 2961 1957 eo
3016 1899 3173 1972 quod
3228 1898 3289 1955 in
3343 1915 3521 1955 manu
3571 1898 3705 1959 forti

2053 1988 2253 2043 eduxit
2283 2004 2390 2043 nos
2415 1986 2706 2044 Dominus
2727 1990 2799 2045 de
2826 1992 3093 2062 ngypto.
3129 1989 3209 2061 [C.
3267 1988 3466 2060 XXII.)
3524 1986 3709 2061 Igitur

2055 2093 2189 2132 cum
2222 2077 2517 2133 emisisset
2567 2077 2784 2134 Pharao
2842 2078 3149 2150 populum,
3208 2094 3324 2134 non
3355 2093 3456 2135 eos
3504 2074 3708 2133 eduxit

2066 2163 2223 2220 Deus
2268 2180 2371 2236 per
2402 2165 2555 2221 viam
2586 2168 2753 2220 terrea
2776 2164 3130 2222 Philisthiim
3179 2182 3308 2237 quas
3347 2165 3539 2222 vicina
3588 2166 3702 2229 est.

2056 2258 2339 2326 reputans
2369 2270 2442 2310 ne
2473 2254 2618 2310 forte
2665 2254 2970 2326 paeniteret
2998 2270 3155 2323 cum,
3200 2255 3251 2311 si
3302 2253 3545 2311 vidisset
3597 2253 3702 2310 ad-

2057 2359 2289 2399 versum
2347 2359 2411 2399 se
2467 2340 2624 2399 bella
2675 2360 3050 2416 consurgere,
3111 2348 3168 2400 et
3202 2347 3587 2401 reverteretur
3640 2341 3702 2398 in

2056 2435 2391 2505 Egyptum.
2426 2432 2538 2489 Sed
2570 2432 2941 2489 circumcidit
2969 2449 3073 2506 per
3102 2432 3256 2489 viam
3314 2433 3529 2489 deserti
3577 2446 3704 2503 qua

2058 2520 2339 2590 estjuxta
2387 2536 2547 2575 mare
2604 2520 2887 2591 Rubrum,
2945 2524 3002 2576 et
3053 2520 3265 2576 armati
3316 2518 3709 2577 ascenderunt

2059 2608 2165 2665 ﬁlii
2196 2608 2374 2664 Israel
2405 2609 2476 2663 de
2502 2612 2657 2664 terra
2715 2608 2964 2682 Egypti.
3024 2609 3187 2666 Tulit
3238 2625 3473 2682 quoque
3518 2609 3709 2666 Moses

2061 2715 2197 2754 ossa
2226 2697 2408 2755 Jacob
2441 2714 2665 2767 secum,
2696 2714 2764 2754 eo
2793 2699 2949 2770 quod
2973 2698 3307 2770 adjurasset
3337 2697 3490 2755 ﬁlios
3505 2696 3709 2767 Israel,

2061 2785 2263 2843 dicens
2288 2786 2585 2845 :Visitabit
2613 2803 2718 2842 vos
2757 2788 2935 2858 Deus,
2985 2787 3184 2845 eﬂ‘erte
3238 2804 3375 2845 ossa
3400 2804 3531 2845 mea
3575 2785 3713 2842 hinc

2060 2877 2387 2933 vobiscum.
2418 2877 2787 2949 Profectique
2818 2877 3142 2934 deSoccoth
3160 2878 3712 2935 castrametatisunt

2061 2967 2120 3021 in
2154 2966 2358 3022 Etham
2390 2965 2450 3021 in
2480 2967 2756 3022 extremis
2789 2966 3007 3024 ﬁnibus
3030 2966 3387 3023 solitudinis.
3414 2965 3499 3040 [C.
3532 2964 3709 3037 VIII.]

2062 3056 2349 3112 Dominus
2381 3059 2577 3111 autem
2620 3057 2984 3127 praecedebat
3018 3073 3115 3113 eos
3143 3057 3215 3112 ad
3274 3056 3706 3113 ostendendam

2063 3146 2218 3202 viam
2251 3162 2355 3216 per
2383 3144 2535 3200 diem
2568 3145 2626 3199 in
2657 3144 2931 3202 columna
2960 3144 3155 3215 nubis;
3187 3149 3246 3202 et
3274 3162 3379 3218 per
3398 3149 3625 3201 noctem
3647 3143 3708 3200 in

2064 3234 2340 3291 columna
2368 3232 2561 3306 ignis:
2596 3234 2788 3289 utdux
2814 3238 2966 3290 esset
2986 3232 3217 3290 itineris
3261 3238 3514 3307 utroque
3557 3238 3709 3290 tem-

2062 3340 2219 3396 pore.
2254 3322 2568 3393 Nunquam
2603 3321 2791 3378 deluit
2821 3321 3097 3379 columna
3143 3323 3318 3380 nubis
3377 3339 3480 3396 per
3527 3323 3707 3391 diem,

2062 3418 2168 3470 nec
2198 3411 2474 3469 columna
2504 3411 2659 3483 ignis
2694 3428 2795 3482 per
2826 3418 3067 3484 noctem,
3099 3428 3296 3469 coram
3328 3413 3565 3487 populo.

2132 3502 2216 3574 [C.
2238 3500 2441 3571 XXIII,
2468 3499 2599 3571 Cap.
2630 3499 2801 3574 XIV.]
2834 3500 3090 3557 Locutus
3121 3506 3210 3558 est
3258 3506 3455 3558 autem
3517 3502 3711 3559 Domi-

2064 3606 2175 3645 nus
2199 3589 2267 3643 ad
2283 3588 2506 3654 Mosen,
2527 3588 2728 3643 dicens
2754 3612 2768 3642 ε
2792 3587 3054 3660 Loquere
3076 3588 3215 3645 ﬁliis
3245 3589 3457 3646 Israel:
3477 3590 3714 3647 Reversi

2062 3679 2557 3735 castrametentur
2579 3691 2610 3731 e
2641 3675 2877 3749 regione
2908 3676 3281 3750 Phiahiroth,
3314 3695 3440 3751 quae
3467 3679 3717 3736 estinter

2063 3765 2398 3839 Magdalum
2430 3770 2489 3822 et
2515 3781 2676 3821 mare
2707 3770 2911 3822 contra
2941 3762 3330 3840 Beelsephon,
3372 3768 3433 3824 in
3466 3784 3714 3842 conspe-

2062 3862 2159 3912 ctu
2189 3856 2317 3925 ejus
2332 3858 2522 3911 castra
2554 3853 2781 3927 ponetis
2800 3870 2979 3927 super
2998 3872 3185 3912 mare.
3207 3856 3603 3930 Dicturusque
3621 3859 3715 3914 est

2064 3944 2289 4000 Pharao
2320 3959 2499 4015 super
2529 3942 2667 3998 ﬁliis
2694 3942 2869 4000 Israel
2906 3960 2922 4000 :
2952 3947 3245 4002 Coarctati
3274 3950 3416 4002 sunt
3442 3946 3502 4001 in
3534 3950 3713 4013 terra,

2064 4034 2357 4091 conclusit
2387 4049 2488 4089 eos
2514 4032 2837 4089 desertum.
2870 4034 2937 4089 Et
2968 4033 3253 4091 indurabo
3311 4051 3411 4091 cor
3437 4036 3589 4107 ejus,
3643 4050 3712 4092 se

2066 4128 2449 4197 persequetur
2475 4138 2598 4189 vos,
2632 4126 2690 4178 et
2720 4121 3095 4194 gloriﬁcabor
3124 4124 3183 4179 in
3206 4123 3528 4196 Pharaone,
3560 4128 3617 4180 et
3647 4124 3707 4180 in

2064 4213 2223 4271 omni
2245 4213 2501 4269 exercitu
2535 4212 2703 4282 ejus;
2737 4213 3042 4284 sciantque
3072 4213 3346 4286 Egyptii,
3406 4213 3550 4286 quia
3604 4228 3712 4286 ego

2066 4320 2198 4360 sum
2221 4302 2529 4369 Dominus;
2564 4301 2963 4373 Feceruntque
2993 4302 3093 4358 ita.
3154 4303 3225 4358 Et
3254 4302 3592 4359 nuntiatum
3623 4305 3717 4358 est

2066 4392 2189 4464 regi
2218 4390 2623 4463 Egyptiorum
2655 4389 2812 4461 quod
2845 4389 3092 4462 fugisset
3117 4392 3401 4463 populus,
3434 4391 3719 4447 immuta-

2066 4486 2309 4550 tumque
2330 4481 2421 4535 est
2451 4494 2551 4534 cor
2582 4476 2903 4535 Pharaonis
2932 4483 2990 4535 et
3031 4494 3333 4535 servorum
3382 4481 3511 4550 ejus
3541 4494 3725 4552 super

309 4571 629 4629 comedetis
660 4578 884 4645 septem
918 4571 1149 4642 diebus,
1199 4588 1316 4627 non
1346 4571 1653 4644 apparebit
1702 4575 1858 4643 apud
1906 4576 1962 4628 te
1994 4571 2037 4636 D
2073 4567 2312 4642 populo,
2343 4571 2400 4623 et
2431 4567 2745 4625 dixerunt:
2777 4566 2927 4632 Quid
2958 4567 3257 4625 voluimus
3303 4569 3511 4638 facere,
3544 4572 3611 4625 ut
3629 4567 3723 4623 di-

310 4660 537 4733 aliquid
569 4660 1010 4731 fermentatum,
1039 4676 1146 4716 nec
1175 4660 1234 4716 in
1265 4660 1493 4717 cunctis
1543 4659 1759 4716 ﬁnibus
1817 4659 1955 4717 tuis.
2070 4660 2441 4716 mitteremus
2462 4655 2664 4723 Israel,
2700 4672 2773 4712 ne
2803 4657 3050 4713 serviret
3084 4658 3253 4714 nobis
3275 4657 3303 4712 ?
3331 4658 3533 4714 Iunxit
3580 4672 3722 4731 ergo

311 4749 715 4822 Narrabisque
746 4749 867 4807 ﬁlio
896 4754 999 4806 tuo
1029 4749 1087 4804 in
1122 4749 1216 4805 die
1274 4748 1398 4819 illo,
1433 4748 1634 4805 dicens
1669 4764 1683 4803 :
1714 4753 1834 4805 Hoc
1864 4752 1957 4805 est
2061 4751 2629 4817 currum,etomnem
2644 4743 2929 4817 populum
2946 4747 3710 4820 suumassumpsitseeum.

314 4838 469 4910 quod
504 4839 641 4896 fecit
671 4840 955 4895 Dominus
986 4837 1152 4906 mihi,
1178 4839 1411 4911 quando
1431 4854 1705 4911 egressus
1726 4854 1861 4895 sum
1886 4838 1958 4894 de
2065 4838 2337 4907 Tulitque
2381 4837 2652 4892 sexentos
2683 4851 2893 4891 currus
2923 4835 3161 4905 electos,
3211 4840 3269 4892 et
3316 4836 3604 4908 quidquid
3658 4835 3721 4892 in

312 4930 578 5001 Egypto.
614 4928 683 4985 Et
711 4928 823 4985 erit
851 4928 1023 5000 quasi
1045 4927 1357 5000 signumin
1379 4944 1558 4983 manu
1578 4931 1774 4993 tua,et
1790 4926 1961 4999 quasi
2068 4930 2312 4999 Egypto
2343 4940 2624 4980 curruum
2654 4923 2781 4991 fuit,
2815 4928 2874 4979 et
2905 4924 3085 4981 duces
3114 4924 3617 4983 totiusexercitus.
3637 4923 3729 4981 In-

316 5022 771 5074 monumentum
804 5020 941 5073 ante
972 5016 1174 5073 oculos
1201 5025 1358 5082 tuos,
1390 5019 1448 5072 et
1495 5021 1561 5072 ut
1608 5015 1699 5071 lex
1729 5014 1961 5071 Domini
2074 5011 2425 5084 duravitque
2453 5010 2739 5069 Dominus
2768 5028 2868 5068 cor
2898 5012 3224 5071 Pharaonis
3255 5014 3410 5087 regis
3467 5013 3723 5087 lEg‘ypti,

314 5121 550 5179 semper
580 5106 661 5163 sit
689 5106 747 5160 in
781 5122 880 5161 ore
910 5110 1051 5162 tuo:
1085 5105 1143 5162 in
1179 5122 1355 5161 manu
1387 5104 1543 5160 enim
1580 5105 1717 5161 forti
1766 5103 1967 5160 eduxit
2076 5110 2134 5162 et
2164 5105 2507 5177 persecutus
2537 5105 2627 5156 est
2657 5099 2807 5156 ﬁlios
2837 5098 3037 5168 Israel,
3073 5108 3133 5158 at
3160 5101 3245 5157 illi
3278 5103 3507 5176 egressi
3558 5108 3726 5159 erant

318 5200 374 5251 te
396 5195 684 5253 Dominus
713 5196 779 5251 de
802 5199 1061 5268 Egypto.
1088 5195 1395 5251 Custodies
1416 5193 1823 5264 hujuscemodi
1845 5192 1968 5249 cul-
2079 5188 2138 5250 in
2172 5209 2349 5248 manu
2378 5189 2625 5246 excelsa.
2658 5190 3429 5265 Cumquepersequerentur
3473 5190 3729 5266 Egyptii

2081 5282 2332 5353 vestigia
2361 5279 2837 5353 praecedentium,
2897 5288 3242 5354 repererunt
3277 5298 3378 5339 eos
3420 5282 3481 5339 in
3515 5280 3732 5339 castris

2086 5389 2266 5443 super
2297 5386 2460 5426 mare
2484 5389 2498 5438 ;
2530 5370 2724 5426 omnis
2753 5372 3050 5444 equitatus
3078 5379 3132 5429 el
3152 5388 3361 5430 currus
3385 5372 3732 5441 Pharaonis,

2087 5467 2146 5518 et
2180 5461 2491 5518 universus
2520 5459 2831 5532 exercitus,
2861 5466 3031 5519 erant
3059 5463 3118 5518 in
3150 5461 3491 5520 Phiahiroth
3522 5463 3546 5499 ⁸
3590 5478 3735 5519 con-

328 5290 455 5341 tum
483 5290 704 5342 statuto
737 5288 999 5358 tempore
1031 5302 1065 5341 a
1097 5284 1304 5341 diebus
1338 5284 1395 5339 in
1426 5283 1573 5339 dies.
1597 5282 1971 5356 Cumquein-

318 5374 647 5431 traduxerit
667 5379 720 5431 te
746 5375 1028 5431 Dominus
1048 5374 1108 5429 in
1132 5379 1348 5430 terram
1370 5370 1974 5443 Chananaei,sicutju-

324 5462 478 5518 ravit
507 5463 617 5520 tibi
668 5469 726 5519 et
766 5463 1038 5535 patribus
1066 5462 1208 5531 tuis,
1267 5466 1325 5517 et
1378 5459 1605 5517 dederit
1662 5476 1789 5516 eam
1846 5460 1977 5531 tibi,

406 5662 425 5698 ί
462 5662 671 5717 Errore
708 5661 1089 5719 librariorum
1111 5659 1403 5717 omittitur
1423 5659 1478 5715 in
1503 5659 1782 5719 omnibus
1817 5660 1990 5720 codd.
2028 5657 2451 5731 manuscriptis
2481 5657 2674 5729 prima
2704 5656 2929 5731 syllaba
2950 5659 3074 5733 phi,
3090 5662 3150 5718 et
3163 5658 3382 5733 legitur
3403 5658 3660 5729 tantum,
