4080 6186
313 351 418 409 293

1760 340 1977 396 LIBER
2013 338 2257 396 EXODI.

3605 345 3713 403 294

317 486 402 535 tra
430 474 808 548 Beelsephon.
845 475 1111 543 Cumque
1150 468 1682 542 appropinquasset
1706 466 1954 532 Pharao,
1985 466 2039 533 Α
2068 470 2123 519 et
2156 464 2508 522 involviteos
2548 465 2832 524 Dominus
2854 467 2913 523 in
2936 466 3461 527 mediisﬂuctibus.
3505 471 3717 529 Rever-

318 570 567 625 levantes
599 564 705 620 ﬁlii
736 562 917 620 Israel
947 560 1166 629 oculos,
1201 559 1471 615 viderunt
1500 556 1801 630 Egyptios
1831 558 1965 627 post

319 674 397 724 se,
429 661 488 712 et
515 656 801 710 timerunt
846 650 1034 721 valde,
1076 649 1597 719 clamaveruntque
1634 648 1705 703 ad
1759 645 1961 702 Domi—

322 762 480 813 num,
512 749 571 801 st
598 743 872 799 dixerunt
914 740 988 796 ad
1020 739 1219 795 Mosen
1251 755 1265 794 :
1310 738 1575 794 Forsitan
1624 753 1740 793 non
1799 738 1967 791 erant

322 834 588 908 sepulcra
618 834 680 889 in
711 832 981 904 Egypto,
1030 828 1161 885 ideo
1221 826 1410 883 tulisti
1443 843 1571 894 nos,
1607 830 1672 882 ut
1710 840 1968 879 morere-

324 940 453 980 mur
482 924 543 978 in
600 919 968 979 solitudine?
1023 918 1165 990 quid
1197 916 1307 973 hoc
1362 916 1552 972 facere
1606 913 1863 978 voluisti,
1905 916 1969 967 ut

321 1014 590 1070 educeres
618 1027 725 1066 nos
774 1025 844 1066 ex
888 1009 1134 1080 [Egypto
1170 1023 1184 1062 :
1218 1005 1423 1061 Nonne
1455 1004 1566 1060 iste
1631 1008 1721 1058 est
1751 1017 1968 1070 sermo,

322 1117 489 1174 quem
523 1100 919 1171 loquebamur
949 1098 1022 1153 ad
1047 1101 1103 1152 te
1134 1096 1194 1151 in
1226 1095 1471 1167 Egypto
1502 1093 1803 1149 dicentes:
1856 1095 1970 1145 Re-

323 1191 457 1247 cede
478 1207 516 1246 a
545 1188 736 1255 nobis,
769 1192 827 1243 et
855 1185 1185 1242 serviamus
1239 1181 1523 1256 Egyptiis
1542 1184 1568 1235 ἵ
1601 1180 1783 1236 multo
1814 1178 1971 1235 enim

322 1278 533 1335 melius
553 1282 645 1334 est
675 1277 894 1333 servire
923 1275 1033 1342 eis,
1065 1290 1244 1345 quam
1277 1272 1425 1328 mori
1458 1271 1517 1326 in
1552 1268 1891 1326 solitudine.
1909 1271 1975 1322 Et

318 1370 400 1426 ait
426 1368 623 1424 Moses
672 1381 740 1423 ac
789 1363 1120 1438 populum:
1179 1360 1370 1418 Nolite
1403 1363 1615 1427 :state,
1673 1364 1732 1414 et
1786 1357 1975 1413 videte

322 1458 621 1530 magnalia
648 1453 886 1511 Domini
917 1470 1044 1525 qua
1059 1452 1323 1508 facturus
1336 1458 1423 1506 est
1444 1449 1616 1505 hodie
1641 1466 1653 1503 :
1674 1446 1975 1521 rEgyptios

325 1547 509 1616 enim,
532 1561 677 1617 quos
698 1559 857 1600 nunc
875 1542 1108 1608 videtis,
1132 1555 1504 1613 nequaquam
1530 1536 1683 1594 ultra
1702 1536 1977 1593 videbitis

322 1651 515 1707 usque
529 1635 589 1690 in
606 1632 1053 1705 sempiternum.
1073 1629 1362 1686 Dominus
1374 1628 1661 1700 pugnabit
1673 1644 1777 1700 pro
1790 1627 1975 1696 vobis,

319 1737 376 1781 et
402 1740 508 1780 vos
538 1722 832 1779 iacebitis.
864 1719 1136 1792 Dixitque
1154 1717 1444 1775 Dominus
1469 1718 1540 1773 ad
1566 1717 1803 1773 Mosen:
1828 1716 1976 1781 Quid

2072 570 2268 625 eaeque
2297 559 2437 611 sunt
2465 572 2651 627 aqua,
2685 561 2743 613 et
2779 563 3138 629 operuerunt
3166 576 3375 617 currus
3404 565 3462 617 et
3492 560 3716 633 equites

2074 642 2275 698 cuncti
2288 659 2355 699 ex
2369 645 2619 700 cercitus
2643 645 2985 715 Pharaonis,
3009 647 3111 720 qui
3137 654 3448 719 sequentes
3463 649 3716 722 ingressi

2076 732 2307 787 fuerant
2346 749 2530 801 mare,
2560 750 2632 789 ne
2681 751 2835 791 unus
2884 736 3123 808 quidem
3181 738 3472 809 superfuit
3513 756 3582 795 ex
3614 741 3719 795 eis.

2078 819 2212 874 Filii
2245 825 2443 876 autem
2475 822 2651 879 Israel
2696 829 3073 894 perrexerunt
3124 842 3227 897 per
3289 827 3551 884 medium
3583 826 3735 884 sicci

2080 910 2278 977 maris,
2312 915 2369 966 et
2397 927 2559 983 aquae
2591 912 2675 967 eis
2700 918 2869 969 erant
2906 915 3076 986 quasi
3108 931 3212 987 pro
3246 932 3415 972 muro
3447 933 3481 971 a
3506 916 3729 972 dextris

2078 1003 2134 1053 et
2164 998 2530 1058 asinistris:
2588 1001 2975 1076 liberavitque
3027 1004 3313 1060 Dominus
3366 1004 3426 1060 in
3476 1005 3569 1061 die
3628 1004 3730 1063 illa

2081 1086 2258 1144 Israel
2284 1088 2356 1144 de
2377 1104 2556 1145 manu
2587 1090 3011 1163 Egyptiorum.
3038 1091 3104 1146 Et
3123 1092 3398 1149 viderunt
3425 1094 3729 1167 ZEgyptios

2083 1182 2345 1234 mortuos
2376 1195 2555 1251 super
2583 1178 2752 1237 littus
2812 1181 3121 1250 maris,‘et
3153 1197 3397 1239 manum
3459 1199 3731 1256 magnam

2084 1283 2261 1339 quam
2287 1274 2622 1325 exercuerat
2666 1270 2949 1327 Dominus
3004 1276 3211 1328 contra
3239 1288 3362 1341 eos,
3414 1272 3732 1345 timuitque

2084 1356 2339 1427 populus
2368 1358 2690 1416 Dominum
2712 1364 2768 1416 et
2788 1360 3168 1418 crediderunt
3213 1361 3489 1430 Domino,
3519 1362 3735 1419 etMosi

2085 1462 2249 1502 servo
2281 1447 2436 1518 ejus.

2156 1536 2321 1592 Tunc
2352 1536 2564 1593 cecinit
2592 1537 2784 1595 Moses
2836 1542 2894 1595 et
2946 1538 3050 1595 filii
3095 1539 3277 1597 Israel
3335 1556 3572 1598 carmen
3627 1539 3738 1597 hoc

2087 1625 2333 1681 Domino
2389 1630 2448 1682 et
2502 1627 2811 1684 dixerunt:

2084 1718 2402 1772 Cantemus
2454 1715 2699 1773 Domino
2731 1734 2746 1773 :

320 1813 543 1869 clamas
560 1812 633 1866 ad
650 1814 773 1866 me?
792 1810 1052 1881 Loquere
1066 1807 1202 1863 ﬁliis
1220 1805 1976 1879 Israel,utproficiscantur.
2009 1837 2056 1903 Β
2157 1803 2413 1877 gloriose
2444 1806 2602 1862 enim
2639 1807 3056 1879 magniﬁcatus
3111 1812 3222 1876 est,

322 1903 406 1958 Tu
428 1907 635 1957 autem
664 1900 826 1955 eleva
854 1898 1081 1970 virgam
1124 1902 1310 1966 tuam,
1342 1901 1400 1951 et
1428 1897 1674 1952 extende
1730 1911 1975 1951 manum

326 1997 490 2046 tuam
526 2005 704 2061 super
736 2004 921 2055 mare,
968 1991 1027 2043 et
1091 1986 1311 2055 divide]
1330 1984 1477 2040 illud
1510 1990 1574 2040 ut
1630 1985 1979 2055 gradiantur

324 2080 427 2135 ﬁlii
471 2077 655 2135 Israel
685 2078 747 2133 in
779 2077 973 2132 medio
1013 2076 1163 2131 mari
1221 2092 1325 2147 per
1354 2075 1599 2131 siccum.
1635 2075 1749 2147 Ego
1780 2081 1976 2130 autem

320 2168 619 2225 indurabo
641 2184 741 2223 cor
766 2165 1193 2238 ﬂgyptiorum,
1227 2170 1292 2220 ut
1320 2170 1755 2237 persequantur
1774 2181 1896 2228 vos,
1923 2170 1980 2219 et

320 2257 701 2329 gloriﬁcabor
730 2256 788 2309 in
820 2255 1141 2320 Pharaone,
1165 2258 1222 2310 et
1250 2254 1310 2309 in
1329 2252 1795 2309 omniexcercitu
1827 2253 1978 2323 ejus,

323 2346 380 2401 in
410 2346 692 2401 curribus
719 2348 776 2399 et
807 2344 864 2399 in
899 2342 1198 2413 equitibus
1255 2341 1435 2398 illius.
1469 2342 1539 2397 Et
1585 2341 1773 2398 scient
1810 2343 1980 2414 [Egy-

324 2436 427 2506 ptii
462 2434 612 2506 quia
640 2449 747 2505 ego
777 2447 911 2489 sum
943 2430 1254 2497 Dominus,
1274 2446 1410 2487 cum
1442 2430 1802 2503 gloriﬁcatus
1820 2432 1979 2487 fuero

323 2524 381 2579 in
402 2525 737 2591 Pharaone,
764 2520 896 2577 etin
917 2520 1191 2575 curribus
1210 2524 1387 2590 atque
1406 2519 1466 2575 in
1492 2519 1794 2591 equitibus
1828 2520 1979 2590 ejus.

320 2612 680 2683 Tollensque
710 2626 773 2666 se
794 2608 1040 2681 angelus
1070 2608 1195 2676 Dei,
1238 2608 1340 2679 qui
1371 2609 1735 2680 pmcedebat
1788 2614 1983 2665 castra

322 2701 532 2771 Israel,
560 2701 708 2756 abiit
738 2704 870 2772 post
898 2715 1019 2769 eos,
1059 2703 1118 2755 et
1171 2714 1307 2754 cum
1337 2714 1403 2754 eo
1459 2699 1679 2770 pariter
1707 2698 1984 2755 columna

322 2792 527 2859 nubis,
560 2791 758 2862 priora
792 2788 1122 2854 dimittens,
1168 2793 1301 2860 post
1328 2793 1561 2859 tergum
1619 2789 1801 2854 stetit,
1834 2787 1985 2845 inter

322 2886 527 2936 castra
572 2878 979 2951 Egyptiorum
1008 2881 1068 2933 et
1097 2881 1293 2933 castra
1324 2876 1523 2943 Israel,
1555 2880 1613 2931 et
1641 2882 1767 2932 erat
1797 2877 1983 2935 nubes

320 2969 664 3034 tenebrosa,
697 2971 755 3022 et
785 2965 1131 3021 illuminans
1154 2969 1406 3033 noctem,
1440 2964 1522 3020 ita
1544 2970 1607 3020 ut
1638 2965 1710 3021 ad
1742 2982 1804 3021 se
1833 2965 1985 3021 invi-

328 3074 455 3113 cem
490 3062 618 3113 toto
650 3055 842 3111 noctis
895 3059 1158 3126 tempore
1214 3053 1490 3109 accedere
1542 3070 1657 3109 non
1705 3054 1984 3110 valerent.

321 3149 599 3219 Cumque
630 3144 990 3201 extendisset
1036 3143 1227 3199 Moses
1286 3159 1529 3198 manum
1579 3160 1758 3213 super
1799 3160 1981 3214 mare,

2155 1911 2373 1967 equum
2403 1899 2461 1951 et
2502 1910 2873 1953 ascensorem
2923 1898 3135 1968 deiecit
3164 1897 3224 1953 in
3256 1914 3439 1956 mare.

2084 1984 2386 2041 Fortitudo
2417 2000 2568 2055 mea,
2598 1985 2916 2056 Dominus;

2154 2076 2213 2127 et
2239 2073 2427 2129 factus
2457 2077 2546 2130 est
2571 2074 2713 2130 mihi
2743 2074 2803 2130 in
2835 2073 3107 2131 salutem.

2089 2161 2203 2217 Iste
2236 2162 2385 2218 Deus
2418 2179 2605 2232 meus,
2638 2171 2691 2219 et
2732 2162 3072 2235 glorificabo
3102 2180 3240 2221 eum
3272 2182 3286 2233 ;

2157 2250 2312 2306 Deus
2344 2252 2528 2322 patris
2559 2252 2694 2321 mei,
2726 2259 2784 2308 et
2830 2253 3098 2310 exaltabo
3150 2270 3307 2311 eum.

2087 2337 2373 2396 Dominus
2427 2341 2597 2413 quasi
2640 2341 2727 2397 vir
2784 2349 3109 2413 pugnator;

2158 2428 2534 2500 omnipotens
2564 2430 2647 2499 [in
2679 2429 2739 2486 h.
2773 2430 3082 2502 Dominus]
3129 2446 3343 2487 nomen
3373 2431 3504 2504 ejus
3534 2430 3551 2465 ¹
3578 2446 3593 2485 :

2159 2533 2369 2574 currus
2399 2517 2721 2575 Pharaonis
2751 2523 2809 2575 et
2856 2519 3178 2576 exercitum
3217 2521 3347 2592 ejus
3404 2519 3649 2594 projecit
3677 2518 3739 2575 in

2161 2622 2344 2664 mare.

2088 2696 2271 2754 Electi
2301 2698 2597 2771 principes
2627 2699 2756 2770 ejus
2774 2698 3068 2756 submersi
3085 2699 3305 2756 suntin
3339 2700 3485 2757 mari
3507 2700 3740 2758 Rubro:

2162 2786 2360 2860 abyssi
2389 2793 2747 2859 operuerunt
2800 2804 2900 2845 eos
2933 2806 2948 2847 :

2163 2879 2592 2935 descenderunt
2620 2877 2680 2934 in
2733 2879 3089 2951 profundum
3119 2880 3289 2951 quasi
3317 2877 3491 2952 lapis.

2093 2969 2338 3026 Dextera
2366 2976 2484 3039 tua,
2529 2967 2796 3037 Domine,
2848 2967 3230 3041 magnificata
3260 2974 3349 3026 est
3387 2969 3447 3025 in
3507 2969 3741 3027 fortitu-

2164 3061 2301 3115 dine
2329 3059 2370 3113 ³.

2166 3149 2402 3205 dextera
2430 3151 2553 3215 tua,
2583 3146 2844 3215 Domine,
2873 3146 3166 3219 percussit
3194 3145 3498 3203 inimicum
3531 3163 3548 3204 :
3589 3151 3647 3203 et
3682 3147 3743 3205 in

323 3211 578 3292 abstulit
609 3234 759 3290 illud
788 3233 1096 3298 Dominus,
1144 3236 1320 3287 ﬂante
1348 3236 1518 3287 vento
1551 3211 1876 3288 vehementi
1924 3211 1981 3289 et
2011 3211 2054 3278 θ
2167 3211 2549 3294 multitudine
2599 3237 2798 3309 gloria
2831 3211 2968 3292 't-uaa
3027 3232 3354 3309 deposuisti
3378 3238 3746 3295 adversarios

319 3332 528 3381 urente
548 3328 676 3379 tota
708 3326 901 3391 nocte,
941 3326 1000 3377 et
1030 3323 1201 3377 vertit
1233 3321 1293 3375 in
1352 3319 1577 3376 siccum
1610 3336 1624 3374 :
1682 3320 1986 3393 divisaque

314 3419 403 3469 est
428 3430 614 3485 aqua.
645 3413 716 3468 Et
743 3411 992 3483 ingressi
1024 3414 1161 3466 sunt
1209 3408 1315 3464 ﬁlii
1384 3409 1561 3465 Israel
1593 3426 1696 3481 per
1726 3410 1982 3467 medium

316 3505 502 3561 maris
532 3502 715 3559 sicci:
749 3507 877 3557 erat
914 3499 1071 3557 enim
1103 3516 1253 3570 aqua
1281 3499 1452 3572 quasi
1483 3516 1689 3556 murus
1720 3516 1755 3555 a
1782 3501 1985 3557 dextra

314 3608 523 3649 eorum
556 3596 621 3647 et
644 3590 805 3646 lava.
864 3589 1406 3660 Persequentesque
1433 3588 1681 3660 {Egyptii
1730 3588 1982 3661 ingressi

316 3688 457 3737 sunt
488 3686 631 3754 post
658 3696 781 3749 eos,
821 3678 1016 3735 omnis
1067 3677 1367 3749 equitatus
1416 3676 1725 3748 Phraonis,
1775 3694 1985 3736 currus

314 3772 443 3841 ejus
474 3779 535 3827 et
566 3770 820 3840 equites,
853 3784 953 3839 per
984 3766 1243 3823 medium
1294 3767 1496 3823 maris.
1532 3767 1785 3839 Jamque
1813 3769 1985 3824 adve-

318 3858 707 3931 neratvigilia
735 3857 1048 3923 matutina,
1080 3860 1140 3912 et
1174 3871 1305 3913 ecce
1330 3855 1650 3927 respiciens
1697 3856 1984 3914 Dominus

320 3966 503 4021 super
535 3952 734 4004 castra
763 3946 1169 4019 Egyptiorum
1210 3961 1312 4017 per
1366 3945 1704 4001 columnam
1743 3946 1899 4019 ignis
1928 3951 1987 4003 et

322 4038 525 4109 nubis,
559 4036 856 4093 interfecit
877 4034 1229 4092 excercitum
1252 4049 1480 4101 eorum,
1504 4037 1563 4090 et
1592 4035 1986 4091 subvertitro-

322 4132 409 4183 tas
450 4142 770 4195 curruum,
800 4126 1254 4194 ferebanturque
1302 4123 1362 4178 in
1395 4124 1777 4194 profundum.
1812 4125 1984 4181 Dixe-

325 4221 467 4272 runt
501 4232 648 4287 ergo
675 4213 928 4287 Egyptii
960 4229 974 4268 :
1019 4212 1340 4284 Fugiamus
1360 4211 1674 4269 Israelem:
1702 4214 1982 4272 Dominus

325 4306 484 4361 enim
519 4308 751 4377 pugnat
780 4319 883 4375 pro
914 4301 998 4358 eis
1024 4305 1229 4357 contra
1252 4304 1463 4358 nos.Et
1491 4302 1573 4357 ait
1588 4301 1875 4360 Dominus
1910 4305 1983 4361 ad

325 4394 532 4452 Mosen
568 4410 584 4448 :
622 4392 872 4449 Extende
904 4407 1145 4446 manum
1178 4396 1337 4446 tuam
1370 4406 1549 4461 super
1578 4406 1759 4459 mare,
1794 4397 1859 4448 ut
1887 4409 1982 4449 re-

320 4488 640 4540 vertantur
670 4498 835 4554 aquie
866 4481 939 4537 ad
970 4479 1270 4552 zEgyptios
1295 4495 1474 4551 super
1503 4496 1712 4537 currus
1741 4486 1801 4537 et
1820 4483 1982 4555 equi-

322 4578 415 4630 tes
444 4588 685 4629 eorum.
715 4574 981 4642 Cumque
1010 4567 1365 4669 extendisset
1385 4572 1573 4673 ldoses
1596 4585 1832 4627 manum
1849 4589 2040 4673 con--D

320 4668 409 4718 tra
439 4677 635 4729 mare,
669 4675 967 4716 reversum
996 4661 1086 4715 est
1116 4657 1302 4731 primo
1333 4658 1595 4715 diluculo
1626 4660 1699 4715 ad
1733 4661 1984 4733 priorem

324 4750 562 4807 locum:
585 4746 1362 4821 fugientibusquezEgyptiis
1384 4753 1768 4806 occurrerunt
1794 4767 1984 4824 aquae.

328 4903 495 4953 erant
529 4894 592 4951 in
633 4890 862 4967 Abiretli
958 4907 1096 4967 quae
1142 4891 1568 4967 exscriptorum
1601 4891 1987 4967 incogitantia

322 4967 619 5025 lectorem
666 4982 781 5021 non
830 4962 1036 5019 debuit
1083 4963 1282 5019 latere.
1321 4962 1491 5019 ΜΑειτ

438 5056 519 5080 λέ
550 5038 782 5108 Optime
821 5034 1101 5108 Urbinas,
1130 5035 1451 5108 Phyayroth
1482 5050 1497 5091 :
1531 5052 1702 5092 secus
1735 5036 1981 5098 Palatio.

319 5107 613 5167 Adiit-0th.
646 5110 797 5164 Tum
824 5108 980 5163 idem
1016 5107 1263 5164 Urbinas
1276 5108 1647 5178 subsequens
1674 5108 1987 5167 Pharaonis

320 5198 547 5239 nomen
609 5178 1022 5239 praetermittit.

391 5257 410 5291 ⁸
450 5247 690 5309 Laudat
731 5252 1007 5307 Rabanus
1060 5247 1376 5305 editionem
1431 5264 1559 5321 quae
1609 5248 1739 5320 fert,
1797 5252 1984 5310 Domi-

317 5340 424 5381 nus
451 5339 666 5380 nomen
703 5332 783 5378 est
826 5322 939 5378 illi.

388 5399 413 5433 ³
436 5397 615 5453 Hunc
644 5394 839 5451 locum
876 5391 1270 5449 diversimode
1298 5389 1502 5462 legunt
1538 5408 1681 5449 mss.
1733 5395 1982 5453 codices.

322 5467 533 5523 Canon
595 5466 737 5523 Heb.
771 5482 891 5520 ver.
929 5465 1010 5519 ita
1040 5463 1254 5518 habet:
1282 5463 1551 5519 Dextram
1583 5472 1757 5532 tuam,
1790 5468 1986 5523 Domi-

318 5557 449 5605 nus,
482 5538 841 5608 magniﬁcam
870 5539 932 5590 in
958 5534 1304 5608 fortitudine.
1335 5534 1466 5602 Ain,
1498 5536 1845 5608 Dextratua,
1875 5540 1983 5595 Do-

320 5615 501 5677 mine,
533 5606 829 5682 magniﬁce
856 5611 916 5663 in
937 5606 1788 5682 fortitudinellecentiorunus
1822 5606 1982 5682 legit,

320 5676 806 5756 laniﬁcam-tn
833 5677 1179 5753 fortitudine.
1242 5676 1337 5735 Sic
1375 5693 1481 5750 pro
1535 5680 1837 5738 voluntate
1879 5676 1983 5739 3x4

2166 3343 2330 3384 meos
2361 3328 2384 3361 ε
2404 3327 2487 3399 [h.
2540 3325 2747 3399 [tuos].

2091 3416 2303 3474 Misisti
2338 3417 2487 3472 iram
2530 3424 2715 3485 tuam,
2768 3432 2899 3488 quas
2916 3415 3213 3472 devoravit
3243 3431 3344 3472 eos
3374 3415 3527 3473 sicut
3555 3416 3745 3489 stipu-

2166 3508 2282 3563 lam
2316 3523 2329 3563 :
2362 3511 2420 3563 et
2448 3506 2507 3561 in
2544 3505 2734 3578 spritu
2783 3506 2998 3563 furoris
3036 3507 3124 3563 tui
3183 3511 3547 3580 congregatis
3603 3510 3745 3563 sunt

2164 3612 2351 3667 aquae.

2093 3685 2263 3740 Stetit
2295 3684 2454 3739 unda
2491 3683 2679 3740 ﬂuens
2704 3699 2720 3742 :

2164 3778 2526 3845 congregatis
2550 3778 2691 3829 sunt
2711 3772 2906 3846 abyssi
2937 3771 2999 3829 in
3030 3773 3221 3830 medio
3252 3771 3421 3829 mari.

2093 3863 2249 3919 Dixit
2281 3862 2560 3919 inimicus
2593 3878 2605 3917 :
2641 3863 2961 3934 Persequar
2998 3867 3054 3919 et
3112 3862 3633 3935 comprehendam,

2163 3952 2418 4007 dividam
2458 3950 2668 4023 spolia,
2701 3951 3043 4023 implebitur
3074 3951 3271 4007 anima
3305 3966 3452 4007 mea.

2090 4040 2423 4114 Evaginaho
2453 4040 2717 4113 gladium
2768 4055 2965 4096 meum
2986 4058 3000 4096 :

2162 4128 2472 4185 interficiet
2500 4145 2599 4185 eos
2640 4144 2851 4185 manus
2883 4144 3033 4185 mea.

2088 4220 2275 4275 Flevit
2299 4217 2546 4291 spiritus
2576 4221 2735 4287 tuus,
2776 4222 2833 4274 et
2860 4218 3091 4291 operuit
3113 4232 3213 4274 eos
3242 4232 3405 4274 mare
3437 4234 3451 4273 :

2161 4307 2454 4364 submersi
2487 4311 2628 4364 sunt
2685 4307 2855 4380 quasi
2908 4307 3216 4380 plumbum
3273 4306 3334 4363 in
3366 4305 3535 4379 aquis
3562 4305 3741 4363 vehe-

2162 4398 2482 4453 mentibus.

2088 4486 2229 4551 Quis
2258 4485 2470 4544 similis
2500 4487 2587 4543 tui
2619 4488 2677 4542 in
2720 4487 2990 4557 fortibus,
3028 4482 3314 4544 Domine?

2148 4578 2283 4650 quis
2314 4576 2523 4633 similis
2556 4577 2669 4645 tui,
2702 4578 3052 4650 magnificus
3084 4578 3146 4633 in
3176 4576 3522 4634 sanctitate:

2166 4664 2450 4722 terribilis
2481 4670 2658 4737 atque
2689 4665 3022 4738 laudabilis,
3052 4667 3274 4723 faciens
3321 4664 3617 4721 mirabilia
3639 4662 3668 4719 7

2094 4755 2417 4812 Extendisti
2458 4771 2699 4811 manum
2728 4760 2891 4813 tuam
2938 4755 3024 4829 [h.
3057 4756 3355 4813 dexteram
3385 4753 3592 4826 tuam],

2095 4898 2445 4973 scriptorum
2460 4898 2638 4973 unius
2652 4897 2953 4973 sententiae
2976 4897 3177 4955 multis
3198 4901 3412 4973 sacpius
3425 4902 3566 4958 oeci:
3575 4898 3743 4953 rrunt

2090 4972 2387 5027 variantes
2430 4970 2730 5026 lectiones.
2787 4970 2974 5027 Mm.

2164 5075 2231 5085 ——
2264 5044 2327 5097 In
2359 5042 2563 5098 Latina
2586 5042 2842 5098 editione
2872 5043 3006 5111 alia,
3038 5057 3218 5113 quam
3249 5042 3559 5103 Rabbanus
3610 5046 3738 5102 Iau-

2093 5116 2213 5179 dat,
2244 5114 2552 5184 gloriﬁcata
2572 5118 2671 5169 est.

2162 5185 2357 5240 3Editi
2404 5186 2626 5258 legunt,
2686 5193 2823 5255 tuos,
2874 5184 3047 5258 juxta
3104 5184 3429 5258 Hebraeum.
3473 5190 3548 5244 At
3595 5188 3739 5243 ms's.

2094 5272 2298 5330 omnes
2329 5248 2559 5330 cptiiiiee
2613 5248 2784 5330 notae,
2809 5248 3266 5330 'et'antiquiores
3307 5248 3525 5330 habent
3569 5275 3737 5326 meos,

2094 5329 2282 5411 Quare
2314 5327 2386 5384 ne
2415 5328 2557 5411 quid
2593 5327 2828 5411 propria
2858 5327 3202 5386 auctoritate
3229 5348 3261 5384 a
3285 5329 3453 5411 nobis
3484 5334 3741 5411 mutare-

2091 5405 2206 5527 ﬁir,
2270 5415 2361 5455 res
2411 5406 2476 5455 ut
2522 5404 2663 5456 sunt
2710 5400 2770 5455 in
2838 5417 3079 5471 canone,
3140 5417 3373 5457 manere
3425 5400 3742 5469 Voluimus,

2153 5488 2280 5527 ΛΒΤ.

2153 5488 2280 5527 ΛΒΤ.

2162 5573 2231 5583 -
2246 5543 2339 5598 Sic
2353 5542 2555 5612 nostri,
2573 5542 2792 5614 aliique
2810 5559 3015 5599 omnes
3038 5558 3180 5598 mss.
3198 5541 3413 5599 habent
3438 5559 3607 5601 meos.
3637 5543 3748 5602 He-

2094 5614 2285 5670 braeus
2316 5619 2513 5670 tamen
2545 5619 2603 5670 et
2647 5614 2962 5686 Vulgatus,
3009 5623 3148 5671 tuos.
