4080 6186
1729 359 1758 407 l‘
1780 357 1806 405 δ
1828 357 1905 409 Μ]
1932 357 2187 411 DlVlNA
2222 358 2716 415 BIBLIOTHECA.

2020 482 2075 546 Α
2107 480 2299 535 omnis
2332 480 2647 538 multitudo
2675 482 2929 539 filiorum
2964 483 3141 540 Israel
3172 482 3230 539 in
3293 484 3587 539 desertum
3629 485 3757 554 Sin,

420 478 476 531 et
505 474 800 531 devoravit
825 490 924 532 eos
962 479 1136 532 terra.

354 565 473 620 Dux
510 565 670 620 fuiin
695 565 752 619 in
786 564 1187 621 misericordia
1221 569 1343 622 tua.

416 654 864 726 populojquem
924 654 1239 710 redemisti.

344 746 411 797 Et
441 743 849 815 portastijeum
883 743 942 799 in
986 744 1327 800 fortitudine
1350 744 1490 813 :tua.

316 842 317 845 ‘
421 833 492 887 ad
541 831 944 889 habitaculum
1006 838 1273 889 sanctum
1331 839 1521 891 tuum.

343 921 749 978 Ascenderunt
780 923 1000 995 populi,
1054 927 1111 979 et
1142 924 1275 979 irati
1328 930 1468 980 sunt
1500 927 1517 960 ί
1551 923 1631 998 [h.
1667 923 1992 979 Audierunt

412 1011 635 1083 populi,
692 1016 750 1067 et
780 1012 1101 1084 perturbati
1132 1013 1308 1084 ’sunt]
1338 1030 1350 1069 :

410 1099 639 1157 dolores
671 1100 1059 1157 obtinuerunt
1087 1101 1444 1158 habitatores
1501 1102 1878 1159 Philisthiim.

340 1189 505 1246 Tunc
524 1190 855 1246 conturbati
900 1196 1039 1245 sunt
1098 1191 1394 1263 principes
1424 1191 1631 1259 Edom,

410 1278 687 1335 robustos
724 1279 890 1335 Moab
913 1279 1450 1349 obtinuit'jilremor
1474 1297 1486 1334 :

441 1368 825 1441 obriguerunt
855 1369 1464 1439 omnesfjhabitatores
1510 1368 1806 1426 Chanaan.

320 1460 529 1514 -Irruat
561 1475 736 1529 super
758 1476 854 1515 eos
875 1458 1243 1528 {formidolet
1293 1476 1488 1530 pavor,

414 1547 472 1603 in
524 1547 929 1620 magnitudine
980 1548 1001 1581 ²
1032 1547 1253 1604 brachii
1313 1548 1421 1603 tui.

349 1636 517 1693 Fiant
548 1637 879 1693 immobiles
912 1638 1081 1708 quasi
1107 1637 1276 1709 lapis,

413 1726 598 1782 donec
638 1729 900 1781 transeat
930 1725 1183 1797 populus
1214 1730 1376 1795 tuus,
1437 1725 1698 1794 Domine,

3652 357 3761 414 296

2104 570 2256 640 quod
2283 575 2372 625 est
2429 571 2581 627 inter
2634 571 2781 627 Elim
2831 577 2887 628 et
2916 573 3115 628 Sinai:
3151 574 3357 645 quinto
3387 572 3617 628 decimo
3660 572 3753 629 die

2104 659 2323 714 mensis
2355 661 2618 726 secundi,
2660 666 2973 734 postquam
3030 663 3253 734 egressi
3320 666 3462 718 sunt
3498 664 3568 717 de
3600 667 3754 718 terra

2099 747 2430 819 Egypti.Et
2462 752 2845 806 murmuravit
2868 753 3063 808 omnis
3099 752 3469 823 congregatio
3490 750 3753 806 ﬁliorum

2102 837 2276 891 Israel
2318 843 2521 893 contra
2550 842 2744 895 Mosen
2779 846 2834 895 et
2864 846 3068 896 contra
3098 843 3289 896 Aaron
3314 841 3373 895 in
3406 840 3747 897 solitudine.

2100 923 2497 997 Dixeruntque
2540 929 2611 982 ad
2670 945 2768 985 eos
2800 928 2905 984 filii
2979 928 3194 985 Israel:
3244 928 3481 984 Utinam
3531 929 3749 985 mortui

2097 1029 2364 1070 essemus
2392 1032 2494 1087 per
2524 1033 2763 1071 manum
2798 1017 3027 1073 Domini
3047 1017 3105 1072 in
3122 1023 3276 1073 terra
3292 1017 3746 1090 Egypti,quan~

2098 1103 2171 1157 do
2212 1103 2561 1160 sedebamus
2594 1122 2773 1176 super
2813 1106 2960 1161 ollas
2991 1107 3277 1175 carnium,
3312 1112 3370 1162 et
3399 1107 3750 1161 comedeba-

2099 1190 2353 1265 mus[h.]
2386 1209 2594 1263 panem
2636 1195 2696 1249 in
2728 1195 3033 1251 saturitate
3056 1214 3076 1252 :
3102 1212 3205 1250 cur
3235 1194 3520 1251 eduxistis
3551 1210 3656 1250 nos
3686 1194 3749 1249 in

2097 1280 2392 1337 desertum
2424 1282 2601 1353 istud,
2635 1287 2699 1339 ut
2727 1284 3067 1340 occideretis
3116 1300 3347 1340 omnem
3417 1282 3750 1339 multitudi-

2098 1385 2230 1424 nem
2263 1370 2413 1426 fame
2444 1372 2622 1427 ?Dixit
2651 1377 2846 1429 autem
2892 1374 3174 1429 Dominus
3204 1374 3275 1428 ad
3326 1373 3525 1428 Mosen
3556 1390 3576 1428 :
3605 1376 3747 1427 Ecce

2095 1473 2202 1529 ego
2234 1459 2432 1530 pluam
2481 1462 2646 1516 vobis
2680 1462 2787 1532 [h.]
2836 1479 3045 1534 panem
3079 1465 3150 1519 de
3188 1460 3331 1518 crelo
3365 1478 3379 1516 :
3413 1461 3749 1533 egrediatur

2097 1547 2371 1619 populus,
2426 1554 2481 1605 et
2511 1550 2746 1623 colligat
2777 1567 2904 1623 quas
2964 1551 3269 1607 sufficiunt
3317 1565 3419 1623 per
3473 1550 3744 1623 singulos

2095 1636 2219 1692 dies
2246 1653 2259 1692 :
2303 1641 2367 1693 ut
2396 1642 2615 1695 tentem
2652 1657 2810 1707 eum,
2844 1644 3039 1696 utrum
3064 1640 3408 1697 ambuletin
3438 1640 3564 1711 lege
3592 1655 3745 1707 mea,

2096 1740 2168 1779 an
2200 1741 2315 1779 non
2342 1728 2365 1781 ἱ⁹
2397 1725 2493 1782 Die
2527 1734 2723 1782 autem
2756 1733 2922 1784 sexta
2952 1734 3159 1798 parent
3196 1729 3351 1799 quod
3382 1727 3655 1795 inferant,
3686 1733 3746 1784 et

411 1815 595 1870 donec
627 1819 885 1870 transeat
912 1813 1166 1885 populus
1200 1817 1337 1869 tuus
1388 1813 1517 1884 iste,
1561 1829 1733 1886 quem
1764 1813 1982 1885 'posse-
2013 1842 2063 1908 B
2095 1812 2171 1868 sit
2201 1813 2445 1886 duplum
2471 1831 2643 1870 cuam
2674 1816 2945 1889 colligere
2993 1816 3261 1873 solebant
3316 1833 3418 1889 per
3469 1816 3743 1889 singulos

427 1904 591 1960 disti.

336 1993 675 2049 Introduces
702 2008 822 2060 eos,
854 1997 910 2047 et
968 1992 1259 2063 plantabis
1290 1991 1347 2046 in
1380 1996 1579 2047 monte
1627 1991 1985 2048 hmreditatis

410 2087 545 2153 tum,

405 2172 748 2227 ﬁrmissimo
783 2170 1116 2228 habitaculo
1148 2175 1270 2238 tuo,
1294 2172 1448 2243 quod
1474 2176 1747 2244 operatus
1768 2188 1851 2242 es,
1882 2176 1983 2227 Do-

429 2276 585 2317 mine

332 2348 779 2422 Sanctuarium[
816 2352 967 2421 Vulg.
1012 2351 1136 2406 add.
1172 2351 1387 2422 tuum],
1412 2350 1672 2421 Domine,
1706 2350 1860 2422 quod
1885 2349 1979 2405 ﬁr-

421 2444 724 2495 maverunt
781 2456 990 2496 manus
1030 2446 1166 2497 tum.

321 2549 326 2553 ·
403 2529 683 2585 Dominus
724 2529 991 2601 regnabit
1021 2530 1078 2585 in
1130 2535 1408 2585 aeternum
1470 2534 1525 2585 et
1552 2529 1722 2584 ultra.

332 2617 648 2688 Ingressus
678 2623 767 2674 est
797 2618 950 2674 enim
976 2619 1182 2690 [b.sic]
1205 2636 1384 2690 eques
1415 2618 1640 2674 Pharao
1671 2634 1804 2674 cum
1836 2633 1975 2674 cur-

412 2704 572 2762 ribus
601 2710 658 2761 et
687 2708 984 2778 equitibus
1015 2709 1143 2779 ejus
1174 2709 1232 2762 in
1267 2723 1425 2764 mare
1459 2725 1472 2763 :

404 2800 462 2850 et
500 2796 932 2870 reduxitsuper
960 2813 1058 2853 eos
1092 2797 1371 2853 Dominus
1427 2814 1611 2869 aquas
1660 2795 1860 2852 maris.

323 2882 450 2938 Filii
483 2888 677 2942 autem
698 2886 873 2942 Israel
891 2886 1343 2943 ambulaverunt
1360 2887 1720 2959 persiccum,
1752 2888 1811 2940 in
1843 2901 1969 2941 me-

399 2972 494 3029 dio
528 2975 679 3045 ejus.

325 3060 408 3131 [C.
445 3062 649 3134 XXV.]
679 3064 945 3135 Sumpsit
1010 3081 1145 3137 ergo
1213 3065 1396 3121 Maria
1427 3064 1725 3137 prophetis
1786 3063 1965 3135 [Vulg.

327 3150 721 3224 prophetissa]
746 3158 1131 3223 sororAaron,
1165 3160 1507 3228 tympanum
1531 3155 1589 3210 in
1624 3171 1803 3209 manu
1827 3169 1966 3209 sua:

2092 1902 2237 1957 dies.
2274 1902 2668 1975 Dixeruntque
2696 1905 2886 1961 Moses
2915 1909 2973 1977 et
3009 1907 3199 1961 Aaron
3237 1905 3309 1960 ad
3350 1921 3555 1961 omnes
3584 1904 3741 1961 ﬁlios

2092 1990 2268 2046 lsrael
2307 2007 2319 2047 :
2352 1992 2606 2063 Vespere
2675 1994 2873 2050 scietis
2931 1995 3085 2066 quod
3141 1993 3425 2049 Dominus
3474 1993 3743 2049 eduxerit

2087 2097 2191 2135 vos
2222 2080 2293 2135 de
2338 2087 2495 2136 terra
2530 2083 2778 2155 1Egypti,
2821 2087 2877 2139 et
2934 2100 3105 2138 mane
3144 2082 3417 2139 videbitis
3473 2083 3725 2154 gloriam

2092 2169 2321 2224 Domini
2355 2186 2369 2225 :
2409 2172 2630 2227 audivit
2651 2173 2806 2227 enim
2832 2187 3101 2228 murmur
3121 2178 3382 2228 vestrum
3400 2177 3601 2227 contra
3631 2176 3742 2228 Do-

2088 2258 2316 2314 minum
2352 2277 2365 2315 :
2426 2276 2533 2316 nos
2590 2276 2725 2316 vero
2760 2262 2901 2332 quid
2977 2278 3200 2327 sumus,
3236 2260 3373 2333 quia
3406 2261 3738 2317 mussitatis

2088 2347 2266 2418 [Vulg].
2298 2350 2686 2420 mussitastis]
2718 2355 2919 2405 contra
2948 2366 3055 2405 nos
3079 2351 3099 2404 ἰ
3126 2351 3193 2405 Et
3208 2352 3289 2406 ait
3318 2351 3541 2407 Moses:
3571 2350 3745 2406 Dabit

2083 2436 2248 2491 vobis
2312 2441 2591 2494 Dominus
2647 2456 2888 2511 vespere
2962 2457 3165 2496 carnes
3250 2441 3441 2507 edere,
3461 2444 3517 2495 et
3568 2456 3739 2495 mane

2084 2541 2265 2595 panes
2298 2526 2355 2580 in
2389 2528 2801 2584 saturitatem?
2861 2545 2927 2584 eo
2960 2530 3115 2601 quod
3165 2530 3420 2585 audierit
3464 2545 3733 2584 murmu-

2084 2615 2338 2671 rationes
2399 2622 2623 2672 vestras
2690 2618 2906 2688 quibus
2966 2619 3317 2674 murmurati
3368 2618 3479 2673 esti
3531 2624 3737 2674 contra

2081 2718 2238 2774 eum,
2272 2720 2379 2759 nos
2411 2706 2567 2760 enim
2626 2705 2765 2777 quid
2798 2723 3002 2762 sumus
3034 2707 3059 2761 ?
3116 2723 3223 2763 nec
3252 2711 3456 2763 contra
3507 2723 3611 2762 nos
3642 2710 3737 2763 est

2082 2808 2353 2847 murmur
2378 2800 2660 2862 vestrum,
2705 2795 2801 2849 sed
2842 2799 3045 2851 contra
3082 2795 3417 2851 Dominum.
3460 2794 3731 2867 Dixitque

2080 2880 2271 2937 Moses
2302 2883 2372 2937 ad
2407 2888 2598 2939 Aaron
2633 2902 2651 2939 :
2683 2883 3081 2939 Dicuniversaa
3103 2884 3541 2957 congregationi
3574 2884 3730 2940 filio-

2080 2987 2207 3025 rum
2244 2971 2420 3028 Israel
2454 2989 2472 3026 :
2502 2973 2772 3029 Accedite
2800 2990 2994 3029 coram
3022 2973 3285 3041 Domino,
3318 2973 3542 3030 audivit
3570 2973 3726 3030 enim

2078 3075 2344 3116 murmur
2373 3066 2654 3117 vestrum.
2717 3063 2981 3133 Cumque
3038 3062 3377 3134 loqueretur
3433 3064 3622 3118 Aaron
3653 3063 3729 3118 ad

2078 3164 2310 3203 omnem
2345 3155 2560 3205 emtum
2584 3150 2838 3207 filiorum
2869 3150 3065 3219 Israel,
3113 3156 3494 3222 respexerunt
3539 3152 3609 3206 ad
3632 3166 3734 3206 so-

327 3205 347 3222 .
412 3205 458 3223 -ι
1170 3205 1183 3209 -
1230 3205 1589 3227 --τ-η--π
1626 3205 1958 3209 κα---νη-
2682 3205 2692 3207 ~
2905 3205 2939 3207 η
3006 3205 3065 3219 κι
3153 3205 3273 3222 υτ-
3332 3205 3342 3207 τ
3401 3205 3405 3206 ν
3480 3205 3485 3206 ν
3644 3205 3680 3206 κν

320 3254 685 3314 egressaeque
752 3248 893 3299 sunt
919 3261 1123 3300 omnes
1184 3205 1458 3300 mulieres
1490 3248 1621 3317 post
1667 3260 1795 3300 eam
1830 3260 1960 3298 cum
1998 3205 2038 3273 Ο
2080 3237 2410 3305 litudinem,
2442 3243 2499 3295 et
2529 3256 2660 3295 ecce
2690 3240 2876 3311 gloria
2907 3237 3429 3311 Dominiapparuit
3458 3240 3517 3294 in
3549 3240 3729 3294 nube.

318 3330 612 3400 tympanis
627 3331 909 3399 etchoris,
930 3333 1149 3404 quibus
1171 3334 1536 3405 praecinebal,
1561 3333 1762 3388 dicens
1786 3333 1964 3387 :Can-

320 3419 517 3474 temus
550 3419 816 3490 Domino,
883 3420 1135 3493 gloriose
1192 3422 1348 3478 enim
1410 3422 1823 3494 magnificatus
1854 3426 1962 3487 est,

319 3521 537 3577 equum
580 3512 638 3564 et
720 3524 1087 3565 ascensorem
1172 3513 1299 3581 ejus
1387 3511 1597 3582 dejecit
1657 3510 1713 3566 in
1805 3527 1963 3567 mare

316 3596 405 3666 [T.
443 3595 534 3667 IX,
578 3597 635 3652 Β.
669 3596 758 3665 ΙΧ,
791 3598 851 3653 C.
901 3598 1091 3670 XXVI]
1123 3600 1282 3655 Tulit
1321 3604 1517 3656 autem
1556 3601 1752 3656 Moses
1784 3598 1963 3655 Israel

316 3686 390 3741 de
422 3686 568 3741 mari
600 3687 819 3756 Rubro,
845 3692 902 3744 et
927 3690 1143 3760 egressi
1187 3694 1324 3745 sunt
1382 3691 1438 3745 in
1481 3691 1778 3746 desertum
1804 3689 1914 3743 Sur
1943 3706 1962 3743 :

316 3773 880 3849 ambulaveruntque
912 3778 1327 3835 tribusdiebus
1350 3795 1452 3851 per
1472 3778 1875 3844 solitudinem,
1908 3784 1965 3833 et

320 3881 437 3921 non
486 3864 863 3922 inveniebant
903 3884 1136 3940 aquam.
1170 3869 1239 3922 Et
1296 3873 1578 3924 venerunt
1634 3868 1691 3923 in
1743 3867 1960 3923 Marath

315 3970 425 4010 nec
455 3959 727 4027 poterant
751 3955 947 4011 hibere
971 3974 1156 4029 aquas
1186 3957 1446 4028 deMara,
1470 3975 1536 4012 eo
1567 3958 1719 4029 quod
1745 3961 1961 4022 essent,

315 4059 525 4100 amaras
556 4062 576 4098 :
608 4046 761 4100 unde
790 4050 847 4101 et
893 4062 1218 4118 congruum
1250 4046 1374 4102 loco
1406 4062 1618 4102 nomen
1661 4046 1965 4117 imposuit,

312 4150 530 4190 vocans
564 4132 709 4190 illud
742 4138 899 4192 Mara
935 4135 992 4191 id
1024 4141 1132 4204 est,
1165 4135 1642 4192 amaritudinem.
1688 4136 1756 4190 Et
1803 4152 1966 4191 mur-

316 4222 570 4278 muravit
600 4223 854 4295 populus
885 4228 1088 4281 contra
1116 4228 1334 4293 Mosen,
1365 4226 1588 4292 dicens,
1621 4226 1761 4298 quid
1803 4226 1966 4281 bibe-

313 4328 448 4368 mus
476 4311 505 4367 ?
536 4315 611 4368 At
636 4311 732 4369 ille
778 4313 1053 4371 clamavit
1082 4316 1153 4371 ad
1187 4317 1521 4385 Dominum,
1555 4316 1652 4385 qui
1713 4314 1967 4371 ostendit

311 4400 365 4456 ei
396 4398 623 4473 lignum
658 4416 672 4457 :
708 4403 863 4474 quod
895 4419 1030 4459 cum
1061 4404 1319 4461 misisset
1340 4405 1399 4461 in
1432 4422 1643 4479 aquas,
1672 4405 1730 4460 in
1764 4403 1965 4461 dulce-

311 4490 511 4546 dinem
544 4505 720 4547 versw
755 4495 895 4548 sunt
918 4508 931 4547 :
953 4492 1033 4547 ibi
1063 4493 1367 4550 constituit
1404 4495 1756 4568 eipraecepta
1786 4501 1961 4568 atque

2074 3327 2154 3395 [Ο.
2197 3327 2475 3401 XXVIII.]
2516 3330 2767 3385 Locutus
2809 3338 2894 3384 est
2926 3335 3121 3385 autem
3158 3330 3440 3384 Dominus
3471 3330 3567 3400 [ad
3601 3329 3725 3384 Mo-

2075 3431 2202 3482 sen,
2234 3417 2465 3473 dicens:
2497 3418 2707 3473 Audivi
2728 3418 3223 3474 murmurationes
3255 3416 3725 3484 filiorumlsrael,

2075 3502 2312 3575 loquere
2343 3507 2410 3562 ad
2444 3523 2566 3563 eos:
2598 3507 2851 3579 Vespere
2881 3508 3200 3563 comedetis
3220 3524 3445 3577 carnes,
3480 3511 3537 3562 et
3559 3522 3733 3563 mane

2074 3595 2487 3651 saturabimini
2520 3596 2625 3667 [h.]
2662 3596 3186 3668 pauezsciestisque
3217 3597 3370 3668 quod
3403 3598 3514 3651 sim
3548 3596 3733 3667 [Vulg].

2076 3697 2182 3753 ego
2210 3686 2369 3757 sum]
2413 3687 2692 3741 Dominus
2751 3691 2902 3743 Deus
2934 3696 3144 3742 vester.
3178 3687 3420 3742 Factum
3471 3692 3562 3741 est
3590 3701 3733 3758 ergo

2074 3789 2336 3843 vespere,
2383 3784 2437 3830 et
2492 3776 2817 3832 ascendens
2875 3775 3142 3831 coturnix
3198 3774 3426 3846 operuit
3482 3779 3721 3830 castra:

2078 3883 2250 3921 mane
2279 3881 2514 3937 quoque
2554 3882 2650 3920 ros
2674 3865 2863 3936 jacuit
2893 3881 2995 3937 per
3023 3865 3335 3920 circuitum
3369 3868 3727 3919 castrorum.

2076 3956 2336 4026 Cumque
2367 3953 2693 4026 aperuisset
2718 3954 3087 4025 superficiem
3118 3959 3305 4023 terres,
3366 3952 3639 4026 apparuit
3663 3952 3728 4007 in

2075 4045 2389 4101 solitudine
2410 4045 2729 4112 minutum,
2762 4048 2820 4100 et
2849 4046 3013 4115 quasi
3049 4044 3161 4115 pilo
3187 4044 3527 4111 tunsum,in
3559 4043 3731 4098 simi-

2076 4135 2383 4191 litudinem
2418 4134 2639 4206 pruinas
2655 4150 2832 4205 super
2852 4138 3087 4189 terram.
3113 4134 3274 4200 Quod
3294 4149 3428 4189 cum
3445 4132 3734 4189 vidissent

2080 4226 2185 4281 filii
2220 4224 2421 4290 Israel,
2496 4224 2768 4280 dixerunt
2814 4224 2883 4278 ad
2942 4224 3213 4292 invicem,
3272 4222 3513 4280 manus?
3566 4223 3729 4294 quod

2077 4315 2369 4388 significat
2400 4331 2417 4369 :
2447 4314 2595 4378 Quid
2628 4317 2717 4369 est
2771 4312 2880 4368 hoc
2909 4313 2937 4367 ‘I
2986 4313 3336 4384 ignorabant
3385 4313 3542 4368 enim
3583 4310 3729 4383 quid

2083 4408 2255 4460 esset.
2289 4404 2513 4470 Quibus
2552 4402 2634 4458 ait
2698 4402 2888 4459 Moses
2921 4419 2939 4458 :
2972 4405 3088 4457 Iste
3145 4406 3237 4457 est
3292 4401 3485 4473 panis,
3546 4415 3727 4473 quem

2079 4495 2237 4551 dedit
2269 4494 2549 4550 Dominus
2578 4492 2742 4549 vobis
2775 4493 2846 4549 ad
2876 4492 3379 4563 vescendum.fﬂic
3409 4496 3731 4559 estsermo,

302 4578 554 4651 judicia,
586 4584 643 4637 et
670 4579 751 4636 ibi
783 4580 1029 4638 tentavit
1083 4600 1240 4651 eum,
1271 4583 1380 4656 [h.]
1409 4558 1679 4641 et-dixit.:
1711 4585 1769 4640 Si
1799 4558 1967 4643 au.di-
2004 4558 2051 4625 D
2080 4601 2253 4658 quem
2297 4583 2569 4656 praecepit
2624 4581 2908 4637 Dominus
2940 4581 3220 4654 :Colligat
3241 4558 3735 4652 unusquisqueex

316 4668 434 4726 eris
455 4685 652 4727 vocem
703 4672 932 4728 Domini
967 4671 1061 4728 Dei
1117 4674 1225 4745 tui,
1275 4678 1333 4729 et
1386 4675 1540 4745 quod
1601 4679 1822 4731 rectum
1878 4681 1971 4734 est

318 4775 516 4816 coram
557 4776 624 4816 eo
656 4759 883 4833 feceris,
922 4766 977 4819 et
1006 4761 1295 4819 obedieris
1337 4762 1633 4820 mandatis
1672 4766 1821 4835 ejus,
1863 4782 1970 4822 cu-

288 4848 714 4933 _stodierisque
744 4850 944 4907 omnia
972 4857 1261 4924 praecepta
1292 4852 1476 4923 illius,
1531 4858 1809 4910 cunctum
1840 4855 1969 4912 lan-

313 4952 584 5010 guorem,
625 4955 803 5011 quem
854 4940 1025 5013 posui
1072 4941 1130 4997 in
1186 4941 1454 5015 Egypto,
1518 4959 1631 4999 non
1691 4944 1969 5001 inducam

314 5042 496 5100 super
578 5031 673 5085 te:
735 5046 842 5102 ego
889 5030 1046 5087 enim
1108 5032 1392 5090 Dominus
1482 5037 1722 5090 sanator
1808 5038 1967 5092 tuus.

315 5115 397 5187 [Ο.
429 5116 676 5190 XXVII.]
708 5118 1010 5176 Venerunt
1037 5120 1307 5177 autemin
1329 5120 1479 5177 Elim
1495 5122 1596 5177 ﬁlii
1631 5122 1828 5191 Israel,
1870 5124 1969 5183 ubi

286 5217 482 5262 'erant
540 5206 847 5269 duodecim
909 5210 1098 5267 fontes
1141 5217 1536 5283 aquarum,et
1593 5211 1971 5284 septuaginta

316 5294 547 5369 palmas,
574 5303 633 5355 et
670 5299 1072 5371 castrametati
1122 5303 1264 5355 sunt
1313 5300 1482 5370 juxta
1510 5316 1713 5371 aquas.

316 5390 473 5463 {Cap.
523 5387 692 5456 XVI.]
750 5387 1120 5459 Profectique
1174 5392 1314 5444 sunt
1350 5388 1422 5443 de
1482 5388 1648 5457 Elim,
1692 5394 1749 5445 et
1813 5392 1972 5447 venit

389 5578 668 5663 ‘ilnvenit
696 5608 752 5660 et
786 5603 1061 5660 Rabanus
1096 5603 1155 5660 in
1189 5604 1303 5661 alia
1333 5603 1609 5674 editione,
1661 5606 1971 5665 Audierunt

318 5679 523 5751 genta,
544 5684 598 5732 et
625 5678 785 5732 irate
813 5678 965 5733 sunt.

2084 4690 2149 4731 eo
2183 4678 2467 4746 quantum
2501 4672 2757 4728 sufﬁciat
2807 4672 2877 4727 ad
2927 4673 3323 4727 vescendum:
3372 4686 3578 4743 gomor
3624 4685 3735 4742 per

2078 4762 2312 4834 singula
2336 4761 2547 4833 capita,
2599 4761 2772 4832 juxta
2793 4776 3106 4816 numerum
3136 4760 3469 4815 animarum
3500 4762 3737 4814 vestra-

2079 4869 2209 4910 rum
2234 4870 2359 4925 quaa
2417 4851 2685 4909 habitant
2714 4852 2771 4907 in
2801 4849 3198 4919 tabernaculo,
3230 4850 3315 4907 sic
3356 4847 3593 4905 tolletis.
3622 4848 3733 4904 Fe-

2088 4947 2411 5013 ceruntque
2441 4942 2518 4996 ita
2550 4940 2654 4996 filii
2683 4940 2862 4996 Israel
2890 4939 3358 5011 :etcollegerunt
3388 4936 3539 4994 alius
3569 4934 3736 5008 plus,

2086 5031 2237 5088 alius
2269 5032 2486 5085 minus.
2519 5030 2588 5085 Et
2620 5029 2807 5084 mensi
2837 5032 2976 5084 sunt
3016 5028 3087 5083 ad
3122 5042 3457 5084 mensuram
3488 5041 3739 5098 gomor:

2091 5137 2196 5176 nec
2246 5122 2343 5188 qui
2376 5120 2509 5191 plus
2550 5117 2885 5189 collegerat,
2911 5116 3120 5173 habuit
3156 5115 3410 5187 amplius
3440 5131 3458 5170 :
3490 5131 3597 5171 nec
3622 5114 3733 5186 qui

2089 5210 2288 5265 minus
2319 5212 2642 5279 paraverat,
2675 5210 2887 5277 reperit
2918 5207 3155 5262 minus:
3186 5206 3287 5263 sed
3316 5204 3533 5278 singuli
3554 5206 3736 5276 juxta

2086 5299 2143 5353 id
2177 5299 2332 5369 quod
2367 5298 2537 5352 edere
2569 5301 2856 5367 poterant,
2889 5301 3405 5368 congregaverunt.
3460 5294 3734 5366 Diximus

2084 5388 2280 5444 Moses
2314 5387 2383 5441 ad
2419 5402 2519 5442 eos
2560 5401 2574 5440 :
2619 5385 2827 5442 Nullus
2858 5384 3153 5457 relinquat
3191 5401 3261 5440 ex
3308 5400 3375 5440 eo
3415 5385 3474 5439 in
3533 5399 3734 5440 mane.

2150 5608 2170 5641 ²
2203 5604 2367 5661 Unus
2431 5602 2636 5672 Palat.,
2695 5602 3115 5675 Magnitudines.
