4080 6186
280 370 376 427 297

1722 376 1938 431 LIBER
1973 372 2218 428 EXODI.

3562 381 3671 437 298

277 499 371 565 Qui
402 516 516 556 non
568 501 888 558 audierunt
933 519 1091 574 eum,
1125 504 1226 560 sed
1278 501 1634 560 dimiserunt
1668 502 1905 575 quidam
1936 517 1989 582 Α
2020 497 2256 555 cussisti
2292 495 2556 563 ﬂuvium,
2591 498 2730 554 tolle
2788 499 2845 554 in
2880 517 3057 557 manu
3117 506 3238 573 tua,
3272 509 3329 561 et
3387 508 3548 564 vade.
3585 510 3667 566 En

280 604 337 643 ex
391 589 475 644 eis
546 606 733 663 usque
804 608 999 658 mane,
1058 597 1282 649 scatere
1352 592 1529 665 coepit
1592 591 1915 661 vermibus,

279 682 437 749 atque
466 678 850 751 computruit,
884 684 940 736 et
972 680 1158 737 iratus
1189 686 1278 737 est
1315 685 1519 738 contra
1549 698 1647 737 eos
1701 681 1911 737 Moses.

280 766 625 838 Colligebant
649 774 847 824 autem
868 786 1039 826 mane
1063 770 1304 843 singuli,
1330 779 1615 844 quantum
1644 770 1913 826 sufﬁcere

279 860 483 927 poterat
518 857 591 912 ad
622 859 997 923 vescendum,
1030 876 1284 932 cumque
1317 860 1660 917 incaluisset
1717 858 1825 925 sol,
1851 858 1915 914 li-

280 944 579 1015 quatiebat.
614 947 679 1001 In
712 946 807 1003 die
837 964 969 1005 vero
1002 954 1166 1004 sexta
1195 949 1559 1023 collegerunt
1607 950 1770 1006 cibos
1802 954 1911 1005 du-

277 1031 467 1105 plices,
502 1033 558 1089 id
590 1039 701 1104 est,
733 1036 849 1092 duo
880 1052 1087 1108 gomor
1144 1052 1248 1110 per
1302 1037 1569 1112 singulos
1598 1038 1908 1093 homines:

277 1129 549 1178 venerunt
573 1129 773 1180 autem
806 1141 1011 1181 omnes
1062 1126 1359 1200 principes
1403 1125 1822 1193 multitudinis,
1855 1129 1913 1181 et

277 1217 653 1269 narraverunt
682 1213 851 1269 Mosi.
885 1214 990 1280 Qui
1047 1215 1131 1270 ait
1184 1216 1310 1272 eis:
1346 1216 1461 1272 Hoc
1490 1220 1579 1272 est
1636 1216 1790 1287 quod
1823 1214 1911 1270 lo-

274 1305 430 1355 cutus
463 1304 555 1356 est
594 1301 919 1357 Dominus:
954 1302 1207 1376 Requies
1254 1304 1491 1361 Sabbati
1545 1304 1910 1361 sanctiﬁcata

270 1389 368 1445 erit
421 1389 669 1445 Domino
726 1407 893 1459 cras;
926 1393 1320 1465 quodcunque
1376 1394 1739 1465 operandum
1797 1396 1906 1462 est,

271 1478 451 1543 facite,
503 1484 563 1534 et
621 1495 747 1551 quas
800 1483 1105 1552 coquenda
1167 1486 1327 1550 sunt,
1360 1484 1628 1555 coquite;
1664 1481 1905 1555 quiquid

270 1572 453 1623 autem
489 1567 783 1639 reliquum
825 1570 1020 1639 fuerit,
1050 1571 1315 1642 reponite
1367 1589 1558 1644 usque
1606 1572 1661 1626 in
1716 1587 1905 1627 mane.

266 1656 657 1730 Feceruutque
688 1657 770 1713 ita
800 1662 865 1713 ut
895 1664 1245 1732 praeceperat
1274 1661 1487 1728 Moses,
1518 1666 1575 1716 et
1604 1677 1720 1715 non
1751 1676 1907 1716 com-

268 1746 504 1816 putruit,
537 1762 729 1818 neque
759 1748 973 1802 vermis
1008 1748 1280 1805 inventus
1308 1754 1398 1805 est
1428 1749 1486 1804 in
1518 1766 1605 1805 eo.
1633 1750 1904 1820 Dixitque

266 1835 442 1891 Moses
465 1854 487 1890 :
522 1836 822 1892 Comedite
850 1836 992 1892 illud
1044 1837 1239 1904 hodie,
1271 1838 1410 1910 quia
1461 1839 1780 1895 Sabbatum
1813 1841 1904 1893 est

2022 604 2126 660 ego
2157 587 2319 643 stabo
2349 604 2546 643 coram
2580 592 2635 643 te
2666 589 2769 659 ibi,
2801 607 2981 662 supra
3012 596 3244 663 petram
3280 598 3495 665 Horeb,
3528 615 3665 670 per-

2022 676 2321 747 cutiesque
2353 680 2601 747 petram,
2635 680 2691 732 et
2743 678 2923 735 exibit
2950 696 3017 735 ex
3049 698 3117 737 ea
3174 700 3349 755 aqua,
3382 690 3447 741 ut
3504 687 3667 745 bibat

2022 765 2296 837 populus.
2332 765 2488 821 Fecit
2518 766 2707 822 Moses
2738 766 2821 822 ita
2851 784 3046 824 coram
3079 771 3411 830 senioribus
3442 776 3660 832 Israel:

2020 860 2077 910 et
2106 854 2331 909 vocavit
2388 870 2600 910 nomen
2660 854 2820 911 illius
2871 856 3005 925 loci,
3035 859 3328 930 Tentatio,
3362 862 3445 933 [h]
3477 869 3534 919 et
3563 864 3658 920 Iis.

2020 947 2255 1014 propter
2270 944 2537 1015 jurgium
2562 942 2813 1000 ﬁliorum
2838 946 3038 1013 Israel,
3058 952 3115 1002 et
3137 949 3273 1020 quia
3293 953 3665 1009 tentaverunt

2020 1032 2361 1099 Dominum,
2394 1032 2652 1088 dicentes
2679 1050 2692 1086 :
2725 1033 2899 1089 Estne
2932 1036 3211 1092 Dominus
3243 1038 3302 1093 in
3364 1040 3556 1108 nobis,
3587 1059 3663 1098 an

2018 1137 2135 1176 non
2157 1120 2185 1175 ?
2216 1122 2297 1193 [C.
2331 1120 2548 1191 XXXI.]
2583 1122 2753 1178 Venit
2785 1128 2980 1178 autem
3012 1126 3313 1197 Amalech,
3347 1133 3403 1183 et
3433 1145 3663 1201 pugna-

2019 1210 2118 1265 bat
2148 1214 2353 1266 contra
2383 1210 2560 1265 Israel
2593 1210 2652 1265 in
2686 1210 3023 1282 Raphidim.
3058 1213 3333 1286 Dixitque
3374 1217 3561 1274 Moses
3590 1220 3661 1276 ad

2015 1299 2193 1355 Josue
2218 1315 2230 1353 :
2256 1298 2418 1371 Elige
2437 1298 2613 1367 viros,
2641 1304 2698 1355 et
2718 1315 3013 1372 egressus,
3037 1318 3235 1375 pugna
3258 1309 3464 1361 contra
3483 1309 3661 1363 Ama-

2018 1386 2143 1442 lech
2171 1404 2184 1441 :
2218 1403 2348 1443 cras
2379 1403 2484 1459 ego
2518 1388 2685 1443 stabo
2717 1388 2777 1443 in
2811 1390 3021 1446 vertice
3070 1391 3258 1463 collis,
3286 1392 3511 1451 habens
3542 1395 3660 1451 vir-

2016 1491 2151 1547 gam
2190 1477 2284 1531 Dei
2318 1477 2376 1531 in
2412 1492 2590 1532 manu
2625 1492 2788 1533 mea:
2824 1479 2981 1534 Fecit
3007 1478 3188 1536 Josue
3219 1485 3284 1536 ut
3340 1482 3573 1538 locutus
3604 1485 3657 1541 ei

2016 1569 2141 1619 erat
2188 1564 2396 1633 Moses,
2430 1571 2486 1621 et
2543 1566 2827 1637 pugnavit
2857 1572 3060 1624 contra
3116 1570 3429 1627 Amalech:
3465 1572 3656 1629 Moses

2016 1658 2208 1708 autem
2233 1657 2290 1708 et
2318 1657 2506 1710 Aaron
2531 1658 2587 1709 et
2613 1659 2739 1710 Hur
2759 1657 3151 1713 ascenderunt
3180 1674 3360 1730 super
3378 1661 3655 1717 verticem

2013 1741 2197 1799 collis.
2257 1742 2520 1815 Cumque
2576 1742 2791 1799 levaret
2848 1748 3036 1801 Moses
3096 1763 3330 1816 manus,
3387 1750 3658 1808 vincebat

2015 1830 2190 1885 Israel
2219 1848 2233 1887 :
2266 1831 2355 1887 sin
2390 1836 2585 1888 autem
2620 1833 2933 1904 paululum
2965 1836 3316 1906 remisisset,
3341 1840 3662 1910 superabat

330 1890 333 1891 ν
424 1890 431 1891 κ
773 1890 815 1892 κ-
1278 1890 1409 1910 ,ψη
1462 1890 1779 1895 “nne---
2621 1890 2638 1904 .
3185 1890 3656 1910 κ--ηητημη-

266 1923 487 1979 Domini
514 1941 526 1978 :
560 1941 677 1981 non
708 1924 1039 1982 invenietur
1068 1926 1237 1983 hodie
1268 1926 1329 1983 in
1360 1943 1520 2001 agro.
1554 1932 1662 1982 Sex
1693 1927 1901 1983 diebus
1936 1890 1979 1954 Β
2010 1918 2311 1976 Amalech.
2333 1925 2538 1977 Manus
2569 1926 2766 1978 autem
2789 1924 2931 1979 Mosi
2952 1930 3119 1980 erant
3145 1942 3351 1997 graves
3376 1944 3390 1982 :
3414 1944 3656 1983 sumen-

265 2013 540 2085 colligite,
590 2014 652 2068 in
711 2014 804 2070 die
864 2020 1060 2071 autem
1119 2016 1371 2088 septimo
1432 2017 1753 2072 Sabbatum
1813 2020 1902 2072 est

2006 2012 2093 2064 tes
2123 2008 2303 2081 igitur
2331 2009 2610 2082 lapidem,
2642 2016 2968 2082 posuerunt
3024 2029 3201 2085 super
3258 2031 3416 2087 eum,
3442 2016 3500 2072 in
3535 2034 3653 2089 quo

263 2099 441 2174 [ναις.
469 2102 596 2158 add.
630 2103 1147 2175 Domini],idcirco
1189 2123 1305 2162 non
1356 2106 1700 2162 invenietur.
1728 2104 1901 2161 venit
2004 2097 2192 2155 sedit:
2227 2100 2416 2153 Aaron
2448 2104 2643 2156 autem
2677 2104 2736 2156 et
2790 2100 2912 2156 Hur
2964 2104 3377 2160 sustentabant
3433 2122 3647 2163 manus

261 2193 507 2264 septima
534 2193 684 2263 dies,
716 2198 773 2249 et
801 2194 1016 2264 egressi
1050 2196 1121 2250 de
1152 2195 1388 2267 populo,
1423 2202 1490 2251 ut
1537 2194 1897 2266 colligerent,

260 2297 364 2336 non
394 2283 772 2338 invenerunt.
803 2282 959 2338 Dixit
988 2287 1184 2339 autem
1221 2284 1502 2341 Dominus
1533 2285 1604 2340 ad
1654 2284 1852 2340 Mosen
1883 2301 1897 2338 :

260 2370 568 2442 Usquequo
600 2386 717 2426 non
748 2369 927 2427 vultis
974 2372 1269 2428 custodire
1326 2374 1603 2428 mandata
1660 2389 1810 2440 mea,
1844 2376 1900 2429 et

260 2456 430 2528 legem
466 2475 662 2514 meam
684 2458 713 2514 ?
744 2458 940 2516 Videte
970 2462 1121 2532 quod
1154 2461 1438 2517 Dominus
1469 2460 1695 2517 dederit
1735 2461 1900 2518 vobis

260 2546 606 2613 Sabbatum,
628 2552 687 2604 et
718 2552 953 2620 propter
983 2549 1089 2605 hoc
1120 2550 1213 2606 die
1240 2555 1402 2607 sexta
1432 2550 1705 2606 tribuerit
1735 2550 1899 2607 vobis

262 2634 413 2692 cibos
444 2636 754 2708 duplices:
788 2642 1020 2693 maneat
1050 2640 1461 2711 unusquisque
1492 2640 1647 2712 apud
1682 2644 1900 2695 semet-

259 2724 465 2794 ipsum,
503 2725 706 2782 nullus
734 2727 1070 2799 egrediatur
1095 2728 1164 2783 de
1197 2727 1321 2784 loco
1352 2746 1459 2785 suo
1491 2729 1583 2784 die
1623 2729 1899 2800 septimo.

257 2815 316 2867 Et
336 2813 728 2871 sabbatizavit
758 2814 1013 2888 populus
1044 2816 1137 2872 die
1167 2816 1435 2889 septimo.
1460 2817 1901 2891 Appellavitque

257 2901 461 2959 domus
496 2903 676 2959 Israel
710 2920 923 2960 nomen
973 2905 1101 2976 ejus
1150 2923 1271 2961 MAN
1302 2923 1314 2960 :
1348 2908 1502 2979 quod
1554 2911 1679 2963 erat
1730 2906 1901 2979 quasi

254 3007 447 3047 semen
500 2993 763 3049 coriandi
813 2992 1036 3061 album,
1069 2998 1397 3066 gnatusque
1440 2996 1571 3066 ejus
1618 2996 1787 3068 quasi
1818 2996 1902 3051 si-

257 3080 400 3135 mile
461 3098 605 3137 cum
663 3081 857 3137 melle.
909 3081 1067 3138 Dixit
1124 3088 1317 3140 autem
1360 3078 1607 3141 'Moses:
1643 3088 1757 3141 Iste
1812 3088 1903 3141 est

250 3186 458 3239 sermo,
492 3186 671 3240 quem
699 3170 970 3243 praecepit
1000 3171 1323 3228 Dominus:
1357 3171 1541 3244 Imple
1582 3189 1786 3245 gomor
1832 3190 1901 3230 ex

247 3274 328 3324 eo,
362 3264 419 3314 et
449 3258 825 3315 custodiatur
866 3259 924 3315 in
959 3260 1188 3317 futuras
1247 3265 1402 3317 retro
1437 3262 1513 3329 [h.
1548 3279 1661 3317 non
1719 3262 1898 3319 habet
1929 3257 1973 3323 C.

248 3348 413 3421 retro]
446 3349 887 3420 generationes,
920 3353 985 3405 ut
1033 3350 1300 3406 noverint
1370 3367 1600 3423 panem,
1635 3368 1750 3424 quo
1782 3351 1899 3407 alui

248 3452 341 3491 vos
371 3436 434 3493 in
488 3436 841 3506 solitudine,
871 3438 1103 3509 quando
1163 3439 1357 3495 educti
1416 3440 1560 3496 estis
1616 3440 1688 3496 de
1747 3445 1904 3497 terra

252 3525 497 3599 digypti.
563 3525 841 3597 Dixitque
896 3530 1084 3584 Moses
1144 3529 1215 3583 ad
1276 3532 1509 3584 Aaron:
1570 3530 1745 3586 Sume
1801 3547 1904 3587 vas

256 3619 539 3682 nnum,et
572 3614 744 3670 mitte
772 3615 851 3671 ibi
884 3633 1024 3687 MAN,
1049 3621 1337 3689 quantum
1361 3621 1545 3690 potest
1566 3635 1768 3689 capere
1798 3634 1903 3692 go-

259 3720 397 3770 mor,
429 3709 492 3760 et
524 3718 744 3775 repone
774 3719 969 3759 coram
1000 3705 1268 3774 Domino,
1301 3707 1373 3762 ad
1433 3707 1785 3763 servandum
1844 3709 1903 3764 in

257 3793 667 3861 generationes
686 3797 934 3862 vestras,
957 3793 1112 3849 sicut
1132 3795 1406 3866 praecepit
1433 3796 1715 3852 Dominus
1735 3796 1902 3853 Mosi.

254 3880 574 3953 Posuitque
602 3878 744 3935 illud
768 3882 957 3938 Aaron
979 3882 1041 3937 in
1062 3882 1441 3939 tabernaculo
1458 3886 1902 3940 reservandum.

246 3967 327 4035 [C.
374 3969 613 4040 XXIX.)
671 3967 799 4024 Filii
857 3973 1056 4027 autem
1115 3971 1294 4028 Israel
1350 3974 1727 4030 comederunt
1784 3991 1905 4031 MAN

258 4058 655 4130 quadraginta
688 4058 876 4123 annis,
900 4058 1080 4115 donec
1110 4060 1375 4117 venirent
1398 4062 1456 4117 in
1481 4067 1698 4119 terram
1739 4063 1904 4119 habi-

251 4147 487 4202 tabilem
525 4147 642 4203 hoc
671 4147 801 4202 cibo
859 4146 981 4202 aliti
1042 4153 1181 4204 sunt
1241 4166 1545 4222 usquequo
1600 4155 1909 4223 tangerent

249 4232 385 4291 ﬁnes
419 4241 598 4291 terras
630 4234 927 4293 Chanaan.
968 4235 1186 4294 Gomor
1240 4243 1437 4295 autem
1497 4239 1724 4296 decima
1772 4258 1907 4313 pars

254 4328 336 4379 est
362 4325 474 4398 [h.]
513 4323 702 4397 Epha.

313 4456 401 4526 LT.
434 4458 518 4524 Χ,
555 4456 619 4510 Β.
650 4456 728 4523 X,
756 4458 820 4511 Ο.
844 4453 1008 4525 ΧΧΧ,
1042 4455 1177 4527 Cap.
1204 4455 1403 4529 XVII.]
1436 4458 1623 4530 Igitur
1654 4460 1911 4531 profecta

2004 2187 2133 2257 ejus
2164 2203 2231 2243 ex
2260 2193 2507 2260 utraque
2536 2194 2721 2260 parte.
2754 2191 2822 2245 Et
2878 2191 3099 2248 factum
3158 2197 3249 2248 est
3306 2197 3371 2248 ut
3428 2211 3642 2253 manus

2001 2275 2193 2347 ipsius
2220 2294 2334 2332 non
2384 2278 2748 2334 lassarentur
2775 2296 2965 2351 usque
3020 2281 3091 2336 ad
3150 2298 3422 2339 occasum
3480 2284 3645 2340 solis.

2006 2365 2357 2437 Fugavitque
2384 2367 2565 2423 Josue
2596 2368 2872 2424 Amalech
2904 2373 2961 2424 et
2988 2371 3269 2441 populum
3298 2373 3427 2443 ejus
3463 2373 3519 2428 in
3550 2389 3649 2430 ore

2005 2452 2207 2524 gladii.
2238 2454 2396 2509 Dixit
2452 2460 2647 2510 autem
2708 2456 2995 2514 Dominus
3049 2459 3121 2513 ad
3180 2459 3419 2515 Mosen:
3453 2462 3651 2518 Scribe

2006 2541 2114 2597 hoc
2145 2543 2218 2598 ob
2251 2544 2680 2600 monimentum
2714 2546 2773 2599 in
2801 2545 2974 2615 libro,
2998 2551 3052 2601 et
3082 2548 3247 2603 trade
3276 2549 3519 2606 auribus
3550 2551 3654 2608 Jo-

2006 2647 2149 2687 sue:
2183 2631 2386 2688 delebo
2418 2633 2575 2688 enim
2611 2635 2955 2691 memoriam
3013 2636 3289 2691 Amalech
3345 2640 3455 2694 sub
3487 2640 3652 2697 caelo.

2005 2722 2447 2794 zEdiﬁcavitque
2506 2724 2697 2781 Moses
2753 2724 2957 2791 altare,
3019 2731 3077 2781 et
3153 2727 3375 2783 vocavit
3441 2746 3655 2785 nomen

2006 2812 2156 2880 ejus,
2190 2814 2479 2869 Dominus
2511 2812 2783 2869 exaltatio
2812 2831 2962 2879 mea,
2996 2815 3233 2871 dicens:
3267 2816 3413 2880 Quia
3443 2834 3658 2874 manus

2008 2916 2185 2971 super
2213 2901 2426 2958 solium
2464 2903 2637 2973 [Vulg.
2672 2902 2828 2975 solii]
2858 2903 3113 2972 Domini,
3148 2904 3369 2961 bellum
3420 2906 3653 2962 Domini

2006 2990 2118 3046 erit
2172 2994 2375 3047 contra
2431 2991 2724 3063 Amalech,
2776 3011 2807 3048 a
2860 2993 3237 3066 generatione
3292 2994 3351 3050 in
3410 3011 3653 3068 genera-

2006 3076 2248 3133 tionem.

2087 3291 2170 3363 [C.
2204 3291 2791 3366 XXXII,Cap.XVIII.]
2834 3295 3100 3368 Cumque
3132 3297 3397 3353 audisset
3422 3296 3647 3363 Jethro,

2014 3382 2284 3438 sacerdos
2316 3382 2573 3455 Madian,
2606 3389 2896 3456 cognatus
2923 3386 3088 3455 Mosi,
3122 3387 3319 3442 omnia
3347 3403 3473 3458 quae
3506 3387 3656 3442 fece—

2013 3475 2105 3526 rat
2132 3476 2288 3528 Deus
2312 3472 2455 3529 Mosi
2489 3478 2545 3529 et
2572 3473 2776 3530 Israeli
2810 3474 3025 3548 populo
3047 3493 3176 3543 suo,
3201 3492 3270 3532 eo
3293 3476 3445 3547 quod
3471 3476 3657 3531 addu-

2014 3560 2198 3617 xisset
2227 3562 2511 3619 Dominus
2572 3562 2750 3619 Israel
2808 3566 2877 3619 de
2930 3565 3209 3638 Egypto:
3242 3564 3381 3621 tulit
3438 3565 3660 3636 Sepho-

2013 3667 2139 3705 ram
2172 3667 2410 3707 uxorem
2446 3651 2591 3707 Mosi
2624 3668 2804 3724 quam
2839 3654 3164 3719 remiserat,
3196 3660 3254 3709 et
3314 3656 3461 3709 duos
3505 3653 3660 3709 ﬁlios

2013 3739 2163 3809 ejus,
2219 3757 2471 3814 quorum
2532 3758 2686 3797 unus
2740 3743 3061 3798 vocabatur
3115 3743 3380 3810 Gersom,
3434 3742 3663 3798 dicente

2015 3834 2211 3903 patre:
2236 3832 2476 3887 Advena
2500 3830 2578 3886 fui
2612 3831 2671 3886 in
2694 3835 2850 3887 terra
2871 3830 3096 3887 aliena:
3121 3831 3269 3887 alter
3288 3848 3422 3887 vero
3446 3831 3665 3886 Eliezer

2017 3924 2169 3975 Deus
2199 3919 2377 3987 enim,
2408 3919 2507 3987 ait,
2542 3920 2728 3991 patris
2758 3922 2873 3976 mei
2902 3921 3137 3990 adjutor
3186 3937 3375 3990 meus,
3407 3925 3464 3975 et
3512 3919 3663 3976 eruit

2017 4024 2110 4063 me
2134 4009 2205 4063 de
2225 4006 2417 4078 gladio
2443 4007 2974 4063 Pharaonis.Venit
2995 4024 3130 4079 ergo
3152 4008 3349 4064 Jethro
3376 4013 3662 4081 cognatus

2018 4095 2187 4162 Mosi,
2218 4100 2275 4151 et
2306 4096 2409 4151 ﬁlii
2440 4098 2590 4167 ejus,
2622 4102 2681 4151 et
2713 4113 2856 4153 uxor
2885 4097 2957 4151 ad
2990 4096 3187 4152 Mosen
3237 4097 3296 4151 in
3347 4096 3659 4163 deserium,

2016 4186 2117 4240 ubi
2148 4190 2272 4240 erat
2301 4188 2753 4242 castrametatus
2773 4187 2943 4257 juxta
2973 4190 3228 4242 montem
3259 4185 3380 4241 Dei.
3405 4186 3473 4240 Et
3495 4202 3660 4241 man-

2018 4274 2177 4330 davit
2208 4274 2379 4343 Mosi,
2409 4275 2646 4331 dicens:
2682 4279 2794 4346 Ego
2826 4279 3109 4346 cognatus
3159 4279 3295 4331 tuus
3336 4274 3535 4331 Jethro
3565 4291 3662 4329 vr-

2019 4364 2115 4420 nio
2148 4364 2216 4418 ad
2249 4368 2327 4431 te,
2359 4368 2415 4419 et
2445 4380 2589 4421 uxor
2616 4368 2739 4435 tua,
2773 4369 2829 4420 et
2859 4364 2974 4419 duo
3007 4363 3108 4419 ﬁlii
3144 4364 3228 4419 tui
3262 4380 3396 4419 cum
3439 4380 3524 4419 ea.
3557 4364 3666 4430 Qui

2020 4468 2290 4522 egressus
2346 4454 2405 4509 in
2462 4469 2772 4509 occursum
2828 4454 3057 4525 cognati
3118 4454 3234 4519 sui,
3284 4452 3567 4523 adoravit,
3614 4456 3672 4508 et

251 4544 439 4599 omnis
473 4543 805 4599 multitudo
832 4542 1087 4600 ﬁliorum
1118 4544 1299 4600 Israel
1332 4546 1401 4601 de
1432 4548 1661 4603 deserto
1685 4548 1785 4603 Sin
1811 4563 1912 4618 per
2022 4541 2324 4598 osculatus
2351 4548 2443 4598 est
2468 4558 2624 4611 eum,
2657 4542 3181 4614 salutaveruntque
3212 4560 3274 4598 se
3306 4546 3512 4597 mutuo
3543 4558 3673 4597 ver-

249 4633 593 4690 mansioues
626 4649 787 4699 suas,
820 4633 989 4702 juxta
1024 4648 1357 4689 sermonem
1406 4634 1660 4703 Domini,
1695 4641 1913 4691 castra-
1948 4631 1992 4695 Γ)
2027 4633 2116 4688 bis
2192 4632 2470 4704 paciﬁcis.
2523 4632 2788 4704 Cumque
2859 4632 3144 4687 intrasset
3199 4632 3669 4687 tabernaculum.

252 4723 452 4778 metati
486 4721 729 4777 suntin
799 4720 1138 4791 Raphidim,
1172 4721 1270 4777 ubi
1328 4740 1443 4779 non
1475 4728 1600 4780 erat
1655 4740 1809 4797 aqua
1838 4725 1909 4781 ad
2023 4722 2280 4778 narravit
2336 4721 2525 4777 Moses
2576 4724 2822 4794 cognato
2878 4738 2984 4777 suo
3041 4726 3251 4777 cuncta
3280 4738 3408 4793 quas
3460 4721 3675 4777 fecerat

250 4811 581 4871 bibendum
617 4812 853 4886 pepulo.
892 4813 999 4878 Qui
1023 4813 1297 4884 jurgatus
1330 4818 1527 4870 contra
1556 4819 1775 4883 Mosen,
1809 4815 1911 4871 ait:
2024 4811 2307 4867 Dominus
2339 4810 2709 4877 Pharaoni,et
2736 4809 3021 4881 lEgyptiis
3052 4816 3289 4882 propter
3320 4808 3674 4877 Israel,uni-

252 4900 329 4956 Da
384 4903 572 4959 nobis
632 4917 875 4972 aquam,
912 4904 976 4955 ut
1028 4901 1325 4958 bibamus.
1357 4903 1578 4967 Quibus
1610 4905 1917 4976 respondit
2025 4916 2260 4957 versum
2304 4898 2587 4963 laborem,
2625 4897 2724 4969 qui
2764 4897 3075 4953 accidisset
3111 4898 3198 4953 eis
3236 4899 3297 4953 in
3330 4898 3510 4964 inere,
3557 4913 3675 4969 qua

253 4988 438 5048 Moses
468 5008 484 5045 :
521 4989 675 5055 Quid
703 4987 1034 5061 jurgamini
1088 4993 1293 5046 contra
1350 4994 1492 5047 me?
1542 5008 1647 5048 cur
1677 4993 1917 5050 tentatis
2026 4990 2204 5063 [Vulg.
2238 4992 2295 5045 et
2323 4988 2498 5061 quod]
2535 4987 2877 5044 liberaverat
2906 5002 3005 5043 eos
3032 4988 3339 5043 Dominus.
3384 4987 3670 5042 Laetatus-

250 5077 578 5136 Dominum
602 5078 630 5133 ‘I
663 5078 856 5134 Sitivit
887 5094 1023 5150 ergo
1055 5078 1310 5151 populus
1357 5080 1439 5137 ibi
1498 5098 1599 5153 pro
1630 5098 1797 5154 aqua:
1826 5098 1921 5154 pe-
2030 5095 2144 5152 que
2171 5082 2262 5134 est
2288 5078 2489 5134 Jethro
2532 5093 2706 5149 super
2762 5076 3037 5132 omnibus
3069 5076 3264 5147 bonis,
3288 5092 3418 5147 quae
3463 5076 3675 5130 fecerat

250 5170 437 5239 nuria,
471 5177 538 5225 et
571 5167 966 5223 murmuravit
1018 5171 1227 5223 contra
1280 5168 1507 5236 Mosen,
1539 5171 1740 5227 dicens
1766 5188 1779 5226 :
1808 5174 1923 5227 Cur
2030 5168 2318 5223 Dominus
2351 5166 2573 5230 Israeli,
2607 5183 2674 5221 eo
2705 5166 2860 5238 quod
2893 5166 3145 5222 eruisset
3191 5182 3327 5221 eum
3375 5164 3445 5219 de
3494 5178 3674 5218 manu

252 5274 355 5313 nos
385 5259 562 5313 exire
594 5257 781 5312 fecisti
815 5257 886 5311 de
946 5256 1211 5329 Egypto,
1243 5261 1308 5312 ut
1364 5258 1660 5316 occideres
1705 5264 1761 5315 et
1792 5277 1922 5333 nos,
2032 5256 2457 5329 Egyptiorum,
2487 5259 2542 5310 et
2572 5255 2687 5310 ait:
2724 5255 3071 5311 Benedictus
3122 5255 3429 5322 Dominus,
3462 5251 3561 5323 qui
3606 5248 3679 5304 li-

254 5344 565 5403 ctliberos
598 5348 856 5413 nostros,
881 5360 945 5400 ac
971 5345 1251 5415 jumenta
1302 5345 1763 5404 siti?Clamavit
1820 5366 1923 5406 au-
2035 5344 2255 5401 beravit
2293 5361 2394 5400 vos
2450 5344 2521 5400 de
2570 5360 2750 5400 manu
2807 5345 3317 5416 Egyptiorum,et
3370 5341 3439 5395 de
3497 5354 3679 5393 manu

256 5442 363 5491 tem
395 5437 609 5492 Moses
636 5434 708 5490 ad
737 5432 1082 5498 Dominum,
1116 5434 1359 5492 dicens:
1395 5436 1543 5500 Quid
1578 5437 1787 5493 faciam
1821 5455 1922 5510 po-
2037 5433 2379 5499 Pharaonis,
2435 5432 2536 5506 qui
2592 5432 2744 5491 eruit
2800 5432 3082 5505 populum
3142 5446 3316 5486 suum
3373 5429 3442 5483 de
3500 5443 3681 5483 manu

256 5524 391 5597 pulo
422 5524 852 5581 huiOPadhuc
886 5522 1212 5594 pauxillum
1245 5528 1301 5579 et
1346 5523 1629 5596 lapidabit
1685 5543 1797 5582 me.
1832 5527 1928 5583 Ait
2036 5522 2286 5597 Egypti.
2347 5522 2513 5578 Nunc
2571 5523 2837 5594 cognovi,
2897 5522 3036 5592 quia
3093 5534 3345 5590 magnus
3401 5516 3684 5572 Dominus

266 5616 562 5669 Dominus
594 5612 666 5667 ad
700 5612 898 5668 Mosen
924 5627 939 5666 :
969 5612 1256 5668 Antecede
1305 5612 1611 5683 populum,
1646 5620 1701 5670 et
1760 5631 1928 5672 sume
2040 5629 2219 5685 super
2247 5628 2452 5668 omnes
2482 5613 2622 5667 deos
2648 5628 2660 5665 :
2684 5628 2750 5667 eo
2778 5611 2931 5682 quod
2962 5608 3211 5681 superbe
3233 5606 3455 5677 egerint
3483 5609 3686 5662 contra

262 5708 453 5760 tecum
489 5703 574 5758 de
616 5700 955 5757 senioribus
1015 5699 1227 5757 Israel:
1261 5704 1321 5759 et
1351 5700 1598 5775 virgam,
1630 5719 1747 5775 qua
1796 5720 1927 5778 per-
2039 5702 2192 5759 illos.
2224 5700 2451 5758 Obtulit
2506 5716 2642 5772 ergo
2699 5702 2984 5771 cognatus
3041 5694 3189 5753 Mosi
3245 5694 3590 5752 holocausta
3628 5698 3686 5751 et

604 5820 860 5883 Panos.
904 5816 1172 5881 XXVIII.
3290 5816 3366 5877 10
