4080 6186
352 388 462 444 299

1369 386 1427 438 8.
1469 383 1875 438 HIERONYMI
1913 383 2168 438 DIVINA
2204 383 2697 439 BIBLIOTHECA.

3664 387 3772 442 300

357 517 581 572 hostias
612 516 728 571 Deo
756 518 772 551 ¹
808 531 822 570 :
856 514 1255 581 veneruntque
1312 512 1497 565 Aaron
1558 514 1613 564 et
1661 525 1865 563 omnes
1912 525 2000 563 se-
2033 511 2080 575 Α
2120 508 2425 564 universus
2461 515 2709 580 populus
2742 510 2959 566 simul:
2996 511 3213 567 Cuncta
3246 528 3375 583 quis
3425 513 3657 570 locutus
3687 520 3777 570 est

362 608 556 661 niores
588 603 787 670 Israel,
811 607 877 658 ut
906 601 1278 657 comederent
1309 614 1517 671 panem
1547 615 1682 653 cum
1714 614 1779 653 eo
1810 614 2004 652 coram

359 695 496 751 Deo.
531 693 614 763 [0.
650 690 931 761 ΧΧΧΙΙΙ.]
965 688 1160 744 Altera
1216 693 1410 744 autem
1445 687 1539 743 die
1592 686 1745 742 sedit
1796 689 2005 752 Moses,

365 787 429 838 ut
452 782 744 853 judicaret
783 776 1193 851 populum,qui
1225 776 1538 833 assistebat
1564 774 1707 831 Mosi
1738 773 1808 830 de
1840 791 2011 830 mane

365 886 549 942 usque
580 870 652 925 ad
709 884 1033 941 vesperam.
1068 867 1229 933 Quod
1264 882 1398 922 cum
1427 864 1672 921 vidisset
1726 870 2009 937 cognatus

364 962 513 1031 ejus,
546 959 745 1015 omnia
797 957 1021 1014 scilicet
1052 972 1178 1027 quae
1236 955 1442 1026 agebat
1500 953 1557 1009 in
1618 954 1830 1025 populo
1882 953 2007 1008 ait:

366 1048 514 1114 Quid
548 1056 632 1104 est
663 1047 774 1103 hoc
804 1046 959 1117 quod
989 1043 1134 1100 facis
1166 1044 1225 1099 in
1259 1043 1471 1115 plebe?
1500 1057 1604 1098 cur
1628 1041 1790 1098 solus
1822 1042 2012 1109 sedes,

367 1144 420 1191 et
452 1136 646 1193 omnis
673 1134 926 1207 populus
958 1132 1335 1206 prastolatur
1382 1133 1452 1187 de
1500 1147 1672 1187 mane
1704 1147 1892 1202 usque
1941 1132 2013 1185 ad

370 1226 719 1297 vesperam?
762 1224 864 1279 Cui
924 1222 1231 1294 respondit
1290 1222 1515 1276 Moses:
1563 1220 1734 1276 Venit
1789 1221 1859 1276 ad
1922 1236 2017 1275 me

370 1314 619 1387 populus
654 1329 922 1386 querens
953 1315 1307 1368 sententiam
1345 1310 1467 1366 Dei.
1499 1314 1767 1381 Cumque
1793 1310 2017 1365 accide-

370 1405 447 1458 rit
471 1404 557 1460 eis
585 1402 782 1472 aliqua
804 1399 1175 1472 disceptatio,
1196 1399 1443 1454 veniunt
1465 1399 1534 1453 ad
1564 1414 1656 1452 me
1680 1398 2018 1468 utjudicem

370 1492 517 1547 inter
551 1508 675 1559 eos,
705 1495 764 1547 et
794 1490 1099 1547 ostendam
1131 1494 1422 1560 pracepta
1462 1487 1563 1543 Dei
1595 1492 1652 1543 et
1684 1487 1842 1559 leges
1872 1488 2022 1557 ejus.

370 1586 443 1638 At
472 1580 605 1637 ille:
638 1584 765 1637 Non
817 1581 1056 1650 bonam,
1088 1578 1305 1649 inquit,
1340 1593 1461 1633 rem
1513 1576 1695 1634 facis:
1730 1576 1911 1633 stulto
1942 1576 2027 1633 1a-

372 1672 509 1728 bore
541 1669 909 1727 consumeris
941 1672 998 1725 et
1048 1671 1110 1722 tu
1156 1671 1213 1722 et
1242 1665 1497 1738 populus
1530 1666 1638 1722 iste
1698 1666 1796 1738 qui
1830 1672 2024 1722 tecum

369 1765 453 1816 est
484 1777 496 1813 :
522 1759 677 1815 ultra
706 1758 859 1813 vires
892 1763 1025 1813 tuas
1057 1762 1146 1812 est
1178 1756 1508 1828 negotium,
1534 1755 1695 1812 solus
1724 1754 1870 1811 illud
1906 1771 2021 1810 non

372 1848 588 1921 poteris
619 1847 931 1903 sustinere.
964 1846 1076 1902 Sed
1119 1846 1255 1901 audi
1288 1844 1465 1900 verba
1495 1860 1623 1900 mea
1656 1849 1833 1916 atque
1888 1861 2020 1900 con-

372 1938 526 2005 silia,
559 1940 617 1993 et
646 1936 757 1993 erit
785 1936 941 1991 Deus
994 1940 1211 1990 tecum.
1243 1935 1380 1990 Esto
1417 1938 1480 1989 tu
1542 1933 1755 2005 populo
1812 1934 1871 1988 in
1927 1933 2020 1989 his

371 2044 500 2099 quae
531 2026 603 2081 ad
636 2025 819 2080 Deum
854 2022 1169 2095 pertinent,
1202 2027 1265 2077 ut
1312 2023 1528 2078 referas
1578 2039 1705 2093 quae
1746 2022 2023 2078 dicuntur

375 2116 445 2171 ad
480 2130 612 2169 eum
640 2130 653 2171 :
683 2113 1077 2183 ostendasque
1109 2112 1322 2183 populo
1354 2110 1727 2167 caeremonias
1758 2119 1812 2166 et
1841 2111 2018 2165 ritum

380 2202 627 2268 colendi,
664 2202 933 2272 viamque
994 2217 1094 2272 per
1151 2217 1328 2271 quam
1386 2199 1610 2271 ingredi
1662 2201 1930 2264 debeant,
1965 2204 2023 2255 et

379 2309 528 2364 opus
588 2291 742 2362 quod
800 2291 985 2345 facere
1042 2289 1228 2360 [ναις.
1261 2289 1395 2344 add.
1441 2290 1733 2361 debeant].
1780 2289 2023 2345 Provide

378 2383 575 2434 autem
611 2379 680 2432 de
713 2377 872 2431 omni
906 2375 1073 2448 plebe
1132 2375 1289 2431 viros
1345 2380 1631 2448 potentes,
1662 2381 1718 2433 et
1748 2378 2021 2435 timentes

377 2472 584 2529 Deum,
617 2466 678 2520 in
711 2465 928 2536 quibus
960 2464 1038 2520 sit
1066 2464 1301 2530 veritas,
1332 2470 1389 2521 et
1420 2466 1517 2536 qui
1562 2466 1793 2522 oderint
1831 2468 2022 2523 avari-

378 2555 541 2625 tiam,
575 2559 633 2610 et
679 2555 968 2610 constitue
1000 2570 1067 2609 ex
1095 2554 1179 2609 eis
1212 2554 1498 2624 tribunos,
1530 2560 1588 2610 et
1630 2557 2020 2625 centuriones,

377 2650 435 2699 et
483 2643 1043 2715 quinquagenarios,
1081 2647 1139 2697 et
1184 2643 1457 2712 decanos,
1503 2643 1892 2715 quijudicent
1921 2662 2021 2718 po-

376 2730 583 2805 pulum
605 2732 1088 2803 omnitempore:
1114 2731 1362 2803 quiquid
1387 2734 1584 2787 autem
1608 2733 1801 2804 majus
1825 2733 2020 2802 fuerit,

377 2822 635 2877 referant
690 2820 762 2876 ad
823 2824 899 2891 te,
950 2819 1067 2892 ipsi
1123 2821 1352 2876 minora
1406 2824 1819 2878 tantummodo
1870 2822 2025 2894 judi-

380 2915 532 2978 cent,
563 2909 869 2981 leviusque
897 2909 1003 2964 tibi
1036 2909 1134 2976 sit,
1165 2910 1376 2982 partito
1427 2910 1487 2966 in
1536 2911 1685 2968 alios
1733 2928 1928 2969 onere.
1961 2911 2022 2967 Si

380 3000 490 3055 hoc
521 2998 746 3066 feceris,
781 2998 1053 3070 implebis
1102 2999 1415 3071 imperium
1475 3000 1597 3066 Dei,
1630 3005 1686 3056 et
1742 3006 2027 3073 praecepta

382 3089 511 3159 ejus
543 3088 760 3159 poteris
792 3092 1123 3144 sustentare
1154 3104 1166 3141 :
1199 3093 1255 3143 et
1285 3089 1475 3143 omnis
1507 3089 1600 3143 hic
1644 3089 1898 3162 populus
1931 3106 2024 3146 re—

382 3181 642 3231 vertetur
671 3192 805 3231 cum
840 3193 980 3248 pace
1036 3179 1103 3232 ad
1161 3175 1289 3232 loca
1344 3194 1473 3233 sua.
1501 3178 1725 3241 Quibus
1781 3180 2019 3247 auditis,

2116 598 2429 665 Dominus,
2461 600 2762 654 faciemus.
2793 600 3063 673 Cumque
3094 600 3397 658 retulisset
3425 604 3615 659 Moses
3648 620 3777 659 ver-

2116 686 2192 741 ba
2220 686 2418 758 populi
2452 688 2522 741 ad
2557 687 2898 755 Dominum,
2922 689 3005 744 ait
3025 690 3076 744 ei
3109 690 3397 745 Dominus
3423 708 3436 745 :
3458 692 3592 747 Jam
3621 710 3773 748 nunc

2118 776 2344 831 veniam
2378 777 2448 831 ad
2483 781 2538 831 te
2571 778 2627 831 in
2661 777 2911 847 caligine
2944 778 3142 846 nubis,
3177 783 3242 833 ut
3284 779 3485 835 audiat
3534 796 3625 837 me
3675 797 3773 852 po-

2120 864 2297 936 pulus
2326 864 2661 935 loquentem
2695 867 2764 921 ad
2798 870 2879 937 te,
2904 871 2962 923 et
2991 868 3189 923 credat
3210 868 3288 923 ibi
3311 868 3368 923 in
3404 874 3771 941 perpetuum.

2122 954 2490 1026 [C.XXXV.]
2536 955 2841 1010 Nuntiavit
2899 972 3036 1027 ergo
3093 956 3284 1013 Moses
3344 958 3519 1014 verba
3575 958 3773 1031 populi

2124 1044 2194 1098 ad
2253 1043 2591 1099 Dominum.
2625 1044 2732 1109 Qui
2788 1044 2934 1100 dixit
2991 1045 3081 1100 ei:
3118 1045 3275 1101 Vade
3307 1047 3378 1101 ad
3439 1047 3774 1119 populum:

2125 1136 2181 1187 et
2211 1133 2514 1187 sanctiﬁca
2546 1132 2700 1202 illos,
2736 1134 2908 1189 hodie
2949 1138 3008 1189 et
3054 1150 3207 1201 cras,
3243 1135 3553 1209 laventque
3602 1136 3779 1192 vesti-

2128 1225 2325 1276 menta
2356 1238 2483 1278 sua.
2518 1223 2586 1277 Et
2611 1221 2729 1277 sint
2758 1223 2946 1295 parati
2987 1222 3044 1277 in
3078 1223 3235 1279 diem
3280 1224 3519 1280 tertium
3549 1241 3561 1280 :
3594 1225 3653 1280 in
3684 1225 3782 1281 die

2129 1309 2285 1365 enim
2317 1313 2485 1366 tertio
2515 1312 2830 1367 descendet
2860 1312 3149 1368 Dominus
3181 1328 3376 1368 coram
3409 1313 3571 1369 omni
3610 1314 3784 1386 plebe

2131 1414 2309 1470 super
2330 1404 2588 1455 montem
2611 1400 2789 1455 Sinai.
2815 1400 3267 1473 Constituesque
3285 1404 3569 1458 terminos
3591 1420 3785 1476 popu-

2131 1487 2187 1543 lo
2220 1504 2320 1559 per
2341 1487 2675 1553 circuitum,
2699 1492 2756 1544 et
2785 1489 2944 1545 dices
2966 1490 3146 1561 [ναις.
3171 1490 3300 1546 add.
3326 1492 3397 1547 ad
3416 1491 3538 1564 eos]
3561 1508 3574 1547 :
3600 1492 3781 1548 Cave—

2132 1580 2211 1642 te,
2242 1593 2314 1632 ne
2362 1577 2694 1633 accendatis
2745 1577 2805 1633 in
2837 1582 3122 1647 montem,
3156 1595 3262 1634 nec
3318 1580 3575 1651 tangatis
3633 1580 3783 1636 ﬁnes

2131 1665 2294 1721 illius
2319 1682 2332 1719 :
2360 1666 2553 1722 omnis
2584 1665 2684 1738 qui
2714 1665 2974 1738 tetigerit
3018 1671 3299 1734 montem,
3330 1673 3518 1724 morte
3564 1668 3781 1726 morie—

2132 1758 2248 1810 tur.
2284 1754 2489 1810 Manus
2522 1771 2636 1810 non
2666 1759 2867 1827 tanget
2895 1772 3051 1824 eum,
3087 1757 3187 1812 sed
3239 1756 3536 1829 lapidibus
3579 1758 3779 1831 oppri-

2134 1848 2328 1898 metur
2359 1843 2439 1913 [b.
2472 1843 2677 1911 Aliter,
2709 1859 2920 1900 manus
2951 1861 3067 1900 non
3098 1850 3303 1918 tangat
3354 1861 3512 1911 eum,
3543 1847 3682 1917 quia
3724 1846 3780 1902 si

2128 1931 2404 2001 tetigerit,
2439 1931 2738 2004 lapidibus
2792 1933 3203 2007 opprimetur],
3253 1938 3355 1989 aut
3410 1935 3783 1991 confodietur

2123 2019 2372 2090 jaculis:
2416 2020 2537 2076 sive
2588 2021 2930 2091 jumentum
2988 2022 3183 2091 fuerit,
3235 2021 3353 2078 sive
3410 2022 3609 2093 homo,
3661 2039 3783 2079 non

2128 2108 2297 2164 vivet.
2330 2110 2475 2165 Cum
2508 2110 2748 2182 cmperit
2778 2109 3047 2183 clangere
3076 2110 3345 2178 buccina,
3377 2116 3518 2168 tunc
3557 2128 3769 2168 ascen-

2130 2197 2271 2253 dant
2300 2197 2358 2252 in
2382 2203 2661 2253 montem.
2697 2199 3125 2270 Descenditque
3156 2204 3343 2255 Moses
3367 2200 3439 2255 de
3462 2204 3661 2255 monte
3690 2201 3769 2255 ad

2127 2286 2497 2357 populum,et
2519 2287 3020 2360 sanctilicavitque
3036 2305 3190 2344 eum.
3208 2289 3471 2361 Cumque
3495 2289 3779 2346 lavissent

2128 2375 2478 2430 vestimenta
2534 2392 2664 2445 sua,
2700 2376 2781 2431 ait
2812 2377 2883 2432 ad
2916 2393 3055 2433 eos:
3089 2381 3282 2433 Estote
3315 2378 3502 2449 parati
3536 2378 3594 2434 in
3624 2379 3783 2434 diem

2130 2462 2388 2533 tertium,
2420 2480 2493 2519 ne
2524 2464 3008 2537 appropinquetis
3051 2466 3334 2522 uxoribus
3383 2467 3613 2523 vestris.
3645 2466 3780 2522 Jam

2130 2552 2444 2607 advenerat
2498 2554 2709 2609 tertius
2768 2554 2915 2622 dies,
2960 2560 3018 2609 et
3073 2571 3245 2610 mane
3302 2555 3679 2625 inclaruerat,
3720 2560 3783 2612 et

2130 2657 2260 2697 ecce
2291 2645 2591 2712 coeperunt
2620 2641 2812 2697 audiri
2868 2642 3145 2710 tonitrua,
3179 2659 3245 2699 ac
3304 2643 3521 2700 micare
3578 2644 3784 2717 fulgu-

2130 2746 2212 2797 ra,
2244 2732 2302 2785 et
2332 2729 2519 2785 nubes
2550 2730 2909 2786 densissima
2938 2733 3163 2802 operire
3194 2738 3477 2799 montem,
3510 2732 3783 2805 clangor-

2129 2835 2243 2891 que
2273 2818 2532 2874 buccinaa
2562 2819 2964 2876 vehementius
2996 2822 3398 2893 perstrepebat
3424 2838 3439 2878 :
3464 2822 3783 2894 timuitque

2130 2907 2324 2964 omnis
2360 2908 2541 2978 [Vulg.
2574 2912 2678 2965 tac.
2713 2909 2928 2981 omnis]
2958 2910 3235 2982 populus,
3268 2910 3367 2983 qui
3397 2916 3523 2968 erat
3562 2914 3620 2967 in
3674 2929 3780 2968 ca-

2130 2997 2290 3052 stris.
2314 3000 2579 3069 Cumque
2608 2997 2905 3054 eduxisset
2923 3014 3020 3055 eos
3041 2999 3231 3056 Moses
3254 3000 3311 3055 in
3335 3017 3645 3058 occursum
3669 3002 3772 3057 Dei

2130 3087 2201 3143 de
2259 3086 2382 3142 loco
2413 3092 2761 3156 castrorum,
2794 3092 3084 3144 steterunt
3114 3089 3186 3144 ad
3246 3090 3471 3146 radices
3531 3091 3775 3146 montis.

2132 3177 2313 3231 Totus
2346 3176 2538 3247 [ναις.
2571 3176 2750 3245 Tunc]
2781 3182 2977 3234 autem
3010 3194 3179 3234 mons
3209 3178 3367 3234 Sinai
3400 3179 3683 3247 fumabat,
3716 3196 3788 3236 eo

385 3265 576 3321 Moses
608 3265 745 3320 fecit
772 3264 971 3321 omnia
1002 3281 1130 3337 qua:
1168 3264 1263 3321 ille
1293 3272 1644 3337 sugesserat.
1677 3268 1766 3339 Et,
1798 3268 2019 3337 electis,
2051 3249 2093 3315 C
2133 3265 2288 3335 quod
2320 3264 2722 3321 descendisset
2756 3265 3037 3322 Dominus
3068 3283 3247 3338 super
3273 3283 3407 3323 eum
3448 3267 3506 3322 in
3539 3267 3694 3340 igne,
3728 3272 3789 3325 et

381 3354 524 3409 viris
556 3352 813 3409 strenuis
846 3354 916 3408 de
947 3358 1159 3409 cuncto
1193 3354 1702 3421 Israe|,constituit
1731 3372 1831 3412 eos
1860 3358 2024 3429 prin-

384 3444 544 3514 cipes
576 3440 798 3513 populi,
828 3441 1116 3511 tribunos,
1149 3447 1207 3497 et
1238 3444 1627 3510 centuriones,
1659 3448 1715 3500 et
1740 3447 2027 3518 quinqua-

385 3531 676 3601 genarios,
708 3536 763 3586 et
793 3531 1067 3599 decanos,
1100 3532 1204 3597 Qui
1228 3532 1575 3602 judicabant
1604 3533 1833 3605 plebem
1864 3535 2024 3591 omni

383 3623 686 3689 tempore;
721 3617 967 3688 quiquid
999 3620 1193 3673 autem
1233 3619 1468 3690 gravius
1523 3625 1667 3687 erat,
1700 3622 2027 3677 relerebant

387 3706 456 3760 ad
513 3722 668 3776 eum,
703 3706 963 3761 faciliora
992 3708 1403 3763 tantummodo
1455 3709 1812 3779 judicantes.
1849 3711 2028 3766 Dimi-

388 3794 581 3865 sitque
610 3799 925 3867 cognatum
976 3795 1154 3867 [Vulg.
1187 3796 1311 3853 add.
1347 3799 1568 3868 suum],
1602 3799 1701 3870 qui
1761 3815 2026 3856 reversus

386 3882 531 3937 abiit
560 3882 619 3937 in
654 3887 866 3938 terram
901 3900 1090 3938 suam.

456 3973 549 4046 [Τ.
599 3972 693 4041 XI,
747 3973 803 4028 Β.
854 3975 959 4041 ΧΙ,
1007 3976 1064 4027 C.
1120 3972 1361 4043 XXXIV,
1414 3975 1547 4047 Cap.
1598 3978 1777 4045 XIX.]
1828 3977 2027 4033 Mense

381 4063 553 4118 tertio
629 4063 984 4135 egressionis
1026 4064 1133 4135 [b.]
1184 4063 1440 4120 ﬁliorum
1503 4066 1681 4122 Israel
1747 4069 1818 4123 de
1874 4072 2029 4123 terra

384 4150 635 4223 zEgypti,
665 4150 725 4207 in
755 4151 848 4207 die
878 4151 987 4207 hac
1018 4164 1303 4208 venerunt
1332 4155 1389 4209 in
1437 4154 1813 4211 solitudinem
1843 4156 2023 4211 Sinai.

383 4238 528 4294 Nam
577 4240 815 4311 profecti
842 4241 914 4296 de
946 4240 1285 4312 Raphidim,
1315 4246 1373 4297 et
1402 4243 1804 4314 pervenientes
1838 4261 2025 4316 usque

381 4328 441 4382 in
466 4328 763 4385 desertum
785 4329 970 4399 Sinai,
993 4331 1392 4386 castrametati
1414 4337 1555 4387 sunt
1574 4332 1632 4387 in
1652 4334 1853 4389 eodem
1874 4332 2022 4402 loco,

381 4414 581 4486 ibique
614 4415 786 4471 lsrael
821 4416 942 4471 lixit
970 4419 1224 4473 tentoria
1251 4434 1282 4473 e
1313 4418 1543 4487 regione
1571 4421 1807 4476 montis.
1833 4420 2023 4477 Moses

380 4508 577 4560 autem
603 4504 864 4561 ascendit
885 4506 956 4560 ad
989 4505 1194 4577 Deum,
1216 4507 1558 4580 vocavitque
1576 4525 1709 4565 eum
1733 4509 2022 4566 Dominus

379 4594 450 4647 de
510 4599 729 4660 monte,
789 4598 865 4683 et,
902 4594 1017 4649 ait:
1052 4593 1181 4683 Haec
1240 4595 1397 4651 dices
1451 4597 1652 4652 domui
1708 4596 1908 4667 Jacob,
1964 4602 2098 4683 etD

380 4682 759 4738 annuntiabis
790 4682 926 4738 ﬁliis
956 4682 1172 4739 Israel:
1206 4683 1320 4740 Vos
1352 4684 1465 4756 ipsi
1497 4686 1728 4741 vidistis
1778 4703 1903 4757 quae
1935 4686 2017 4742 fe-

378 4772 553 4829 cerim
586 4773 891 4846 Egyptiis,
924 4775 1219 4846 quomodo
1274 4775 1624 4846 portaverim
1683 4793 1783 4833 vos
1843 4794 2020 4849 super

376 4860 501 4917 alas
556 4861 912 4933 aquilarum,
960 4868 1016 4919 et
1072 4862 1497 4935 assumpserim
1557 4863 1722 4919 mihi.
1765 4865 1821 4920 Si
1880 4882 2016 4937 ergo

376 4950 681 5006 audieritis
710 4967 907 5007 vocem
968 4968 1180 5019 meam,
1213 4956 1270 5007 et
1326 4952 1720 5008 custodieritis
1777 4960 2014 5026 pactum

374 5040 779 5108 meum,eritis
812 5040 955 5096 mihi
988 5041 1046 5096 in
1079 5040 1373 5114 peculium
1406 5042 1476 5096 de
1508 5042 1736 5098 cunctis
1757 5044 2012 5115 populis:

373 5144 506 5184 mea
537 5134 626 5185 est
655 5129 811 5185 enim
845 5130 1039 5187 omnis
1096 5136 1269 5186 terra.
1306 5130 1370 5185 Et
1398 5147 1498 5187 vos
1555 5130 1717 5186 eritis
1778 5132 1917 5187 mihi
1952 5133 2013 5188 in

369 5233 615 5288 regnum
649 5218 1032 5287 sacerdotale,
1056 5223 1113 5276 et
1143 5234 1287 5291 gens
1318 5224 1539 5275 sancta.
1574 5224 1702 5275 Haec
1731 5225 1870 5277 sunt
1892 5237 2015 5277 ver-

368 5306 442 5361 ba
467 5322 594 5377 quis
626 5306 884 5378 loqueris
915 5308 988 5363 ad
1041 5307 1195 5363 ﬁlios
1252 5307 1449 5364 Israel.
1488 5309 1655 5364 Venit
1705 5310 1925 5367 Moses:
1959 5315 2016 5366 et

364 5396 697 5452 convocatis
732 5396 1055 5468 majoribus
1082 5399 1220 5451 natu
1254 5397 1475 5470 populi,
1508 5399 1777 5470 exposuit
1807 5416 2011 5457 omnes

362 5498 840 5557 sermones,quos
860 5485 1557 5543 mandaveratDominus.
1576 5488 2011 5561 Responditque

2137 3354 2478 3409 ascenderet
2508 3354 2707 3409 fumus
2739 3371 2806 3410 ex
2835 3371 2901 3410 eo
2930 3355 3099 3427 quasi
3133 3356 3202 3412 de
3232 3356 3504 3412 fornace:
3538 3361 3784 3429 eratque

2135 3458 2305 3498 mons
2334 3441 2525 3498 omnis
2550 3442 2914 3509 terribilis,et
2946 3444 3173 3499 sonitus
3202 3444 3462 3500 buccinm
3493 3443 3783 3516 paulatim

2133 3532 2432 3587 crescebat
2460 3531 2519 3586 in
2552 3532 2769 3602 majus,
2793 3536 2850 3587 et
2879 3532 3161 3604 prolixius
3191 3534 3557 3589 tendebatur.
3587 3534 3785 3592 Moses

2135 3619 2728 3691 loquebatur,etDeus
2749 3621 3782 3694 respondebatei.DescenditqueDo-

2137 3708 2336 3764 minus
2352 3725 2533 3781 super
2550 3713 2804 3764 montem
2824 3709 2985 3765 Sinai
3006 3709 3061 3765 in
3087 3710 3211 3782 ipso
3235 3711 3452 3767 montis
3470 3711 3709 3780 vertice,
3723 3716 3783 3768 et

2137 3797 2362 3852 vocavit
2390 3798 2585 3853 Mosen
2609 3798 2667 3853 in
2691 3815 2971 3854 cacumen
3003 3800 3155 3870 ejus.
3181 3801 3305 3866 Quo
3325 3816 3459 3855 cum
3485 3800 3791 3857 ascendis-

2136 3886 2405 3949 set,dixit
2425 3887 2495 3940 ad
2520 3902 2684 3941 eum:
2708 3887 3027 3955 Descende,
3049 3893 3107 3944 et
3127 3892 3455 3944 contestare
3476 3887 3788 3960 pepulum,

2136 3990 2209 4029 ne
2233 3976 2376 4029 forte
2398 3973 2576 4028 velint
2608 3976 3017 4031 transcendere
3037 3977 3319 4033 terminos
3349 3977 3423 4033 ad
3459 3977 3781 4033 videndum

2140 4062 2479 4118 Dominum:
2520 4068 2577 4119 et
2617 4068 2813 4135 pereat
2855 4080 2922 4120 ex
2944 4064 3027 4121 eis
3050 4064 3304 4137 plurima
3322 4064 3788 4121 multitudo.Sa-

2134 4150 2397 4207 cerdotes
2426 4168 2677 4223 quoque,
2711 4153 2811 4223 qui
2845 4153 3128 4208 accedunt
3157 4154 3227 4209 ad
3276 4153 3614 4221 Dominum,
3646 4170 3789 4208 san-

2133 4240 2484 4305 ctiﬁcantur,
2518 4256 2589 4295 ne
2644 4240 2933 4311 percutiat
2985 4257 3104 4297 eos.
3138 4241 3404 4311 Dixitque
3457 4241 3646 4297 Moses
3704 4242 3780 4297 ad

2133 4330 2444 4385 Dominum
2473 4345 2485 4382 :
2510 4329 2635 4384 Non
2653 4328 3086 4402 poteritvulgus
3109 4331 3422 4386 ascendere
3441 4329 3499 4385 in
3522 4334 3784 4386 montem

2132 4418 2330 4473 Sinai:
2364 4422 2427 4472 tu
2472 4416 2627 4471 enim
2687 4416 3037 4473 testiﬁcatus
3096 4434 3158 4474 es
3214 4422 3272 4474 et
3319 4418 3592 4489 jussisti:
3622 4418 3783 4474 Pone

2131 4506 2417 4561 terminos
2469 4505 2624 4560 circa
2684 4509 2965 4575 montem,
2998 4510 3056 4561 et
3112 4507 3418 4563 sanctiﬁca
3472 4506 3661 4562 illum.
3700 4506 3792 4579 [ϐ.

2138 4594 2410 4667 XXXVI.]
2434 4596 2533 4649 Cui
2554 4593 2631 4649 ait
2649 4594 2969 4650 Dominus:
3009 4594 3191 4663 Vade,
3228 4595 3516 4651 descende
3542 4613 3555 4662 ;
3578 4612 3791 4651 ascen-

2132 4683 2354 4754 desque
2386 4686 2471 4749 tu,
2504 4686 2561 4736 et
2611 4686 2799 4737 Aaron
2843 4686 3036 4737 tecum
3065 4702 3080 4751 ;
3113 4684 3448 4740 sacerdotes
3498 4689 3695 4739 autem
3726 4688 3793 4740 et

2133 4769 2386 4842 populus
2416 4786 2487 4824 ne
2518 4773 2825 4825 transeant
2854 4769 3163 4841 terminos,
3197 4786 3301 4826 nec
3350 4772 3677 4827 ascendant
3714 4772 3791 4827 ad

2128 4858 2465 4928 Dominum,
2499 4874 2570 4913 ne
2615 4858 2760 4913 forte
2807 4856 3121 4915 interﬁciat
3169 4859 3319 4916 illos.
3350 4860 3795 4932 Descenditque

2130 4948 2320 5003 Moses
2352 4948 2423 5002 ad
2456 4936 2768 5019 populum,
2803 4951 2860 5002 et
2891 4947 3090 5003 omnia
3121 4949 3381 5005 narravit
3410 4949 3516 5005 eis.
3768 4952 3775 4959 '

2200 5036 2284 5106 [C,
2307 5034 2584 5103 XXXVII,
2611 5035 2740 5105 Cap.
2768 5033 2906 5105 XX.]
2932 5035 3306 5109 Locutusque
3336 5042 3425 5093 est
3455 5037 3610 5093 Deus
3640 5052 3797 5094 cun-

2126 5130 2249 5180 ctos
2280 5138 2579 5180 sermones
2612 5123 2757 5179 hos:
2791 5123 2841 5194 [1
2878 5126 3242 5197 Praeceptum]
3276 5126 3393 5198 Ego
3425 5143 3558 5183 sum
3589 5126 3797 5182 Domi-

2127 5230 2239 5270 nus
2272 5218 2427 5268 Deus
2477 5216 2640 5281 tuus,
2674 5210 2775 5283 qui
2804 5212 2977 5268 eduxi
3023 5218 3081 5270 te
3128 5215 3201 5270 de
3245 5220 3402 5270 terra
3430 5215 3682 5288 Egypti,
3712 5214 3796 5272 de

2125 5304 2299 5358 domo
2334 5299 2655 5357 servitutis.
2688 5300 2746 5371 [2
2776 5303 2972 5371 Prazc.]
3003 5301 3131 5359 Non
3162 5302 3410 5359 habebis
3466 5304 3607 5360 deos
3638 5302 3794 5359 alie-

2125 5409 2231 5448 nos
2263 5405 2458 5446 coram
2521 5403 2635 5443 me.
2667 5388 2794 5444 Non
2855 5389 3033 5446 facies
3094 5391 3199 5447 tibi
3258 5390 3554 5464 sculptile,
3586 5407 3790 5462 neque

2125 5496 2358 5541 omnem
2386 5476 2864 5549 similitudinem,
2911 5494 3039 5552 quas
3058 5479 3227 5539 estin
3259 5479 3403 5538 caelo
3425 5482 3700 5555 desuper,
3722 5485 3792 5539 et

439 5684 457 5718 ³
490 5680 575 5738 Ita
604 5684 660 5737 et
689 5682 873 5738 nostri
902 5697 1046 5741 mss.
1075 5698 1091 5753 ;
1126 5682 1407 5740 Martian.
1442 5683 1500 5741 in
1533 5683 1664 5742 aliis
1695 5684 1916 5744 invenit
1942 5687 2190 5745 Domino.
