4080 6186
301 352 383 406 301
1715 348 1931 402 LIBER
1968 348 2212 404 EXODI.
3566 357 3673 412 302

293 496 396 554 qua
421 477 647 532 interra
678 476 977 543 deorsum,
1041 488 1145 528 nec
1195 488 1399 528 eorum
1459 487 1584 542 qua:
1645 474 1785 526 sunt
1850 468 1910 523 in
1941 485 1993 550 Α
2023 472 2174 526 enim
2199 472 2478 531 levaveris
2501 476 3264 550 cultrumtuum[Vulg.tac.
3292 484 3671 553 tuum]super

296 568 435 641 aquis
458 566 559 621 sub
590 569 765 620 terra.
817 567 943 618 Non
994 561 1269 618 adorabis
1316 577 1405 630 ea,
1460 575 1651 631 neque
1715 559 1907 624 coles;
2021 574 2178 624 eum,
2211 560 2526 629 polluetur.
2560 565 2685 620 Non
2711 568 2991 623 ascendes
3014 584 3117 640 per
3155 570 3374 640 gradus
3398 573 3466 625 ad
3487 570 3670 626 altare

292 674 377 731 ego
402 656 542 712 enim
566 670 694 709 sum
729 652 1017 709 Dominus
1053 652 1206 707 Deus
1239 655 1378 706 tuus
1429 648 1616 715 fortis,
1669 646 1907 716 zelotes,
2021 663 2239 715 meum,
2274 665 2346 704 ne
2378 652 2665 708 reveletur
2694 655 2995 726 turpitudo
3026 660 3127 713 tua
3159 658 3241 727 [h.
3271 674 3448 730 super
3476 659 3670 730 illud].

290 745 497 802 visitans
525 741 904 813 iniquitatem
936 745 1173 813 patrum
1204 738 1264 794 in
1288 738 1461 803 filios,
1496 737 1557 792 in
1588 735 1820 792 tertiam
1852 740 1911 790 et
2093 742 2170 811 [Ο.
2204 741 2310 807 XL,
2347 741 2475 813 Cap.
2508 744 2683 814 XX[.]
2728 749 2861 801 Hmc
2901 750 3040 801 sunt
3063 747 3290 817 judicia
3349 765 3478 819 quas
3534 765 3669 821 pro-

292 838 522 906 quartam
553 829 993 903 generationem
1021 844 1223 883 eorum
1257 827 1358 899 qui
1389 827 1639 882 oderunt
1682 840 1775 879 me
1804 840 1818 878 :
1852 827 1910 879 et
2019 843 2201 901 pones
2224 828 2329 885 eis.
2357 830 2413 886 Si
2446 831 2659 888 emeris
2690 849 2923 890 servum
2957 835 3287 903 Hebraeum,
3334 853 3435 893 sex
3493 840 3667 893 annis

291 923 470 980 faciens
502 916 1051 977 misericordiamin
1077 916 1265 971 millia
1291 913 1771 986 hisquidiligunt
1794 928 1906 982 me,
2019 919 2231 973 serviet
2261 919 2405 974 tibi:
2457 922 2515 975 in
2566 922 2816 993 septimo
2876 924 3205 995 egredietur
3256 924 3405 980 liber
3458 926 3664 998 gratis.

292 1018 338 1069 et
360 1010 683 1067 custodiunt
706 1011 998 1080 praecepta
1030 1021 1181 1061 mea.
1214 1006 1289 1075 [3.
1338 1006 1539 1073 Prch
1570 1003 1692 1059 Non
1745 1018 1907 1057 assu-
2018 1008 2162 1063 Cum
2196 1008 2350 1080 quali
2382 1014 2542 1065 veste
2573 1010 2897 1082 intraverit,
2930 1028 3061 1067 cum
3100 1012 3199 1067 tali
3233 1018 3438 1070 exeat:
3471 1014 3521 1071 si
3568 1016 3669 1070 ha-

292 1117 392 1156 mes
416 1115 619 1155 nomen
654 1096 889 1153 Domini
924 1096 1021 1152 Dei
1054 1094 1135 1150 lui
1164 1095 1224 1149 in
1274 1110 1527 1161 vanum;
1590 1108 1695 1148 nec
1751 1090 1907 1147 enim
2018 1097 2164 1152 hens
2195 1114 2456 1164 uxorem,
2489 1102 2546 1154 et
2568 1115 2712 1154 uxor
2742 1100 3075 1172 egredietur
3105 1100 3303 1157 simul.
3330 1102 3429 1157 Sin
3463 1106 3666 1158 autem

290 1190 495 1247 habebit
523 1191 820 1246 insontem
854 1188 1141 1243 Dominus
1172 1202 1307 1243 eum
1366 1185 1465 1256 qui
1522 1183 1910 1255 assumpserit
2019 1186 2296 1242 dominus
2327 1186 2553 1243 dederit
2581 1187 2667 1242 illi
2700 1203 2959 1256 uxorem,
2992 1193 3049 1243 et
3072 1192 3297 1261 peperit
3325 1189 3477 1246 filios
3500 1196 3556 1247 et
3600 1192 3666 1245 ti-

288 1296 464 1335 nomen
489 1278 721 1334 Domini
746 1277 849 1331 Dei
880 1275 972 1332 sui
1006 1278 1244 1331 frustra.
1285 1274 1340 1345 [4
1372 1275 1572 1343 Prae]
1596 1272 1907 1338 Memento,
2017 1274 2126 1330 lias
2159 1275 2373 1331 mulier
2402 1281 2460 1331 et
2490 1277 2657 1332 liberi
2704 1278 2833 1349 ejus
2863 1282 3038 1333 erunt
3096 1279 3318 1333 domini
3367 1280 3481 1347 sui,
3542 1281 3669 1351 ipse

286 1373 339 1423 ut
367 1370 505 1424 diem
537 1366 782 1423 Sahbati
814 1364 1167 1421 sanctiﬁces.
1201 1368 1309 1419 Sex
1330 1360 1905 1433 diebusoperaberis,
2018 1380 2151 1418 vero
2173 1364 2353 1419 exibit
2383 1381 2516 1420 cum
2547 1365 2758 1421 vestitu
2803 1383 2931 1423 suo.
2991 1368 3153 1433 Quod
3205 1368 3254 1422 si
3288 1367 3498 1424 dixerit
3553 1384 3667 1424 ser-

284 1471 329 1513 et
378 1457 543 1513 facies
597 1454 799 1511 omnia
849 1469 1027 1526 opera
1053 1456 1175 1507 tua.
1228 1450 1490 1523 Septimo
1568 1455 1764 1506 autem
1816 1448 1909 1504 die
2017 1467 2121 1508 vus
2151 1452 2337 1525 Diligo
2368 1454 2672 1509 dominum
2703 1470 2898 1511 meum
2930 1460 2986 1511 et
3026 1470 3263 1511 uxorem
3317 1473 3385 1512 ac
3428 1456 3667 1525 liberos,

285 1545 575 1600 Sabbatum
611 1542 839 1599 Domini
870 1541 971 1598 Dei
1000 1541 1089 1597 tui
1117 1558 1129 1595 ε
1168 1557 1282 1596 non
1314 1540 1494 1596 facies
1527 1539 1586 1594 in
1618 1554 1684 1595 eo
1733 1553 1908 1594 omne
2018 1560 2133 1598 non
2165 1543 2640 1615 egrediarliber;
2672 1546 2875 1602 otferet
2904 1563 3035 1602 eum
3086 1547 3362 1603 dominus
3419 1548 3557 1613 diis,
3614 1552 3673 1604 et

286 1650 430 1705 opus,
460 1638 545 1702 tu,
577 1637 637 1689 et
667 1632 825 1688 ﬁlius
860 1635 1000 1688 tuus
1029 1634 1090 1685 et
1122 1630 1245 1684 filia
1273 1633 1399 1695 tua,
1427 1644 1631 1684 servus
1658 1632 1795 1683 tuus
1851 1631 1909 1682 et
2017 1631 2409 1704 applicabitur
2440 1634 2511 1688 ad
2560 1634 2782 1689 ostium
2835 1638 2891 1691 et
2949 1640 3167 1706 postes,
3230 1636 3671 1708 perl‘orabitque

284 1721 469 1778 ancilla
496 1726 620 1789 tua,
644 1722 982 1792 jumentum
1015 1724 1211 1786 tuum,
1263 1722 1321 1773 et
1379 1718 1621 1787 advena,
1656 1715 1757 1787 qui
1819 1719 1909 1772 est
2016 1736 2214 1776 aurem
2246 1722 2374 1791 ejus
2406 1722 2639 1789 subula,
2670 1727 2727 1779 et
2765 1724 2875 1778 erit
2906 1724 2957 1779 ei
2980 1740 3186 1780 servus
3226 1724 3283 1780 in
3320 1725 3601 1781 smculum
3624 1726 3668 1782 ³.

285 1810 415 1920 intra
444 1815 642 1920 portas
671 1815 824 1866 tuas.
857 1809 969 1920 Se‘x
999 1807 1157 1864 enim
1188 1807 1397 1920 diebus
1428 1805 1565 1908 fecit
1619 1804 1907 1906 Dominus
1942 1854 1988 1920 Β
2021 1810 2103 1880 [Ο.
2131 1810 2267 1865 XLI.
2303 1812 2423 1920 ]J-Et
2448 1811 2496 1866 si
2527 1812 3224 1920 vendiderit‘l‘iliam-ejus
3254 1814 3311 1868 in
3365 1814 3671 1881 famulam,

286 1901 495 1967 omium,
528 1906 589 1955 et
619 1904 856 1965 terram,
889 1902 946 1954 et
985 1912 1167 1965 mare,
1197 1900 1255 1951 et
1282 1895 1482 1953 omnia
1527 1910 1658 1966 qua:
1713 1895 1774 1949 in
1826 1893 1911 1951 eis
1942 1893 1988 1920 ”
2020 1916 2135 1955 non
2166 1900 2497 1971 egredietur
2527 1901 2681 1956 sicut
2736 1900 2957 1957 ancilla:
3007 1902 3163 1958 exire
3215 1908 3664 1959 consueverunt.

284 1994 421 2058 sunt,
451 1994 505 2045 et
536 1987 824 2060 requievit
852 1986 913 2042 iu
938 1986 1031 2042 die
1050 1986 1311 2058 septimo
1339 2003 1351 2040 :
1380 1984 1597 2041 idcirco
1620 1982 1917 2039 benedixit
2015 1988 2073 2042 Si
2106 1988 2475 2059 displicuerit
2506 1988 2693 2045 oculis
2716 1989 2941 2045 domini
2972 1990 3087 2057 sui,
3112 1989 3205 2044 cui
3230 1991 3445 2046 tradita
3468 1990 3667 2061 fuerit,

286 2077 716 2133 Dominusdiem
736 2075 974 2131 Sabbati
1000 2072 1696 2143 etsanctiﬂcaviteum.[5
1711 2073 1910 2140 Prata]
2016 2077 2272 2132 dimittet
2306 2094 2435 2132 eam
2471 2096 2483 2133 :
2520 2077 2735 2149 populo
2768 2082 2964 2134 autem
2998 2078 3187 2134 alieno
3210 2079 3494 2134 vendendi
3552 2096 3667 2136 non

283 2168 485 2224 Honora
520 2170 748 2239 patrem
781 2171 949 2219 tuum
982 2166 1037 2219 et
1070 2167 1317 2219 matrem
1350 2167 1536 2229 tuam,
1570 2166 1632 2216 ut
1661 2161 1743 2216 sis
1787 2161 1914 2217 lon-
2017 2166 2257 2221 habebit
2286 2171 2658 2238 potestatem,
2692 2166 2741 2223 si
2771 2167 3054 2238 spreverit
3105 2182 3256 2223 eam.
3311 2169 3412 2223 Sin
3472 2172 3667 2224 autem

287 2272 486 2327 gravus
518 2271 700 2326 super
730 2259 969 2319 terram,
1003 2268 1179 2321 quam
1229 2251 1518 2306 Dominus
1566 2256 1724 2305 Deus
1774 2254 1915 2305 tuus
2019 2254 2138 2311 filio
2166 2271 2272 2311 suo
2303 2255 2678 2327 desponderit
2725 2257 3073 2327 eam,juxta
3131 2271 3353 2312 morem
3413 2256 3668 2312 ﬁliarum

288 2345 432 2399 dabit
461 2344 591 2398 tibi.
626 2344 684 2413 [6
714 2342 800 2412 P.]
829 2342 954 2397 Non
987 2341 1240 2396 occides.
1274 2340 1331 2410 [7
1361 2340 1446 2410 P.]
1479 2339 1605 2394 Non
1659 2339 1915 2394 mmcba-
2018 2342 2189 2397 faciet
2216 2341 2325 2399 illi.
2360 2344 2521 2408 Quod
2555 2344 2604 2398 si
2637 2342 2881 2399 alteram
2914 2343 2964 2399 ei
2996 2347 3305 2416 acceperit,
3346 2343 3674 2415 providebit

283 2434 435 2489 beris.
467 2433 540 2505 [8.
576 2432 665 2503 P.]
696 2437 821 2487 Non
853 2431 1075 2485 furtum
1100 2429 1292 2484 iacies.
1316 2429 1371 2497 [9
1401 2428 1486 2499 P.]
1508 2428 1631 2483 Non
1656 2427 1914 2499 loqueris
2020 2429 2224 2500 puellas
2257 2433 2513 2503 nuptias,
2542 2441 2594 2487 et
2622 2433 2993 2501 vestimenta,
3024 2438 3078 2487 et
3106 2432 3356 2504 pretium
3378 2432 3672 2504 pudicitia:

285 2528 463 2578 contra
546 2520 887 2593 proximum
960 2524 1131 2574 tuum
1209 2517 1424 2573 falsum
1483 2516 1913 2573 testimonium.
2020 2535 2134 2573 non
2186 2519 2442 2592 negabit.
2475 2520 2530 2575 Si
2577 2521 2685 2575 tria
2714 2521 2829 2576 ista
2887 2538 3003 2577 non
3063 2521 3282 2588 fecerit,
3345 2521 3675 2594 egredietur

285 2613 379 2683 [10.
405 2612 489 2683 Ρ.]
519 2611 650 2667 Non
684 2608 1061 2681 concupisces
1094 2609 1336 2664 domum
1364 2607 1611 2680 proximi
1643 2608 1750 2674 tui,
1809 2624 1916 2663 nec
2019 2608 2203 2679 gratis
2261 2610 2487 2679 absque
2517 2609 2785 2681 pecunia.
2821 2610 2903 2680 [Ο.
2936 2611 3133 2680 XLII.]
3170 2610 3277 2674 Qui
3311 2610 3673 2682 percusserit

284 2700 637 2757 desiderabis
668 2716 908 2756 uxorem
942 2700 1093 2769 ejus,
1128 2714 1244 2754 non
1278 2713 1534 2767 servum,
1568 2714 1683 2753 non
1732 2696 1917 2753 ancil-
2020 2696 2319 2752 hominem
2350 2696 2551 2753 volens
2601 2698 2888 2767 occidere,
2948 2704 3136 2754 morte
3193 2700 3500 2755 moriatur.
3561 2698 3672 2765 Qui

282 2789 403 2861 lam,
434 2806 545 2845 non
604 2789 833 2857 bovem,
890 2803 1006 2843 non
1064 2785 1320 2856 asinum,
1372 2801 1479 2842 nec
1534 2785 1734 2842 omnia
1788 2802 1915 2856 quas
2020 2789 2215 2840 autem
2248 2802 2365 2841 non
2398 2791 2487 2842 est
2517 2786 2855 2854 insidiatus,
2906 2788 3008 2842 sed
3038 2792 3190 2842 Deus
3221 2787 3394 2842 illum
3428 2786 3675 2842 tradidit

283 2878 424 2935 illius
445 2884 609 2934 sunt.
644 2878 729 2949 [Ο.
750 2875 1073 2948 XXXVIII.]
1106 2878 1364 2931 Cunctus
1408 2878 1603 2931 autem
1659 2875 1915 2946 populus
2019 2874 2078 2928 in
2113 2891 2324 2930 manus
2346 2875 2513 2944 ejus;
2543 2875 2897 2931 constituam
2926 2876 3035 2930 tibi
3066 2875 3261 2930 locum
3298 2892 3415 2947 quo
3474 2876 3675 2946 fugere

280 2969 494 3025 videbat
520 2984 719 3035 voces,
747 2970 805 3022 et
835 2965 1160 3037 lampades,
1200 2968 1256 3019 et
1312 2963 1572 3020 sonitum
1631 2964 1913 3033 buccinae,
2018 2963 2244 3018 debeat.
2305 2963 2388 3035 [Ο.
2444 2964 2666 3035 XLlI[.]
2724 2964 2782 3018 Si
2841 2965 2977 3037 quis
3035 2964 3327 3019 industria
3395 2963 3675 3019 occiderit

282 3064 643 3130 montemque
674 3056 998 3111 fumantem
1024 3058 1120 3110 :et
1140 3052 1399 3125 perteriti
1428 3070 1495 3109 ac
1544 3069 1755 3126 pavore
1773 3069 1915 3109 con-
2018 3052 2351 3124 proximum
2385 3069 2582 3123 suum,
2614 3060 2671 3109 et
2704 3070 2805 3125 per
2852 3053 3121 3121 insidias,
3183 3054 3254 3108 ab
3314 3051 3487 3109 altari
3539 3068 3670 3108 meo

280 3149 441 3213 cassi,
470 3149 768 3206 steterunt
786 3142 1009 3215 procul,
1043 3143 1308 3198 dicentes
1341 3142 1521 3198 Mosi:
1557 3143 1816 3214 Loquere
1849 3146 1914 3198 tu
2020 3140 2233 3197 evelles
2280 3157 2439 3211 eum,
2492 3146 2556 3197 ut
2604 3142 2902 3198 moriatur.
2959 3142 3043 3213 [Ο.
3108 3141 3324 3214 XLIV.]
3400 3141 3507 3206 Qui
3540 3158 3669 3212 per-

276 3237 443 3303 nobis,
472 3243 528 3293 et
554 3234 905 3292 audiemus:
941 3249 1057 3287 non
1094 3229 1371 3301 loquatur
1402 3231 1573 3287 nobis
1602 3232 1908 3299 Dominus,
1942 3219 1985 3286 C
2024 3228 2271 3285 cusserit
2302 3234 2524 3301 patrem
2578 3245 2753 3285 suum
2786 3234 2845 3284 et
2902 3234 3150 3285 matrem
3204 3233 3389 3285 morte
3449 3229 3668 3284 moria-

276 3341 336 3379 ne
362 3325 502 3381 forte
532 3322 884 3380 moriamur.
908 3321 978 3376 Et
1008 3320 1089 3375 ait
1119 3319 1310 3376 Moses
1337 3319 1408 3375 ad
1435 3319 1909 3391 populumzNo-
2019 3321 2135 3373 tur.
2197 3319 2280 3389 [Ο.
2356 3318 2539 3389 XLV.]
2616 3318 2723 3381 Qui
2783 3319 3008 3374 furatus
3084 3318 3259 3374 fuerit
3343 3318 3663 3385 hominem,

278 3413 363 3467 lite
391 3414 618 3483 timere,
660 3414 727 3467 ut
754 3409 911 3466 enim
944 3408 1219 3481 probaret
1266 3424 1366 3464 vos
1424 3409 1581 3464 venit
1628 3413 1799 3477 Deus,
1840 3412 1917 3485 et
2025 3412 2083 3462 et
2111 3408 2440 3462 vendiderit
2470 3408 2946 3476 eum,convictus
2973 3425 3136 3464 noxas
3157 3411 3341 3463 morte
3364 3407 3671 3463 moriatur.

280 3506 332 3555 ut
358 3507 538 3558 terror
566 3501 736 3558 illius
768 3504 925 3556 esset
969 3498 1029 3555 in
1067 3497 1257 3565 vobis,
1311 3503 1369 3553 et
1399 3514 1519 3554 non
1573 3498 1914 3569 peccaretis.
2025 3497 2104 3567 [Ο.
2138 3496 2354 3567 XLVI.)
2384 3496 2492 3560 Qui
2554 3496 2922 3552 maledixerit
2982 3498 3133 3568 patri
3202 3513 3310 3553 suo
3361 3501 3417 3552 et
3477 3496 3673 3562 matri,

282 3590 549 3663 Stetitque
583 3588 843 3662 populus
891 3587 963 3643 de
1007 3586 1198 3658 longe.
1238 3586 1326 3657 [T.
1362 3587 1479 3653 XII,
1535 3585 1597 3640 C.
1655 3586 1911 3659 XXXIX.]
2024 3593 2205 3640 morte
2231 3584 2537 3641 moriatur.
2577 3586 2660 3656 [Ο.
2698 3584 3005 3656 XLVII.]Si
3037 3585 3207 3640 rixati
3252 3585 3493 3641 fuerunt
3542 3584 3672 3650 viri,

283 3678 451 3736 Moses
486 3686 691 3735 autem
724 3678 970 3734 accessit
1026 3676 1096 3732 ad
1147 3674 1456 3748 caliginem
1490 3675 1567 3743 .in
1624 3692 1738 3747 qua
1789 3681 1912 3731 erat
2022 3679 2079 3730 et
2111 3675 2466 3746 percusserit
2525 3674 2673 3729 alter
2729 3674 3060 3746 proximum
3110 3691 3284 3730 suum
3334 3674 3527 3747 lapide
3584 3674 3670 3729 vel

288 3772 436 3825 Deus.
472 3768 633 3824 Dixit
665 3772 945 3839 praterea
974 3764 1261 3821 Dominus
1292 3765 1364 3819 ad
1397 3770 1629 3820 Mosen:
1664 3764 1793 3819 Haec
1823 3764 1911 3819 di-
2022 3780 2241 3836 pugno,
2274 3768 2331 3819 et
2363 3764 2459 3819 ille
2488 3768 2757 3818 mortuus
2788 3780 2904 3818 non
2949 3763 3145 3835 fuerit,
3178 3764 3278 3819 sed
3324 3763 3580 3834 jacuerit
3608 3764 3667 3817 in

284 3873 363 3913 ces
392 3857 526 3912 filiis
556 3855 743 3912 Israel
778 3872 791 3911 :
818 3854 935 3909 Vos
954 3853 1188 3910 vidistis
1217 3853 1372 3925 quod
1399 3854 1467 3908 de
1497 3854 1639 3908 coelo
1680 3853 1911 3909 locutus
2021 3852 2272 3910 lectulo:
2306 3853 2355 3909 si
2388 3853 2727 3917 surrexerit,
2760 3856 2817 3907 et
2839 3852 3230 3907 ambulaverit
3282 3853 3423 3907 foris
3481 3867 3659 3923 super

284 3946 381 4001 sim
424 3946 617 4003 vobis.
682 3944 807 3999 Non
839 3943 1065 3999 facietis
1097 3958 1328 3998 mecum
1362 3942 1378 3977 ί
1412 3942 1550 3998 deos
1579 3948 1909 4014 argenteos,
2021 3942 2294 3999 baculum
2328 3958 2525 4008 suum,
2555 3941 2837 3997 innocens
2860 3942 2970 3996 erit
2998 3941 3098 4012 qui
3124 3940 3517 4012 percusserit:
3578 3941 3662 3995 ita

286 4048 374 4089 nec
402 4035 540 4091 deos
573 4048 790 4089 aureos
820 4030 1045 4086 facietis
1076 4029 1255 4087 vobis.
1289 4030 1485 4088 Altare
1515 4032 1586 4087 de
1640 4035 1796 4087 terra
1827 4032 1910 4086 fa-
2020 4036 2219 4087 tamen
2250 4036 2317 4085 ut
2346 4047 2552 4102 operas
2582 4032 2712 4101 ejus
2741 4034 2798 4085 et
2827 4030 3125 4101 impensas
3154 4029 3213 4083 in
3265 4029 3522 4085 medicos
3572 4044 3663 4083 re-

287 4122 436 4178 cietis
469 4122 646 4189 mihi,
689 4125 746 4176 et
774 4119 1028 4176 otieretis
1058 4135 1239 4191 super
1262 4136 1327 4175 eo
1358 4119 1703 4176 holocausta
1732 4125 1789 4175 et
1811 4136 1909 4192 pa-
2020 4120 2247 4175 stituat.
2284 4119 2365 4189 [Ο.
2403 4119 2676 4189 XLVIII.]
2710 4119 2815 4184 Qui
2849 4119 3203 4189 percusserit
3227 4134 3455 4173 servum
3490 4133 3663 4174 suum

282 4211 429 4267 ciﬁca
455 4216 679 4279 vestra,
710 4224 846 4265 oves
886 4213 1111 4264 vestras
1141 4212 1197 4263 et
1227 4208 1427 4277 boves,
1453 4208 1513 4264 in
1571 4208 1731 4265 omni
1784 4212 1911 4265 loco
2021 4208 2109 4264 vel
2139 4207 2413 4263 ancillam
2444 4207 2626 4277 virga,
2657 4211 2715 4262 et
2745 4210 3015 4262 mortuus
3047 4206 3223 4261 fuerit
3252 4213 3272 4246 ³
3300 4207 3359 4261 in
3392 4206 3666 4262 manibus

280 4299 332 4353 in
352 4316 462 4371 quo
486 4298 776 4355 memoria
805 4296 978 4352 fuerit
1007 4297 1263 4353 nominis
1298 4296 1431 4365 mei,
1461 4297 1687 4353 veniam
1716 4299 1784 4353 ad
1834 4304 1914 4365 te,
2022 4299 2174 4369 ejus,
2206 4296 2470 4352 criminis
2490 4312 2626 4351 reus
2658 4297 2785 4350 erit.
2826 4294 2926 4351 Sin
2962 4299 3160 4351 autem
3194 4312 3311 4351 uno
3343 4295 3436 4350 die
3467 4311 3669 4367 super—

280 4393 327 4443 et
347 4388 689 4444 benedicam
728 4385 857 4442 tibi.
878 4386 1042 4449 Quod
1074 4386 1124 4441 si
1152 4384 1332 4441 altare
1361 4385 1656 4456 lapideum
1713 4388 1916 4444 feceris
2022 4386 2231 4442 vixerit
2262 4383 2347 4439 vel
2379 4386 2630 4453 duobus,
2664 4400 2780 4440 non
2814 4384 3143 4453 subjacebit
3173 4401 3374 4455 prauae,
3408 4385 3547 4456 quia
3578 4401 3674 4456 pe-

280 4476 427 4544 mihi,
460 4494 580 4533 non
633 4474 949 4532 ediﬁcabis
994 4474 1139 4530 illud
1174 4475 1243 4530 de
1274 4474 1448 4531 sectis
1478 4474 1814 4548 lapidibus:
1870 4478 1918 4533 si
1949 4480 1995 4544 Ι)
2029 4476 2205 4532 cunia
2243 4474 2402 4529 illius
2435 4478 2540 4529 est.
2592 4473 2672 4545 [Ο.
2718 4471 2936 4544 XLIX.]
2968 4472 3022 4527 Si
3072 4474 3242 4528 rixati
3274 4473 3488 4528 fuerint
3540 4473 3671 4544 viri,

346 4741 684 4799 ‘Particula
710 4756 924 4797 mecum
951 4740 1116 4797 abest
1154 4738 1214 4795 in
1245 4739 1457 4796 editis:
1491 4744 1678 4796 exstat
1723 4744 1919 4796 tamen
2028 4756 2216 4807 servo,
2250 4740 2418 4810 cujus
2452 4739 2629 4794 tiliam
2690 4738 2749 4793 in
2804 4738 3084 4794 famulam
3145 4739 3340 4795 vendit
3398 4739 3677 4795 dominus

283 4814 335 4868 in
362 4816 519 4872 fonte
550 4814 862 4882 Hebraico,
896 4827 1120 4868 canone
1150 4812 1321 4867 Hebr.
1369 4811 1532 4867 verit.
1566 4822 1623 4867 et
1668 4811 1729 4867 in
1787 4812 1920 4869 aliis
2031 4811 2485 4868 servi.Conierat
2516 4812 2615 4882 qui
2636 4810 3058 4882 voluerit,hanc
3075 4811 3389 4867 editionem
3414 4817 3677 4867 nostram

285 4901 412 4941 mss.
444 4886 626 4942 codd.
659 4881 883 4940 Latinis
914 4882 1347 4954 antiquioribus
1376 4900 1443 4938 ac
1465 4883 1725 4938 melioris
1748 4890 1918 4941 notas.
2029 4901 2163 4939 cum
2206 4888 2377 4938 antea
2398 4881 2652 4954 vulgatis
2683 4881 3139 4954 exemplaribus.
3174 4883 3361 4939 MART.

284 4956 554 5013 Bamdem
590 4956 847 5028 reperies
877 4954 1189 5011 lectionem
1213 4955 1384 5028 apud,
1422 4954 1811 5028 Augustinum
1861 4956 1922 5011 in
2104 4987 2169 4996 —
2197 4954 2449 5028 Urbinas
2481 4953 2595 5028 ms.
2626 4969 2813 5028 servas
2844 4970 3014 5019 usque
3056 4953 3117 5008 in
3171 4957 3468 5028 arculum.
3496 5024 3506 5028 _
3530 4954 3680 5028 Tum

285 5027 521 5097 Speculo,
556 5023 1005 5098 ubi'Scripture
1026 5023 1534 5098 recitanturjuxta
1591 5026 1924 5082 translatio-
2032 5044 2167 5082 curn
2196 5026 2479 5098 Palatino,
2532 5026 2904 5098 Memmiano,
2960 5029 3133 5098 atque
3186 5026 3382 5095 editis,
3442 5024 3506 5081 Si
3561 5023 3685 5094 qui:

286 5096 406 5155 nem
440 5096 711 5156 Latinam
744 5100 803 5154 S.
824 5096 1199 5170 Hieronymi,
1228 5114 1406 5169 quam
1442 5097 1538 5153 ille
1564 5113 1632 5155 ex
1683 5099 1925 5155 Hebrmo
2033 5097 2345 5153 vendiderit
2372 5098 2550 5167 ﬁliam
2579 5113 2735 5170 suam
2764 5096 2823 5170 in
2851 5097 3143 5170 famulam.

290 5172 450 5228 nobis
482 5171 695 5227 edidit.
729 5171 915 5225 MART.
1058 5164 1077 5170 ⁷
1185 5164 1192 5167 ⁷
1243 5164 1263 5169 ⁷
2105 5170 2127 5203 ³
2158 5170 2319 5224 Hunc
2354 5164 2543 5223 locum
2574 5164 2944 5223 restituimus
2976 5169 3045 5222 ad
3078 5168 3251 5224 ﬁdem
3302 5164 3519 5237 Speculi
3549 5179 3683 5218 san-

349 5274 417 5283 —
446 5242 622 5299 Unus
646 5241 894 5309 Palatia,
926 5257 958 5297 e
1007 5239 1219 5297 nostris
1270 5255 1413 5296 mss.
1470 5255 1669 5296 vocem
1718 5257 1930 5297 mecum
2038 5240 2115 5296 cti
2145 5240 2479 5311 Augustini,
2508 5240 2567 5294 in
2622 5256 2738 5311 quo
2788 5239 3042 5311 legimus
3092 5243 3155 5293 ut
3200 5240 3260 5293 in
3320 5239 3579 5300 Hebraeo,
3637 5237 3689 5289 et

293 5312 536 5360 imm-at-
2036 5316 2290 5360 mortuus
2322 5314 2508 5360 fuerit.
2543 5315 2649 5360 etc-
2687 5310 2792 5360 Alii
2824 5326 3029 5360 omnes
3053 5310 3185 5360 libri
3216 5310 3419 5360 legunt
3446 5309 3505 5360 in
3557 5304 3689 5360 nlu-

291 5312 536 5385 ὶεηθηίο
2036 5310 2290 5368 mor-tutis
2319 5314 2508 5381 fuerit,
2543 5310 2649 5366 etc.
2686 5310 2793 5367 Alii
2824 5326 3029 5367 omnes
3053 5310 3186 5365 libri
3216 5310 3419 5380 legunt
3446 5310 3505 5362 in
3557 5310 3609 5377 pl

294 5454 321 5464 ἢ
351 5387 495 5464 :‘Sic
529 5383 680 5464 legit
707 5382 1097 5464 cauon‘ilebr.
1126 5386 1329 5464 [ειη-ει
1350 5398 1493 5464 mss.
1543 5380 1712 5464 alter.
1755 5383 1932 5464 codex
2041 5383 2172 5449 rali,
2199 5383 2491 5464 e_t_mortui
2518 5383 2750 5464 [αεηίῃς.
2784 5382 2974 5464 MAI-,2.
3012 5452 3023 5463 ι
3150 5460 3158 5464 ῃ
3265 5380 3271 5385 .
3350 5458 3359 5464 -
3415 5450 3425 5459 ι
3466 5452 3479 5464 Ι
3598 5449 3609 5460 .

292 5454 344 5508 S.
373 5452 661 5512 Germani
705 5472 740 5511 a
792 5454 983 5511 Pratis
1031 5471 1089 5511 n.
1141 5455 1194 5508 3.
1240 5457 1417 5509 Porro
1463 5453 1522 5507 in
1575 5453 1749 5525 editis
1782 5455 1934 5509 alius
2111 5484 2181 5494 —
2215 5455 2372 5509 Idem
2408 5452 2550 5509 mss.
2586 5453 2846 5525 editique
2891 5452 3072 5525 libri,_
3108 5460 3189 5525 ᾳιᾷ
3219 5452 3689 5525 mortuijuerint.

294 5531 375 5583 est
398 5528 655 5584 omnino
683 5541 915 5593 sensus,
947 5541 1013 5580 ac
1039 5525 1181 5581 ordo
1230 5525 1540 5597 verborum
1566 5542 1580 5589 ;
1612 5524 1751 5597 quia
1780 5527 1840 5581 in
1862 5527 1935 5582 iis
2043 5525 2721 5597 Impressamlectionem
2743 5521 2809 5580 ex
2830 5522 3385 5595 AugustiniSpeculo
3416 5521 3691 5577 Martian.

286 5601 550 5724 generale
583 5602 941 5680 praeceptum
972 5601 1062 5681 est
1092 5597 1164 5678 de
1191 5595 1455 5667 quolibet
1513 5595 1772 5663 homine,
1834 5597 1935 5669 qui
2046 5595 2287 5669 accepit.

344 5685 458 5724 iam
487 5686 673 5724 suam
699 5669 1024 5724 vendiderit
1054 5668 1184 5724 :hic
1214 5672 1411 5724 autem
1446 5680 1661 5723 sensus
1717 5671 1807 5724 est
1865 5669 1936 5724 de

344 5669 458 5729 iam
487 5668 673 5729 suam
699 5668 1024 5727 vendiderit
1054 5668 1184 5725 :hic
1214 5672 1411 5725 autem
1446 5680 1661 5723 sensus
1717 5671 1807 5725 est
1854 5668 1936 5725 de
