4080 6186
270 309 350 366 305

1660 311 1872 368 LIBER
1908 311 2152 371 BXODI.

3507 310 3624 370 306

268 436 383 494 enim
407 439 456 490 et
485 433 594 506 ipsi
631 432 828 490 fuistis
872 433 932 490 in
975 438 1132 491 terra
1179 436 1418 508 Atgypti.
1469 436 1552 508 [C.
1592 437 1835 509 I.XVII°]
1864 438 1918 506 Α
1950 439 2172 494 ancillas
2205 444 2337 508 tum,
2373 445 2424 498 et
2451 442 2691 498 advena.
2716 439 2799 510 (C.
2835 439 3216 512 LXXXXVI.)
3242 441 3455 497 Omnia
3479 458 3613 514 quae

271 525 420 579 Vidua:
444 531 496 578 et
525 522 748 594 pupillo
789 540 904 579 non
955 525 1262 580 nocebitis.
1314 527 1368 579 Si
1419 525 1678 580 laeseritis
1725 542 1848 594 eos,

271 611 689 670 vociferabantur
717 612 790 666 ad
844 628 959 683 me,
991 618 1052 668 et
1095 628 1198 684 ego
1246 614 1484 669 audiam
1529 609 1845 670 clamorem

266 719 437 770 eorum,
460 705 517 756 et
546 700 954 772 indignabitur
984 702 1145 757 furor
1174 719 1364 769 meus,
1402 703 1848 776 percutiamque

269 808 340 847 vos
362 790 555 863 gladio,
594 796 652 845 et
697 794 874 845 erunt
914 807 1119 846 uxores
1166 797 1372 846 vestrm
1415 792 1624 858 viduas,
1656 796 1713 848 et
1744 792 1847 847 ﬁlii

269 880 404 936 vestri
422 878 736 950 pupilli.[C.
772 879 989 950 LVIII.]
1020 879 1075 934 Si
1101 881 1412 952 pecuniam
1446 886 1710 937 mutuam
1745 882 1846 936 de-

265 969 381 1025 deris
403 967 602 1040 populo
626 984 756 1023 meo
791 969 1053 1040 pauperi,
1088 968 1188 1040 qui
1223 968 1448 1024 habitat
1477 973 1691 1034 tecum,
1725 986 1841 1024 non

263 1057 441 1129 urgebis
465 1072 600 1112 eum
634 1055 806 1128 quasi
836 1061 1094 1122 exactor,
1129 1072 1236 1112 nec
1287 1057 1482 1113 usuris
1520 1059 1840 1130 opprimes.

260 1148 299 1201 Si
315 1147 492 1218 pignus
523 1163 559 1201 a
609 1146 874 1218 proximo
917 1151 1020 1201 tuo
1069 1146 1362 1218 acceperis
1403 1147 1842 1216 vestimentum,

256 1241 356 1292 ante
380 1235 504 1292 solis
534 1251 809 1292 occasum
835 1236 1042 1291 reddes
1058 1235 1131 1291 ei.
1156 1240 1352 1307 Ipsum
1367 1236 1522 1292 enim
1543 1241 1633 1292 est
1648 1236 1841 1292 solum

257 1341 342 1396 quo
367 1325 629 1396 operitur,
659 1325 1067 1380 indumentum
1096 1325 1292 1380 carnis
1321 1325 1472 1396 ejus,
1514 1340 1620 1381 nec
1669 1325 1846 1381 habet

251 1414 372 1468 aliud
398 1413 449 1468 in
477 1429 594 1484 quo
625 1412 922 1482 dormiat;
955 1412 1004 1468 si
1038 1413 1382 1469 clamaverit
1414 1413 1498 1482 [h.
1530 1419 1588 1469 et
1630 1413 1761 1483 erit,
1791 1413 1842 1470 si

252 1501 557 1573 clamaverit]
589 1503 658 1557 ad
695 1519 808 1571 me,
833 1503 1142 1558 exaudiam
1170 1519 1326 1572 eum,
1351 1503 1491 1575 quia
1513 1503 1843 1559 misericors

245 1606 364 1645 sum.
409 1592 481 1662 [C.
515 1590 736 1661 LXIX.]
769 1591 891 1645 Diis
950 1607 1067 1646 non
1127 1592 1425 1660 detrahas,
1486 1598 1543 1648 et
1589 1592 1840 1664 principi

249 1679 408 1749 populi
439 1680 513 1734 tui
537 1696 654 1736 non
689 1679 1019 1736 maledicas.
1049 1680 1134 1751 [C.
1170 1680 1353 1752 LXX.]
1385 1681 1659 1738 Decimas
1706 1685 1844 1737 tuas

253 1771 296 1822 et
312 1767 580 1838 primitias
608 1772 743 1824 tuas
774 1785 888 1823 non
917 1768 1180 1824 tardabis
1221 1769 1448 1825 otferre.
1497 1768 1582 1839 [C.
1627 1769 1840 1841 LXXI.)

245 1855 652 1928 Primogenitam
667 1856 920 1912 ﬁliorum
937 1864 1175 1912 tuorum
1193 1857 1360 1913 dabis
1375 1857 1518 1913 mihi
1530 1900 1542 1912 .
1562 1858 1640 1914 De
1652 1859 1839 1914 bobus

241 1959 434 2016 quoque
461 1951 514 2001 et
543 1947 755 2001 ovibus
787 1945 1065 2001 similiter
1095 1945 1310 2002 facies:
1353 1953 1578 2018 septem
1627 1947 1836 2002 diebus

242 2032 439 2088 sitcum
471 2039 658 2090 matre
695 2050 826 2100 sua,
857 2034 950 2090 die
979 2039 1186 2090 octava
1211 2035 1421 2092 reddes
1451 2034 1619 2091 illum
1669 2036 1832 2090 mihi.

239 2120 301 2191 [C.
326 2122 557 2196 LXXII.)
590 2122 710 2178 Viri
729 2123 918 2179 sancti
945 2123 1109 2180 eritis
1139 2123 1307 2180 mihi.
1341 2123 1611 2190 Carnem,
1645 2140 1773 2195 quae
1805 2139 1837 2177 a

239 2210 402 2266 bestiis
431 2212 607 2268 fuerit
637 2216 1014 2284 prmgustata,
1047 2228 1163 2270 non
1195 2213 1536 2284 comedetis,
1569 2213 1669 2270 sed
1704 2229 1838 2284 pro-

227 2296 406 2367 jicietis
433 2301 700 2357 canibus.
1686 2314 1696 2322 ’

285 2387 354 2457 (C.
386 2388 627 2454 LXXIII,
685 2389 814 2460 Cap.
856 2390 1086 2461 XXIII.)
1133 2390 1258 2446 Non
1315 2391 1605 2462 suspicies
1638 2406 1838 2447 vocem

234 2479 501 2535 mendacii.
525 2481 616 2552 [C.
649 2479 918 2551 LXXIVJ
948 2485 1060 2536 Nec
1082 2481 1298 2553 junges
1322 2485 1842 2548 manumtuam,ut

231 2582 313 2635 pro
343 2566 516 2640 impio
561 2567 727 2623 dicas
780 2567 994 2623 falsum
1035 2568 1468 2624 testimonium.
1501 2569 1840 2642 [C.LXXV.]

229 2653 329 2709 Non
373 2656 634 2726 sequeris
710 2658 942 2712 turbam
1020 2658 1092 2712 ad
1165 2658 1499 2713 faciendum
1581 2658 1841 2720 malum.

226 2742 292 2814 [C.
323 2745 578 2817 LXXVI.)
612 2750 721 2801 Nec
756 2746 1043 2817 injudicio
1086 2746 1474 2818 plurimorum
1505 2748 1844 2818 acquiesces

228 2834 512 2901 sententiae,
548 2838 622 2890 ut
650 2852 684 2890 a
714 2850 848 2891 vero
879 2835 1094 2892 devies.
1153 2836 1234 2908 [C.
1285 2835 1524 2907 LXXII.]
1567 2836 1847 2908 Pauperis

225 2935 422 2991 quoque
445 2940 560 2978 non
600 2923 974 2980 misereberis
1006 2924 1067 2978 in
1100 2924 1336 2995 negotio
1358 2925 1398 2979 ί.
1425 2925 1507 2996 [C.
1535 2924 1845 2995 LXXVIII.)

224 3007 272 3062 Si
297 3013 618 3067 occurreris
662 3012 793 3067 bovi
827 3011 1050 3066 inimici
1084 3013 1193 3080 tui,
1254 3018 1358 3068 aut
1397 3014 1560 3068 asino
1607 3014 1846 3080 erranti,

224 3099 377 3154 reduc
397 3103 467 3155 ad
498 3117 669 3157 eum.
713 3104 792 3169 [C.
831 3100 1633 3173 LXXIXJSividerisasinum
1657 3102 1851 3158 edien-

1959 529 2076 583 dixi
2103 530 2288 591 vobis,
2343 531 2648 586 custodite.
2701 530 2771 584 Et
2829 546 2930 601 per
2979 545 3186 585 nomen
3245 535 3612 587 aeternorum

1960 618 2199 673 deorum
2235 635 2349 673 non
2376 619 2676 690 jurabitis,
2701 635 2890 689 neque
2912 619 3187 674 audietur
3207 636 3276 675 ex
3297 635 3397 676 ore
3417 625 3610 677 vestro

1955 707 2033 778 (C.
2072 707 2409 778 LXXXVII.)
2441 708 2658 762 Tribus
2688 707 2915 762 vicibus
2955 723 3058 779 per
3113 707 3383 778 singulos
3417 725 3607 764 annos

1959 795 2102 850 mihi
2136 800 2280 852 festa
2300 795 2693 852 celebrabitis.
2728 797 2812 867 (Β.
2843 795 3230 865 LXXXVIII.)
3254 796 3608 853 Solemnita-

1959 891 2068 940 tem
2104 901 2440 957 azymorum
2471 884 2788 941 custodies.
2819 886 3048 957 Septem
3081 885 3290 941 diebus
3329 887 3607 942 comedes

1955 991 2177 1046 azyma,
2211 975 2363 1030 sicut
2391 973 2634 1044 praecepi
2667 973 2793 1038 tibi,
2827 977 3089 1045 tempore
3139 973 3360 1030 mensis
3409 990 3595 1030 novo-

1951 1079 2081 1119 rum
2116 1063 2352 1136 quando
2383 1079 2656 1135 egressus
2678 1078 2741 1118 es
2762 1062 2832 1118 de
2871 1062 3133 1133 Egypto.
3160 1060 3240 1132 (C.
3273 1048 3606 1118 LXXXIX.)

1953 1152 2075 1207 Non
2113 1152 2420 1223 apparebis
2446 1153 2503 1206 in
2539 1155 2855 1222 conspectu
2905 1167 3036 1206 meo
3090 1167 3330 1206 vacuus.
3383 1151 3454 1206 Et
3504 1169 3602 1207 so-

1956 1241 2319 1297 lemnitatem
2340 1241 2554 1296 messis
2585 1239 3012 1312 primitivorum
3045 1239 3237 1311 operis
3287 1241 3397 1306 tui,
3448 1257 3605 1310 quaa-

1952 1346 2185 1402 cunque
2213 1330 2597 1385 seminaveris
2647 1329 2882 1401 inagro.
2901 1327 3350 1383 Solemnitatem
3375 1344 3610 1400 quoque

1954 1419 2014 1473 in
2046 1421 2200 1475 exitu
2235 1418 2398 1484 anni,
2429 1419 2664 1489 quando
2695 1415 3144 1489 congregaveris
3175 1433 3380 1473 omnes
3403 1417 3605 1489 fruges

1951 1511 2084 1563 tuas
2115 1509 2187 1562 de
2218 1523 2378 1578 agro.
2413 1507 2496 1578 (C.
2529 1505 2658 1577 XC.)
2690 1506 2803 1560 Ter
2831 1506 2890 1559 in
2925 1521 3081 1560 anno
3107 1506 3413 1576 apparebit
3431 1522 3604 1561 omne

1953 1597 2347 1653 masculinum
2379 1599 2544 1650 tuum
2577 1611 2772 1649 coram
2805 1593 3051 1649 Domino
3085 1598 3196 1649 Deo
3230 1595 3412 1665 (Vulg.
3462 1593 3604 1651 add.

1951 1688 2096 1752 tuo.)
2128 1685 2251 1740 Non
2296 1683 2632 1740 immolabis
2681 1699 2861 1755 super
2905 1684 3196 1737 fermento
3245 1683 3599 1753 sanguinem

1951 1775 2202 1829 victimae
2232 1789 2395 1841 mets,
2445 1789 2548 1829 nec
2596 1771 2922 1827 remanebit
2969 1771 3151 1841 adeps
3202 1770 3600 1828 solemnitatis

1949 1877 2090 1918 mete
2121 1877 2305 1932 usque
2330 1877 2518 1916 mane.
2543 1859 2629 1931 (C.
2652 1859 2813 1927 XCI.)
2837 1857 3140 1913 Primitias
3166 1859 3406 1928 frugum
3430 1865 3599 1914 terra;

1945 1955 2059 2006 tua:
2091 1951 2318 2005 deferes
2346 1949 2405 2004 in
2438 1949 2678 2004 domum
2715 1946 2940 2002 Domini
2975 1947 3077 2003 Dei
3109 1947 3219 2002 tui.
3267 1947 3349 2016 (C.
3403 1947 3602 2019 XCII.)

1941 2040 2066 2095 Non
2098 2055 2314 2105 coques
2344 2038 2581 2093 haedum
2605 2037 2666 2092 in
2696 2036 2846 2091 lacte
2876 2036 3087 2091 matris
3105 2033 3343 2107 suae.(C.
3372 2035 3605 2108 XCIII.)

1945 2129 2088 2184 Ecce
2137 2144 2244 2200 ego
2291 2127 2525 2182 mittam
2575 2125 2881 2198 angelum,
2931 2125 3032 2196 qui
3082 2124 3373 2196 praecedat
3424 2129 3501 2191 te,
3535 2128 3595 2180 et

1947 2217 2241 2286 custodiat
2267 2216 2327 2271 in
2359 2217 2470 2278 via,
2502 2220 2560 2270 et
2590 2215 2922 2270 introducat
2949 2215 3022 2270 ad
3073 2214 3266 2270 locum
3286 2229 3458 2286 quem
3481 2229 3586 2284 pa-

1943 2306 2090 2361 ravi.
2123 2305 2378 2361 Observa
2407 2320 2563 2367 eum,
2593 2307 2652 2358 et
2681 2303 2819 2359 audi
2857 2319 3059 2358 vocem
3092 2304 3243 2374 ejus,
3289 2318 3392 2358 nec
3445 2318 3588 2358 con-

1945 2395 2328 2453 temnendum
2384 2401 2574 2463 putes,
2609 2392 2748 2463 quia
2778 2408 2892 2447 non
2924 2391 3184 2448 dimittet
3213 2409 3348 2447 cum
3391 2407 3601 2463 pecca-

1947 2483 2166 2551 veritis,
2199 2487 2256 2537 et
2309 2487 2400 2538 est
2457 2497 2671 2536 nomen
2719 2496 2914 2536 meum
2961 2481 3021 2536 in
3079 2480 3201 2539 illo.
3254 2481 3335 2553 (C.
3383 2480 3598 2547 XCIV.)

1951 2573 2114 2641 Quod
2147 2571 2196 2627 si
2227 2571 2484 2626 audieris
2513 2586 2708 2624 vocem
2741 2571 2891 2640 ejus,
2923 2574 2982 2625 et
3011 2569 3215 2625 feceris
3237 2568 3439 2625 omnia
3470 2585 3600 2640 qum

1953 2652 2180 2734 loquor.
2212 2658 2491 2715 inimicus
2522 2675 2621 2714 ero
2637 2657 2898 2714 inimicis
2921 2658 3063 2723 tuis,
3083 2662 3141 2712 et
3161 2657 3420 2729 afﬂigam
3447 2657 3607 2713 afﬂi-

1951 2758 2155 2824 gentes
2182 2754 2253 2805 te.
2293 2748 2697 2819 Praecedetque
2725 2751 2782 2802 te
2811 2747 3056 2817 angelus
3089 2762 3276 2813 meus,
3305 2750 3364 2802 et
3411 2745 3603 2801 intro-

1954 2841 2126 2896 ducet
2155 2843 2212 2894 te
2241 2839 2310 2894 ad
2344 2837 2768 2906 Amorrbeeum,
2801 2840 2859 2891 et
2890 2835 3236 2905 Hetthmum,
3282 2838 3340 2890 et
3387 2833 3598 2890 Phere-

1951 2945 2156 2996 zaeum,
2186 2927 2714 2995 Cbananaaumque,
2745 2929 2804 2980 et
2832 2928 3128 2993 Hevasum,
3160 2923 3596 2988 etJebusaaum,

1958 3033 2106 3090 quos
2137 3031 2244 3088 ego
2272 3020 2588 3070 conteram.
2618 3013 2702 3086 (C.
2739 3012 2924 3081 VCV.)
2961 3016 3086 3068 Non
3136 3010 3410 3067 adorabis
3459 3011 3604 3066 deos

1957 3121 2180 3170 eorum,
2211 3120 2316 3160 nec
2346 3102 2501 3159 coles
2529 3119 2628 3158 eos
2651 3121 2667 3156 :
2692 3119 2807 3158 non
2841 3101 3018 3157 facies
3049 3117 3226 3173 opera
3249 3116 3475 3167 eorum,
3501 3099 3606 3156 sed

223 3186 285 3240 tis
308 3193 358 3243 te
378 3190 581 3258 jacere
619 3192 730 3246 sub
758 3206 952 3255 onere,
987 3207 1100 3245 non
1136 3191 1544 3263 pertransibis,
1576 3193 1677 3248 sed
1705 3193 1846 3248 sub-
1877 3177 1919 3244 Ο
1960 3198 2228 3250 destrues
2259 3209 2380 3259 eos,
2404 3197 2461 3247 et
2491 3190 2826 3262 confringes
2855 3194 3083 3246 statuas
3114 3205 3340 3244 eorum.
3383 3187 3605 3243 Servie-

219 3275 406 3333 levabis
439 3295 583 3335 cum
625 3295 714 3336 eo.
747 3279 828 3350 [C.
865 3278 1103 3348 LXXX.]
1134 3279 1260 3334 Non
1299 3279 1618 3336 declinabis
1670 3281 1729 3336 in
1754 3282 1855 3351 ju-

223 3365 348 3421 dicio
382 3369 669 3441 pauperis
701 3368 849 3440 ’.[C.
905 3368 1164 3439 LXXXIJ
1216 3369 1589 3425 Mendacium
1640 3370 1850 3442 fugies.

216 3454 280 3525 [C.
312 3456 606 3530 LXXXII.]
637 3458 935 3513 Insontem
961 3463 1018 3513 et
1040 3460 1272 3528 justum
1293 3475 1412 3513 non
1435 3460 1690 3514 occides:
1713 3460 1854 3531 quia

217 3558 420 3600 eversor
457 3547 744 3619 impium.
775 3547 858 3616 [C.
894 3546 1216 3616 LXXXIII.]
1264 3547 1379 3602 Nec
1425 3547 1675 3619 accipies
1721 3565 1850 3604 mu-

217 3646 350 3700 nera,
377 3652 507 3707 qua
541 3640 845 3692 excaecant
864 3635 1038 3691 etiam
1062 3637 1401 3708 prudentes,
1424 3641 1482 3692 et
1501 3637 1854 3693 subvertunt

215 3723 362 3778 verba
380 3724 719 3794 justorum.
755 3723 839 3796 [C,
875 3724 1188 3796 LXXXIV.]
1219 3724 1535 3797 Peregrino
1569 3725 1853 3782 molestus

216 3822 308 3864 non
336 3813 488 3869 eris:
525 3813 704 3869 scitis
733 3812 890 3868 enim
924 3815 1280 3869 advenarum
1311 3813 1562 3877 animas,
1614 3815 1755 3886 quia
1796 3818 1855 3870 et

216 3896 308 3968 ipsi
334 3903 634 3976 peregrini
671 3901 870 3958 fuistis
892 3903 949 3957 in
985 3908 1142 3958 terra
1170 3902 1427 3975 Egypti.
1460 3903 1547 3974 [Β.
1581 3903 1719 3976 ΧΙΙ.]
1743 3904 1854 3960 Sex

214 3988 361 4044 annis
381 3992 726 4047 seminabis
746 3997 963 4047 terram
984 3996 1235 4058 tuam,et
1251 3991 1637 4064 congregabis
1655 3994 1852 4064 fruges

215 4077 342 4144 ejus.
373 4085 546 4138 Anno
601 4086 807 4138 autem
864 4079 1110 4152 septimo
1160 4079 1421 4136 dimittes
1475 4097 1626 4148 eam,
1654 4086 1712 4136 et
1758 4099 1853 4138 re-

217 4165 490 4234 quiescere
521 4171 738 4236 facies,
772 4174 837 4224 ut
863 4169 1177 4224 comedent
1202 4185 1488 4240 pauperes
1520 4169 1719 4240 populi
1743 4171 1849 4237 tui,

211 4259 257 4306 et
281 4257 571 4330 quidquid
617 4257 914 4329 reliquum
951 4258 1328 4326 t‘nerit,edant
1357 4257 1554 4312 bestiis
1575 4259 1697 4327 agri
1726 4276 1739 4314 :
1773 4260 1855 4316 ita

211 4339 360 4400 facies
388 4345 446 4401 in
477 4347 664 4403 vinea
694 4352 752 4402 et.
781 4346 838 4402 in
870 4345 1078 4401 oliveto
1110 4351 1231 4402 tuo.
1268 4346 1349 4417 [C.
1392 4345 1686 4418 LXXXV.]
1736 4348 1852 4403 Sex

205 4428 387 4488 diebus
415 4435 816 4506 operaberis:
866 4435 1117 4507 septima
1163 4435 1254 4490 die
1304 4435 1588 4504 cessabis,
1641 4441 1704 4490 ut
1753 4453 1850 4492 re-

1962 3285 2155 3355 tisque
2184 3282 2434 3338 Domino
2465 3287 2581 3336 Deo
2594 3282 2890 3349 vestro,ut
2916 3277 3260 3334 benedicam
3278 3276 3416 3349 pani
3437 3281 3539 3332 tuo
3553 3280 3611 3332 et

1963 3373 2152 3442 aquis,
2213 3376 2272 3426 et
2298 3370 2556 3425 auferam
2590 3367 2996 3423 infirmitatem
3029 3367 3100 3421 de
3133 3366 3326 3422 medio
3356 3364 3610 3421 tui.Non

1961 3461 2073 3518 erit
2101 3460 2416 3516 infecunda
2431 3474 2534 3513 nec
2548 3456 2770 3513 sterilis
2787 3456 2844 3510 in
2861 3460 3146 3511 terratua:
3163 3469 3475 3510 numerum
3490 3454 3613 3508 die-

1962 3565 2091 3605 rum
2121 3554 2357 3605 tuorum
2389 3547 2674 3618 implebo.
2709 3546 2794 3616 (C.
2827 3543 3045 3616 XCVI.)
3074 3545 3380 3600 Terrorem
3413 3558 3610 3598 meum

1962 3639 2190 3694 mittam
2221 3637 2282 3693 in
2315 3650 2677 3708 prmeursum
2703 3639 2896 3700 tuum,
2952 3636 3010 3688 et
3057 3633 3319 3688 occidam
3369 3647 3605 3686 omnem

1961 3727 2269 3800 populum,
2301 3726 2372 3782 ad
2405 3741 2582 3797 quem
2613 3722 2985 3794 ingrediaris,
3016 3720 3611 3789 cunctorumqueini-

1963 3817 2248 3872 micorum
2281 3820 2519 3870 tuorum
2547 3829 2741 3869 coram
2775 3815 2832 3867 te
2865 3816 3028 3882 terga
3057 3813 3299 3876 vertam,
3324 3807 3604 3865 emittens

1962 3907 2275 3961 crabrones
2307 3903 2492 3974 prius,
2525 3901 2622 3973 qui
2658 3901 2949 3974 fugabunt
2976 3904 3270 3964 Hevaaum,
3295 3902 3354 3953 et
3372 3896 3606 3952 Chana-

1962 4010 2178 4060 naeum,
2210 3997 2267 4049 et
2295 3992 2648 4056 Hettbaaum,
2682 3998 2991 4059 antequam
3023 3989 3298 4042 introeas.
3330 3985 3456 4041 Non
3489 3986 3601 4056 eji-

1961 4083 2111 4138 ciam
2143 4098 2242 4137 eos
2270 4099 2302 4136 a
2331 4079 2476 4135 facie
2506 4084 2774 4134 tuaanno
2801 4091 2940 4142 uno,
2974 4092 3045 4131 ne
3065 4079 3222 4130 terra
3251 4074 3311 4129 in
3334 4073 3604 4130 solitudi-

1962 4185 2096 4225 nem
2120 4169 2441 4240 redigatur,
2474 4171 2531 4223 et
2559 4171 2826 4222 crescant
2855 4168 3060 4220 contra
3089 4168 3146 4219 te
3185 4162 3404 4218 bestiae.
3457 4161 3609 4217 Pau-

1962 4257 2124 4314 latim
2157 4255 2443 4328 expellam
2477 4270 2576 4310 eos
2599 4254 2672 4308 de
2703 4256 3019 4323 conspectu
3055 4254 3174 4318 tuo,
3196 4249 3382 4305 donec
3396 4264 3608 4321 augea-

1963 4348 2065 4417 ris,
2097 4351 2153 4401 et
2182 4345 2486 4417 possideas
2517 4347 2757 4398 terram.
2793 4340 3012 4395 Ponam
3061 4341 3260 4394 autem
3310 4337 3598 4394 terminos

1960 4441 2095 4492 tuos
2122 4452 2155 4490 a
2183 4434 2331 4489 mari
2360 4433 2559 4488 Rubro
2592 4445 2779 4502 usque
2812 4431 2884 4484 ad
2909 4443 3071 4482 mare
3092 4425 3540 4483 Philistinorum
3559 4426 3600 4482 ⁸.

208 4517 448 4587 quiescat
477 4525 597 4579 bos
629 4530 693 4580 et
723 4524 927 4579 asinus
959 4527 1122 4594 tuus,
1163 4527 1222 4579 et
1265 4523 1642 4595 refrigeretur
1692 4525 1851 4582 filius
1883 4546 1930 4611 Β
1960 4528 2017 4581 et
2047 4541 2081 4580 a
2111 4524 2340 4579 deserto
2369 4535 2559 4592 usque
2589 4521 2661 4576 ad
2693 4516 2936 4573 ﬂuvium
2960 4532 2974 4573 :
2997 4518 3228 4572 tradam
3258 4514 3607 4572 inmanibus

265 4697 450 4755 ‘Huic
493 4700 760 4757 canonis
785 4700 1021 4756 lectioni
1064 4699 1442 4756 consentiunt
1485 4705 1708 4756 veteres
1758 4700 1853 4755 Bi-

203 4765 435 4846 bliorum
470 4773 729 4846 codices
760 4788 902 4846 mss.
926 4788 1015 4846 ac
1033 4771 1345 4846 Speculum
1378 4773 1438 4846 S.
1470 4777 1621 4845 Aug.
1664 4773 1725 4846 in
1755 4789 1854 4828 co-

201 4838 311 4895 dice
341 4859 454 4898 ms.
488 4844 895 4916 Carngutensis
925 4838 1174 4916 Eclesiie.
1202 4845 1266 4898 In
1296 4843 1534 4899 Hebreo
1565 4838 1850 4916 scriptum

200 4916 310 4986 est,
331 4921 500 4976 1311:;
533 4914 761 4984 bet-ibo,
791 4913 941 4986 quod
977 4913 1414 4986 interpretatur,
1445 4917 1504 4970 in
1534 4913 1701 4971 causa
1729 4931 1852 4986 sua,

204 4983 254 5035 in
290 4984 388 5042 lite
415 4989 546 5058 ejus
579 4986 681 5042 vel
715 4989 771 5039 in
803 4983 1019 5055 negotio
1047 4983 1183 5058 ejus.
1219 4991 1390 5041 Mam.

256 5084 318 5138 -τ
349 5057 628 5128 Palatin,
659 5058 844 5138 etiam
874 5057 1854 5138 absque-negandi'particula,pau-

200 5130 329 5190 peris
351 5147 582 5190 quoque
611 5129 969 5184 misereberis
999 5129 1058 5184 in
1080 5129 1318 5190 judicio.
1357 5129 1609 5185 Urbinas
1641 5131 1713 5185 ab
1745 5129 1856 5183 im-

199 5199 694 5264 pressalectione
722 5200 952 5256 abludit
984 5199 1102 5256 una
1148 5199 1354 5256 vocula
1399 5215 1632 5272 quoque,
1679 5215 1854 5271 quam

196 5275 607 5338 praetermittit.

253 5343 272 5376 ²
297 5349 529 5402 Sensus
565 5347 677 5401 est
710 5359 722 5396 :
753 5346 876 5398 Non
910 5341 1512 5413 pervertesjudicium
1538 5358 1668 5398 cum
1701 5341 1855 5413 apud

201 5413 244 5487 ip
271 5430 496 5486 pauper
525 5414 828 5487 litigabit.
854 5415 1030 5487 Porro
1061 5414 1137 5468 ita
1167 5413 1480 5487 legendum
1500 5413 1729 5487 monuit
1750 5430 1857 5470 nos

201 5480 481 5551 Speculum
536 5492 603 5543 S.
640 5480 1036 5556 'Augustini:
1093 5480 1283 5541 caeteri
1340 5486 1497 5541 enim
1544 5485 1675 5540 libri
1730 5491 1856 5541 tum

203 5556 340 5625 editi,
371 5567 507 5616 tum
541 5557 954 5626 manuscripti
989 5573 1102 5610 non
1135 5558 1282 5612 bene
1313 5557 1534 5628 legunt,
1555 5574 1669 5611 non
1689 5557 1858 5613 decli-

351 5147 582 5203 quoque
611 5128 969 5203 misereberis
999 5128 1058 5184 in
1078 5128 1318 5203 judicio.

1958 4700 2284 4776 declinabis,
2315 4699 2456 4766 sive,
2502 4712 2614 4753 non
2649 4697 2837 4776 ﬂectes
2875 4693 3157 4776 judicium
3201 4692 3462 4776 pauperi:
3512 4695 3600 4749 tui

1961 4777 2023 4830 in
2054 4775 2148 4828 lite
2175 4767 2312 4838 eius,
2363 4787 2495 4842 quin
2535 4767 2828 4842 sententia
2875 4767 3097 4838 optime
3144 4767 3418 4837 congruit
3465 4780 3600 4821 cum

1964 4852 2164 4902 nostro
2192 4848 2349 4899 textu
2380 4839 2601 4897 Latino.
2636 4839 2824 4894 MART.

2033 4917 2056 4951 ⁸
2084 4916 2209 4970 Non
2243 4915 2691 4978 Palestinorum,
2727 4915 2790 4964 ut
2819 4909 3066 4963 habetur
3096 4905 3156 4962 in
3179 4905 3353 4962 editis
3373 4922 3439 4961 ac
3462 4922 3606 4978 mss.

1964 4987 2153 5053 libris,
2187 4986 2286 5042 sed
2323 4977 2743 5053 Philistinoram
2769 4980 3027 5053 legimus
3077 4979 3205 5034 freti
3260 4977 3608 5053 auctoritate

1965 5048 2153 5130 ipsius
2185 5055 2544 5130 Hieronymi,
2561 5052 2662 5130 qui
2681 5053 2740 5107 in
2763 5048 3023 5130 Danielis
3037 5055 3214 5130 caput
3227 5048 3607 5130 undecimum

1966 5121 2048 5186 ita
2077 5129 2317 5185 disserit
2351 5145 2365 5184 :
2397 5121 2706 5182 Notandum
2735 5128 2946 5192 autem,
2979 5121 3122 5194 quod
3149 5137 3275 5176 cum
3302 5140 3342 5173 π
3360 5121 3612 5194 litteram

1967 5204 2224 5258 Hebraeus
2248 5215 2424 5255 sermo
2456 5214 2566 5254 non
2585 5198 2800 5264 habeat,
2831 5189 3056 5266 sed'pfro
3090 5192 3214 5266 ipsa
3256 5200 3447 5248 utatur
3497 5189 3612 5266 phe

1967 5274 2050 5344 (ε)
2081 5273 2237 5344 cujus
2255 5270 2370 5326 vim
2399 5269 2654 5344 Graecam
2683 5287 2718 5342 φ
2748 5270 2932 5344 sonat,
2956 5265 3035 5322 fin
3075 5265 3184 5344 ista
3229 5267 3446 5344 tantum
3496 5265 3612 5344 tceo

1966 5333 2112 5416 apud
2142 5333 2394 5416 Hebraea
2448 5333 2723 5416 scribant}
2778 5337 3015 5416 quidem
3049 5336 3182 5416 pbe,
3215 5335 3340 5416 ..ςςεί
3395 5333 3603 5403 legitur

1969 5405 2023 5484 ρ’.
2058 5416 2305 5486 Excepto
2329 5413 2528 5486 itaque
2555 5412 2729 5486 verbo
2751 5405 2974 5486 A'pattlto
3003 5405 3064 5462 in
3084 5405 3342 5486 Daniele,
3366 5420 3602 5486 semper

1967 5475 2006 5551 ὲ
2047 5475 2267 5560 legitur
2280 5485 2350 5555 ph
2375 5475 2696 5560 in'vocibus
2717 5475 3185 5560 He‘braaiszquod.
3201 5475 3612 5560 sepiusetiam

1970 5548 2301 5615 observavit
2330 5572 2517 5613 canon
2549 5556 2720 5610 Hebr.
2754 5553 2920 5608 verit.
2959 5548 3059 5606 ubi
3091 5548 3188 5604 alii
3220 5548 3442 5605 habent
3468 5564 3528 5617 p,
3549 5552 3616 5604 ut

207 5623 339 5685 satis
369 5631 430 5688 in
490 5629 794 5703 iudicium
838 5623 1118 5701 pauperis.
1177 5623 1456 5685 Hebraius
1487 5623 1684 5699 habet,
1745 5645 1860 5687 non
1971 5647 2152 5703 supra
2182 5630 2240 5686 in
2273 5627 2508 5686 nomine
2531 5625 2878 5697 Putipharis.
2911 5625 3024 5680 etc.
3064 5623 3250 5677 Maar.
