4080 6186
387 350 490 407 307

1419 346 1476 398 Β.
1521 344 1925 399 HIEBONYMI
1964 344 2221 400 DIVINA
2254 348 2752 403 BIBLIOTEHCA.
3694 346 3780 403 308

389 475 599 533 vestris
632 472 992 528 habitatores
1024 476 1210 538 terrae,
1243 474 1301 524 et
1342 470 1572 540 ejiciam
1623 485 1721 524 eos
1770 469 1842 523 de
1887 485 2033 523 con-
2064 472 2118 538 Α
2150 470 2372 541 Mosen,
2423 473 2645 528 dicens:
2704 474 2965 544 Loquere
3024 471 3160 527 filiis
3214 471 3417 541 Israel,
3483 480 3548 529 ut
3598 474 3784 532 tollant

390 569 592 638 spectu
626 567 839 619 vestro.
872 561 996 616 Non
1030 558 1210 615 inibis
1233 575 1367 614 cum
1399 558 1485 614 eis
1517 557 1726 625 fcedus,
1770 573 1874 613 nec
1906 574 2040 612 cum

393 655 506 711 diis
539 668 763 710 eorum.
798 651 920 705 Non
972 649 1241 704 habitent
1287 649 1346 703 in
1396 653 1553 703 terra
1599 651 1722 716 tua,
1773 663 1844 701 ne
1894 647 2042 703 forte

397 757 631 816 peccare
654 746 708 795 te
740 739 956 794 faciant
988 738 1047 792 in
1080 752 1194 805 me,
1227 737 1277 791 si
1328 737 1597 792 servieris
1641 736 1752 791 diis
1801 751 2039 792 eorum:

400 832 555 904 quod
588 829 695 884 tibi
728 832 883 884 certe
908 828 1020 882 erit
1051 828 1111 882 in
1140 827 1513 882 ‘scandalum.

466 921 546 991 (C.
608 918 825 986 XCVII,
878 919 991 988 Cap
1051 914 1283 987 XXIV.)
1344 915 1485 970 Mosi
1548 930 1781 986 quoque
1837 914 2039 970 dixit:

397 1008 661 1065 Ascende
683 1008 755 1062 ad
778 1006 1093 1062 Dominum
1118 1010 1200 1071 tu,
1224 1008 1281 1060 et
1308 1011 1521 1072 Aaron,
1544 1003 1769 1069 Nadab,
1795 1006 1852 1058 et
1869 1002 2042 1073 Abiu,

400 1104 457 1156 et
504 1098 885 1170 septuaginta
943 1096 1206 1151 seniores
1237 1111 1303 1150 ex
1366 1094 1571 1160 Israel,
1618 1098 1675 1148 et
1724 1093 2046 1149 adorabitis

401 1188 628 1261 procul.
660 1186 950 1258 Solusque
979 1189 1168 1239 Moses
1200 1183 1481 1239 ascendet
1510 1182 1581 1237 ad
1614 1182 1947 1247 Dominum,
1989 1186 2047 1237 et

404 1279 491 1333 illi
523 1295 638 1332 non
671 1274 1267 1347 appropinquabunt:
1315 1288 1418 1326 nec
1467 1271 1723 1342 populus
1774 1271 2049 1325 ascendet

405 1384 536 1423 cum
571 1382 657 1421 eo.
691 1366 767 1437 (T.
803 1364 949 1430 XIII,
990 1363 1055 1417 B.
1108 1361 1287 1432 XIII.)
1336 1360 1504 1415 Venit
1553 1376 1686 1431 ergo
1745 1360 1958 1425 Moses,
1990 1363 2049 1413 et

407 1454 665 1510 narravit
697 1453 852 1525 plebi
886 1451 1087 1507 omnia
1116 1451 1293 1506 verba
1322 1448 1552 1504 Domini
1584 1453 1759 1518 atque
1782 1447 2046 1518 judicia;

406 1544 822 1616 responditque
863 1546 1111 1596 cunctus
1154 1539 1407 1610 populus
1455 1554 1571 1592 una
1617 1553 1790 1592 voce:
1842 1537 2051 1592 Omnia

407 1637 584 1689 verba
599 1631 988 1702 Domini,quae
1007 1629 1243 1684 locutus
1260 1626 1680 1693 est,faciemus.
1699 1625 2047 1697 (C.XCVIII.)

413 1722 659 1793 Scripsit
680 1725 875 1776 autem
904 1720 1098 1774 Moses
1131 1717 1435 1772 universos
1465 1732 1767 1771 sermones
1798 1714 2050 1783 Domini,

2153 560 2298 615 mihi
2330 561 2621 632 primitias
2655 562 2735 633 [b.
2770 561 3226 634 ohlationes,]ab
3258 563 3421 618 omni
3444 563 3681 620 homine
3702 565 3782 637 qui

2152 648 2351 705 oﬂ‘eret
2384 650 2686 707 ultroneus
2718 652 2758 718 ¹,
2792 651 3127 723 acciepietis
3158 667 3277 708 eas.
3312 652 3397 723 [Ο.
3452 654 3610 724 CIV.]
3674 658 3783 710 Hac

2153 743 2291 793 sunt
2321 744 2516 794 autem
2550 756 2677 811 quae
2710 740 2976 811 accipere
3008 740 3237 796 debetis
3266 756 3280 795 :
3327 744 3569 810 Aurum,
3624 748 3681 797 et
3706 761 3787 799 ar-

2152 832 2416 897 gentum,
2449 833 2507 884 et
2527 845 2626 897 aes,
2653 828 3037 901 hyacinthum
3069 834 3128 885 et
3158 846 3504 901 purpuram,
3538 848 3786 888 coccum-

2154 931 2268 985 que
2298 916 2389 973 bis
2415 916 2686 989 tinctum,
2736 923 2793 974 et
2848 920 3118 989 byssum,
3172 918 3321 990 pilos
3368 936 3698 992 caprarum,
3740 927 3789 979 et

2156 1003 2336 1075 pelles
2365 1006 2613 1061 arietum
2648 1006 2999 1074 rubricatas,
3052 1006 3351 1080 pellesque
3397 1009 3712 1076 ianthinas,
3740 1016 3791 1066 et

2155 1092 2315 1163 ligna
2344 1095 2567 1162 scttim,
2600 1095 2794 1152 oleum
2828 1097 2899 1151 ad
2949 1095 3690 1154 luminariaconcinnanda
3712 1101 3784 1172 [b.

2157 1198 2272 1236 non
2308 1182 2500 1248 habet,
2534 1184 2981 1256 concinnanda;]
3018 1187 3359 1242 aromatain
3412 1194 3790 1259 unguentum,

2155 1274 2213 1325 et
2242 1271 2629 1342 thymiamata
2660 1273 2798 1329 boni
2831 1274 3049 1344 odoris;
3107 1274 3331 1347 lapides
3391 1277 3716 1348 onychinos
3743 1283 3795 1334 et

2156 1374 2420 1431 gemmas
2434 1363 2505 1417 ad
2529 1363 2857 1417 ornandum
2879 1363 3083 1434 Ephod
3112 1381 3179 1419 ac
3202 1364 3524 1422 Rationale.
3558 1367 3797 1422 Facient-

2160 1463 2272 1519 que
2300 1449 2447 1504 mihi
2481 1451 2907 1519 sanctuarium,
2943 1457 3000 1507 et
3027 1452 3303 1509 habitabo
3360 1454 3419 1509 in
3467 1455 3658 1510 medio
3705 1472 3796 1511 eo-

2160 1552 2293 1591 rum
2320 1556 2334 1605 ;
2363 1540 2534 1607 juxta
2548 1555 2782 1594 omnem
2798 1539 3251 1597 similitudinem
3277 1543 3631 1599 tabernaculi
3654 1545 3795 1615 quod

2160 1626 2467 1682 ostendam
2500 1628 2630 1696 tibi,
2660 1636 2714 1684 et
2745 1628 3370 1686 omniumvasorumin
3394 1630 3619 1687 cultum
3643 1634 3793 1702 ejus:

2161 1712 2364 1785 sicque
2412 1716 2637 1773 facietis
2690 1716 2875 1774 illud:
2924 1718 3007 1787 [C.
3066 1719 3203 1790 CV.)
3250 1723 3460 1776 Arcam
3510 1721 3582 1775 dc
3630 1721 3799 1793 lignis

413 1821 472 1867 et
506 1827 676 1866 mane
708 1824 1074 1880 consurgens
1125 1805 1429 1915 aedificavit
1477 1803 1659 1915 altare
1708 1805 1779 1903 ad
1827 1804 2052 1915 radices
2087 1849 2137 1915 Β
2165 1804 2363 1902 settim
2395 1805 2779 1915 coLmLping‘ite,‘
2826 1806 3611 1915 qujusLlpngitu‘dq-hahceat
3661 1810 3802 1915 duos

417 1899 660 1968 montis,
689 1903 746 1954 et
777 1897 1085 1952 duodecim
1120 1894 1323 1950 titulos
1357 1909 1459 1964 per
1506 1892 1816 1948 duodecim
1868 1892 2061 1948 tribus
2090 1892 2137 1915 ¹¹
2168 1893 2348 1949 semis
2375 1893 2624 1951 cubitos:
2654 1895 2904 1952 latitudo
2934 1895 3200 1952 cubitum
3231 1902 3287 1953 et
3316 1897 3653 1967 dimidium;
3677 1898 3806 1954 alti-

419 1988 618 2044 Israel.
656 1986 928 2058 Misitque
949 1986 1197 2057 juvenes
1229 1983 1299 2038 de
1332 1982 1468 2038 filiis
1501 1981 1703 2051 Israel,
1735 1986 1792 2037 et
1829 1979 2061 2037 obtule-

417 2082 559 2133 runt
589 2076 951 2145 holocausta,
984 2072 1557 2143 immolaveruntque
1588 2070 1857 2127 victimas
1906 2070 2060 2141 paci-

420 2167 561 2221 ﬁcas
585 2163 859 2231 Domino,
889 2161 1122 2219 vitulos.
1155 2161 1313 2216 Tulit
1335 2161 1530 2232 itaque
1552 2160 1738 2216 Moses
1757 2158 2062 2214 dimidiam

422 2260 647 2326 partem
681 2252 1014 2324 sanguinis,
1043 2255 1100 2305 et
1132 2249 1295 2305 misit
1325 2248 1383 2303 in
1404 2252 1659 2304 crateras
1684 2266 1696 2305 :
1722 2251 1945 2320 partem
1965 2263 2064 2301 au-

418 2346 537 2399 tem
571 2341 868 2396 residuam
903 2339 1057 2394 fudit
1086 2355 1262 2410 super
1291 2337 1946 2407 altare.Assumensque
1966 2353 2065 2392 vo-

417 2431 619 2487 lumen
654 2430 911 2499 faaderis,
948 2428 1107 2499 legit,
1141 2428 1418 2482 audiente
1464 2426 1703 2498 populo,
1754 2425 1852 2496 qui
1899 2424 2064 2481 dixe-

416 2524 557 2577 runt
588 2536 600 2573 :
640 2518 850 2574 Omnia
882 2534 1009 2590 quas
1041 2516 1277 2572 locutus
1308 2519 1398 2570 est
1426 2515 1733 2582 Dominus,
1757 2514 2063 2580 faciemus,

413 2618 472 2665 et
499 2608 723 2665 erimus
754 2606 1113 2664 obedientes.
1144 2605 1243 2661 Ille
1272 2620 1409 2659 vero
1457 2608 1762 2676 sumptum
1822 2602 2064 2674 sangui-

416 2714 550 2754 nem
586 2696 869 2770 respersit
897 2697 954 2752 in
987 2694 1294 2766 populum,
1330 2698 1386 2749 et
1415 2693 1535 2749 ait:
1568 2692 1672 2748 Hic
1701 2696 1792 2748 est
1820 2692 2065 2764 sanguis

414 2788 678 2857 foederis,
725 2786 880 2857 quod
933 2784 1155 2857 pepigit
1194 2782 1480 2839 Dominus
1532 2782 1835 2837 vobiscum
1889 2797 2067 2853 super

418 2876 654 2933 cunctis
685 2874 1056 2932 sermonibus
1080 2873 1194 2928 his.
1227 2872 1312 2944 (C.
1362 2871 1578 2942 XCIX.)
1627 2870 2063 2926 Ascenderunt-

421 2983 537 3039 que
566 2966 760 3021 Moses
791 2968 848 3019 et
874 2966 1092 3029 Aaron,
1120 2962 1321 3017 Nadab
1354 2960 1600 3027 etAbin,
1621 2963 1677 3014 et
1694 2959 2066 3031 septuaginte

423 3058 496 3110 de
529 3053 772 3110 senibus
806 3050 1007 3107 Israel.
1040 3052 1144 3117 (Ο.
1173 3052 1252 3115 C.)
1287 3047 2062 3117 EtvideruntDeumlsrael,

418 3148 475 3200 et
504 3144 616 3199 sub
648 3141 895 3213 pedibus
920 3140 1048 3210 ejus
1070 3139 1238 3210 quasi
1258 3155 1405 3210 opus
1422 3137 1638 3209 lapidis
1655 3137 2065 3208 sapphirini,et

2168 1981 2310 2037 tudo
2344 1982 2608 2038 cubitum
2642 1984 2917 2041 similiter
2938 2002 3004 2041 ac
3033 1985 3367 2043 semissem.
3404 1987 3471 2042 Et
3500 1987 3809 2043 deaurabis

2170 2086 2301 2126 eam
2335 2088 2478 2127 auro
2527 2072 2925 2129 mundissimo
2977 2075 3139 2130 intus
3187 2079 3245 2129 et
3288 2075 3465 2132 foris:
3513 2076 3804 2148 faciesque

2170 2173 2350 2229 supra
2380 2175 2654 2216 coronam
2687 2178 2923 2218 auream
2957 2178 3062 2235 per
3089 2163 3427 2233 circuitum,
3460 2170 3518 2220 et
3563 2170 3813 2237 quatuor

2173 2248 2425 2305 circulos
2446 2266 2676 2317 aureos,
2714 2266 2862 2322 quos
2876 2268 3057 2322 pones
3078 2268 3178 2323 per
3200 2258 3455 2323 quatuor
3470 2271 3616 2309 arca:
3638 2271 3815 2327 angu-

2172 2335 2295 2404 los;
2325 2338 2441 2392 duo
2475 2337 2677 2393 circuli
2709 2339 2830 2395 sint
2858 2339 2917 2394 in
2950 2339 3132 2397 latere
3156 2357 3297 2410 uno,
3322 2347 3379 2398 et
3399 2343 3514 2398 duo
3534 2344 3592 2399 in
3615 2343 3811 2400 altero.

2176 2425 2374 2482 Facies
2405 2443 2637 2498 quoque
2658 2433 2847 2485 vectes
2878 2428 2949 2485 de
2981 2428 3157 2501 lignis
3211 2431 3432 2499 settim,
3482 2436 3540 2487 et
3590 2433 3814 2505 operies

2172 2529 2271 2571 eos
2302 2531 2465 2571 auro.
2498 2515 2863 2587 lnducesque
2893 2534 2995 2589 per
3024 2517 3275 2575 circulos
3298 2518 3401 2590 qui
3426 2526 3569 2576 sunt
3590 2522 3647 2577 in
3671 2538 3814 2578 arces

2173 2602 2477 2673 lateribus,
2511 2609 2576 2661 ut
2605 2610 2867 2676 portetur
2895 2607 2954 2662 in
2985 2607 3090 2663 eis.
3124 2608 3226 2680 qui
3258 2624 3492 2681 semper
3546 2616 3717 2666 erunt
3756 2614 3815 2667 in

2174 2692 2429 2764 circulis,
2459 2710 2564 2750 nec
2595 2710 2859 2766 unquam
2887 2696 3270 2752 extrahentur
3297 2697 3370 2753 ab
3387 2699 3491 2755 eis.
3516 2701 3821 2771 Ponesque

2175 2780 2233 2837 in
2265 2799 2398 2838 arca
2426 2783 2900 2841 testiﬁcationem
2933 2800 3111 2857 quam
3143 2786 3294 2841 dabo
3343 2786 3471 2843 tibi.
3526 2788 3721 2843 Facies
3753 2794 3811 2845 et

2174 2871 2650 2942 propitiatorium
2683 2874 2755 2929 de
2783 2890 2925 2929 auro
2959 2873 3533 2944 mundissimo,duos
3578 2878 3810 2934 cubitos

2174 2963 2231 3015 et
2263 2960 2579 3016 dimidium
2611 2960 2836 3017 tenebit
2867 2961 3172 3035 longitudo
3203 2964 3354 3034 ejus:
3406 2967 3709 3023 semissem
3761 2971 3821 3022 et

2173 3048 2725 3104 cubitumlatitudo.
2747 3050 2899 3105 Duos
2918 3066 3153 3123 quoque
3192 3052 3509 3109 Cherubim
3548 3059 3834 3121 aureoset

2176 3136 2534 3207 productiles
2568 3137 2842 3206 facies,ex
2864 3144 3113 3211 utraque
3136 3144 3301 3212 parte
3335 3141 3827 3199 oraculi.Cherub

418 3234 588 3306 quasi
620 3232 855 3301 omium,
888 3247 1022 3286 cum
1055 3245 1325 3286 serenum
1357 3232 1464 3285 est.
1499 3227 1614 3285 Nec
1647 3244 1824 3299 super
1844 3244 1941 3284 eos
1965 3228 2065 3299 qui
2096 3214 2139 3281 C
2180 3242 2334 3281 unus
2364 3227 2441 3282 sit
2472 3226 2531 3281 in
2562 3225 2741 3283 latere
2773 3244 2890 3284 uno
2917 3228 2957 3295 ³,
2986 3232 3043 3283 et
3072 3228 3220 3286 alter
3248 3229 3305 3284 in
3341 3230 3548 3287 altero.
3585 3231 3832 3288 Utrum-

418 3321 621 3394 procul
655 3323 1015 3376 recesserant
1040 3319 1111 3374 de
1155 3318 1290 3373 filiis
1342 3316 1541 3385 Israel,
1596 3316 1761 3371 misit
1818 3332 2059 3372 manum

419 3427 611 3479 suam,
642 3409 1031 3478 videruntque
1061 3407 1266 3476 Deum,
1299 3414 1352 3462 et
1382 3406 1779 3474 comederunt,
1814 3422 1879 3460 ac
1901 3404 2062 3461 bibe-

422 3504 580 3555 runt.
624 3502 701 3566 (C.
753 3501 839 3554 CI.
902 3497 1058 3552 Dixit
1109 3500 1302 3551 autem
1364 3493 1649 3549 Dominus
1701 3494 1770 3548 ad
1821 3497 2057 3551 Mosen:

422 3588 688 3643 Ascende
717 3587 787 3643 ad
818 3602 911 3641 me
940 3585 999 3640 in
1025 3590 1306 3653 montem,
1328 3587 1383 3639 et
1400 3588 1525 3638 esto
1546 3582 1647 3638 ibi:
1669 3582 1935 3654 daboque
1956 3583 2062 3639 tibi

421 3676 654 3733 tabulas
686 3676 970 3748 lapideas,
994 3679 1050 3731 et
1078 3674 1264 3746 legcm
1286 3690 1351 3729 ac
1373 3673 1668 3739 mandata,
1690 3688 1817 3744 quae
1831 3672 2062 3743 scripsi,

425 3771 489 3822 ut
513 3766 724 3821 doceas
754 3781 875 3821 eos.
906 3766 1298 3821 Surrexerunt
1315 3763 1504 3817 Moses
1528 3767 1577 3816 el
1597 3759 1775 3816 Josue
1799 3759 2065 3817 minister

423 3855 552 3927 ejus
585 3874 598 3923 ;
634 3854 1077 3924 ascendensque
1104 3855 1290 3907 Moses
1316 3851 1375 3907 in
1394 3854 1649 3905 montem
1676 3849 1797 3918 Dei,
1820 3849 2064 3905 seniori-

420 3945 535 4001 bus
566 3943 648 4000 ait
676 3961 688 3998 :
724 3943 1065 4014 Exspectate
1094 3941 1187 3996 hic
1218 3941 1400 3996 donec
1431 3942 1795 3994 revertamur
1839 3939 1907 3993 ad
1941 3955 2063 3995 vos.

424 4034 662 4091 Habetis
684 4038 876 4088 Aaron
908 4034 966 4087 et
994 4030 1458 4095 Burvobiscum;
1483 4027 1531 4083 si
1552 4026 1690 4098 quid
1715 4030 1918 4082 natum
1943 4028 2063 4084 fue-

423 4124 500 4179 rit
528 4120 1164 4195 qutestionis,referetis
1195 4120 1262 4174 ad
1293 4122 1683 4188 eos.Cumque
1703 4115 2068 4173 ascendisset

422 4213 633 4280 Moses,
666 4210 896 4283 operuit
926 4210 1113 4264 nubes
1146 4213 1423 4274 montem,
1458 4211 1515 4260 et
1545 4204 1827 4260 habitavit
1882 4204 2070 4277 gloria

422 4299 655 4358 Domini
689 4315 866 4370 super
893 4297 1076 4363 Sinai,
1108 4300 1310 4367 tegens
1343 4296 1510 4351 illum
1544 4296 1697 4351 nube
1713 4311 1814 4354 sex
1834 4297 2065 4353 diebus.

422 4390 507 4462 (Ο.
560 4389 700 4459 CII.)
729 4386 987 4458 Septimo
1018 4389 1214 4441 autem
1243 4386 1335 4440 die
1356 4386 1580 4442 vocavit
1600 4386 2065 4460 eum(Vulg.add.

422 4477 709 4534 Dominus
761 4475 832 4530 de
865 4475 1056 4530 medio
1088 4472 1382 4544 caliginis.
1439 4475 1572 4531 Erat
1619 4481 1819 4532 autem
1843 4474 2067 4547 species

2171 3331 2285 3387 que
2313 3314 2469 3372 latus
2501 3316 2893 3388 propitiatorii
2923 3321 3144 3390 tegant,
3169 3320 3572 3390 expandentes
3602 3320 3728 3377 alas
3768 3327 3832 3378 et

2171 3405 2499 3475 cperientes
2524 3405 3294 3479 oraculum,respiciantque
3316 3425 3378 3465 se
3404 3415 3609 3466 mutuo
3630 3414 3825 3468 versis

2168 3493 2431 3550 vultibus
2461 3495 2519 3549 in
2553 3495 3021 3567 propitiatorium
3054 3512 3170 3568 quo
3191 3497 3506 3568 operienda
3534 3504 3626 3555 est
3654 3516 3820 3569 arca,

2172 3584 2233 3639 in
2264 3601 2382 3656 qua
2412 3601 2590 3656 pones
2637 3585 3041 3642 testimonium
3094 3588 3248 3658 quod
3299 3589 3449 3644 dabo
3496 3589 3621 3645 tibi.
3675 3591 3828 3646 Inde

2174 3675 2532 3746 praecipiam,
2577 3679 2635 3731 et
2681 3674 2891 3746 loquar
2939 3676 3013 3731 ad
3063 3680 3119 3732 te
3176 3694 3355 3749 super
3413 3679 3836 3751 propitiatorio

2174 3764 2416 3831 scilicet,
2449 3780 2515 3819 ac
2548 3764 2740 3820 medio
2773 3764 3068 3820 'duorum
3101 3765 3439 3835 Cherubim,
3486 3767 3589 3838 qui
3643 3774 3838 3825 erunt

2176 3867 2352 3923 super
2384 3868 2578 3908 arcam
2610 3852 2958 3921 testimonii,
2993 3857 3202 3909 cuncta
3224 3871 3348 3926 qua:
3383 3857 3675 3912 mandabo
3723 3874 3841 3928 per

2176 3943 2231 3995 te
2252 3940 2390 3995 ﬁliis
2414 3940 2596 3996 Israel
2622 3981 2637 3995 .
2673 3940 2869 3997 Facies
2899 3946 2957 3997 et
2989 3958 3253 3998 mensam
3287 3944 3360 4000 de
3389 3944 3569 4017 lignis
3599 3946 3843 4015 settim,

2176 4028 2490 4085 habentem
2514 4030 2662 4086 duos
2684 4030 2913 4085 cubitos
2934 4029 3350 4103 longitudinis,
3406 4039 3464 4089 et
3510 4034 3570 4089 in
3619 4034 3847 4091 latitu-

2177 4118 2311 4173 dine
2343 4118 2632 4187 cubitum,
2664 4122 2721 4175 et
2751 4118 2811 4174 in
2845 4118 3154 4175 altitudine
3182 4121 3447 4177 cubitum
3499 4140 3566 4179 ac
3614 4123 3849 4181 semis-

2178 4223 2323 4262 sem.
2359 4208 2428 4262 Et
2459 4206 2762 4264 inaurabis
2796 4223 2923 4263 eam
2969 4224 3111 4263 auro
3155 4208 3495 4281 purissimo,
3530 4212 3855 4285 faciesque

2178 4294 2264 4350 illi
2298 4295 2521 4352 labium
2556 4311 2802 4352 aureum
2835 4313 2938 4368 per
2965 4296 3301 4367 circuitum,
3333 4300 3527 4373 etipsi
3551 4302 3709 4359 labio
3744 4319 3859 4359 co-

2177 4401 2379 4441 ronam
2414 4384 2807 4441 interrasilem
2840 4386 3021 4441 altam
3043 4392 3299 4458 quatuor
3320 4388 3545 4461 digitis,
3571 4395 3628 4446 et
3648 4408 3860 4464 super

2178 4473 2359 4541 illam,
2389 4475 2622 4531 alteram
2642 4490 2907 4530 coronam
2939 4474 3020 4547 [b.
3045 4492 3159 4530 non
3186 4475 3360 4533 habet
3386 4477 3508 4534 hac
3537 4481 3579 4550 ‘]
3613 4496 3861 4536 aureo-

425 4566 622 4639 gloriae
656 4563 909 4631 Domini,
942 4562 1111 4634 quasi
1138 4562 1295 4634 ignis
1318 4565 1531 4619 ardens
1561 4581 1739 4636 super
1788 4563 2064 4619 verticem
2105 4586 2150 4651 D
2183 4561 2321 4621 lam.
2356 4566 2615 4629 Quatuor
2644 4579 2878 4635 quoque
2906 4561 3157 4620 circulos
3188 4580 3396 4622 aureos
3443 4569 3861 4640 praeparabis,

427 4655 665 4722 montis,
700 4653 759 4707 in
792 4655 1107 4723 conspectu
1140 4650 1391 4705 filiorum
1425 4652 1624 4707 Israel.
1652 4653 2072 4724 Ingressusque

2185 4659 2242 4707 et
2273 4670 2450 4724 pones
2481 4670 2581 4709 eos
2614 4652 2671 4707 in
2706 4656 2957 4725 quatuor
3000 4653 3236 4724 angulis
3289 4655 3554 4725 ejusdem
3606 4674 3863 4714 mensa:

426 4744 618 4799 Moses
649 4742 910 4797 medium
935 4739 1160 4796 nebulas
1192 4739 1457 4795 ascendit
1488 4740 1545 4795 in
1574 4747 1855 4799 montem:
1881 4747 1937 4797 et
1963 4741 2075 4796 fuit
2184 4758 2287 4814 per
2318 4740 2583 4814 singulos
2618 4742 2817 4813 pedes.
2850 4741 3060 4797 Subter
3085 4758 3357 4798 coronam
3405 4750 3580 4800 erunt
3618 4746 3863 4803 circuli

425 4832 504 4887 ibi
539 4830 929 4902 quadraginta
955 4828 1183 4897 diebus,
1218 4833 1275 4883 et
1306 4829 1701 4901 quadraginta
1738 4831 2031 4886 noctibus.

496 4922 580 4994 (C.
615 4920 756 4989 ClIl,
792 4921 927 4991 Cap.
970 4918 1156 4988 XXV.)
1188 4918 1561 4990 Locutusque
1584 4923 1674 4975 est
1694 4918 1979 4975 Dominus
1998 4919 2068 4975 ad

494 5130 559 5141 —
608 5098 770 5155 Unus
821 5096 1005 5154 Palat.
1060 5097 1542 5154 Palwstinorum:
1596 5103 1808 5156 caetera
1861 5106 2064 5156 notum

420 5190 475 5229 m
491 5172 711 5228 aluisse
744 5171 1179 5241 Hieronymum,
1212 5170 1670 5241 th‘lz'stinorum.

492 5249 504 5280 ¹
538 5242 922 5313 Manuscripti
946 5240 1200 5314 codices,
1232 5240 1404 5314 nullo
1431 5249 1688 5313 excepto,
1714 5242 1937 5314 legunt,
1970 5245 2068 5314 qui

418 5318 576 5387 oﬂcrl
608 5332 621 5371 :
651 5311 943 5387 editorum
978 5311 1361 5367 nihilominus
1394 5311 1952 5387 lectio'prasl'erenda
1978 5311 2064 5370 vi-

421 5390 614 5456 detur,
648 5386 786 5458 quia
816 5386 888 5440 ad
920 5399 1158 5458 sensum
1186 5386 1521 5458 scripturae,
1554 5391 1610 5440 et
1641 5388 1709 5440 ad
1760 5386 2063 5442 veritatem

422 5455 765 5514 Hebraicam
798 5456 1041 5527 prOpius
1066 5455 1307 5527 accedit.
1342 5455 1529 5509 MART.

495 5532 514 5564 ³
545 5534 605 5585 In
642 5547 755 5584 uno
790 5526 1287 5583 ms.’Corheiensis
1320 5526 1659 5581 monasterii
1710 5527 1926 5593 codice,
1972 5532 2061 5583 at-

423 5617 533 5669 que
563 5602 620 5654 in
655 5616 876 5656 canone
905 5598 1076 5653 Hebr.
1110 5596 1369 5669 veritatis
1402 5598 1666 5652 additum
1699 5604 1784 5653 est
1805 5599 1913 5653 hoc
1934 5599 2061 5655 loco

421 5668 687 5741 verbum,
716 5669 958 5741 oraculi,
991 5669 1073 5726 sic
1101 5668 1259 5726 enim
1289 5668 1524 5739 habent;
1559 5669 1769 5727 Cherub
1824 5687 1967 5727 unus
1986 5673 2063 5728 sit

2182 4830 2366 4900 aurei,
2399 4836 2461 4885 ut
2492 4831 2800 4885 mittantur
2828 4833 3017 4885 vectes
3048 4845 3151 4902 per
3171 4847 3289 4900 eos,
3325 4836 3381 4887 et
3411 4834 3596 4903 possit
3626 4851 3871 4893 mensa

2182 4918 2422 4990 portari.
2454 4920 2618 4991 Ipsos
2651 4934 2885 4991 quoque
2916 4921 3105 4975 vectes
3140 4918 3281 4977 facis
3308 4921 3380 4977 de
3407 4920 3585 4996 lignis
3606 4924 3868 4995 settim,

2179 5098 2400 5155 oraculi
2428 5098 2487 5152 in
2519 5099 2690 5154 latere
2720 5113 2850 5153 uno.
2886 5097 3072 5154 Mnn'r.

2176 5173 2271 5297 (1.3
2304 5170 2472 5296 Apud
2527 5168 2696 5241 Vulg.
2742 5185 2916 5241 supra
2970 5171 3423 5241 propitiatorium
3478 5190 3543 5229 ac
3590 5175 3657 5232 de
3724 5192 3878 5233 me-

2213 5258 2285 5297 zo.
2318 5258 2348 5297 e
2378 5259 2424 5296 c.

2213 5244 2285 5298 io.
2318 5249 2424 5297 etc.

2250 5285 2448 5368 5,Nota
2482 5310 2683 5391 isthaec
2715 5310 3060 5391 marginalia
3087 5312 3513 5391 minimetvera
3552 5332 3876 5391 compro-

2178 5384 2369 5452 batur,
2386 5389 2488 5457 aut
2507 5399 2613 5439 suo
2636 5382 2762 5439 loco
2782 5382 3126 5457 neutiquam
3149 5385 3420 5457 apposita
3443 5382 3871 5446 dicenda’est:

2175 5474 2312 5511 nam
2345 5455 2632 5529 dictiones
2663 5455 3241 5529 asterisconatatas,
3288 5472 3436 5529 quas
3475 5458 3536 5513 in
3580 5462 3872 5518 Hebraeo

2173 5530 2378 5583 abesse
2404 5526 2547 5583 dicit
2578 5527 2916 5582 invenimus
2942 5526 3000 5580 in
3035 5526 3322 5584 omnibus
3340 5528 3509 5585 libris
3552 5530 3871 5589 Hebraeo-

2173 5616 2323 5655 rum.
2358 5599 2505 5662 Quid
2541 5615 2678 5669 ergo
2712 5598 2823 5655 sibi
2857 5597 2996 5654 velit
3022 5597 3131 5655 hoc
3162 5599 3452 5668 scholion,
3503 5603 3653 5658 scire
3710 5621 3865 5660 non

2172 5685 2513 5742 possumus.
2541 5670 2727 5727 Man-1'.
