4080 6186
285 294 378 350 309

284 509 485 580 parabis
505 507 824 574 acetabula,
850 525 917 564 ac
940 509 1194 581 phialas,
1220 509 1546 580 thuribula,
1565 514 1622 566 et
1652 509 1903 577 ciathcs,

285 600 333 655 in
360 598 561 670 quibus
590 597 887 654 ollerenda
926 606 1066 654 sunt
1095 597 1395 669 libamina,
1447 616 1515 655 ex
1545 616 1686 654 auro
1719 598 1906 670 puris-

283 689 424 744 simo.
456 688 519 742 Et
545 703 728 759 pones
761 703 940 759 super
971 703 1239 744 mensam
1272 705 1451 759 panes
1481 687 1903 761 propositionis

281 778 328 832 in
354 783 654 847 conspectu
690 792 820 832 meo
853 792 1103 849 semper.
1160 777 1359 834 Facies
1385 784 1443 834 et
1486 777 1901 835 candelabrum

277 865 463 921 ductile
477 866 547 921 de
569 882 711 921 auro
731 864 1371 931 mundissimo,hastile
1393 868 1606 938 ejus,et
1623 866 1901 933 calamos,

277 953 588 1025 ecyphos,et
600 952 949 1026 sphwrulas,
972 971 1037 1009 ac
1060 954 1203 1021 lilia,
1229 956 1356 1027 ipso
1378 955 1774 1027 procedentia.
1797 956 1906 1010 Sex

272 1042 449 1099 calami
471 1043 849 1115 egrediantur
872 1044 942 1099 de
959 1042 1268 1113 lateribus,
1284 1050 1403 1100 tres
1425 1061 1494 1101 ex
1517 1044 1907 1114 unolatere,et

274 1136 367 1186 tres
382 1148 442 1186 ex
457 1132 657 1188 altero.
677 1133 820 1188 Tres
846 1132 1051 1205 scyphi
1076 1136 1249 1204 quasi
1272 1135 1330 1188 in
1352 1133 1520 1189 nucis
1546 1134 1781 1189 modum
1806 1149 1908 1203 per

272 1220 496 1276 calamos
528 1221 822 1293 singulos,
857 1221 1268 1291 sphzerulaque
1300 1220 1481 1277 simul
1514 1227 1571 1277 et
1603 1221 1818 1287 lilium,
1850 1225 1908 1276 et

273 1315 370 1366 tres
397 1310 668 1366 similiter
700 1311 909 1384 scyphi
942 1313 1130 1367 instar
1160 1312 1331 1366 nucis
1352 1312 1411 1365 in
1445 1312 1671 1368 calamo
1702 1310 1904 1378 altero,

275 1398 661 1472 spherulaque
692 1400 872 1456 simul
896 1406 952 1455 et
982 1400 1193 1457 lilium.
1228 1405 1347 1456 Hoc
1380 1400 1483 1455 erit
1503 1417 1652 1472 opus
1683 1416 1783 1455 sex
1812 1416 1907 1455 ca-

269 1488 556 1559 lamorum,
600 1489 699 1561 qui
733 1490 1097 1561 producendi
1151 1495 1295 1545 sunt
1323 1490 1393 1546 de
1417 1489 1654 1545 hastili:
1689 1489 1749 1544 in
1781 1492 1908 1561 ipso

268 1581 439 1632 autem
476 1578 831 1634 candelabro
879 1583 1053 1634 erunt
1083 1583 1340 1649 quatuor
1388 1578 1595 1651 scyphi
1650 1578 1710 1633 in
1740 1577 1910 1633 nucis

266 1667 498 1736 modum,
530 1667 962 1739 sphaarulaeque
986 1684 1091 1739 per
1121 1667 1412 1739 singulos,
1447 1674 1504 1723 et
1528 1668 1671 1724 lilia.
1706 1666 1911 1739 Sphae'f

265 1755 374 1811 rula
401 1756 507 1811 sub
552 1756 787 1812 duobus
822 1755 1069 1812 calamis
1118 1773 1222 1828 per
1253 1757 1361 1811 tria
1395 1756 1541 1826 loca,
1594 1757 1695 1828 qui
1727 1756 1883 1812 simu

266 1860 349 1899 sex
376 1845 538 1914 fiunt,
575 1844 959 1916 procedentes
986 1845 1056 1900 de
1088 1844 1289 1900 hastili
1325 1862 1461 1901 uno.
1496 1846 1562 1900 Et
1593 1844 1898 1916 sphaarulm

266 1933 422 2005 igitur
448 1940 503 1988 et
532 1933 750 1989 calami
780 1950 851 1989 ex
879 1933 1007 2006 ipso
1038 1939 1231 2004 erunt,
1265 1938 1535 1989 universa
1564 1933 1806 1990 ductilia
1827 1935 1898 1990 de

265 2039 386 2078 auro
406 2022 747 2094 purissimo.
781 2023 981 2079 Facies
1000 2028 1059 2079 et
1086 2022 1348 2079 lulernas
1372 2026 1696 2095 septem,’et
1717 2039 1899 2096 pones

266 2125 346 2166 eas
386 2127 561 2182 super
617 2111 1060 2180 candelabrum,
1120 2116 1185 2167 ut
1233 2111 1464 2167 luceant
1513 2128 1582 2167 ex
1631 2113 1893 2168 adverso.

264 2197 621 2256 Emnnctoria
652 2215 915 2272 quoque,
944 2204 1001 2256 et
1032 2200 1130 2256 ubi
1162 2216 1288 2271 qua:
1328 2205 1601 2256 emuncta
1628 2205 1768 2257 sunt
1797 2217 1896 2256 ex-

265 2288 799 2359 stinguanturﬁant
820 2289 890 2343 de
918 2305 1059 2345 auro
1082 2288 1422 2361 purissimo.
1455 2288 1638 2344 Omne
1671 2291 1899 2361 pondus

263 2376 579 2433 candelabri
615 2393 750 2433 cum
782 2377 1071 2433 universis
1101 2378 1256 2433 vasis
1279 2378 1406 2434 suis
1438 2377 1678 2434 habebit
1708 2378 1899 2435 talen-

259 2468 364 2520 tum
410 2465 537 2521 auri
590 2466 996 2523 mundissimi.
1044 2466 1295 2538 Inspice,
1343 2472 1402 2523 et
1451 2468 1539 2522 fac
1572 2468 1897 2524 secundum

260 2555 531 2628 exemplar
562 2558 723 2628 quod
747 2556 855 2613 tibi
889 2557 946 2612 in
980 2563 1177 2613 monte
1218 2562 1613 2613 monstratum
1646 2562 1753 2614 est.

318 2645 462 2717 [Cap.
497 2646 705 2703 XXVI.
742 2647 759 2718 ]
803 2645 1273 2702 Tabernaculum
1334 2662 1466 2703 vero
1507 2646 1587 2702 ita
1619 2647 1796 2703 facies
1830 2650 1845 2683 ¹
1881 2665 1895 2704 :

262 2737 447 2801 Decem
488 2736 753 2791 cortinas
794 2736 863 2792 de
896 2736 1069 2808 bysso
1100 2739 1338 2801 retorta,
1367 2741 1422 2791 et
1462 2735 1801 2809 hyacintho,
1833 2753 1899 2792 ac

252 2839 508 2895 purpura,
542 2840 851 2897 coccoque
884 2825 975 2880 bis
1014 2824 1219 2895 tincto,
1250 2825 1441 2881 varias
1467 2842 1639 2897 opere
1670 2828 1897 2897 pluma-

248 2911 322 2967 rio
348 2913 538 2983 facies,
569 2913 910 2986 Longitudo
934 2914 1178 2969 cortina
1211 2914 1391 2971 unius
1422 2913 1660 2970 habebit
1689 2898 1899 2987 viginti

250 3008 359 3057 octo
403 3003 687 3060 cubitus:
742 3002 1015 3069 latitudo,
1071 3008 1334 3075 quatuor
1383 3004 1717 3060 cubitorum
1767 3004 1897 3060 erit-

252 3088 411 3147 Unius
460 3108 759 3147 mensurae
804 3092 944 3147 fient
985 3090 1265 3148 universa
1325 3092 1594 3150 tentoria.
1630 3093 1902 3164 Quinque

1705 296 1920 349 LIBER
1958 293 2203 348 EXODI.

282 426 330 477 et
355 419 729 476 circumdabis
750 436 892 475 auro
919 420 988 475 ad
1024 418 1465 476 subvehendam
1508 436 1794 477 mensam.
1828 418 1896 474 Et
1925 422 1979 489 Α
2013 418 3105 491 tudine,utrumquelatustabernaculi
3128 426 3667 496 protegens.Facies
3754 476 3759 477 ,

3560 301 3666 356 310

2012 513 2069 562 et
2123 508 2552 577 operimentum
2605 508 2761 563 aliud
2800 514 2953 565 tecto
2985 511 3055 565 de
3107 510 3360 581 pellibus
3411 513 3662 570 arietum

2014 596 2348 664 rubricatis,
2376 600 2625 668 etsuper
2644 596 2753 653 hoc
2778 613 3016 653 rursum
3040 599 3197 656 aliud
3225 602 3660 672 operimentum

2014 685 2083 740 de
2111 684 2397 740 ianthinis
2428 685 2698 756 pellibus.
2739 687 2934 743 Facies
2972 692 3029 743 et
3058 688 3290 745 tabulas
3316 695 3540 747 stantes
3572 698 3659 748 ta-

2014 772 2314 829 bernaculi
2338 774 2409 830 de
2428 774 2604 846 lignis
2629 774 2847 845 settim,
2871 792 2996 846 quae
3018 776 3268 849 singulae
3291 780 3473 836 denos
3494 781 3661 836 cubi—

2014 866 2107 918 tos
2129 862 2185 916 in
2212 861 2579 933 longitudine
2602 863 2874 935 habeant,
2903 870 2959 920 et
2980 865 3038 920 in
3064 867 3374 923 latitudine
3396 869 3660 940 singulos

2014 966 2078 1006 ac
2109 950 2439 1006 semissem.
2474 950 2536 1005 In
2561 950 2842 1007 lateribus
2862 951 3079 1008 tabulae
3106 954 3231 1009 duae
3258 955 3659 1012 incastraturae

2015 1039 2174 1109 flent,
2210 1040 2425 1110 quibus
2456 1038 2657 1095 tabula
2688 1039 2855 1095 alteri
2890 1040 3101 1097 tabulae
3143 1049 3542 1113 connectatur,
3575 1051 3661 1101 at-

2013 1130 2212 1201 quein
2259 1130 2415 1185 hunc
2448 1132 2687 1186 modum
2744 1136 2965 1187 cunctae
3018 1133 3228 1189 tabulae
3278 1137 3658 1207 parabuntur.

2015 1222 2272 1287 Quarum
2305 1219 2513 1290 viginti
2566 1224 2741 1275 erunt
2772 1221 2831 1276 in
2875 1220 3054 1277 latere
3099 1224 3445 1291 meridiano,
3508 1228 3659 1295 quod

2014 1309 2202 1379 vergit
2235 1309 2306 1363 ad
2336 1311 2636 1364 Austrum.
2669 1310 2892 1376 Quibus
2942 1311 3333 1383 quadraginta
3362 1313 3532 1371 bases
3563 1332 3659 1371 ar-

2014 1403 2252 1469 genteas
2283 1398 2512 1465 fundes,
2547 1403 2610 1454 ut
2639 1398 2787 1454 binae
2818 1400 2989 1456 bases
3018 1401 3271 1473 singulis
3301 1402 3517 1458 tabulis
3564 1421 3661 1475 per

2016 1488 2165 1542 duos
2198 1486 2447 1559 angulos
2495 1487 2906 1559 subjiciuntur.
2958 1490 3023 1545 In
3076 1490 3256 1547 latere
3304 1508 3539 1564 quoque
3570 1512 3661 1550 se-

2016 1576 2209 1632 cundo
2235 1575 2617 1643 tabernaculi,
2665 1578 2818 1649 quod
2849 1578 3031 1650 vergit
3060 1580 3133 1635 ad
3173 1581 3545 1653 Aquilonem,
3576 1583 3658 1638 vi-

2017 1664 2163 1737 ginti
2217 1665 2429 1721 tabulae
2473 1670 2667 1733 erunt,
2716 1667 3104 1739 quadraginta
3159 1670 3439 1727 habentes
3487 1674 3661 1730 bases

2016 1758 2341 1826 argenteas.
2385 1755 2543 1810 Bina;
2571 1755 2740 1811 bases
2766 1756 3019 1828 singulis
3066 1758 3286 1815 tabulis
3324 1776 3661 1833 supponen—

2005 1847 2118 1899 tur.
2161 1844 2243 1898 Ad
2269 1842 2692 1900 occidentalem
2723 1861 2855 1900 vero
2900 1845 3135 1917 plagam
3176 1848 3540 1905 tabernaculi
3576 1852 3661 1906 fa—

2002 1931 2123 1989 cies
2148 1948 2247 1988 sex
2280 1932 2531 2000 tabulas,
2562 1941 2616 1988 et
2646 1950 2884 1989 rursum
2928 1934 3075 1991 alias
3108 1935 3256 1992 duas
3296 1954 3423 2009 quas
3458 1939 3517 1994 in
3553 1957 3659 1995 an-

2004 2019 2161 2091 gulis
2181 2021 2485 2093 erigantur
2513 2026 2646 2093 post
2664 2026 2892 2094 tergum
2924 2024 3312 2081 tabernaculi.
3361 2028 3660 2101 Eruntque

2004 2112 2340 2181 conjunctae
2365 2128 2397 2166 a
2417 2111 2693 2166 deorsum
2718 2127 2907 2183 usque
2939 2129 3205 2183 sursum,
3226 2119 3283 2170 et
3309 2132 3427 2172 una
3456 2133 3662 2174 omnes

2006 2215 2290 2271 compago
2322 2200 2617 2256 retinebit.
2652 2201 2890 2257 Duabus
2930 2218 3166 2273 quoque
3194 2203 3415 2260 tabulis
3442 2222 3569 2277 qua:
3602 2207 3659 2262 in

2008 2287 2241 2360 angulis
2262 2289 2542 2359 ponendae
2567 2294 2727 2354 sunt,
2752 2289 2966 2345 similis
2990 2290 3279 2361 junctura
3308 2294 3661 2350 servabitur.

2008 2378 2078 2432 Et
2106 2382 2279 2432 erunt
2309 2377 2484 2432 simul
2516 2377 2728 2433 tabula:
2759 2384 2908 2447 octo,
2938 2380 3107 2436 bases
3138 2397 3343 2437 earum
3375 2388 3660 2455 argenteae

2007 2465 2281 2533 sedecim,
2306 2466 2534 2522 duabus
2557 2467 2801 2523 basibus
2826 2484 2926 2539 per
2946 2485 3124 2524 unam
3145 2471 3402 2527 tabulam
3438 2489 3662 2545 suppu-

2008 2554 2165 2611 tatis.
2200 2555 2397 2611 Facies
2427 2561 2483 2611 et
2511 2562 2707 2611 vectes
2728 2558 2797 2612 de
2829 2556 3009 2628 lignis
3040 2559 3261 2629 settim,
3295 2561 3557 2633 quinque
3588 2563 3658 2617 ad

2008 2643 2389 2699 continendas
2433 2645 2665 2700 tabulas
2708 2646 2764 2699 in
2807 2663 2923 2702 uno
2953 2646 3134 2703 latere
3164 2650 3551 2715 tabernaculi,
3606 2656 3663 2705 et

2009 2735 2273 2806 quinque
2303 2733 2449 2790 alios
2480 2734 2538 2789 in
2570 2734 2771 2790 altero.
2815 2743 2869 2790 et
2900 2736 3164 2805 ejusdem
3200 2738 3431 2792 numeri
3464 2740 3534 2794 ad
3568 2755 3664 2794 cc—

2010 2821 2357 2878 cidcntalem
2392 2822 2646 2894 plagam,
2700 2823 2802 2895 qui
2833 2825 3144 2879 mittentur
3188 2842 3289 2898 per
3319 2827 3543 2882 medias
3572 2833 3661 2883 ta-

2010 2910 2182 2967 bulas
2212 2928 2247 2967 a
2276 2928 2509 2967 summo
2542 2928 2728 2984 usque
2760 2913 2831 2967 ad
2880 2929 3206 2969 summum.
3254 2915 3537 2987 lpsasque
3576 2921 3661 2971 ta-

2010 3000 2184 3056 bulas
2216 3000 2548 3066 deaurabis,
2582 3004 2638 3056 et
2668 3001 2879 3057 fundes
2926 3001 2988 3056 in
3020 3001 3105 3057 eis
3139 3002 3391 3058 annulos
3430 3020 3664 3071 aureos,

2012 3104 2114 3160 per
2145 3104 2293 3154 quos
2321 3096 2513 3145 vectes
2562 3088 2827 3145 tabulata
2854 3089 3223 3145 contineant:
3260 3107 3409 3162 quos
3439 3091 3665 3163 operies

245 3179 455 3235 cortina
486 3180 610 3236 sibi
660 3181 995 3251 jungentur
1051 3184 1281 3249 mutuo,
1341 3188 1394 3237 et
1450 3181 1574 3237 aliae
1634 3182 1895 3253 quinque
1925 3164 1969 3231 C
2008 3176 2244 3233 laminis
2266 3179 2478 3233 aureis.
2505 3177 2571 3232 Et
2590 3178 2781 3249 eriges
2802 3177 3437 3250 tabernaculumjuxta
3465 3196 3662 3237 exem-

255 3282 384 3323 nexu
416 3268 606 3324 simili
653 3268 1047 3325 cohmrebunt.
1100 3268 1355 3325 Ansulas
1390 3268 1806 3342 byacinthinas
1838 3270 1896 3324 in

253 3356 515 3415 lateribus
568 3375 639 3415 ac
691 3358 1140 3414 summitatibus
1192 3358 1371 3415 facies
1420 3358 1798 3425 corlinarum,
1831 3364 1898 3414 ut

250 3448 454 3516 possint
499 3447 758 3503 invicem
806 3445 1089 3519 copulari.
1156 3446 1612 3519 Quinquagenas
1656 3447 1895 3505 ansulae

248 3538 451 3592 cortina
498 3535 747 3592 habebit
811 3534 871 3590 in
921 3540 1169 3606 utraque
1202 3541 1384 3606 parte,
1415 3536 1498 3591 ita
1527 3535 1799 3607 insertas,
1832 3543 1897 3593 ut

248 3638 380 3678 ansis
411 3632 623 3682 contra
652 3642 833 3681 ansas
878 3625 1138 3689 veniant,
1189 3629 1246 3680 et
1275 3624 1457 3680 altera
1500 3624 1668 3681 alteri
1710 3626 1896 3697 possit

248 3715 433 3783 aptari.
468 3714 676 3770 Facies
704 3718 762 3769 et
791 3713 1223 3786 quinquaginta
1246 3713 1495 3769 circulos
1518 3730 1727 3771 aureos
1758 3716 1893 3787 qui-

248 3799 341 3857 bus
360 3803 726 3859 cortinarum
748 3803 875 3859 vela
894 3802 1202 3875 jungenda
1223 3806 1383 3872 sunt,
1407 3806 1473 3859 ut
1493 3819 1675 3858 unum
1699 3804 1890 3859 taber-

248 3891 514 3948 naculum
550 3892 679 3949 ﬁat.
732 3890 934 3948 Facies
966 3897 1023 3947 et
1054 3907 1196 3963 saga
1226 3891 1459 3947 cilicina
1490 3892 1789 3962 undecim,
1823 3893 1894 3948 ad

247 3980 616 4048 aperiendum
669 3984 890 4037 tectum
936 3980 1321 4036 tabernaculi.
1381 3981 1707 4052 Longitudo
1765 3982 1891 4054 sagi

246 4067 398 4124 unius
419 4070 671 4126 habebit
688 4069 933 4141 triginta
955 4069 1207 4141 cubitos,
1231 4073 1289 4125 et
1309 4068 1581 4140 latitudo,
1606 4074 1889 4141 quatuor:

240 4170 382 4226 qua
396 4158 508 4214 erit
526 4175 814 4215 mensura
829 4175 1105 4231 sagorum
1126 4158 1413 4215 omnium.
1434 4162 1470 4211 Ε
1489 4159 1708 4229 quibus
1723 4160 1897 4231 quin-

241 4259 337 4314 que
353 4248 575 4320 junges
636 4262 906 4303 seorsum
947 4253 1004 4303 et
1047 4264 1149 4303 sex
1180 4247 1292 4303 sibi
1325 4252 1537 4303 mutuo
1568 4247 1893 4320 copulabis,

240 4332 307 4389 ita
326 4340 385 4389 ut
404 4341 650 4392 sextum
675 4352 886 4408 sagum
919 4336 979 4391 in
1012 4336 1202 4392 fronte
1225 4336 1362 4392 tecti
1386 4335 1673 4408 duplices.
1692 4336 1891 4394 Facies

242 4426 289 4478 et
313 4424 755 4499 quinquaginta
802 4441 978 4481 ansas
1028 4423 1089 4480 in
1120 4441 1220 4481 era
1250 4424 1373 4497 sagi
1406 4425 1604 4495 unius,
1653 4431 1717 4482 ut
1742 4442 1888 4482 con-

236 4511 385 4603 jungi
410 4530 549 4603 cum
569 4514 763 4569 altero
776 4518 975 4585 queat,
993 4514 1495 4603 etquinquaginta
1520 4530 1693 4603 ansas
1716 4514 1777 4569 in
1790 4532 1892 4570 ora
1921 4540 1968 4603 Ι)

242 4602 349 4671 sagi
380 4601 661 4672 alterius,
686 4605 751 4657 ut
780 4618 914 4657 cum
963 4601 1144 4657 altero
1175 4601 1499 4671 copuletur.
1553 4602 1751 4659 Facies
1783 4604 1803 4638 ²
1835 4608 1893 4659 et

243 4689 655 4762 quinquaginta
669 4688 884 4746 ﬁbulas
896 4689 1893 4761 teneas,quibusjuganturteneant

244 4790 406 4835 unum
424 4796 497 4835 ex
509 4780 801 4837 omnibus
813 4778 1243 4851 operimentum
1268 4778 1559 4845 ﬁat.Quod
1580 4785 1775 4836 autem
1791 4797 1889 4837 su-

242 4868 504 4936 perfuerit
527 4869 594 4924 in
630 4868 791 4940 sagis
811 4884 943 4940 qua:
969 4872 1254 4940 parantur
1275 4871 1447 4935 tecto,
1470 4868 1528 4923 id
1561 4874 1669 4940 est,
1704 4886 1889 4925 unum

240 4969 427 5028 sagum
453 4957 623 5029 quod
647 4956 907 5028 amplius
930 4960 1039 5026 est,
1062 4971 1131 5011 ex
1163 4955 1474 5012 medietate
1502 4958 1632 5028 ejus
1663 4957 1889 5029 operies

239 5046 551 5113 posteriora
563 5044 927 5102 tabernaculi
938 5045 1027 5100 .Et
1039 5042 1273 5100 cubitus
1290 5061 1359 5099 ex
1373 5062 1487 5101 una
1503 5049 1665 5116 parte
1680 5046 1889 5117 pende-

240 5131 331 5202 bit,
363 5139 420 5190 et
450 5138 615 5191 alter
643 5150 713 5191 ex
743 5133 944 5205 altera,
978 5132 1077 5205 qui
1112 5131 1244 5204 plus
1274 5137 1364 5189 est
1388 5149 1665 5206 sagorum
1697 5134 1887 5206 longi-

305 5330 478 5400 ‘Pro,
513 5334 606 5387 ita
649 5330 841 5400 Incisa,
875 5346 1062 5386 canon
1093 5333 1149 5385 et
1196 5328 1420 5401 aliquot
1462 5346 1605 5386 mss.
1648 5330 1886 5404 habent,

247 5402 317 5455 ita
340 5403 418 5470 fu.
452 5408 651 5458 MART.

304 5473 322 5507 ³
355 5476 481 5529 Haec
502 5490 650 5529 curn
681 5472 1086 5544 superioribus
1102 5472 1611 5544 conjungitcanon
1644 5489 1711 5528 ac
1743 5490 1882 5530 mss.

244 5559 431 5602 omnes
460 5547 726 5603 codices.
760 5542 949 5610 Quare
980 5543 1039 5600 in
1075 5542 1467 5616 nulloecrum
1496 5543 1675 5615 legas,
1712 5545 1886 5616 facies

246 5619 322 5679 et;
350 5620 451 5675 sed
516 5620 663 5689 post
706 5618 1011 5689 copuletur,
1041 5614 1378 5673 immediate
1424 5614 1719 5687 scriptum
1774 5623 1883 5687 est,

2006 3264 2169 3338 plum
2202 3267 2352 3337 quod
2390 3266 2495 3321 tibi
2525 3266 2585 3321 in
2636 3272 2835 3322 monte
2887 3271 3278 3323 monstratum
3318 3273 3424 3324 est.
3459 3269 3661 3325 Facies

2005 3358 2062 3409 et
2104 3352 2299 3410 velum
2344 3354 2415 3410 de
2464 3353 2802 3427 hyacintho,
2857 3358 2915 3410 et
2949 3372 3212 3427 purpura
3243 3372 3531 3429 coccoque
3570 3358 3662 3415 bis

2004 3442 2207 3511 tincto,
2239 3448 2295 3500 et
2325 3443 2501 3516 bysso
2533 3448 2770 3513 retorta,
2808 3460 2980 3516 opcre
3012 3444 3303 3517 plumario
3333 3451 3391 3501 et
3420 3446 3662 3519 pulchra

2001 3532 2282 3588 varietate
2310 3536 2675 3603 contextum,
2705 3534 2855 3603 quod
2911 3535 3209 3605 appendes
3235 3538 3371 3591 ante
3409 3540 3663 3608 quatuor

2003 3621 2309 3677 columnas
2341 3623 2411 3677 de
2440 3621 2617 3694 lignis
2647 3621 2843 3678 settim
2875 3639 3004 3695 quae
3036 3622 3172 3695 ipsae
3203 3623 3443 3695 quidem
3476 3626 3659 3681 deau-

2002 3717 2138 3767 rataa
2197 3716 2389 3778 erunt,
2422 3717 2479 3767 et
2526 3712 2829 3768 habebunt
2875 3713 3066 3785 capita
3114 3729 3314 3781 aurea,
3348 3715 3449 3770 sed
3483 3715 3658 3773 bases

2001 3805 2330 3873 argenteas.
2376 3800 2672 3858 Inseretur
2720 3805 2917 3858 autem
2966 3800 3164 3857 velum
3225 3820 3326 3875 per
3382 3803 3654 3872 circulos,

1999 3889 2155 3946 intra
2178 3891 2331 3962 quod
2360 3907 2540 3962 pones
2560 3907 2754 3945 arcam
2786 3890 3129 3960 testimonii,
3154 3895 3343 3962 etquo
3368 3893 3654 3949 Sanctua-

2000 3979 2178 4048 rium,
2224 3984 2280 4036 et
2327 3978 2622 4035 sanctuari
2669 3980 3017 4035 Sanctuaria
3060 3979 3414 4035 dividentur.
3468 3982 3652 4037 Poncs

2002 4072 2061 4125 et
2090 4067 2563 4141 propitiatorium
2587 4082 2765 4139 super
2782 4084 2974 4123 arcam
3001 4068 3318 4124 testimonii
3345 4068 3403 4123 in
3436 4071 3651 4125 Sancto

2001 4161 2385 4214 sanctorum:
2443 4172 2826 4228 mensamque
2872 4161 3032 4212 extra
3082 4157 3299 4223 velum,
3346 4162 3405 4213 et
3450 4163 3655 4215 contra

2002 4263 2267 4304 mensam
2322 4246 2735 4302 candelabrum
2768 4247 2826 4301 in
2856 4246 3038 4303 latere
3078 4247 3437 4303 tabernaculi
3471 4250 3648 4303 meri-

2000 4336 2175 4392 diano
2206 4354 2219 4395 :
2252 4352 2459 4391 mensa
2494 4335 2650 4390 enim
2682 4334 2863 4390 stabit
2881 4334 2941 4390 in
2993 4351 3156 4407 parte
3188 4336 3507 4407 Aquilonis.
3543 4341 3647 4392 Fa-

2001 4425 2116 4481 cies
2142 4428 2200 4480 et
2243 4423 2559 4479 tentorium
2609 4423 2666 4478 in
2701 4424 2945 4479 introitu
2986 4424 3357 4480 tabernaculi
3401 4426 3473 4481 de
3514 4425 3652 4498 hya-

2001 4513 2221 4581 cintho,
2253 4517 2309 4569 et
2340 4528 2616 4585 purpura,
2668 4528 2955 4584 coccoque
2987 4513 3078 4568 bis
3108 4513 3311 4579 tincto,
3355 4520 3409 4569 et
3441 4514 3646 4586 bysso-

2001 4606 2240 4668 retorta,
2262 4617 2434 4672 opere
2450 4599 2838 4673 plumario.Et
2858 4600 3119 4673 quinque
3142 4601 3449 4657 columnas
3465 4603 3647 4659 deau-

2000 4690 2461 4761 rabislignorum
2476 4688 2771 4758 seltim,an
2785 4695 2836 4744 te
2859 4706 3008 4761 quas
3023 4690 3269 4745 ducetur
3295 4692 3645 4747 tentorium:

2000 4796 2253 4851 quarum
2284 4781 2457 4834 erunt
2481 4778 2673 4850 capita
2698 4795 2767 4833 au
2780 4794 2896 4843 rea,
2918 4782 2977 4834 et
3005 4778 3178 4835 bases
3202 4796 3395 4836 cenem.

2073 4868 2228 4940 [Cap.
2257 4866 2532 4923 XXXVII.
2562 4869 2579 4939 ]
2616 4867 2809 4922 Facies
2834 4872 2891 4922 et
2912 4868 3093 4924 altare
3113 4869 3184 4923 de
3214 4867 3390 4940 lignis
3421 4869 3638 4939 settim,

2000 4959 2155 5029 quod
2170 4957 2405 5013 habebit
2425 4957 2687 5029 quinque
2708 4956 2936 5013 cubitos
2958 4956 3018 5011 in
3037 4955 3487 5029 longitudine,et
3508 4958 3643 5014 toti-

2000 5047 2131 5103 dem
2163 5046 2222 5101 in
2253 5045 2585 5114 latitudine,
2618 5045 2673 5101 id
2702 5050 2792 5101 est
2838 5046 3152 5115 quadrum,
3181 5051 3238 5101 et
3267 5050 3387 5102 tres
3415 5046 3645 5102 cubitos

1998 5136 2059 5191 in
2082 5134 2413 5192 altitudine.
2440 5138 2672 5192 Cornua
2693 5138 2888 5191 autem
2912 5151 3015 5207 per
3030 5138 3284 5206 quatuor
3307 5133 3554 5206 angulos
3576 5149 3645 5190 ex

1999 5329 2405 5401 quinquaginta
2432 5330 2650 5401 ﬁbulas.
2706 5332 2815 5401 etc.
2848 5329 2964 5384 Nos
2996 5344 3216 5401 morem
3247 5327 3642 5401 Hieronymia-

2000 5399 2159 5457 num“
2176 5399 2384 5468 secuti,
2419 5399 2645 5456 mutare
2696 5399 2974 5457 nolumus
3011 5399 3294 5455 librorum
3350 5400 3639 5454 editorum

1995 5472 2302 5601 lﬁctiones,
2352 5473 2454 5529 u‘bi
2508 5472 2733 5530 nullum
2793 5481 2879 5528 est
2925 5473 3207 5528 damnum
3256 5470 3316 5527 in
3347 5470 3641 5529 sensibus.

2064 5561 2192 5600 sar.

2064 5561 2192 5600 ΛΒΤ.
