4080 6186
364 298 467 355 311

1423 294 1484 348 8.
1524 295 1933 349 HIERONYMI
1969 297 2224 351 DIVINA
2259 298 2756 357 BIBLIOTHECA.

3672 301 3783 358 312

361 424 491 496 ipso
522 425 716 491 erunt,
749 425 810 475 ot
831 418 1057 475 oderies
1083 416 1227 471 illud
1260 432 1391 471 aare.
1427 417 1745 489 Faciesque
1776 418 1832 473 in
1866 435 2011 475 usus
2040 421 2095 488 Α
2126 420 2293 477 mihi.
2330 424 2410 494 [Ο.
2444 424 2613 496 CtX.]
2645 430 2778 481 Haec
2808 431 3007 483 autem
3042 431 3219 483 erunt
3265 427 3619 483 vestimenta
3648 443 3778 499 qua!

367 514 496 585 ejus
528 512 751 568 lebetes
783 510 855 565 ad
903 506 1315 577 suscipiendos
1370 506 1621 575 cineres,
1671 511 1730 562 et
1759 507 2011 581 forcipes

363 608 534 673 atque
563 598 889 657 fuscinulas
910 600 968 651 et
990 595 1217 667 ignium
1242 595 1624 667 receptacula.
1650 596 1860 652 Omnia
1874 615 2013 654 vasa

363 709 435 747 ex
461 708 575 747 aere
611 687 947 745 fabricabis.
991 684 1456 755 Craticalamque
1490 684 1548 740 in
1599 688 1839 741 modum
1873 687 2012 744 retis

366 796 582 837 aaneam
612 796 623 834 :
655 793 757 847 per
787 775 958 846 cujus
988 779 1243 845 quatuor
1272 773 1519 845 angulos
1557 780 1731 830 erunt
1761 780 2014 846 quatuor

372 868 574 924 annuli
606 866 740 922 aerei
773 865 954 935 [Vulg.
1003 863 1192 935 aenei],
1242 879 1390 934 quos
1420 880 1597 934 pones
1645 864 1847 920 subter
1875 882 2012 921 aru-

365 957 482 1012 lam
514 956 734 1011 altaris.
766 954 1008 1025 Eritque
1028 951 1308 1008 craticula
1336 968 1522 1023 usque
1549 953 1620 1007 ad
1652 953 1858 1009 altaris
1890 970 2009 1009 me-

364 1047 550 1102 dium.
586 1045 786 1101 Facies
815 1047 872 1099 et
921 1047 1107 1098 vectes
1153 1041 1352 1096 altaris
1398 1042 1573 1113 [Vu(g.
1621 1048 1732 1097 (ac.
1785 1042 2010 1116 altaris]

365 1136 437 1192 de
468 1134 647 1207 lignis
668 1134 869 1190 settim
901 1133 1071 1198 duos,
1105 1148 1253 1202 quos
1285 1132 1511 1203 operies
1543 1131 1783 1187 laminis
1813 1133 2010 1200 aeneis,

366 1230 425 1281 et
454 1224 698 1281 induces
722 1240 825 1295 per
851 1221 1125 1287 circulos,
1147 1224 1436 1291 eruntque
1466 1237 1535 1276 ex
1558 1224 1804 1292 utroque
1834 1220 2014 1278 latere

368 1314 573 1370 altaris
606 1314 677 1369 ad
729 1311 1104 1384 portandum.
1152 1309 1276 1367 Non
1308 1309 1586 1375 solidum,
1619 1310 1721 1365 sed
1754 1310 1927 1367 inane
1956 1317 2015 1368 et

367 1420 573 1459 cavum
605 1401 959 1457 intrinsecus
990 1400 1165 1455 facies
1207 1397 1376 1467 illud,
1410 1398 1561 1454 sicut
1590 1399 1695 1454 tibi
1727 1399 1786 1453 in
1820 1405 2014 1457 monte
2060 1436 2063 1439 η

372 1497 765 1548 monstratum
798 1494 905 1545 est.
950 1488 1143 1543 Facies
1192 1491 1249 1541 et
1279 1486 1493 1543 atrium
1538 1487 1922 1555 tabernoculi,
1954 1490 2011 1545 in

367 1583 537 1651 cujus
560 1580 731 1651 plaga
752 1576 995 1634 australi
1031 1582 1234 1632 contra
1257 1575 1558 1632 meridiem
1580 1577 2016 1633 erunttentoria

366 1672 438 1725 de
462 1671 633 1742 bysso
666 1672 882 1724 retorta
911 1684 922 1721 :
958 1671 1188 1721 centum
1210 1664 1438 1721 cubitos
1462 1681 1644 1720 unum
1674 1665 1830 1721 latus
1856 1669 2013 1721 tene-

372 1760 457 1814 bit
486 1760 544 1813 in
578 1756 962 1829 longitudine.
996 1756 1064 1810 Et
1104 1753 1408 1809 columnas
1437 1753 1642 1826 viginti
1674 1769 1807 1809 cum
1858 1755 2013 1810 basi-

373 1849 483 1903 bus
514 1846 753 1902 totidem
786 1846 980 1912 aeneis,
1015 1861 1143 1916 quas
1176 1844 1370 1914 capita
1403 1859 1535 1899 cum
1568 1842 1859 1899 caelaturis
1889 1843 2015 1900 suis

371 1938 674 1992 habebunt
720 1938 1016 2006 argentea.
1066 1932 1346 1989 Similiter
1375 1932 1437 1987 in
1484 1932 1665 1988 latere
1703 1933 2015 2005 Aquilonis

370 2044 472 2097 per
502 2025 744 2095 longum
775 2027 948 2078 erunt
978 2021 1227 2077 tentoria
1256 2024 1492 2076 centum
1525 2021 1879 2090 cubitorum,
1914 2040 2014 2079 co-

373 2117 586 2170 lumnas
619 2112 846 2185 viginti,
877 2117 934 2166 et
973 2112 1144 2166 bases
1174 2126 1343 2165 senem
1375 2110 1639 2181 ejusdem
1671 2112 1924 2177 numeri,
1958 2118 2015 2168 et

367 2205 558 2275 capita
587 2218 787 2257 earum
820 2217 953 2256 cum
978 2200 1270 2255 caelaturis
1301 2199 1425 2254 suis
1457 2203 1749 2271 argentea.
1787 2202 1849 2256 In
1879 2200 2014 2258 lati-

366 2293 572 2349 tudine
592 2307 725 2347 vero
750 2289 904 2360 atrii,
920 2290 1073 2360 quod
1091 2288 1327 2359 respicit
1342 2288 1413 2343 ad
1429 2288 1812 2360 occidentem,
1838 2296 2011 2346 erunt

364 2381 615 2437 tentoria
645 2396 747 2452 per
768 2378 1195 2451 quinquaginta
1238 2377 1488 2446 cubitos,
1515 2382 1572 2432 et
1592 2377 1882 2436 columna
1911 2380 2010 2435 de-

366 2487 491 2526 cem
516 2471 802 2540 basesque
816 2468 1080 2523 totidem.
1108 2467 1173 2521 In
1188 2482 1255 2521 ea
1274 2482 1423 2537 quoq
1436 2483 1507 2522 ue
1518 2467 1649 2522 atrii
1673 2466 2009 2539 latitudine,

368 2576 494 2632 quae
517 2558 838 2630 respicitad
852 2554 1601 2627 Orientem,quinquaginta
1620 2555 2008 2613 cubitierunt.

369 2649 429 2703 In
462 2648 680 2719 quibus
702 2644 1038 2718 quindecim
1061 2640 1394 2700 cubitorum
1418 2645 1666 2700 tentoria
1696 2644 1862 2701 lateri
1895 2662 2011 2702 uno

367 2733 1246 2808 deputabuntur,columnseque
1268 2738 1386 2789 tres
1404 2736 1462 2788 et
1482 2733 1652 2789 bases
1664 2734 1930 2802 totidem,
1953 2740 2012 2792 et

369 2826 429 2882 in
460 2826 639 2881 latere
669 2824 849 2881 altero
898 2828 1072 2878 erunt
1123 2822 1377 2878 tentoria
1404 2822 1634 2879 cubitos
1689 2824 2012 2881 obtinentia

368 2914 728 2987 quindecim,
762 2915 1051 2970 columna:
1079 2918 1220 2981 tres,
1251 2918 1307 2968 et
1328 2912 1497 2968 bases
1525 2912 1786 2969 totidem.
1822 2913 1884 2969 In
1916 2913 2009 2969 in-

368 3004 549 3060 troitu
588 3020 719 3060 vero
751 3002 887 3059 atrii
917 3001 1012 3056 fiet
1059 3000 1377 3058 tentorium
1421 3001 1755 3057 cubitorum
1802 3001 2007 3074 viginti

2124 510 2337 567 facient
2368 512 2694 585 Rationale,
2726 520 2783 570 et
2838 516 3344 588 superhumerale,
3397 515 3662 572 tunicam
3716 524 3775 572 et

2123 597 2339 655 lineam
2372 602 2661 668 strictam,
2684 603 2928 661 cidarim
2960 614 3012 661 et
3036 605 3316 663 balteum.
3344 607 3580 662 Facient
3602 607 3775 662 vesti-

2124 693 2321 743 menta
2342 695 2548 746 sancta
2571 697 2765 749 Aaron
2786 693 2951 749 fratri
2975 698 3075 750 tuo
3095 699 3151 751 et
3174 694 3311 751 ﬁliis
3326 696 3481 765 ejus,
3503 699 3771 750 utsacer-

2125 777 2285 833 dotio
2309 778 2634 851 fungantur
2655 780 2823 836 mihi.
2848 782 3267 856 Accipientque
3291 800 3526 851 aurum,
3546 788 3606 840 et
3631 784 3767 856 hya-

2123 865 2411 937 cinthum,
2443 874 2501 924 et
2529 886 2873 942 purpuram,
2903 888 3259 945 coccumque
3288 871 3379 928 bis
3408 872 3682 941 tinctum,
3715 876 3772 927 et

2125 956 2385 1027 byssum.
2419 957 2653 1013 Facient
2682 964 2875 1015 autem
2926 960 3413 1031 superhumerale
3442 961 3513 1017 de
3542 977 3684 1017 auro
3714 964 3772 1016 et

2123 1042 2435 1116 hyacintho
2454 1062 2520 1102 ac
2553 1064 2828 1119 purpura,
2852 1065 3141 1121 coccoque
3168 1050 3257 1106 bis
3278 1050 3481 1120 tincto,
3512 1053 3568 1106 et
3596 1049 3772 1122 bysso

2125 1137 2359 1203 retorta,
2392 1150 2564 1206 opere
2594 1135 3057 1209 polymito.Duas
3088 1154 3219 1194 oras
3238 1141 3482 1211 junctas
3524 1137 3764 1193 habebit

2120 1221 2179 1277 in
2206 1227 2453 1295 utroque
2472 1224 2651 1279 latere
2675 1226 3109 1294 summitatum,
3132 1231 3194 1283 ut
3211 1228 3270 1282 in
3290 1244 3474 1283 unum
3505 1227 3768 1282 redeant.

2127 1313 2379 1383 Ipsaque
2410 1318 2639 1369 textura
2686 1319 2745 1370 et
2773 1320 2989 1371 cuncta
3035 1316 3229 1388 Operis
3276 1315 3527 1373 varietas
3565 1315 3675 1370 erit
3702 1330 3772 1370 ex

2123 1417 2289 1467 auro,
2315 1406 2372 1456 et
2395 1401 2731 1473 hyacintho,
2755 1411 2810 1457 et
2830 1420 3113 1476 purpura,
3133 1420 3420 1475 coccoque
3450 1405 3541 1461 bis
3565 1404 3767 1473 tincto,

2121 1493 2178 1543 et
2199 1488 2368 1560 bysso
2390 1494 2625 1547 retorta.
2657 1491 2982 1563 Sumesque
3004 1493 3152 1548 duos
3174 1491 3400 1565 lapides
3421 1492 3765 1566 onychinos,

2123 1582 2183 1633 et
2212 1577 2448 1650 sculpes
2478 1577 2537 1633 in
2581 1578 2664 1635 eis
2695 1578 2934 1636 nomina
2983 1580 3241 1636 ﬁliorum
3275 1580 3450 1638 Israel
3487 1597 3500 1635 :
3529 1598 3631 1636 sex
3657 1596 3767 1635 no-

2124 1666 2287 1721 mina
2314 1666 2372 1720 in
2404 1666 2597 1738 lapide
2630 1684 2765 1735 uno,
2798 1672 2857 1724 et
2885 1684 2986 1724 sex
3015 1669 3238 1741 reliqua
3278 1670 3335 1725 in
3368 1669 3571 1736 altero,
3596 1668 3771 1740 juxta

2123 1755 2390 1811 ordinem
2422 1755 2743 1812 nativitatis
2773 1772 2997 1815 eorum.
3029 1758 3212 1831 Opere
3238 1758 3553 1831 sculptoris
3583 1762 3639 1814 et
3654 1774 3769 1814 csa-

2125 1842 2319 1899 latura
2369 1844 2678 1915 gemmarii
2721 1844 2956 1919 sculpes
3002 1862 3101 1903 eos
3133 1847 3471 1904 nominibus
3513 1846 3770 1903 ﬁliorum

2122 1931 2321 1998 Israel,
2352 1931 2615 1989 inclusos
2644 1949 2785 1990 auro
2834 1940 3004 2006 atque
3034 1935 3430 1992 circumdatos
3456 1952 3469 1990 :
3501 1940 3558 1992 et
3588 1950 3771 2007 pones

2120 2020 2181 2075 in
2215 2026 2463 2093 utroque
2483 2020 2665 2079 latere
2694 2022 3221 2094 superhumeralis,
3265 2024 3599 2080 Memoriale
3631 2023 3771 2078 filiis

2122 2109 2319 2166 Israel.
2383 2111 2756 2183 Portahitque
2802 2114 2990 2169 Aaron
3039 2113 3280 2169 nomina
3329 2130 3535 2170 eorum
3565 2129 3763 2169 coram

2122 2199 2365 2256 Domino
2385 2217 2565 2272 super
2594 2205 2727 2257 utru
2739 2217 2911 2273 mque
2934 2201 3272 2271 humerum,
3294 2203 3368 2258 ob
3400 2200 3761 2258 recordatio-

2120 2305 2273 2344 nem.
2307 2289 2505 2346 Facies
2536 2294 2595 2345 et
2624 2289 2869 2346 uncinos
2899 2306 2966 2345 ex
2997 2307 3160 2359 auro,
3193 2296 3250 2348 et
3280 2292 3428 2348 duas
3458 2289 3760 2346 catenulas

2116 2378 2244 2434 auri
2274 2378 2575 2450 purissimi
2606 2379 2722 2435 sibi
2766 2379 3015 2436 invicem
3059 2380 3439 2448 cohaarentes,
3490 2396 3639 2452 quas
3672 2378 3755 2433 in-

2114 2483 2296 2538 seres,
2321 2467 2567 2523 uncinis.
2594 2468 2893 2524 Rationale
2910 2484 3142 2541 quoque
3157 2469 3367 2541 judicii
3389 2470 3565 2525 facies
3586 2482 3759 2540 opere

2118 2554 2395 2628 polymito
2417 2557 2591 2626 juxta
2617 2562 2909 2613 texturam
2942 2556 3469 2630 superhumeralis,
3498 2574 3568 2613 ex
3597 2573 3763 2627 auro,

2116 2644 2519 2717 hyacintho,et
2549 2663 2828 2719 purpura,
2850 2663 3134 2718 coccoque
3155 2647 3243 2703 bis
3278 2648 3483 2719 tincto,
3512 2651 3569 2703 et
3592 2646 3768 2719 bysso

2117 2739 2353 2791 retorta.
2388 2735 2870 2809 Quadrangulum
2901 2737 3011 2792 erit
3054 2743 3111 2793 et
3139 2737 3389 2809 duplex:
3424 2752 3764 2793 mensuram

2116 2822 2298 2896 palmi
2330 2824 2564 2881 habebit
2593 2829 2713 2880 tam
2745 2826 2802 2881 in
2848 2824 3217 2897 longitudine
3258 2842 3441 2897 quam
3472 2826 3531 2880 in
3564 2824 3771 2880 latitu'

2115 2912 2271 2967 dine.
2308 2918 2604 2985 Ponesque
2632 2915 2689 2969 in
2721 2931 2789 2970 eo
2819 2919 3075 2985 quatuor
3112 2915 3349 2971 ordines
3393 2914 3659 2988 lapidum
3694 2916 3710 2949 ¹
3747 2931 3762 2970 :

2116 3001 2176 3057 in
2208 3018 2397 3074 primo
2426 3019 2597 3059 versu
2628 3003 2739 3059 erit
2784 3003 2938 3075 lapis
2987 3004 3245 3072 sardius,
3292 3008 3349 3060 et
3376 3003 3669 3077 topazius,
3710 3007 3772 3058 et

366 3110 436 3149 ex
465 3092 783 3165 hyacintho
823 3096 880 3147 et
910 3107 1191 3163 purpura,
1237 3105 1525 3161 coccoque
1567 3090 1659 3146 bis
1702 3091 1905 3158 tincto,
1954 3096 2009 3147 et
2118 3092 2468 3164 smaradgus
2498 3108 2512 3146 :
2545 3090 2604 3145 in
2627 3092 2881 3148 secundo
2904 3092 3323 3159 carbunculus,
3351 3091 3691 3166 sapphirus,
3716 3098 3777 3147 et

366 3183 542 3255 bysso
574 3187 814 3247 retorta,
847 3195 1019 3251 opere
1071 3178 1384 3250 plumarii:
1419 3178 1723 3235 columnas
1772 3180 2015 3237 habebit
2045 3166 2088 3234 C
2120 3179 2350 3252 jaspis;
2386 3182 2444 3235 in
2472 3181 2643 3237 tertio
2674 3180 2947 3253 ligurius,
2995 3181 3254 3249 achates,
3288 3188 3346 3237 et
3374 3182 3775 3255 amethystus;

367 3277 618 3342 quatuor
660 3286 793 3324 cum
843 3267 1087 3323 basibus
1137 3267 1403 3322 totidem.
1465 3266 1679 3322 Omnes
1729 3266 2017 3324 columnae

366 3358 497 3415 atrii
530 3375 633 3429 per
661 3358 969 3413 circuitum
1014 3355 1235 3411 vestitae
1267 3360 1438 3410 erunt
1485 3355 1709 3426 argenti
1758 3355 2019 3425 laminis,

366 3449 659 3519 capitibus
692 3446 1004 3518 argenteis,
1055 3450 1113 3499 et
1142 3444 1386 3500 basibus
1439 3444 1636 3500 aeneis.
1670 3445 1736 3499 In
1765 3443 2022 3518 longitu-

372 3538 509 3592 dine
536 3536 846 3608 occupabit
892 3533 1109 3589 atrium
1157 3533 1387 3589 cubitos
1443 3538 1702 3603 centum,
1738 3533 1796 3588 in
1829 3534 2025 3591 latitu-

369 3627 505 3682 dine
553 3623 984 3697 quinquaginta
1044 3625 1238 3695 [Vulg.
1291 3622 1723 3694 quadraginta],
1776 3623 2024 3681 altitudo

376 3716 637 3788 quinque
679 3713 1013 3769 cubitorum
1036 3713 1165 3769 erit.
1209 3711 1449 3783 Fietque
1478 3712 1550 3767 de
1582 3712 1756 3784 bysso
1787 3722 2021 3781 retorta,

372 3810 431 3861 et
459 3804 702 3860 habebit
733 3804 904 3858 bases
934 3818 1143 3857 aeneas.
1174 3802 1396 3857 Cuncta
1416 3817 1550 3855 vasa
1583 3802 1940 3857 tabernaculi
1965 3803 2022 3858 in

374 3910 581 3950 omnes
613 3909 758 3948 usus
783 3896 840 3948 et
860 3890 1385 3959 ceremonias,tam
1411 3888 1658 3962 paxillos
1687 3890 1817 3961 ejus
1848 3907 2023 3961 quam

374 3983 531 4049 atrii,
554 4000 622 4038 ex
642 3998 754 4037 ere
783 3980 981 4036 facies.
1017 3980 1098 4053 [Ο.
1127 3980 1294 4052 CVI.]
1328 3978 1729 4050 Praecipeﬁliis
1760 3980 1937 4035 Israel
1964 3985 2027 4036 ut

374 4074 621 4129 afferant
652 4070 761 4126 tibi
793 4071 987 4125 oleum
1019 4069 1091 4124 de
1113 4068 1422 4124 arboribus
1452 4067 1737 4123 olivarum
1770 4069 2023 4140 purissi-

374 4179 561 4226 mum,
587 4161 821 4233 piloque
840 4164 1178 4227 contusum,
1204 4162 1267 4212 ut
1287 4156 1489 4212 ardeat
1519 4155 1762 4211 lucerna
1791 4174 2027 4229 semper

371 4253 429 4307 in
455 4247 832 4306 tabernaculo
855 4247 1190 4312 testimonii,
1222 4250 1383 4301 extra
1400 4244 1595 4301 velum
1621 4247 1776 4317 quod
1802 4263 2024 4319 oppan'

371 4357 501 4396 sum
526 4343 616 4395 est
635 4336 990 4393 testimonio.
1007 4334 1460 4390 Etcollocabunt
1482 4350 1609 4389 eam
1634 4340 1826 4390 Aaron
1842 4341 1900 4390 et
1918 4334 2021 4390 filii

372 4431 421 4498 ej
433 4432 596 4495 us,ut
616 4442 802 4497 usque
816 4441 989 4480 mane
1002 4424 1193 4479 luceat
1213 4439 1407 4478 coram
1422 4423 1691 4479 Domino.
1703 4424 2022 4496 Perpetuus

374 4518 484 4573 erit
516 4515 709 4571 cultus
744 4530 842 4584 per
891 4512 1298 4569 successiones
1343 4528 1545 4567 eorum
1579 4529 1612 4567 a
1651 4512 1789 4567 ﬁliis
1822 4512 2016 4568 Israel.
2054 4536 2098 4599 υ

449 4608 527 4677 [ω.
561 4603 733 4671 CVII,
780 4606 915 4673 Cap.
964 4600 1513 4672 XXVIII.]Applica
1561 4618 1795 4673 quoque
1847 4603 1917 4657 ad
1966 4607 2021 4658 te

376 4699 568 4750 Aaron
601 4693 840 4747 fratrem
862 4694 1031 4746 tuum
1064 4705 1198 4745 cum
1233 4688 1371 4745 ﬁliis
1403 4690 1529 4745 suis
1551 4691 1622 4746 de
1655 4690 1846 4746 medio
1875 4690 2020 4747 lilio-

376 4800 504 4839 rum
540 4780 740 4850 Israel,
774 4783 837 4834 ut
865 4778 1190 4835 sacerdotio
1235 4778 1553 4849 fungantur
1584 4778 1728 4833 mihi
1757 4795 1768 4833 :
1803 4785 2017 4851 Aaron,

374 4872 599 4939 Nadab,
631 4875 691 4926 et
734 4869 906 4935 Abiu,
951 4867 1204 4939 Eleazar,
1228 4872 1285 4923 et
1332 4867 1611 4923 Ithamar.
1668 4868 1750 4939 [Ο.
1782 4868 2014 4942 CVIII.]

371 4962 689 5032 Faciesqne
734 4962 956 5014 vestem
1005 4961 1271 5014 sanctam
1335 4958 1520 5013 Aaron
1575 4956 1739 5013 fratri
1798 4962 1899 5014 tuo
1957 4958 2017 5014 in

372 5051 618 5126 gloriam
646 5054 703 5105 et
732 5049 1022 5103 decorem.
1078 5047 1148 5101 Et
1176 5046 1433 5117 loqueris
1465 5044 1693 5102 cunctis
1732 5046 2016 5118 sapienti-

373 5144 482 5197 bus
514 5138 710 5203 corde,
760 5152 909 5209 quos
941 5135 1152 5207 replevi
1197 5134 1410 5207 spiritu
1442 5135 1789 5206 prudentiae,
1833 5140 1899 5191 ut
1929 5137 2017 5192 fa-

370 5231 528 5287 ciant
547 5232 737 5285 vestes
750 5227 964 5291 Aaron,
988 5224 1045 5280 in
1061 5223 1278 5296 quibus
1300 5224 1701 5281 sanctificatus
1726 5223 2019 5282 ministret

442 5412 459 5445 ¹
500 5410 575 5465 De
624 5410 879 5477 quatuor
908 5403 1171 5475 lapidum
1227 5402 1556 5477 ordinibus,
1607 5402 1726 5477 sive
1751 5402 2014 5460 versibus

372 5482 431 5535 in
467 5474 735 5535 rationali
772 5474 1143 5546 Aaron’saepe
1194 5474 1555 5546 meminith.
1608 5474 2015 5545 Hieronymus,

376 5559 440 5608 ut
474 5553 574 5606 lib.
606 5568 677 5605 xv
707 5552 1032 5613 Comment,
1076 5545 1142 5601 in
1176 5562 1299 5618 cap.
1338 5563 1426 5600 LIV
1473 5545 1653 5618 Isaias.
1703 5548 1771 5601 Ili
1804 5546 2013 5615 inquit,

374 5622 661 5680 duodecim
690 5620 902 5693 lapides
931 5617 1261 5675 scribuntur
1292 5634 1393 5690 per
1420 5617 1670 5674 ordinem
1700 5619 1761 5674 in
1806 5618 2013 5689 Exodo,

2127 3268 2189 3324 in
2236 3274 2446 3340 quarto
2502 3269 2923 3342 chrysolithus,
2994 3270 3339 3342 onychinus,
3388 3276 3444 3327 et
3490 3269 3771 3343 beryllus.

2129 3357 2345 3414 Inclusi
2379 3375 2521 3414 auro
2549 3364 2723 3414 erunt
2755 3376 2856 3430 per
2885 3359 3121 3415 ordines
3152 3376 3311 3416 suos.
3346 3360 3774 3431 Habebuntque

2130 3447 2371 3503 nomina
2400 3446 2654 3503 ﬁliorum
2688 3448 2900 3504 Israel:
2952 3448 3262 3505 duodecim
3297 3448 3636 3505 nominibus
3666 3465 3775 3504 cte-

2129 3534 2430 3592 labuntur.
2447 3536 2663 3607 singuli
2678 3535 2901 3608 lapides
2916 3536 3258 3594 nominibus
3271 3536 3635 3609 singulorum
3668 3553 3774 3609 per

2132 3624 2441 3680 duodecim
2482 3624 2691 3680 tribus.
2742 3624 2939 3680 Facies
2968 3624 3027 3680 in
3070 3625 3339 3681 rationali
3388 3632 3627 3682 catenas
3661 3625 3779 3681 sibi

2132 3712 2380 3768 invicem
2437 3712 2793 3769 cohaerentes
2840 3729 2908 3768 ex
2954 3729 3097 3770 auro
3142 3712 3583 3787 purissimo:et
3627 3714 3780 3771 duos

2132 3800 2382 3857 annulos
2419 3817 2651 3869 aureos,
2697 3818 2842 3873 quos
2892 3817 3071 3873 pones
3102 3802 3161 3858 in
3192 3806 3441 3875 utraque
3475 3800 3781 3860 rationalis

2135 3890 2511 3959 summitate;
2542 3893 2893 3962 catenasque
2910 3907 3120 3947 aureas
3145 3893 3364 3964 junges
3394 3890 3652 3959 annulis,
3673 3892 3780 3964 qui

2133 3983 2275 4035 sunt
2306 3978 2365 4034 in
2419 3978 2789 4050 marginibus
2836 3979 2987 4050 ejus,
3021 3984 3078 4035 et
3126 3980 3391 4052 ipsarum
3439 3986 3780 4037 catenarum

2131 4074 2389 4125 extrema
2420 4068 2650 4123 duobus
2704 4066 3004 4138 cepulabis
3050 4069 3282 4126 uncinis
3314 4070 3371 4125 in
3422 4075 3669 4141 utroque
3701 4068 3785 4125 la-

2132 4162 2252 4213 tere
2282 4174 2349 4212 su
2359 4156 2787 4229 perhumeralis
2809 4158 2966 4228 quod
2990 4158 3274 4215 rationale
3302 4160 3560 4232 respicit.
3581 4159 3783 4216 Facies

2133 4252 2190 4303 et
2220 4248 2364 4302 duos
2392 4244 2645 4302 annulos
2671 4262 2903 4316 aureos,
2935 4263 3082 4319 quos
3114 4264 3297 4319 pones
3328 4247 3388 4305 in
3420 4248 3781 4304 summitati-

2132 4336 2242 4390 bus
2275 4333 2595 4405 rationalis,
2629 4334 2685 4389 in
2726 4334 2866 4404 oris,
2897 4352 3022 4407 quea
3053 4352 3084 4392 e
3127 4337 3360 4407 regione
3408 4342 3547 4393 sunt
3576 4353 3781 4408 super-

2132 4422 2476 4494 humeralis,
2502 4428 2560 4478 et
2602 4422 2925 4495 posteriora
2971 4424 3101 4495 ejus
3150 4424 3467 4497 aspiciunt.
3512 4426 3626 4482 Nec
3657 4442 3776 4480 non

2132 4517 2188 4567 et
2216 4512 2364 4569 alios
2394 4513 2542 4567 duos
2573 4510 2823 4568 annulos
2860 4528 3088 4580 aureos,
3122 4514 3222 4585 qui
3256 4514 3512 4585 ponendi
3542 4519 3683 4569 sunt
3715 4514 3778 4569 in

2133 4600 2563 4672 utroquelatere
2585 4600 3086 4672 superhumeralis
3103 4602 3400 4670 deorsum,
3416 4603 3570 4674 quod
3600 4603 3785 4674 respi-

2130 4692 2209 4746 cit
2256 4694 2461 4745 contra
2513 4688 2721 4745 faciem
2758 4689 3062 4759 juncturae
3110 4690 3425 4760 interioris,
3480 4698 3542 4747 ut
3584 4694 3780 4763 aptari

2129 4779 2316 4851 possit
2346 4795 2480 4834 cum
2512 4776 3006 4850 superhumerali,
3047 4783 3104 4834 et
3133 4778 3462 4851 stringatur
3493 4781 3783 4839 rationale

2128 4867 2361 4924 annulis
2383 4867 2507 4924 suis
2524 4882 2656 4922 cum
2683 4865 2919 4922 annulis
2947 4866 3447 4938 superhumeralis
3469 4869 3613 4924 vitta
3630 4869 3781 4942 hya-

2127 4956 2412 5026 cinthina,
2436 4960 2501 5011 ut
2531 4956 3056 5027 maneatjunctura
3086 4956 3507 5024 fabrefacta,et
3539 4975 3573 5014 a
3594 4973 3659 5013 se
3686 4957 3781 5013 in-

2126 5046 2307 5102 vicem
2350 5043 2630 5101 rationale
2660 5050 2717 5100 et
2738 5044 3219 5117 superhumerale
3263 5051 3559 5118 nequeant
3602 5062 3779 5117 sepa-

2127 5136 2265 5192 rari.
2302 5133 2676 5205 Portabitque
2701 5135 2891 5188 Aaron
2922 5133 3164 5189 nomina
3194 5134 3452 5191 ﬁliorum
3503 5135 3679 5192 Israel
3711 5135 3776 5192 in

2126 5223 2399 5282 rationali
2420 5222 2611 5295 judici
2646 5238 2823 5296 super
2868 5228 3071 5295 pectus
3102 5240 3278 5280 suum
3310 5225 3543 5296 quando
3574 5225 3779 5297 ingre-

2124 5408 2177 5461 et
2202 5402 2264 5458 in
2286 5399 2582 5475 Ezechiele,
2617 5399 2674 5455 id
2704 5407 2799 5467 ut,
2851 5398 2905 5454 ἰν
2933 5403 3012 5471 τῷ
3049 5398 3252 5474 λογείω
3277 5404 3581 5475 pontiﬁcis,
3612 5413 3663 5460 ει
3711 5407 3776 5462 in

2124 5491 2325 5529 corona
2356 5482 2515 5543 atque
2542 5473 2855 5547 diademate
2899 5473 3397 5547 priizcipinggrii,
3429 5473 3540 5530 etc.
3572 5477 3678 5532 Sed
3713 5484 3776 5533 et

2125 5548 2196 5601 de
2214 5552 2384 5619 veste
2405 5543 3103 5619 sacerdotolitractatum
3120 5543 3303 5602 edidit
3333 5547 3390 5602 in
3418 5546 3664 5619 epistola
3684 5550 3776 5604 ad

2123 5616 2431 5689 Fabiolam,
2456 5619 2629 5689 cujus
2646 5616 2882 5673 initium
2904 5622 3031 5675 est:
3059 5618 3233 5691 Usque
3246 5619 3422 5688 hodie,
3448 5616 3557 5677 etc.
3581 5620 3773 5677 Mam.
