4080 6186
242 300 327 359 313
1657 294 1824 350 ΜΒΒ

1936 296 2154 351 ΞΧΟΒΙ.

3488 304 3595 358 314

238 427 389 485 listur
413 422 826 492 sanctuarium,
868 421 1208 478 memoriale
1244 437 1442 477 coram
1499 419 1743 476 Domino
1775 418 1833 473 in
1864 419 1920 487 Α
1952 421 2246 478 unctionis
2278 424 2489 480 fundes
2519 442 2697 498 super
2725 431 2900 499 caput
2937 429 3104 499 ejus:
3140 432 3315 501 atque
3333 430 3443 486 hoc
3475 431 3591 485 ritu

241 521 490 572 aeternum.
521 518 708 568 Pones
735 516 926 567 autem
961 510 1021 567 in
1054 511 1325 567 rationali
1349 510 1558 582 judicii
1618 509 1837 564 doctri-

242 621 345 661 nam
369 608 419 658 et
444 601 761 671 veritatem,
821 616 954 672 quae
1008 600 1272 656 eruntin
1331 603 1563 673 pectore
1620 600 1837 666 Aaron,

243 692 433 767 quando
484 690 847 763 ingredietur
899 706 1097 746 coram
1162 691 1449 746 Domino:
1480 693 1537 745 et
1585 687 1840 761 gestabit

241 780 474 853 judicium
507 780 763 835 ﬁliorum
812 779 989 835 Israel
1046 779 1103 835 in
1138 784 1367 853 pectore
1419 794 1548 847 suo,
1590 778 1649 832 in
1697 793 1836 833 con-

241 875 403 942 spectu
430 868 655 924 Domini
688 884 941 942 semper.
1005 869 1201 925 Facies
1248 872 1307 925 et
1336 868 1595 924 tunicam
1626 881 1838 938 super—

241 959 507 1015 humeralis
538 962 721 1014 totam
770 958 1243 1031 hyacinthinam,
1294 958 1356 1013 in
1417 958 1588 1028 cujus
1647 954 1837 1011 medio

237 1064 380 1119 supra
404 1046 504 1103 erit
535 1046 841 1118 capitium,
874 1052 931 1102 et
955 1063 1054 1103 ora
1083 1063 1186 1120 per
1204 1063 1411 1121 gyrum
1435 1047 1564 1118 ejus
1590 1043 1835 1114 textilis,

237 1138 355 1193 sicut
379 1138 491 1194 ﬁeri
544 1137 692 1194 solet
721 1138 778 1192 in
811 1137 1088 1194 extremis
1144 1138 1394 1194 vestium
1435 1136 1722 1211 partibus,
1763 1151 1835 1190 ne

233 1225 364 1282 facile
384 1234 703 1299 rumpatur.
737 1232 1024 1283 Deorsum
1048 1243 1204 1293 vero,
1237 1228 1307 1282 ad
1341 1228 1520 1299 pedes
1566 1225 1832 1296 ejusdem

233 1314 420 1378 tunicas,
451 1332 551 1387 per
571 1316 903 1384 circuitum,
946 1316 1114 1387 quasi
1173 1315 1330 1373 mala
1359 1315 1575 1388 punica
1629 1314 1832 1381 facies,

229 1418 281 1458 ex
305 1402 618 1475 hyacintho,
650 1409 708 1461 et
738 1422 1020 1477 purpura,
1040 1410 1279 1462 etcocco
1293 1404 1386 1461 bis
1411 1405 1615 1473 tincto,
1632 1402 1830 1458 mistis

229 1491 274 1546 in
299 1492 466 1548 medio
504 1492 948 1563 tintinnabulis,
989 1493 1071 1549 ita
1112 1500 1176 1550 ut
1231 1493 1697 1551 tintinnabulum
1751 1491 1830 1547 sit

226 1594 420 1635 aureum
448 1585 502 1635 et
542 1580 768 1636 malum
798 1580 1104 1653 punicum,
1137 1598 1492 1654 rursumque
1545 1579 1825 1635 tintinna-

224 1665 390 1722 bulum
420 1667 575 1724 aliud
616 1686 860 1726 aureum
875 1670 1165 1727 etmalum
1184 1671 1489 1743 punicum.
1518 1671 1588 1725 Et
1617 1667 1824 1724 vestie-

228 1759 303 1810 tur
325 1772 382 1811 ea
406 1760 591 1814 Aaron
623 1758 682 1814 in
711 1760 906 1815 ofﬁcio
937 1760 1275 1829 ministerii,
1308 1765 1373 1816 ut
1404 1759 1683 1815 audiatur
1729 1773 1824 1812 so-

226 1846 353 1900 nitus
375 1848 604 1916 quando
636 1848 963 1920 ingreditur
990 1854 1047 1905 et
1100 1849 1399 1922 egreditur
1428 1846 1831 1905 sanctuarium

229 1932 274 1989 in
299 1944 595 2007 conspectu
624 1938 887 2010 Domini,
918 1947 973 1995 et
1029 1956 1145 1995 non
1205 1939 1512 1995 moriatur.
1544 1937 1749 1994 Facies
1780 1936 1839 1991 et

233 2020 477 2081 laminam
515 2027 592 2082 de
623 2045 765 2083 auro
779 2028 1127 2100 purissimo:
1161 2030 1218 2084 in
1259 2044 1377 2099 qua
1396 2026 1629 2099 sculpes
1663 2040 1838 2096 opere

229 2112 486 2184 calatoris,
518 2117 801 2173 Sanctum
843 2117 1113 2174 Domino.
1162 2116 1513 2191 Ligabisque
1530 2130 1659 2171 eam
1691 2113 1837 2168 vitta

223 2201 575 2275 hyacinthina,
603 2212 661 2264 et
688 2208 799 2264 erit
826 2225 1005 2280 super
1038 2208 1273 2276 tiaram,
1297 2207 1617 2263 imminens
1657 2204 1835 2261 fronti

225 2292 492 2362 pontiﬁcis.
508 2297 892 2369 Portabitque
912 2302 1101 2353 Aaron
1122 2296 1460 2369 iniquitates
1484 2312 1684 2351 eorum
1706 2310 1834 2365 quas

225 2381 515 2441 obtulerunt
550 2392 605 2442 et
625 2387 1143 2443 sanctiﬁcaverunt
1169 2386 1275 2440 ﬁlii
1298 2385 1496 2450 Israel,
1521 2385 1579 2439 in
1602 2385 1836 2446 cunctis

222 2474 516 2531 muneribus
568 2481 629 2531 et
657 2476 919 2532 donariis
963 2477 1108 2532 suis.
1174 2476 1302 2530 Erit
1360 2480 1556 2531 autem
1613 2473 1835 2530 lamina

219 2576 407 2634 semper
435 2564 491 2619 in
519 2567 712 2621 fronte
743 2566 901 2637 ejus,
935 2571 1001 2621 ut
1029 2564 1299 2637 placatus
1329 2564 1414 2620 eis
1430 2565 1507 2620 sit
1524 2563 1829 2621 Dominus.

220 2647 865 2725 Stringesque‘tunicam
935 2655 1133 2728 bysso,
1186 2654 1490 2710 ettiaram
1532 2654 1834 2727 byssinam

221 2737 385 2808 facies,
413 2748 467 2797 et
492 2744 758 2800 balteum
772 2760 945 2817 opere
959 2744 1258 2816 plumarii.
1281 2744 1457 2800 Porro
1474 2743 1611 2799 ﬁliis
1642 2749 1833 2799 Aaron

218 2828 408 2886 tunicas
435 2831 623 2889 lineas
655 2833 914 2906 parabis,
947 2838 1005 2890 et
1036 2833 1258 2889 balteos
1289 2850 1355 2889 ac
1387 2832 1592 2901 tiaras,
1616 2832 1674 2887 in
1702 2832 1829 2904 glo-

220 2914 338 2972 riam
365 2925 417 2975 et
461 2922 780 2978 decorem:
831 2922 1100 2994 ventique
1147 2922 1242 2978 his
1298 2921 1575 2977 omnibus
1632 2929 1826 2978 Aaron

217 3003 414 3063 fratrem
447 3015 619 3067 tuum
656 3014 716 3067 et
741 3010 894 3067 ﬁlios
922 3012 1051 3083 ejus
1081 3027 1216 3067 cum
1246 3027 1335 3067 eo.
1364 3015 1431 3066 Et
1479 3014 1823 3066 cunctorum

212 3099 538 3156 consecrabis
562 3100 1323 3172 manus,sanctiﬁcabisque
1356 3099 1510 3166 illos,
1548 3104 1610 3155 ut
1630 3116 1823 3156 sacer-

1947 511 2403 569 consecrabitur.
2437 512 2613 569 Filios
2661 531 2897 587 quoque
2945 515 3104 573 illius
3158 517 3504 591 applicabis,
3538 523 3595 575 et

1946 597 2156 655 indues
2185 601 2403 658 tunicis
2432 601 2628 672 lineis,
2666 604 2982 677 cingesque
3012 606 3223 662 balteo.
3260 609 3452 663 Aaron
3485 608 3597 664 sci-

1946 687 2083 744 licet
2107 693 2164 745 et
2202 689 2417 747 liberos
2439 692 2585 761 ejus,
2618 696 2675 748 et
2705 693 2972 765 impones
2997 695 3082 751 eis
3120 695 3367 751 mitras:
3393 702 3595 753 erunt-

1947 793 2060 850 que
2091 780 2425 835 sacerdotes
2448 780 2886 853 mihireligione
2908 786 3254 855 perpetua‘.
3299 784 3386 855 [L.
3419 784 3589 857 CXI].

1946 866 2259 940 Postquam
2294 868 2598 925 intiaveris
2657 886 2868 927 manus
2900 888 3123 937 eorum,
3182 872 3504 945 applicabis
3535 880 3593 930 et

1944 954 2193 1012 vitulum
2225 973 2420 1013 coram
2444 958 2825 1014 tabernaculo
2855 959 3202 1016 testimonii.
3257 964 3590 1033 Imponent-

1943 1061 2057 1117 que
2086 1052 2280 1102 Aaron
2311 1052 2370 1103 et
2400 1047 2505 1102 ﬁlii
2536 1049 2665 1119 ejus
2696 1064 2906 1103 manus
2936 1065 3115 1120 super
3142 1054 3320 1121 caput
3344 1049 3590 1117 illius,et

1944 1135 2228 1190 mactabis
2258 1151 2391 1191 eum
2417 1136 2475 1191 in
2507 1142 2823 1209 conspectu
2855 1136 3107 1205 Domini,
3149 1138 3323 1209 juxta
3369 1138 3585 1195 ostium

1939 1224 2303 1280 tabernaculi
2360 1226 2701 1293 testimonii,
2743 1231 3145 1299 sumptunque
3176 1228 3247 1282 de
3304 1227 3590 1299 sanguine

1938 1312 2102 1368 vituli
2135 1330 2317 1386 pones
2350 1331 2529 1387 super
2558 1332 2779 1372 cornua
2833 1315 3036 1371 altaris
3087 1314 3267 1387 digito
3297 1321 3420 1381 tuo,
3453 1317 3590 1373 reli-

1939 1418 2120 1474 quum
2152 1408 2349 1460 autem
2379 1405 2731 1477 sanguinem
2764 1404 2975 1461 fundes
3016 1405 3183 1475 juxta
3212 1405 3406 1461 basim
3436 1406 3588 1477 ejus.

1937 1491 2144 1548 Sumes
2174 1496 2231 1548 et
2259 1494 2494 1565 adipem
2540 1498 2729 1550 totum
2761 1494 2864 1567 qui
2931 1494 3123 1566 operit
3179 1494 3483 1561 intestina,
3534 1500 3593 1550 ct

1937 1581 2249 1638 reticulum
2273 1582 2493 1654 jecoris
2522 1584 2549 1639 ?
2579 1599 2646 1639 ac
2703 1584 2854 1639 duos
2899 1599 3090 1650 renes,
3119 1588 3176 1639 et
3206 1584 3439 1656 adipem
3489 1584 3590 1655 qui

1935 1687 2115 1743 super
2170 1687 2269 1727 eos
2300 1676 2472 1728 estet
2500 1672 3035 1729 oﬁ‘eresincensum
3114 1688 3294 1744 super
3367 1673 3588 1728 altare:

1940 1776 2145 1816 carnes
2178 1775 2310 1817 vero
2340 1761 2511 1817 vituli
2542 1766 2600 1818 et
2646 1761 2867 1817 corium
2917 1766 2975 1817 et
3020 1762 3226 1817 ﬁmum
3274 1762 3588 1817 comburas

1948 1848 2085 1905 foris
2102 1853 2265 1905 extra
2300 1855 2512 1920 castra,
2544 1866 2610 1907 eo
2642 1851 2797 1921 quod
2830 1867 2935 1923 pro
2965 1860 3196 1922 peccato
3236 1851 3422 1922 [Vulg.
3456 1866 3586 1923 pec-

1945 1938 2113 2008 catis]
2143 1939 2239 1994 sit.
2272 1939 2465 1995 Unum
2498 1956 2733 2012 quoque
2761 1940 3001 1996 arietem
3024 1957 3434 2012 sumes,super
3485 1956 3584 1995 cu-

1937 2029 2040 2100 jus
2070 2032 2246 2099 caput
2266 2033 2485 2100 ponent
2512 2030 2697 2085 Aaron
2719 2032 2776 2085 et
2817 2027 2921 2083 ﬁlii
2944 2030 3074 2100 ejus
3132 2046 3362 2085 manus.
3404 2031 3587 2095 Quem

1944 2134 2079 2173 cum
2108 2117 2476 2185 mactaveris,
2504 2117 2675 2174 tolles
2705 2118 2777 2174 de
2798 2117 3087 2190 sanguine
3114 2118 3266 2187 ejus,
3290 2122 3347 2173 et
3376 2117 3588 2173 fundes

1944 2207 2099 2262 circa
2120 2206 2321 2264 altare.
2338 2210 2538 2278 Ipsum
2557 2210 2753 2262 autem
2776 2206 3019 2263 arietem
3041 2206 3269 2263 secabis
3294 2206 3352 2262 in
3377 2206 3598 2273 frusta,

1944 2295 2183 2369 lotaque
2211 2296 2492 2353 intestina
2519 2297 2647 2368 ejus
2669 2314 2737 2353 ac
2767 2297 2943 2369 pedes
2974 2313 3155 2370 pones
3185 2312 3363 2368 super
3392 2294 3585 2351 conci-

1945 2403 2041 2442 sas
2071 2403 2297 2453 carnes,
2321 2390 2378 2443 et
2405 2402 2583 2458 super
2611 2391 2790 2459 caput
2836 2386 3018 2442 illius.
3053 2387 3120 2442 Et
3157 2385 3365 2442 oﬁ’eres
3399 2390 3584 2441 totum

1944 2475 2183 2531 arietem
2216 2475 2275 2530 in
2325 2475 2557 2532 oinsum
2589 2492 2770 2547 super
2815 2474 3017 2532 altare.
3053 2475 3135 2547 [Ο.
3176 2475 3376 2546 CXII.]
3405 2473 3585 2530 Obla-

1942 2564 2023 2619 tio
2054 2570 2143 2620 est
2171 2563 2415 2620 Domino
2447 2564 2590 2620 odor
2626 2564 3018 2621 suavissimus
3049 2563 3296 2620 victimae
3326 2563 3580 2620 Domini.

1941 2652 2130 2709 Tolles
2166 2668 2397 2724 quoque
2436 2654 2679 2709 arietem
2710 2652 3182 2725 alterum,super
3201 2652 3373 2723 cujus
3402 2657 3581 2725 caput

1938 2744 2131 2799 Aaron
2153 2746 2212 2798 et
2234 2741 2338 2797 ﬁlii
2360 2743 2490 2813 ejus
2515 2746 2735 2815 ponent
2756 2759 2988 2798 manus.
3005 2744 3185 2808 Quem
3210 2759 3345 2797 cum
3378 2741 3584 2798 immo-

1936 2830 2170 2900 laveris,
2205 2849 2405 2888 sumes
2427 2833 2497 2889 de
2527 2832 2813 2904 sanguine
2841 2832 3056 2904 ipsius,
3079 2837 3136 2888 et
3171 2848 3351 2903 pones
3403 2840 3595 2903 super

1935 2927 2262 2977 extremum
2294 2921 2504 2977 dextris
2526 2920 2803 2977 auriculae
2828 2922 3020 2977 Aaron
3052 2925 3110 2977 et
3134 2920 3389 2976 ﬁliorum
3423 2921 3580 2992 ejus,

1934 3016 1993 3066 et
2023 3027 2201 3082 super
2230 3009 2472 3082 pollices
2505 3026 2716 3067 manus
2743 3026 2944 3066 eorum
2962 3015 3019 3065 et
3031 3010 3195 3082 pedis
3211 3008 3419 3075 dextri,
3445 3009 3579 3064 fun-

1932 3100 2153 3171 desque
2184 3099 2534 3172 sanguinem
2548 3116 2725 3172 super
2744 3099 2923 3155 altare
2937 3116 3037 3171 per
3057 3099 3387 3155 circuitum.
3413 3098 3585 3158 Cum-

216 3185 337 3242 dolio
363 3189 682 3263 fungantur
703 3163 871 3248 mibi.
915 3192 1114 3248 Facies
1145 3197 1201 3247 et
1226 3163 1532 3247 l'eminalia
1561 3191 1734 3259 linea,
1762 3203 1824 3253 ut
1856 3163 1900 3232 θ
1940 3163 2386 3261 que-tulerisvde
2416 3163 2702 3260 sanguine
2733 3189 2834 3261 qui
2863 3163 2953 3245 est
2981 3204 3158 3261 super
3188 3187 3391 3258 altare,
3421 3192 3479 3243 et
3511 3188 3582 3244 de

216 3276 441 3346 operiant
469 3296 709 3336 carnem
740 3280 1122 3353 turpitudinis
1147 3298 1287 3351 sum,
1316 3278 1349 3336 α
1368 3282 1607 3338 renibus
1636 3297 1826 3351 usque

214 3365 267 3418 ad
295 3366 511 3424 lemina:
547 3373 607 3425 et
623 3374 863 3425 utentur
877 3370 965 3425 eis
998 3376 1190 3426 Aaron
1221 3375 1279 3425 et
1310 3369 1559 3440 ﬁliiejus
1589 3371 1825 3441 quando

214 3450 576 3524 ingrediantur
609 3457 1052 3514 tabernaculum
1088 3456 1433 3524 testimonii,
1469 3456 1559 3513 vel
1591 3460 1824 3529 quando

215 3547 645 3618 appropinquant
674 3547 745 3602 ad
778 3546 965 3602 altare
998 3551 1061 3602 ut
1089 3547 1427 3602 ministrent
1460 3547 1519 3602 in
1549 3553 1827 3603 sanctua-

217 3630 298 3701 rio,
324 3650 387 3689 ne
430 3634 768 3709 iniquitatis
827 3635 909 3691 rei
966 3635 1313 3691 moriantur.
1350 3636 1618 3708 Legitum
1678 3652 1827 3692 sem-

221 3720 469 3789 piternum
514 3725 629 3781 erit
680 3727 896 3795 Aaron,
946 3730 1005 3780 et
1061 3724 1275 3780 semini
1305 3726 1435 3794 ejus
1486 3729 1621 3797 post
1666 3741 1822 3782 eum.

273 3810 341 3881 [Β.
368 3812 535 3881 XVII,
571 3818 634 3868 C.
676 3813 787 3881 CX,
821 3818 960 3885 Cap.
1010 3813 1220 3885 XXIX]
1250 3814 1359 3870 Sed
1391 3818 1449 3869 et
1478 3814 1587 3869 hoc
1626 3814 1823 3882 facies,

221 3905 268 3952 ut
285 3901 410 3957 mihi
430 3904 488 3958 in
513 3902 910 3960 sacerdotium
933 3908 1369 3960 consecrantur.
1392 3902 1549 3959 Tolle
1580 3903 1826 3959 vitulum

217 3986 270 4042 de
293 3998 560 4062 armento,
596 3997 656 4048 et
674 3992 885 4049 arietes
912 3993 1061 4048 duos
1082 3991 1510 4061 immaculatos,
1528 4010 1827 4064 pancsque

217 4091 425 4149 azymos,
469 4086 527 4137 et
570 4080 840 4137 crustula
886 4081 1108 4154 absque
1152 4082 1453 4150 fermento,
1502 4098 1628 4153 quas
1685 4099 1828 4138 con-

216 4179 377 4235 spersa
404 4170 522 4226 sint
540 4170 691 4239 oleo,
714 4169 967 4242 langana
979 4187 1216 4243 quoque
1234 4188 1439 4243 azyma
1451 4170 1576 4227 oleo
1593 4169 1698 4226 lita
1717 4186 1730 4225 :
1754 4172 1824 4225 de

212 4255 369 4312 simila
395 4259 619 4315 triticea
647 4264 859 4315 cuncta
900 4259 1096 4316 facies.
1129 4260 1199 4315 Et
1236 4259 1430 4332 posita
1458 4261 1518 4315 in
1567 4259 1824 4315 canistro

210 4343 410 4402 ollares:
440 4349 693 4404 vitulum
725 4354 922 4404 autem
957 4353 1011 4404 et
1073 4349 1222 4404 duos
1273 4348 1509 4418 arietes,
1541 4352 1600 4404 et
1628 4354 1822 4407 Aaron

210 4447 258 4487 ac
283 4433 414 4491 ﬁlios
434 4438 566 4507 ejus
598 4436 921 4509 applicabis
944 4438 1015 4493 ad
1048 4436 1310 4493 hostium
1335 4437 1698 4494 tabernaculi
1732 4444 1816 4496 te-

1933 3278 2058 3333 oleo
2091 3276 2406 3345 unctionis,
2438 3294 2713 3351 asperges
2736 3281 2923 3333 Aaron
2946 3282 3003 3333 et
3025 3283 3215 3333 vestes
3245 3279 3395 3348 ejus,
3430 3275 3580 3332 ﬁlios

1934 3371 1990 3423 et
2018 3366 2368 3422 vestimenta
2396 3382 2620 3423 eorum.
2672 3366 3159 3438 Consecratisque
3214 3373 3272 3422 et
3321 3366 3489 3438 ipsis,
3522 3370 3581 3421 et

1932 3456 2213 3526 vestibus,
2248 3455 2412 3512 tolles
2442 3456 2673 3529 adipem
2706 3458 2778 3512 de
2809 3456 3006 3525 ariete,
3036 3461 3094 3512 et
3121 3456 3371 3512 caudam
3402 3459 3460 3511 et
3488 3472 3582 3510 ar-

1934 3545 2152 3611 vinam,
2186 3561 2312 3616 qua:
2354 3545 2542 3617 operit
2571 3545 2767 3601 vitalia
2797 3562 2864 3601 ac
2921 3545 3233 3602 reticulum
3261 3544 3492 3616 jecoris,
3526 3550 3583 3600 et

1936 3634 2084 3690 duos
2114 3638 2493 3705 renes,atque
2507 3635 2762 3705 adipem,
2779 3635 2878 3706 qui
2894 3651 3179 3707 supereos
3201 3644 3310 3704 est,
3327 3652 3582 3690 armum-

1935 3740 2051 3795 que
2082 3723 2349 3779 dextrum
2381 3739 2449 3779 eo
2479 3723 2634 3794 quod
2666 3725 2740 3779 sit
2754 3724 3581 3793 ariesconsecrationum,tor—

1933 3817 2236 3883 tamquam
2256 3811 2425 3884 panis
2450 3812 2650 3879 unius,
2672 3811 3002 3868 crustulum
3029 3828 3408 3884 conspersum
3433 3812 3583 3879 oleo,

1935 3900 2215 3974 laganum
2246 3901 2319 3957 de
2348 3901 2606 3957 canistro
2631 3917 2990 3971 azymorum,
3023 3902 3173 3971 quod
3199 3901 3458 3972 positum
3490 3906 3580 3957 est

1935 3990 1994 4045 in
2022 3994 2340 4062 conspectu
2366 3989 2595 4045 Domini
2619 4006 2948 4061 :ponesque
2970 3988 3580 4059 omniasupermanus

1933 4082 2145 4146 Aaron,
2178 4084 2235 4135 et
2263 4077 2519 4134 ﬁliorum
2542 4080 2692 4149 ejus,
2718 4084 2775 4134 et
2805 4077 3199 4133 sanctiﬁcabis
3221 4094 3319 4133 eos
3347 4076 3581 4133 elevans

1933 4184 2129 4225 coram
2161 4167 2427 4223 Domino.
2451 4167 3153 4238 Suscipiesqueuniversa
3182 4168 3252 4222 de
3284 4166 3580 4234 manibus,

1933 4272 2135 4313 eorum
2162 4273 2175 4311 :
2235 4262 2293 4311 et
2323 4256 2602 4311 incendes
2634 4272 2811 4327 super
2840 4255 3021 4311 altare
3051 4255 3109 4311 in
3141 4256 3578 4313 holocaustum.

1931 4345 2168 4402 odorem
2201 4344 2622 4401 suavissimum
2656 4345 2714 4399 in
2784 4349 3097 4415 conspectu
3148 4345 3404 4411 Domini,
3439 4344 3578 4416 quia

1932 4434 2149 4492 oblatio
2178 4434 2309 4506 ejus
2362 4439 2471 4490 est.
2529 4437 2737 4490 Sumes
2777 4451 3010 4506 quoque
3060 4434 3465 4505 pectusculum
3516 4436 3586 4490 de

208 4521 439 4579 stimouii.
473 4526 739 4597 Cumque
798 4527 1005 4581 laveris
1037 4532 1257 4597 patrem
1292 4542 1426 4581 cum
1460 4526 1597 4583 ﬁliis
1637 4529 1818 4599 [Vulg.
1850 4530 1902 4599 D
1932 4526 2110 4581 ariete
2132 4521 2528 4595 quoinitiatus
2549 4527 2635 4579 est
2650 4526 2863 4589 Aaron,
2894 4524 3410 4595 sanctiﬁcabisque
3431 4523 3579 4579 illud

208 4609 306 4664 add.
335 4613 478 4686 suis}
505 4630 686 4686 aqua,
718 4614 928 4670 induce
963 4621 1154 4670 Aaron
1193 4614 1559 4671 vestimentis
1588 4617 1737 4687 suis,
1770 4619 1827 4673 id

206 4703 290 4765 est,
316 4700 459 4758 linea
486 4708 547 4760 et
579 4703 798 4771 tunica,
831 4707 891 4759 et
930 4702 1399 4775 superbumerali
1431 4708 1487 4759 et
1534 4704 1825 4775 rationali,

207 4790 328 4857 quod
352 4792 719 4865 constringes
740 4792 953 4849 balteo.
974 4792 1043 4848 Et
1075 4809 1256 4864 pones
1287 4793 1520 4863 tiaram,
1554 4793 1613 4849 in
1636 4796 1828 4868 capite

207 4877 325 4947 ejus,
353 4885 406 4936 et
430 4881 715 4938 laminam
756 4885 1024 4938 sanctam
1065 4897 1243 4954 super
1273 4882 1509 4954 tiaram,
1548 4887 1606 4939 et
1633 4883 1827 4940 oleum

263 5039 375 5094 ‘lta
402 5040 654 5096 habetur
703 5041 761 5095 in
803 5057 1026 5098 canone
1074 5041 1251 5098 Hebr.
1301 5041 1467 5112 verit,
1502 5041 1559 5096 in
1603 5043 1822 5099 codici-

209 5104 295 5163 bus
333 5127 469 5184 mss.
502 5112 930 5184 antiquoribus.
992 5117 1178 5169 MART.

258 5210 315 5220 -
347 5182 668 5256 Palatinus,
697 5189 755 5241 et
820 5184 1038 5256 quibus
1066 5201 1212 5240 usus
1241 5186 1332 5240 est
1378 5184 1646 5241 Martian.
1672 5202 1819 5242 mss.

206 5252 466 5309 merda!“
503 5258 638 5310 mei.

261 5321 574 5398 ’Hebraice
603 5330 691 5382 est
734 5326 1197 5398 mntjothereth
1251 5326 1572 5384 Bochartus
1621 5333 1817 5385 autem

207 5405 310 5447 cum
338 5397 475 5472 nihil
500 5399 799 5472 retiforme
825 5398 966 5453 velit
986 5414 1116 5454 esse
1146 5398 1435 5470 injecore,
1461 5398 1612 5472 hanc
1632 5400 1817 5472 ipsam

210 5470 600 5543 emendandum
633 5470 933 5543 lectionem
952 5476 1139 5541 putat,
1187 5470 1815 5543 etproretirulurialegi

208 5538 485 5613 restitutum
514 5558 636 5611 quo
691 5542 930 5613 quidem
953 5538 1451 5613 vocabulo,'quod
1482 5560 1517 5613 a
1575 5543 1726 5612 recti,
1759 5538 1816 5600 ὀί

209 5612 429 5669 mucida
456 5612 792 5683 deducitur,
816 5630 958 5672 usus
988 5621 1076 5671 est
1095 5619 1151 5670 S.
1190 5619 1398 5672 Doctor
1417 5612 1632 5671 etiaml
1671 5615 1812 5689 Reg.

1937 4614 2226 4670 elevatum
2258 4628 2454 4668 coram
2481 4611 2749 4680 Domino,
2790 4617 2849 4668 et
2873 4613 3036 4668 cedet
3061 4613 3120 4668 in
3146 4618 3367 4683 partem
3389 4616 3578 4669 tuam.

1935 4700 2454 4772 Sanctiﬁcabisque
2480 4704 2537 4756 et
2584 4699 2993 4771 pectusculum
3050 4706 3476 4767 consecratum,
3525 4707 3583 4756 et

1937 4807 2168 4848 armum
2200 4807 2372 4863 quem
2416 4790 2487 4846 de
2519 4789 2698 4845 ariete
2729 4789 3037 4862 separasti,
3058 4806 3173 4861 quo
3196 4790 3461 4846 initiatus
3491 4794 3581 4845 est

1933 4882 2123 4938 Aaron
2155 4885 2212 4938 et
2240 4881 2347 4937 ﬁlii
2372 4883 2524 4954 ejus,
2558 4880 2882 4952 cedentque
2925 4878 2984 4934 in
3017 4883 3241 4949 partem
3277 4885 3469 4935 Aaron
3520 4884 3578 4934 et

1930 5058 2028 5112 vn,
2059 5042 2150 5097 23.
2171 5041 2280 5097 Sed
2313 5043 2703 5113 praeterquam
2738 5037 3153 5113 quod_alia_ibi
3196 5056 3303 5096 vox
3336 5040 3575 5113 Hebraea

1930 5110 2041 5183 est,
2074 5130 2189 5169 non
2240 5110 2348 5167 hoc
2394 5110 2627 5167 tantum
2678 5110 3057 5168 etiBocbarti
3109 5112 3418 5183 sententia,
3480 5128 3574 5183 rc-

1928 5182 2477 5256 aticulum,0porteat
2507 5183 2861 5256 rescribere,_
2877 5183 2977 5238 sed
3000 5187 3056 5239 et
3086 5182 3224 5239 alibi
3270 5182 3575 5256 saepiusin

1928 5256 2161 5313 Levitic.
2186 5253 2270 5324 In,
2304 5255 2357 5321 4,
2390 5256 2477 5322 10,
2514 5255 2580 5309 15
2602 5271 2622 5317 ;
2648 5261 2704 5309 et
2734 5271 2809 5325 1v,
2839 5254 2907 5322 9;
2931 5259 2989 5310 et
3020 5272 3118 5322 vn,
3151 5256 3183 5309 4
3212 5258 3299 5320 ;et
3329 5269 3452 5322 vm,
3485 5253 3576 5323 46,

1925 5330 2036 5397 25;
2068 5333 2125 5384 et
2153 5345 2229 5394 Ix,
2267 5327 2353 5395 10,
2379 5327 2595 5399 quibus
2627 5325 2771 5399 locis
2822 5326 3106 5399 omnibus
3128 5325 3329 5399 eadem
3372 5330 3438 5399 et
3468 5341 3575 5399 vox

1927 5395 2205 5456 Hebraica
2233 5402 2323 5454 est
2350 5395 2580 5468 minuet
2624 5397 2821 5453 Latina
2839 5397 3147 5469 explicatio
3187 5395 3570 5469 reticulumﬂin

1924 5472 2176 5544 vulgatis
2208 5488 2371 5542 aeque
2402 5488 2467 5527 ac
2491 5466 2633 5544 mss.
2690 5469 2877 5544 libris.
2908 5466 3170 5544 Lectione
3201 5472 3387 5544 autem
3424 5466 3570 5544 nihil

1924 5539 2254 5613 immutata,
2274 5539 2749 5616 pinguesjecoris
2764 5542 2940 5597 ﬁbras
2959 5539 3247 5606 denotari,
3260 5554 3364 5609 par
3380 5539 3573 5613 magis

1923 5622 2013 5674 est
2043 5616 2297 5673 credere.
