4080 6186
407 302 515 362 315

1461 304 1521 356 s.
1560 266 1973 356 sinaonvm
2017 300 2277 358 mva
2312 306 2810 365 BIBLIOTBECA.

3713 302 3822 359 316

406 430 661 487 ﬁliorum
696 430 826 501 ejus
859 429 993 499 jure
1026 430 1302 501 perpetuo
1329 443 1361 482 a
1393 425 1531 481 ﬁliis
1563 424 1785 482 Israel:
1817 425 2057 497 quia[b.
2086 428 2144 495 Α
2174 431 2748 507 propritiatorio,quo
2775 434 2995 506 tegitur
3018 431 3447 500 testimonium,
3471 430 3573 486 ubi
3602 429 3816 501 loquar

409 521 653 592 oblatio]
688 518 988 591 primitiva
1011 521 1151 571 sunt
1180 520 1237 571 et
1265 515 1434 571 initia
1463 516 1534 571 de
1577 514 1831 571 victimis
1860 529 2065 571 eorum

407 610 697 681 paciﬁmis
728 624 853 680 quae
886 606 1137 662 otl‘erunt
1152 605 1568 661 Domino.Vest
1591 621 1680 661 em
1706 610 1897 660 autem
1933 620 2066 660 san-

407 704 703 770 otam,qua
724 701 921 752 utetur
935 694 1459 763 Aaron,habebunt
1473 694 1574 749 ﬁlii
1594 694 1723 764 ejus
1745 702 1873 765 post
1898 709 2059 763 eum,

410 792 477 843 ut
499 790 795 858 ungantur
824 786 884 841 in
917 800 1005 855 ea,
1032 789 1088 840 et
1118 787 1532 840 consecrantur
1580 799 1789 838 manus
1839 798 2061 838 eorum.

406 877 638 948 Septem
671 874 881 931 diebus
908 877 1108 930 utetur
1138 872 1239 928 illa
1267 873 1365 945 qui
1412 871 1669 945 pontifex
1701 889 1803 945 pro
1847 889 1912 928 eo
1943 872 2062 927 fue-

408 964 486 1021 rit
512 963 869 1021 constitutus
901 964 972 1019 de
1002 963 1139 1019 ﬁliis
1170 963 1297 1034 ejus
1329 961 1425 1033 qui
1454 962 1817 1033 ingredietur
1869 961 2064 1016 taber-

407 1052 678 1110 naculum
703 1053 1021 1109 testimonii
1039 1056 1103 1107 ut
1134 1052 1500 1107 ministretin
1527 1049 2059 1107 sanctuario.Arie-

406 1148 524 1199 tem
550 1149 745 1199 autem
774 1141 1236 1197 consecrationis
1260 1140 1450 1207 tolles,
1478 1144 1533 1196 et
1568 1134 1826 1211 eoquens
1857 1156 2062 1196 carnes

403 1233 535 1304 ejus
568 1235 623 1287 in
653 1232 777 1287 loco
809 1236 1032 1298 sancto,
1069 1231 1283 1301 quibus
1336 1234 1606 1285 vescatur
1635 1237 1825 1285 Aaron
1850 1234 1906 1284 et
1955 1227 2062 1282 ﬁlii

408 1324 558 1393 ejus.
592 1326 778 1377 Panes
811 1337 1065 1393 quoque,
1098 1319 1198 1391 qui
1227 1325 1367 1375 sunt
1394 1319 1453 1373 in
1487 1318 1761 1386 canistro,
1786 1318 1846 1373 in
1878 1318 2055 1373 vesti-

408 1410 546 1467 bulo
568 1409 926 1466 tabernaculi
946 1408 1266 1465 testimonii
1306 1408 1635 1475 comedent,
1671 1412 1736 1463 ut
1757 1407 1834 1463 sit
1867 1406 2056 1479 placa-

410 1500 523 1557 bile
545 1500 923 1567 sacriﬁcium,
948 1504 1005 1554 et
1036 1499 1479 1554 sanctiﬁcantur
1511 1497 1877 1553 offerentium
1932 1510 2058 1551 ma-

407 1606 540 1646 nus.
572 1589 912 1661 Alienigena
928 1604 1043 1645 non
1056 1591 1326 1643 vescetur
1340 1604 1406 1643 ex
1425 1585 1517 1657 iis,
1535 1585 1672 1657 quia
1691 1584 1879 1641 sancti
1897 1588 2058 1641 sunt.

408 1680 570 1746 Quod
604 1679 651 1734 si
707 1677 1056 1735 remanserit
1082 1677 1154 1732 de
1197 1676 1477 1732 carnibus
1510 1673 1888 1743 consecratis,
1940 1673 2062 1728 sive

409 1768 481 1824 de
513 1768 769 1841 panibus
801 1783 988 1838 usque
1018 1782 1208 1833 mane,
1242 1765 1553 1821 comburas
1584 1762 1863 1835 reliquias
1891 1762 2050 1835 igni:

402 1873 518 1914 non
538 1858 936 1923 comedentur,
957 1854 1095 1928 quia
1117 1854 1484 1911 sanctiﬁcata
1505 1860 1660 1910 sunt.
1686 1852 1893 1908 Omnia
1924 1869 2051 1923 qum

403 1947 645 2018 praecepi
669 1945 797 2012 tibi,
815 1946 991 2000 facies
1014 1960 1193 2015 super
1210 1946 1400 1999 Aaron
1421 1947 1479 1998 et
1507 1942 1648 1997 ﬁliis
1661 1942 1805 2013 ejus.
1817 1941 2051 2013 Septem

402 2035 609 2092 diebus
633 2035 1005 2099 consecrabis
1047 2049 1261 2088 manus
1300 2047 1523 2101 eorum,
1557 2035 1613 2087 et
1663 2030 1911 2087 vitulum
1946 2046 2048 2103 pro

402 2128 638 2197 peccato
670 2124 874 2179 offeres
915 2138 1018 2194 per
1079 2120 1343 2194 singulos
1392 2121 1516 2176 dies
1570 2120 1640 2176 ad
1673 2119 2050 2191 expiandum.

406 2213 845 2283 Mundabisque
877 2212 1058 2267 altare
1108 2227 1242 2266 cum
1297 2209 1693 2265 immolaveris
1728 2208 2053 2281 expiatonis

408 2302 687 2373 hostiam,
719 2307 776 2357 et
807 2317 991 2372 unges
1012 2299 1230 2355 illudin
1255 2298 1798 2355 sanctiﬁcationem.
1820 2302 2051 2369 Septem

410 2392 618 2448 diebus
650 2389 908 2463 expiabis
939 2389 1118 2444 altare
1148 2393 1207 2444 et
1236 2387 1648 2457 sanctiﬁcabis,
1679 2393 1737 2443 et
1761 2387 1873 2443 erit
1913 2387 2055 2443 San-

408 2485 567 2538 ctum
597 2486 956 2536 sanctorum.
989 2478 1194 2534 Omnis
1223 2478 1323 2549 qui
1347 2476 1603 2549 tetigerit
1632 2476 1798 2543 illud,
1831 2476 2051 2533 sancti-

409 2570 700 2627 ﬁcabitur.
735 2574 853 2625 Hoc
882 2574 971 2625 est
997 2569 1148 2640 quod
1185 2566 1361 2623 facies
1394 2567 1452 2622 in
1496 2565 1699 2622 altari:
1732 2582 1915 2638 agnos
1944 2582 2049 2621 an-

409 2660 640 2716 niculos
667 2659 814 2714 duos
829 2656 1206 2731 persingulos
1229 2654 1605 2727 diesjugiter,
1623 2671 1805 2710 unum
1831 2671 2049 2727 agnum

408 2766 601 2819 mane,
623 2753 682 2805 et
703 2747 954 2804 alterum
974 2762 1235 2819 vespere,
1268 2744 1555 2801 decimam
1576 2748 1803 2817 partem
1843 2743 2050 2800 simila:

404 2850 731 2911 conspersae
749 2836 875 2893 oleo
896 2840 1096 2907 tunso,
1114 2836 1265 2907 quod
1283 2835 1495 2891 habeat
1517 2850 1856 2890 mensuram
1880 2850 2051 2905 quar-

402 2933 520 2985 tam
555 2931 779 3000 partem
826 2925 949 2995 hin,
981 2929 1039 2982 et
1081 2924 1282 2981 vinum
1315 2925 1386 2980 ad
1435 2923 1736 2980 libandum
1781 2924 2047 2994 ejusdem

406 3033 696 3074 mensuras
728 3016 786 3073 in
812 3031 961 3087 agno
985 3031 1121 3071 uno.
1161 3013 1425 3070 Alterum
1447 3029 1579 3069 vero
1599 3028 1816 3084 agnum
1843 3012 2049 3069 oﬁ‘eres

406 3108 477 3164 ad
508 3122 807 3178 vesperam
842 3105 1007 3176 juxta
1048 3103 1228 3158 ritum
1276 3101 1579 3158 matutinas
1630 3100 1969 3171 oblationis,
1992 3106 2051 3157 et

2176 519 2388 577 tibi.Et
2425 522 2678 579 adolebit
2716 524 3027 579 incensum
3071 538 3250 594 super
3290 537 3356 577 eo
3395 522 3609 587 Aaron,
3640 535 3819 575 suave

2173 610 2431 682 fragans,
2486 628 2679 669 mane.
2739 614 2983 680 Quando
3028 614 3339 682 componet
3395 609 3689 678 lucernas,
3734 608 3821 664 in-

2173 700 2378 756 cendet
2410 700 2553 757 illud
2580 719 2593 757 :
2626 706 2685 758 et
2715 703 2951 775 quando
2983 700 3230 757 collocat
3250 698 3467 772 [Vulg.]
3487 697 3813 769 collocabit}

2172 805 2271 845 eas
2294 792 2362 845 ad
2396 807 2725 864 vesperum,
2755 790 3237 865 uretithymiama
3260 788 3683 860 sempiternum
3716 803 3816 843 co-

2172 895 2294 933 ram
2329 880 2577 937 Domino
2608 882 2667 936 in
2698 883 3105 953 generationes
3126 884 3369 935 vestras.
3401 878 3524 933 Non
3558 876 3815 933 oﬁ‘eretis

2171 983 2349 1039 super
2365 985 2432 1025 eo
2450 970 2773 1043 thymiama
2792 969 3235 1043 compositionis
3256 968 3518 1031 alterius,
3542 982 3645 1022 nec
3659 964 3821 1021 obla-

2168 1056 2413 1125 tionem,
2444 1063 2501 1113 et
2539 1058 2863 1125 victimam,
2897 1074 3002 1113 nec
3027 1058 3148 1113 liba
3196 1056 3477 1111 libabitis.
3510 1056 3581 1110 Et
3610 1056 3816 1124 depre-

2170 1145 2397 1201 cabitur
2420 1150 2603 1203 Aaron
2624 1164 2801 1219 super
2821 1164 3043 1203 cornua
3068 1147 3197 1216 ejus
3228 1143 3409 1201 semel
3440 1160 3541 1216 per
3571 1159 3814 1210 annum,

2169 1234 2226 1289 in
2252 1236 2532 1307 sanguine
2554 1237 2705 1308 quod
2739 1237 2998 1293 oblatum
3031 1241 3117 1291 est
3147 1252 3249 1308 pro
3281 1240 3533 1307 peccato,
3583 1238 3642 1289 et
3683 1232 3815 1305 pla-

2167 1324 2323 1380 cabit
2358 1342 2537 1398 super
2565 1342 2630 1381 eo
2660 1326 2718 1380 in
2761 1325 3236 1398 generationibus
3265 1324 3501 1379 vestris.
3534 1324 3813 1379 Sanctum

2166 1419 2502 1471 sanctorum
2525 1415 2636 1471 erit
2666 1416 2932 1481 Domino,
2967 1416 3054 1486 [Τ.
3096 1414 3276 1484 XIV.]
3310 1414 3680 1483 Locutusque
3723 1416 3817 1467 est

2167 1503 2452 1560 Dominus
2484 1506 2553 1560 ad
2604 1508 2822 1570 Mosen,
2872 1505 3112 1559 dicens:
3146 1503 3387 1568 Quando
3417 1500 3622 1557 tuleris
3652 1516 3813 1556 sum-

2169 1607 2326 1647 mam
2351 1591 2605 1649 ﬁliorum
2622 1592 2978 1664 Israeljuxta
2996 1608 3332 1661 numerum,
3350 1590 3574 1647 dabunt
3591 1587 3815 1661 singuli

2168 1681 2421 1753 pretium
2474 1698 2578 1754 pro
2609 1682 2923 1737 animabus
2972 1681 3098 1737 suis
3153 1680 3419 1736 Domino.
3453 1684 3511 1735 et
3543 1695 3658 1734 non
3706 1676 3819 1733 erit

2170 1770 2340 1842 plaga
2370 1771 2429 1826 in
2457 1771 2543 1827 eis
2563 1788 2696 1827 cum
2721 1770 2935 1827 fuerint
2956 1768 3248 1827 recensiti.
3274 1774 3394 1825 Hoc
3415 1773 3610 1824 autem
3643 1767 3818 1823 dabit

2168 1860 2362 1915 omnis
2392 1859 2494 1932 qui
2523 1859 2943 1932 transit[h.]ad
2984 1875 3319 1928 numerum,
3343 1856 3652 1913 dimidium
3685 1855 3815 1911 sicli

2155 1947 2327 2018 juxta
2350 1964 2687 2004 mensuram
2710 1948 2935 2021 templi.
2959 1946 3150 2004 Siclus
3169 1946 3380 2020 viginti
3400 1944 3814 2002 habetobolos.

2166 2036 2355 2092 Media
2385 2054 2520 2109 pars
2551 2036 2678 2093 sicli
2708 2037 2983 2094 oﬁ‘eretur
3024 2036 3289 2093 Domino.
3321 2035 3427 2101 Qui
3479 2034 3725 2091 habetur
3754 2033 3816 2089 in

2164 2141 2431 2195 numero,
2460 2143 2495 2182 a
2522 2126 2730 2199 viginti
2787 2127 2957 2183 annis
2987 2131 3044 2183 et
3073 2143 3274 2199 supra,
3327 2125 3493 2182 dabit
3522 2124 3803 2197 pretium,

2162 2208 2333 2270 Dives
2366 2232 2479 2270 non
2513 2216 2686 2271 addet
2715 2216 2787 2271 ad
2821 2216 3081 2272 medium
3124 2215 3277 2284 sicli,
3308 2220 3366 2271 et
3406 2230 3632 2287 pauper
3658 2212 3809 2268 nihil

2160 2303 2408 2361 minuet.
2440 2308 2903 2378 Susceptamque
2956 2304 3289 2376 pecuniam,
3320 2321 3450 2376 quis
3480 2302 3690 2359 coliata
3718 2307 3813 2358 est

2162 2408 2196 2447 a
2225 2391 2362 2447 ﬁliis
2388 2392 2587 2463 Israel,
2613 2394 2813 2449 trades
2834 2393 2893 2449 in
2917 2410 3064 2449 usus
3086 2390 3448 2449 tabernaculi
3469 2391 3818 2461 testimonii,

2163 2485 2227 2537 ut
2257 2482 2335 2536 sit
2363 2481 2791 2537 monimentum
2846 2499 3049 2537 eorum
3083 2499 3277 2538 coram
3304 2480 3571 2549 Domino,
3603 2485 3661 2536 et
3686 2496 3820 2552 pro-

2157 2569 2397 2643 pitietur
2426 2570 2736 2627 animabus
2786 2587 3012 2627 eorum.
3048 2573 3134 2644 [0.
3184 2570 3404 2643 CXIII.]
3448 2570 3820 2640 Locutusque

2158 2664 2251 2715 est
2282 2659 2571 2715 Dominus
2602 2661 2673 2716 ad
2728 2660 2951 2730 Mosen,
2984 2660 3223 2717 dicens:
3260 2659 3456 2716 Facies
3486 2664 3547 2716 et
3585 2658 3818 2713 labrum

2158 2763 2382 2803 eneum
2416 2764 2548 2803 cum
2571 2748 2699 2804 basi
2721 2766 2831 2805 sua
2853 2749 2924 2804 ad
2950 2747 3266 2804 lavandum
3294 2763 3307 2804 :
3346 2762 3642 2819 ponesque
3672 2745 3817 2801 illud

2158 2832 2312 2892 inter
2340 2837 2781 2893 tabernaculum
2832 2836 3149 2893 testimonii
3180 2840 3238 2893 et
3284 2836 3486 2893 altare.
3523 2840 3597 2901 Et
3634 2834 3821 2891 missa

2156 2942 2330 2997 aqua,
2364 2925 2643 2983 lavabunt
2673 2927 2733 2983 in
2766 2943 2832 2982 eo
2866 2927 2883 2998 [
2910 2928 3064 2997 Vulg.
3095 2927 3184 2998 ea]
3233 2931 3424 2982 Aaron
3452 2930 3512 2981 et
3541 2924 3645 2979 ﬁlii
3689 2924 3820 2995 ejus

2157 3031 2370 3071 manus
2394 3031 2531 3072 suas
2554 3032 2620 3071 ac
2648 3016 2850 3087 pedes,
2868 3017 3102 3087 quando
3125 3014 3447 3087 ingressuri
3467 3017 3610 3070 sunt
3627 3013 3823 3069 taber-

2166 3103 2443 3160 naculum
2480 3104 2801 3161 testimonii
2834 3109 2893 3160 et
2923 3104 3157 3175 quando
3188 3103 3484 3160 accessuri
3513 3103 3583 3159 ad
3616 3102 3821 3168 altare,

397 3197 570 3267 juxta
602 3210 669 3250 ea
701 3210 826 3266 quas
853 3192 1110 3248 diximus
1138 3192 1198 3247 in
1229 3192 1467 3247 odorem
1498 3190 1842 3247 suavitatis:
1870 3191 2050 3247 sacri-
2085 3158 2127 3226 α
2167 3197 2231 3249 ut
2261 3194 2511 3250 offerant
2550 3193 2609 3249 in
2643 3210 2708 3250 eo
2741 3192 3065 3266 thymiama
3113 3193 3381 3260 Domino,
3414 3208 3486 3247 ne
3517 3193 3665 3247 forte
3694 3206 3823 3246 mo-

404 3284 603 3339 ﬁcium
631 3283 896 3351 Domino,
927 3279 1219 3337 oblatione
1254 3285 1533 3351 perpetua
1559 3278 1621 3335 in
1644 3280 2051 3351 generationes

403 3378 651 3441 vestras,
688 3372 758 3428 ad
804 3370 1021 3427 ostium
1071 3368 1431 3425 tabernaculi
1482 3368 1805 3424 testimonii
1854 3384 2050 3425 coram

405 3460 680 3530 Domino,
732 3460 833 3515 ubi
883 3457 1237 3514 constituam
1272 3462 1336 3512 ut
1364 3457 1574 3529 loquar
1602 3458 1672 3513 ad
1721 3462 1799 3513 te.
1851 3458 2053 3529 Ibique

406 3550 744 3624 praecipiam
778 3548 915 3604 ﬁliis
960 3546 1160 3613 Israel,
1193 3552 1251 3603 et
1280 3547 1739 3603 sanctiﬁcabitur
1769 3545 1948 3603 altare
1991 3547 2050 3602 in

405 3639 593 3714 gloria
651 3655 800 3694 mea.
858 3636 1249 3693 Sanctiﬁcabo
1300 3641 1358 3692 et
1386 3636 1829 3692 tabernaculum
1886 3638 2052 3694 testi-

407 3728 591 3785 monii
643 3744 777 3783 cum
837 3726 1029 3797 altari,
1081 3730 1134 3783 et
1195 3732 1385 3781 Aaron
1441 3742 1575 3782 cum
1622 3725 1760 3782 ﬁliis
1814 3726 1941 3781 suis
1993 3730 2056 3782 ut

405 3817 730 3875 sacerdotio
784 3818 1106 3888 fungantur
1135 3814 1301 3871 mihi.
1350 3816 1416 3870 Et
1465 3814 1737 3871 habitabo
1767 3814 1827 3870 in
1861 3816 2053 3871 medio

404 3906 662 3963 ﬁliorum
695 3904 896 3973 Israel,
920 3920 1137 3975 eroque
1165 3902 1250 3959 eis
1284 3908 1454 3970 Deus,
1487 3910 1542 3958 ot
1567 3903 1753 3959 scient
1781 3903 1918 3975 quia
1948 3921 2053 3975 ego

411 3997 698 4053 Dominus
728 3995 882 4051 Deus
913 4008 1138 4059 eorum,
1172 3990 1275 4062 qui
1302 3990 1476 4047 eduxi
1497 4008 1597 4047 eos
1623 3993 1694 4048 de
1714 3996 1872 4048 terra
1888 3992 2053 4064 Egy-

405 4086 514 4159 pti,
549 4089 613 4140 ut
656 4098 956 4140 manerem
1016 4082 1172 4137 inter
1232 4080 1385 4151 illos,
1418 4097 1525 4153 ego
1574 4080 1854 4137 Dominus
1902 4086 2053 4137 Deus

404 4175 693 4249 ipsorum.

476 4265 631 4335 [Cap.
685 4262 870 4334 XXX.]
902 4260 1101 4318 Facies
1132 4276 1367 4333 quoque
1388 4258 1570 4316 altare
1598 4260 1670 4316 ad
1702 4258 2055 4315 adolendum

405 4352 731 4426 thymiama
774 4353 846 4409 de
892 4351 1071 4423 lignis
1119 4349 1336 4415 settim,
1376 4348 1602 4405 hadens
1640 4348 1904 4405 cubitum
1935 4349 2057 4405 lon-

406 4441 778 4516 gitudinis,et
808 4439 1055 4496 alterum
1089 4438 1506 4508 latitudinis,id
1540 4439 2049 4511 est,qnadrangu-

2162 3282 2753 3355 riantur;legitimum
2778 3281 3201 3354 sempiternum
3226 3280 3336 3337 erit
3357 3281 3560 3354 ipsi,et
3595 3278 3820 3336 semini

2161 3374 2293 3445 ejus
2322 3388 2426 3444 per
2442 3371 2867 3428 successiones.
2908 3372 2990 3443 [C.
3040 3370 3260 3443 CXIV.]
3308 3371 3685 3441 Locutusque
3720 3372 3815 3424 est

2162 3461 2449 3516 Dominus
2483 3461 2556 3516 ad
2593 3460 2816 3531 Mosen,
2849 3459 3079 3515 dicens:
3104 3464 3281 3516 Sume
3309 3460 3416 3515 tibi
3440 3463 3705 3515 aromata
3732 3456 3817 3529 [h.

2163 3555 2427 3606 aromata
2456 3550 2645 3621 prima
2693 3548 2973 3621 smyrrhaa
3015 3547 3255 3622 electae],
3282 3548 3481 3620 prima
3511 3546 3757 3620 myrrhas

2163 3637 2360 3694 electae
2392 3638 2744 3709 quingentos
2774 3637 2972 3705 siclos,
3020 3642 3077 3693 et
3124 3636 3482 3693 cinnamomi
3536 3635 3822 3702 medium,

2164 3727 2223 3783 id
2254 3732 2367 3798 est,
2400 3728 2682 3784 ducentos
2711 3726 3161 3800 quinquaginta,
3186 3726 3395 3783 calami
3415 3726 3687 3781 similiter
3714 3725 3825 3781 du-

2163 3821 2360 3874 centos
2373 3816 2826 3889 quinquaginta,
2846 3816 3013 3872 casiae
3030 3821 3227 3872 autem
3248 3815 3601 3889 quingentos
3614 3813 3820 3881 siclos,

2161 3906 2222 3962 in
2264 3906 2519 3978 pondere
2572 3904 2915 3973 sanctuarii,
2946 3904 3057 3961 olei
3089 3906 3163 3961 de
3201 3903 3428 3961 olivetis
3479 3919 3821 3960 mensuram

2163 3995 2265 4050 hin
2292 4011 2306 4049 :
2350 3994 2647 4066 faciesque
2680 3994 2975 4051 unctionis
3008 3986 3198 4050 oleum
3223 3998 3519 4061 sanctum,
3550 4007 3824 4065 unguen.

2166 4088 2291 4140 tum
2315 4084 2706 4155 compositum
2731 4098 2903 4155 opere
2929 4082 3328 4155 unguentarii,
3354 4086 3411 4138 et
3439 4097 3624 4153 unges
3656 4096 3726 4135 ex
3755 4097 3825 4137 eo

2162 4172 2615 4234 tabernaculum
2634 4171 2980 4239 testimonii,
3001 4177 3059 4226 et
3071 4187 3267 4227 arcam
3284 4170 3644 4237 testamenti,
3660 4186 3827 4225 men-

2165 4272 2409 4333 samque
2439 4277 2574 4317 eum
2605 4260 2763 4317 vasis
2793 4260 2942 4324 suis,
2974 4259 3424 4328 candelabrum,
3456 4265 3514 4315 et
3542 4256 3826 4314 utensilia

2163 4353 2315 4421 ejus,
2358 4348 2566 4407 altaria
2612 4349 3041 4421 thymiamatis.
3084 4354 3143 4405 et
3188 4348 3534 4419 holocausti,
3584 4351 3643 4402 et
3681 4347 3823 4402 uni-

2163 4454 2392 4495 versam
2432 4437 2874 4510 supellectilem,
2908 4453 3037 4509 quis
3086 4436 3156 4492 ad
3188 4436 3414 4492 cultum
3448 4451 3651 4492 eorum
3674 4435 3822 4506 'per-

406 4531 555 4599 lum,
581 4536 639 4586 et
668 4530 819 4586 duos
859 4528 1089 4585 cubitos
1120 4526 1180 4582 in
1212 4526 1541 4583 altitudine.
1563 4527 1795 4583 Cornua
1815 4543 1884 4582 ex
1921 4527 2049 4600 ipso
2080 4524 2129 4590 D
2159 4526 2325 4583 tinet.
2400 4527 2923 4599 Sanctiﬁcabisque
2982 4525 3202 4591 omnia,
3260 4529 3320 4580 et
3368 4529 3541 4580 erunt
3597 4523 3820 4580 Sancta

410 4621 744 4695 procedant.
794 4615 1309 4690 Vestiesqueillud
1349 4632 1491 4673 auro
1539 4616 1880 4688 purissimo,
1932 4620 2048 4672 tam

406 4709 750 4767 craticulam
788 4710 937 4781 ejus,
980 4722 1155 4780 quam
1189 4705 1435 4778 parietes
1483 4720 1585 4776 per
1614 4704 1947 4771 circuitum,
1997 4710 2054 4761 et

404 4816 643 4856 cornua.
686 4797 884 4854 Facies
938 4811 1172 4869 quoque
1201 4793 1253 4850 ei
1311 4809 1584 4849 coronam
1626 4792 1920 4850 aureolam
1951 4810 2055 4865 per

402 4903 636 4962 gyrum,
669 4891 726 4943 et
765 4888 915 4943 duos
963 4884 1215 4941 annulus
1273 4899 1481 4939 aureos
1526 4883 1637 4938 sub
1695 4898 1907 4939 corona
1951 4898 2054 4954 per

403 4976 639 5051 singula
695 4975 901 5047 latera,
956 4980 1022 5031 ut
1090 4973 1397 5029 mittantur
1453 4972 1511 5028 in
1578 4988 1677 5029 eos
1726 4975 1937 5040 vectes,
1996 4974 2054 5027 et

402 5066 585 5124 altare
637 5070 917 5139 portetur.
979 5066 1142 5136 Ipsos
1201 5077 1436 5134 quoque
1503 5065 1693 5117 vectes
1752 5059 1927 5116 facies
1980 5060 2053 5115 de

398 5155 579 5230 lignis
602 5154 823 5224 settim,
845 5157 903 5209 et
937 5150 1260 5208 inaurabis.
1304 5154 1609 5221 Ponesque
1638 5149 1820 5205 altare
1850 5152 2053 5205 contra

400 5244 617 5314 velum,
654 5243 810 5317 quod
843 5245 978 5298 ante
1010 5256 1204 5296 arcam
1237 5239 1449 5311 pendet
1479 5237 1798 5294 testimonii
1854 5253 2049 5294 coram

472 5422 488 5456 ί
520 5420 644 5505 Non
672 5418 935 5508 ntyrzhat’,
956 5416 1057 5473 sed
1086 5430 1333 5486 smyrnae
1351 5414 1554 5508 legunt
1582 5430 1791 5508 omnes.
1824 5415 2053 5508 codices

408 5510 553 5548 mss.
580 5487 752 5563 juxta
784 5487 1042 5547 Gnaeum
1077 5504 1273 5543 vocem
1313 5487 1557 5561 σμύρνης
1597 5487 2055 5563 LXX‘interprg.

404 5569 553 5621 tum.
583 5559 932 5619 Poteramus
979 5564 1036 5616 et
1092 5576 1215 5631 nos,
1238 5559 1496 5615 veterum
1548 5559 1811 5630 exempla
1864 5562 2052 5631 sequi,

406 5635 523 5695 nisi
554 5652 698 5694 usus
727 5633 1018 5692 scribendi
1039 5630 1327 5705 myrrham
1352 5648 1468 5691 non
1490 5648 1805 5705 smymam,
1835 5630 2053 5705 praeva-

2162 4621 2499 4672 sanctorum
2533 4630 2548 4671 :
2581 4616 2681 4686 qui
2704 4615 2961 4687 tetigerit
2991 4630 3084 4684 ea,
3113 4612 3598 4669 sanctiﬁcabitur.
3623 4618 3813 4668 Aaron

2161 4711 2219 4762 et
2246 4705 2399 4761 ﬁlios
2427 4707 2557 4777 ejus
2590 4721 2796 4779 unges,
2837 4703 3352 4775 sanctiﬁcabisque
3381 4719 3504 4772 eos,
3533 4708 3599 4758 ut
3620 4718 3816 4758 sacer-

2160 4795 2317 4852 dotio
2365 4795 2689 4867 fungantur
2719 4793 3059 4851 mihi-Filiis
3108 4809 3343 4865 quoque
3392 4790 3573 4848 Israel
3604 4789 3809 4847 dices:

2161 4883 2279 4939 Hoc
2327 4884 2520 4940 oleum
2568 4883 2863 4939 unctionis
2924 4886 3194 4938 sanctum
3245 4880 3357 4937 erit
3404 4879 3549 4936 mihi
3598 4880 3659 4935 in
3709 4894 3816 4951 ge—

2160 4972 2491 5028 nerationes
2533 4976 2775 5028 vestras.
2846 4971 2987 5027 Caro
3051 4968 3309 5025 hominis
3376 4985 3492 5025 non
3557 4972 3821 5039 ungetur

2160 5076 2227 5115 ex
2257 5075 2344 5126 eo,
2404 5065 2461 5116 et
2509 5061 2681 5130 juxta
2718 5058 3206 5130 compositionem
3255 5058 3384 5129 ejus
3433 5073 3550 5113 non
3582 5055 3819 5112 facietis

2161 5147 2343 5215 aliud,
2403 5149 2542 5222 quia
2606 5147 3035 5205 sanctiﬁcatum
3096 5153 3204 5215 est,
3263 5151 3320 5202 et
3367 5150 3638 5203 sanctum
3690 5145 3809 5201 erit

2162 5238 2346 5295 vobis.
2418 5240 2600 5295 Homo
2695 5238 3031 5311 quicunque
3088 5237 3204 5293 tale
3261 5236 3678 5310 composuerit,
3747 5238 3811 5290 et

2163 5419 2327 5475 leret.
2364 5418 2555 5473 MART.

2232 5521 2302 5533 —
2332 5492 2584 5548 Urbinas
2617 5505 2759 5545 mss.
2790 5488 3035 5559 myrrhas
3058 5492 3115 5543 et
3141 5489 3362 5545 electae:
3395 5487 3644 5544 Palatin.
3669 5504 3814 5544 cum

2162 5562 2237 5635 iis
2279 5578 2427 5635 quos
2467 5561 2911 5635 praestohabuit
2936 5560 3309 5618 Martianaaus
3331 5574 3579 5635 smyrnae
3598 5561 3813 5631 electa,

2155 5630 2326 5706 juxta
2375 5630 2554 5692 Gréc.
2586 5630 2856 5707 σμύρνης.
