4080 6186
264 307 351 364 317

1688 298 1903 353 LIBER
1939 298 2181 353 BXODI.

3524 297 3629 353 318

265 430 456 489 dederit
477 445 539 483 ex
569 443 633 483 eo
661 427 871 492 alieno,
893 422 1383 481 exterminabitur
1398 425 1469 479 de
1501 420 1713 494 pepulo
1731 437 1859 475 suo.
1896 439 1944 505 Α
1980 421 2154 476 Israel
2179 423 2587 489 Sabbatum,et
2608 423 2904 480 celebrent
2924 422 3141 479 illudin
3156 423 3629 496 generationibus

267 521 503 591 Dixitque
533 516 812 572 Dominus
844 516 913 571 ad
948 515 1189 571 Mosen:
1224 515 1401 570 Sume
1430 512 1538 568 tibi
1588 514 1871 577 aromata,

269 615 455 667 stacten
507 610 564 661 et
591 605 833 677 onycha,
870 603 1181 676 galbanum
1213 602 1345 657 heni
1385 600 1603 667 odoris,
1634 605 1692 655 et
1735 599 1873 654 thus

270 696 683 761 lucidissimum,
716 692 963 766 aequalis
992 692 1270 763 ponderis
1301 695 1471 747 erunt
1509 688 1709 745 omnia
1739 704 1753 743 :
1788 687 1875 742 fa—

271 788 470 857 ciesque
494 783 812 855 thymiama
838 783 854 816 ¹
878 781 1270 853 compositum
1303 796 1474 851 opere
1496 776 1872 850 unguentarii

268 877 476 933 mistum
507 873 838 944 diligenter,
864 874 926 927 et
952 886 1188 943 purum,
1214 875 1271 925 et
1300 866 1758 924 sanctiﬁcatione
1787 863 1875 919 di-

269 965 886 1037 gnissimum.Cumque
908 960 969 1015 in
990 959 1408 1015 tenuissimum
1434 956 1726 1029 pulverem
1750 954 1879 1010 uni-

268 1069 403 1107 versa
428 1050 779 1115 contuderis,
814 1065 993 1121 pones
1045 1064 1111 1104 ex
1161 1064 1228 1103 eo
1284 1063 1481 1103 coram
1538 1043 1876 1101 testimonio

268 1139 590 1196 tabernaculi
622 1140 816 1210 [Vng.
850 1136 1228 1193 tabernaculo
1261 1135 1627 1205 testimonii],
1660 1134 1720 1188 in
1763 1149 1877 1205 quo

269 1229 370 1285 loco
399 1230 683 1301 apparebo
712 1227 839 1283 tibi.
873 1228 1157 1283 Sanctum
1190 1231 1530 1282 sanctorum
1564 1225 1675 1280 erit
1711 1222 1877 1278 vehis

267 1319 576 1390 thymiama.
607 1318 807 1373 Talem
868 1315 1355 1388 compositionem
1419 1331 1533 1370 non
1565 1311 1790 1368 facietis
1819 1310 1878 1365 in

269 1424 387 1463 usus
407 1412 645 1475 vestros,
674 1406 812 1478 quia
844 1411 1114 1461 sanctum
1139 1408 1228 1460 est
1249 1404 1517 1460 Domino.
1542 1403 1726 1459 Homo
1750 1400 1879 1473 qui-

268 1511 466 1567 cunque
497 1496 701 1551 fecerit
730 1494 944 1566 simile,
978 1497 1042 1549 ut
1072 1494 1249 1550 odore
1306 1493 1465 1549 illius
1520 1492 1879 1565 perfruatur,

270 1583 450 1656 peribit
476 1584 546 1639 de
578 1584 812 1656 populis
843 1583 989 1638 suis.

328 1676 397 1743 [Ο.
426 1672 572 1729 CXV.
607 1673 738 1746 Cap.
772 1672 994 1743 XXXIJ
1042 1673 1414 1744 Locutusque
1458 1674 1550 1727 est
1595 1667 1883 1725 Dominus

271 1763 327 1818 sd
355 1766 559 1829 Mosen,
592 1762 791 1818 dicens
816 1780 830 1819 :
863 1763 1028 1830 Ecce,
1048 1761 1250 1819 vocavi
1280 1778 1349 1817 ex
1371 1760 1609 1817 nomine
1628 1755 1883 1813 Beseleel

271 1849 430 1906 ﬁlium
458 1850 552 1907 Uri
581 1851 689 1908 ﬁlii
717 1855 842 1906 Hur
870 1853 941 1907 de
969 1850 1127 1907 tribu
1174 1850 1346 1918 Juda,
1380 1854 1436 1906 et
1481 1847 1717 1921 implevi
1748 1861 1883 1902 eum

268 1940 449 2011 spiritu
475 1940 595 2008 Dei,
625 1941 933 2013 sapientia,
953 1945 1011 1997 et
1039 1940 1448 2013 intelligentia,
1472 1943 1529 1995 et
1558 1936 1805 1994 scientia
1824 1934 1883 1989 in

268 2030 398 2084 omni
428 2045 622 2101 opere,
655 2031 729 2087 ad
760 2030 1211 2102 excogitandum
1243 2030 1402 2085 labre
1457 2027 1706 2100 quiquid
1760 2024 1887 2080 ﬁeri

270 2123 432 2189 potest
457 2135 524 2174 ex
558 2136 723 2184 auro,
745 2123 802 2174 et
831 2122 1072 2191 argento
1101 2122 1159 2174 et
1190 2132 1320 2184 aare,
1340 2132 1634 2172 marmore
1662 2114 1744 2183 [h.
1770 2129 1885 2168 non

270 2206 850 2279 habet,marmore],et
868 2208 1180 2278 gemuis,et
1200 2206 1538 2262 diversitate
1568 2204 1886 2276 lignorum.

270 2296 498 2368 Dedique
525 2296 583 2353 ei
611 2297 836 2353 socium
859 2296 1060 2353 Ooliab
1090 2297 1281 2352 ﬁlium
1308 2295 1415 2367 [h.]
1438 2292 1792 2350 Ahisamach
1819 2291 1890 2347 de

272 2385 401 2441 tribu
426 2386 572 2455 Dan,
609 2387 680 2442 Et
709 2387 768 2441 in
794 2387 967 2442 corde
997 2386 1191 2442 omnis
1223 2384 1430 2441 crediti
1463 2383 1633 2455 posui
1667 2381 1894 2453 sapien-

273 2474 414 2543 tiam,
446 2480 508 2531 ut
537 2476 758 2531 faciant
786 2480 997 2531 cuncta
1028 2493 1155 2548 quaa
1187 2474 1431 2547 praerepi
1460 2472 1588 2540 tibi,
1619 2472 1891 2527 taberna-

274 2562 443 2619 culum
476 2566 732 2635 i‘aaderis,
764 2570 823 2621 et
850 2581 1046 2621 arcam
1076 2562 1420 2630 testimonii,
1452 2566 1508 2617 et
1546 2559 1891 2633 pr0pitiato-

274 2652 426 2722 rium,
447 2656 604 2726 quod
630 2671 811 2727 super
839 2670 975 2710 eum
1009 2658 1117 2724 est,
1141 2658 1197 2709 et
1224 2656 1430 2709 cuncta
1452 2668 1593 2707 vasa
1620 2651 1894 2706 taberna-

272 2741 387 2811 culi,
411 2759 799 2816 mensamque
827 2748 885 2800 et
913 2760 1052 2799 vasa
1080 2744 1233 2813 ejus,
1263 2740 1681 2797 candelabrum
1701 2737 1894 2810 puris-

273 2830 463 2886 simum
494 2849 633 2888 cum
668 2832 821 2888 vasis
853 2832 1001 2903 suis,
1035 2837 1093 2887 et
1137 2831 1346 2887 altaria
1375 2827 1806 2902 thymiamatis,
1838 2829 1899 2882 et

1983 511 2124 565 suis.
2161 515 2403 569 Pactum
2446 519 2535 569 est
2573 515 2999 586 sempiternum
3049 513 3202 569 inter
3245 530 3337 569 me
3386 518 3443 569 et
3474 513 3630 571 ﬁlios

1985 598 2182 668 Israel,
2216 601 2567 673 signumque
2622 607 2990 675 perpetuum.
3024 602 3136 657 Sex
3205 602 3363 658 enim
3420 602 3629 659 diebus

1987 686 2121 742 fecit
2151 687 2434 746 Dominus
2464 690 2673 747 coelum
2705 695 2762 747 et
2789 696 3027 761 terram,
3059 698 3115 747 et
3145 691 3205 745 in
3254 690 3505 763 septimo
3554 693 3629 747 ab

1986 792 2157 848 opere
2209 779 2476 835 cessavit.
2527 780 2616 850 [Τ.
2661 780 2787 848 XV,
2839 780 2902 834 B.
2950 778 3103 851 XIX,
3138 781 3272 851 Cap.
3322 779 3631 852 CXXVII.]

1986 865 2277 938 Deditque
2324 867 2610 925 Dominus
2659 869 2827 934 Mosi,
2869 868 3176 940 completis
3219 868 3628 939 hujuscemodi

1988 958 2363 1014 sermonibus
2386 960 2445 1013 in
2468 959 3029 1032 monte§Sinai,duas
3051 959 3280 1014 tabulas
3305 959 3629 1015 testimonii

1985 1045 2267 1117 lapideas,
2299 1048 2550 1120 scriptas
2581 1049 2764 1119 digito
2798 1048 2919 1104 Dei.

2060 1137 2145 1205 lC.
2178 1136 2416 1203 CXVIII,
2452 1138 2581 1209 Cap.
2614 1137 2861 1208 XXXII.]
2898 1138 3108 1194 Videns
3140 1141 3330 1192 autem
3383 1137 3629 1209 populus

1990 1226 2143 1297 quod
2178 1242 2400 1282 moram
2425 1227 2649 1282 faceret
2678 1226 3072 1283 descendendi
3102 1226 3173 1282 de
3204 1236 3397 1281 monte
3420 1227 3632 1297 Moses,

1990 1320 2378 1387 congregatus
2409 1316 2692 1373 adversus
2713 1323 2928 1383 Aaron,
2950 1317 3032 1371 ait
3060 1334 3073 1372 :
3097 1316 3305 1388 Surge,
3331 1315 3419 1373 fac
3462 1317 3633 1372 nobis

1990 1405 2150 1471 deos,
2177 1404 2278 1476 qui
2310 1422 2416 1461 nos
2448 1407 2815 1477 praecedant:
2841 1406 2986 1461 Mosi
3008 1405 3163 1460 enim
3197 1404 3333 1460 huic
3364 1404 3510 1475 viro,
3534 1406 3635 1476 qui

1990 1510 2097 1550 nos
2124 1493 2325 1550 eduxit
2356 1494 2426 1550 de
2456 1499 2614 1551 terra
2642 1495 2891 1567 IEgypti,
2922 1494 3265 1567 ignoramus
3297 1493 3437 1564 quid
3482 1494 3634 1551 acci-

1991 1584 2161 1639 derit.
2195 1583 2465 1656 Dixitque
2496 1585 2567 1639 ad
2594 1600 2693 1640 eos
2722 1590 2915 1641 Aaron
2941 1600 2954 1638 :
2988 1584 3199 1639 Tollite
3229 1582 3478 1640 'inaures
3527 1601 3635 1640 au-

1990 1688 2118 1730 reas
2150 1673 2220 1731 de
2244 1689 2492 1731 uxorum
2524 1674 2900 1746 ﬁliorumque
2938 1678 2995 1730 et
3021 1674 3278 1730 ﬁliarum
3308 1680 3637 1731 vestrarum

1992 1763 2253 1835 auribus,
2304 1765 2502 1820 aﬁ‘erte
2559 1765 2631 1821 ad
2688 1781 2801 1820 me.
2852 1764 3129 1837 Fecitque
3197 1764 3452 1836 populus
3510 1781 3637 1836 qua;

1984 1854 2270 1925 jusserat,
2289 1854 2556 1910 deferens
2587 1854 2825 1910 inaures
2856 1854 2926 1909 ad
2953 1860 3163 1909 Aaron.
3187 1855 3341 1920 Quas
3372 1869 3504 1909 cum
3540 1853 3639 1909 ille

1990 1943 2340 2015 accepisset,
2375 1944 2646 1999 formavit
2674 1960 2847 2015 opere
2900 1943 3142 2013 fusorio,
3175 1948 3232 1998 et
3277 1943 3411 1999 fecit
3457 1960 3524 1999 ex
3556 1943 3640 1999 eis

1990 2032 2246 2088 vitulum
2279 2032 2655 2088 conﬁatilem.
2687 2031 3117 2102 Dixeruntque:
3154 2031 3219 2087 Hi
3250 2036 3389 2088 sunt
3415 2031 3495 2087 dii
3527 2033 3639 2099 tui,

1993 2120 2193 2187 Israel,
2227 2122 2328 2193 qui
2360 2126 2416 2177 te
2472 2122 2803 2178 eduxerunt
2854 2121 2927 2176 de
2984 2126 3139 2177 terra
3187 2121 3439 2193 Egypti.
3473 2122 3638 2187 Quod

1994 2226 2127 2266 cum
2158 2210 2405 2267 vidisset
2450 2213 2663 2279 Aaron,
2699 2210 3005 2266 aediﬁcavit
3049 2210 3231 2266 altare
3281 2226 3474 2266 coram
3526 2226 3592 2267 eo
3621 2211 3643 2245 ¹

1994 2300 2077 2371 [h.
2102 2316 2296 2357 coram
2323 2305 2563 2369 monte],
2583 2306 2641 2357 et
2662 2300 2945 2374 praeconis
2963 2317 3099 2356 voce
3121 2300 3397 2357 clamavit
3417 2300 3640 2357 dicens:

1993 2388 2134 2445 Cras
2164 2389 2508 2446 solemnitas
2554 2390 2789 2446 Domini
2837 2394 2945 2446 est.
2979 2390 3415 2463 Surgentesque
3468 2405 3638 2445 mane

1996 2478 2333 2534 obtulerunt
2359 2478 2725 2548 holocausta,
2746 2483 2803 2534 et
2834 2479 3059 2535 hostias
3082 2478 3371 2550 paciﬁcus,
3396 2483 3452 2533 et
3492 2476 3644 2534 sedit

1996 2567 2247 2639 populus
2280 2568 2606 2638 comedere,
2627 2572 2684 2625 et
2705 2568 2920 2637 bibere,
2942 2572 2999 2624 et
3020 2573 3401 2624 surrexerunt
3421 2567 3642 2623 ludere.

1998 2655 2081 2728 [Ο.
2115 2655 2321 2729 CXIX.]
2356 2657 2612 2713 Locutus
2645 2662 2734 2713 est
2764 2660 2962 2712 autem
2995 2656 3277 2712 Dominus
3307 2656 3378 2712 ad
3413 2656 3644 2712 Mosen:

1997 2745 2178 2813 Vade,
2234 2746 2557 2801 descende:
2611 2746 2871 2817 peccavit
2928 2744 3179 2817 populus
3246 2750 3408 2812 tuus,
3468 2761 3646 2816 quem

1998 2833 2250 2890 eduxisti
2278 2837 2349 2890 de
2395 2838 2554 2891 terra
2584 2834 2838 2907 Egypti.
2865 2834 3259 2889 Recesserunt
3290 2832 3403 2889 cito
3434 2833 3504 2888 de
3536 2833 3647 2901 via,

267 2915 669 2989 bolocausti,et
694 2921 890 2976 omnia
919 2937 1059 2977 vasa
1088 2936 1315 2987 eorum,
1342 2918 1574 2974 labrum
1598 2932 1732 2972 cum
1766 2915 1888 2971 basi

2000 2938 2178 2994 quam
2210 2922 2522 2979 ostendisti
2543 2923 2629 2979 eis
2653 2939 2666 2978 :
2691 2923 3073 2993 feceruntque
3099 2922 3213 2977 sibi
3237 2920 3485 2977 vitulum
3516 2936 3651 2977 con-

266 3022 358 3061 sua
382 3014 563 3065 vestes
593 3014 836 3066 sanctas
868 3009 929 3064 in
953 3008 1279 3065 ministerio
1301 3014 1493 3063 Aaron
1517 3004 1809 3062 sacerdoti
1840 3008 1898 3059 et
2001 3011 2265 3081 ﬂatilem,
2298 3016 2355 3068 et
2384 3012 2800 3080 ador-avarum,
2832 3015 3012 3082 atque
3041 3010 3418 3066 immolantes
3465 3010 3516 3065 ei
3548 3010 3654 3065 ho.

264 3093 385 3152 ωίίε
410 3098 631 3169 eius,“
660 3099 985 3171 ῖυοεεωιυτ
1016 3098 1205 3155 Ofﬁcio
1225 3114 1332 3153 800
1362 3096 1422 3151 in
1456 3095 1661 3151 Βαονίεε
1698 3093 1894 3149 Oleum
2001 3101 2171 3166 stias,
2194 3102 2503 3157 dixerunt:
2530 3101 2631 3157 Isti
2652 3104 2793 3156 sunt
2822 3099 2902 3155 dii
2934 3099 3041 3169 tui,
3066 3098 3267 3168 Israel,
3291 3099 3393 3172 qui
3416 3103 3471 3155 te
3501 3100 3649 3154 edu-

269 3185 554 3258 uncticnis,
589 3192 649 3244 et
676 3187 1005 3260 thymiama
1049 3191 1382 3243 aromatum
1433 3186 1494 3240 in
1525 3180 1885 3249 sanctuario,

2000 3193 2210 3243 xerunt
2234 3188 2303 3244 de
2324 3193 2477 3244 terra
2496 3189 2745 3261 Egypti.
2771 3188 3146 3259 Rursumque
3167 3187 3247 3242 ait
3266 3187 3552 3243 Dominus
3574 3188 3647 3242 ad

270 3276 444 3331 omnia
498 3294 629 3349 quae
688 3276 936 3349 praecepi
992 3276 1121 3345 tibi,
1159 3277 1393 3333 facient.
1429 3277 1510 3347 [Ο.
1556 3272 1781 3342 CXVI.]
1834 3275 1905 3325 Et
2009 3278 2203 3333 Mosen
2230 3293 2243 3334 :
2270 3282 2454 3334 Cerno
2486 3279 2642 3349 quod
2673 3276 2927 3349 populus
2954 3277 3064 3333 iste
3089 3278 3249 3333 durae
3271 3276 3512 3333 cervicis
3534 3277 3642 3333 sit:

268 3366 474 3421 locutus
494 3371 586 3423 est
604 3366 893 3423 Dominus
910 3366 987 3439 [h.
1002 3367 1072 3422 Et
1094 3366 1238 3421 dixit
1254 3364 1561 3435 Dominus]
1586 3363 1658 3419 ad
1677 3363 1899 3431 Mosen,

271 3454 483 3510 dicens:
522 3461 785 3528 Loquere
845 3454 981 3511 ﬁliis
1042 3455 1245 3511 Israel.
1290 3460 1349 3510 et
1406 3453 1565 3509 dices
1624 3452 1695 3507 ad
1753 3468 1896 3507 eos:

272 3544 443 3599 Videte
456 3544 861 3601 utSabbatum
878 3560 1073 3600 meum
1094 3542 1487 3612 custiodiatis,
1504 3541 1642 3613 quia
1658 3542 1897 3612 signum

272 3639 343 3687 est
371 3633 516 3690 inter
548 3650 645 3689 me
674 3638 731 3689 et
780 3650 884 3688 vos
943 3633 1003 3688 in
1063 3631 1539 3705 generationibus
1570 3630 1800 3700 vestris,
1835 3634 1899 3685 ut

270 3720 443 3778 sciatis
462 3723 604 3794 quia
635 3739 741 3794 ego
767 3723 1073 3787 Dominus,
1097 3723 1198 3793 qui
1220 3721 1522 3777 sanctiﬁco
1546 3736 1663 3775 vos.
1688 3722 1895 3775 Custo-

270 3807 369 3864 dite
418 3812 740 3867 Sabbatum
796 3812 976 3882 (Vulg.
1019 3810 1153 3866 add.
1203 3809 1443 3881 meum],
1475 3812 1747 3864 sanctum
1806 3811 1897 3863 est

268 3898 395 3955 enim
422 3901 587 3957 vobis
615 3918 631 3957 :
660 3900 759 3971 qui
794 3899 1069 3972 polluerit
1118 3898 1288 3965 illud,
1322 3902 1506 3954 morte
1564 3896 1843 3959 morietur
1875 3913 1889 3951 :

269 3988 349 4057 qui
378 3989 576 4046 fecerit
606 3989 667 4044 in
700 4006 765 4045 eo
796 4006 966 4061 opus,
984 3987 1582 4061 perihitanimaillius
1596 3986 1666 4041 de
1698 3985 1890 4041 medio

267 4077 439 4146 populi
470 4079 587 4135 sui.
615 4079 726 4134 Sex
745 4078 955 4133 diebus
973 4076 1198 4133 facietis
1224 4093 1372 4148 opus
1397 4093 1409 4130 :
1434 4077 1493 4130 in
1524 4075 1618 4130 die
1640 4074 1889 4146 septimo

267 4165 560 4225 Sabbatum
590 4174 701 4237 est,
736 4168 970 4240 requies
999 4172 1207 4223 sancta
1236 4167 1505 4223 Domino.
1536 4166 1741 4221 Omnis
1789 4165 1887 4236 qui

269 4252 443 4313 fecerit
471 4274 623 4330 cpus
654 4257 713 4313 in
766 4257 875 4314 hac
924 4257 1039 4325 die,
1072 4255 1375 4313 morietur.
1408 4254 1755 4311 Custodiant
1782 4253 1890 4308 ﬁlii

326 4464 341 4495 ι
371 4452 619 4508 Verbum
654 4450 813 4507 istud
837 4450 1184 4507 Hebraicum
1204 4450 1312 4506 hoc
1346 4450 1518 4523 modo
1541 4453 1889 4523 punctatum

2007 3366 2238 3421 dimitte
2265 3383 2379 3433 me,
2409 3371 2474 3422 ut
2500 3368 2792 3423 irascatur
2819 3368 2983 3422 furor
3013 3382 3178 3422 meus
3217 3370 3421 3421 contra
3464 3380 3563 3422 eos
3593 3369 3651 3421 et

2006 3454 2233 3511 deleam
2291 3472 2413 3521 eos,
2446 3456 2774 3527 faciamque
2829 3461 2887 3511 te
2942 3455 3002 3510 in
3060 3459 3293 3526 gentem
3352 3470 3647 3524 magnam.

2006 3543 2277 3615 [C.CXX.]
2291 3548 2478 3600 Moses
2495 3548 2691 3600 autem
2706 3544 2911 3600 orabat
2928 3544 3237 3599 Dominum
3256 3545 3432 3600 Deum
3449 3560 3645 3610 suum,

2002 3633 2242 3689 dicens:
2278 3632 2413 3703 Cur,
2445 3633 2710 3701 Domine,
2743 3632 3022 3689 irascitur
3053 3635 3211 3688 furor
3262 3642 3397 3688 tuus
3447 3638 3650 3689 contra

2001 3721 2287 3793 populum
2320 3727 2510 3791 tuum,
2544 3738 2717 3793 quem
2747 3722 3000 3777 eduxisti
3032 3722 3104 3777 de
3134 3727 3289 3777 terra
3316 3722 3564 3793 Egypti,
3586 3721 3646 3777 in

2001 3811 2342 3867 fortitudine
2373 3817 2671 3885 magna,et
2701 3811 2759 3865 in
2793 3828 2972 3866 manu
3008 3810 3393 3867 robusta‘INe
3426 3826 3645 3881 quaso,

1999 3900 2200 3956 dicant
2229 3900 2481 3973 Egyptii
2509 3916 2522 3955 :
2556 3899 2775 3955 Callide
2806 3899 3007 3956 eduxit
3034 3916 3157 3965 eos,
3192 3903 3256 3953 ut
3293 3898 3651 3954 interﬁceret

1997 3988 2057 4043 in
2090 3990 2413 4055 montibus,
2436 3993 2494 4044 et
2523 3990 2742 4045 deleret
2772 4005 2803 4044 e
2833 3996 3008 4044 terra:
3036 3988 3302 4059 quiescat
3332 3988 3417 4042 ira
3446 3991 3567 4053 tua,
3592 3991 3651 4042 et

1996 4083 2121 4133 esto
2145 4077 2447 4148 placabilis
2470 4094 2649 4148 super
2673 4076 2937 4147 nequitia
2960 4075 3161 4147 populi
3192 4075 3297 4131 tui.
3327 4075 3649 4130 Recordare

1999 4167 2510 4236 Abraham,Isaac,
2533 4171 2591 4221 et
2616 4165 2811 4235 Israel,
2830 4181 3133 4221 servorum
3153 4170 3413 4230 tuorum,
3429 4163 3647 4235 quibus

1987 4255 2204 4327 jurasti
2228 4271 2331 4328 per
2348 4255 2991 4327 temetipsum,dicens:
3020 4252 3422 4326 Multiplicaho
3445 4269 3647 4309 semen

1998 4452 2471 4525 —Expunximus
2500 4468 2535 4507 a
2555 4450 2689 4505 libri
2722 4467 2824 4506 ora
2842 4450 3086 4506 verbum
3110 4450 3460 4506 Hebraicum
3477 4462 3651 4540 #1113]:

269 4524 531 4607 mperitur
562 4524 624 4579 in
657 4522 1229 4614 marginejin‘teriori
1280 4521 1523 4614 canonis
1544 4521 1558 4523 ⁷
1595 4523 1888 4614 Hebraicis

2001 4544 2153 4614 quod
2186 4542 2245 4596 in
2278 4541 2543 4614 margine
2574 4541 2838 4614 interiori
2874 4541 3130 4614 canonis
3163 4540 3457 4614 Hebraicaa
3497 4521 3651 4597 veril-

265 4596 522 4664 veritatis,
557 4613 588 4650 e
634 4592 876 4683 regione
923 4594 1249 4683 ‘dictionisn
1287 4594 1618 4683 thymiama.
1672 4592 1888 4683 Verqm

2001 4592 2137 4670 t'atis
2195 4630 2225 4669 e
2278 4592 2512 4683 regigne
2568 4612 2844 4668 dictionis
2898 4612 3233 4683 thymiama,
3265 4612 3650 4669 Martianaaus

268 4680 423 4720 manu
454 4664 787 4732 recentiori,
824 4682 889 4721 ac
920 4670 1138 4721 temere
1171 4664 1367 4720 fuisse
1387 4665 1643 4736 positum
1702 4664 1893 4720 multa

268 4736 793 4793 suadentJirimum
814 4743 923 4800 est,
948 4738 1101 4808 quod
1129 4736 1427 4792 Hebraicis
1449 4737 1891 4793 characteribus

267 4809 331 4882 sit
353 4809 871 4882 exscriptum,cum
904 4811 1079 4882 verba
1100 4808 1347 4882 Hebraea
1374 4808 1433 4863 in
1467 4809 1709 4882 scholiis
1742 4810 1893 4879 ejus-

270 4878 383 4934 dem
403 4878 669 4949 candnis,
691 4880 901 4935 litteris
923 4881 1142 4952 ubique
1162 4880 1385 4952 Latinis
1408 4878 1892 4952 reperianturex-

301 4968 467 5021 resse,
500 4953 657 5008 utin
704 4952 926 5008 caeteris
970 4950 1305 5021 Hieronymi
1358 4950 1891 5008 lucubrationibus.

306 5024 464 5079 einde
487 5024 693 5079 eodem
726 5027 1051 5081 atramento
1082 5022 1488 5079 adnotationes
1537 5024 1892 5096 marginales

267 5109 474 5166 semper
503 5096 848 5151 scribuntur
877 5096 934 5150 in
964 5111 1204 5161 canone,
1240 5112 1353 5166 quo
1396 5098 1453 5151 et
1483 5101 1673 5150 textus
1718 5096 1842 5167 ipse
1877 5112 1889 5149 :

268 5167 378 5221 stin
398 5167 502 5223 hoc
515 5168 690 5222 verbo
715 5168 963 5238 Cetoreth
976 5168 1175 5222 minus
1188 5171 1379 5221 atrum
1397 5167 1896 5238 apparetdegenm

269 5252 386 5292 rans
413 5239 470 5293 in
504 5238 719 5293 ﬂavum
753 5237 1027 5295 colorem.
1050 5238 1220 5310 Nullo
1244 5239 1496 5310 denique
1528 5238 1695 5310 signo
1719 5238 1894 5293 lecto-

269 5323 371 5383 rem
391 5310 769 5383 monet,sicut
781 5316 988 5367 caetera
1001 5309 1397 5383 scholia,quid
1417 5310 1528 5383 sibi
1546 5309 1897 5383 respondeat

269 5379 315 5453 in
339 5397 596 5453 corpore,
609 5381 694 5437 vel
719 5383 789 5453 ad
806 5398 982 5451 quam
998 5379 1446 5453 ambiguitatem
1462 5379 1894 5437 dissolvendam

272 5449 333 5503 sit
360 5449 713 5525 appositum.
746 5449 996 5524 Qu'iquid
1045 5453 1123 5507 sit
1165 5449 1241 5507 de
1290 5453 1389 5507 illo
1439 5454 1636 5523 verbo,
1670 5457 1896 5507 certum

270 5524 445 5578 exstat
467 5541 595 5596 non
614 5540 738 5579 esse
773 5526 1234 5596 Hieronymi,qui
1268 5531 1485 5595 puncta
1515 5524 1899 5581 Massoretha-

272 5609 383 5650 rum
412 5595 638 5652 vocalia
669 5612 958 5667 nusquam
987 5595 1238 5668 agnovit.
1264 5602 1427 5651 MART

2003 4684 2251 4758 repetit;
2304 4682 2581 4758 quodque
2637 4701 2752 4758 non
2811 4682 3120 4758 difﬁt’etur,
3170 4691 3226 4740 et
3285 4701 3331 4758 _a_
3384 4684 3647 4758 sequiori

2002 4754 2201 4824 manu,
2229 4760 2284 4810 et
2315 4754 2348 4810 a
2368 4754 2546 4810 sciolo
2567 4756 2878 4811 scholiaste
2900 4756 3259 4826 appositum.
3284 4754 3500 4811 Verum
3525 4755 3650 4811 Hie-

2001 4844 2283 4895 ronymus
2336 4826 2501 4894 epist.
2536 4828 2658 4895 106,
2692 4826 2761 4881 ad
2806 4827 3086 4882 Sunniam
3140 4834 3197 4884 et
3250 4829 3539 4893 Frelclam,
3574 4829 3645 4882 ad

2002 4896 2171 4973 spal:
2197 4916 2321 4973 va,
2356 4896 2826 4973 Catorethulegit,
2860 4908 2913 4954 et
2961 4900 3249 4956 incensum
3295 4900 3647 4971 interpreta-

1999 4969 2117 5029 tur.
2150 4972 2295 5026 Vide
2327 4986 2454 5041 qua
2487 4986 2594 5025 nos
2624 4969 2705 5025 ibi
2745 4971 3120 5027 adnotamus.

2075 5062 2096 5095 ²
2118 5057 2412 5115 Hebraicaa
2446 5058 2618 5113 habet
2638 5042 2812 5125 νεεδ,
2828 5058 3129 5128 lephanau,
3148 5059 3205 5114 id
3250 5058 3452 5130 est,pad
3469 5056 3649 5130 facies

2004 5134 2140 5205 ejus.
2175 5132 2352 5185 Docet
2402 5130 2598 5205 itaque
2654 5130 3043 5205 notaAisthaec
3096 5128 3647 5205 marginalis,;quo_d

1997 5199 2167 5273 juxta
2195 5218 2432 5256 sensum
2472 5199 2760 5255 ll‘ebraicae
2794 5201 3107 5272 Scriptura;
3137 5199 3326 5273 Aaron
3350 5199 3652 5273 aediﬁcarit

2005 5270 2184 5330 altare
2216 5289 2411 5327 coram
2444 5278 2662 5337 monte,
2696 5289 2811 5327 non
2870 5270 3064 5328 coram
3123 5272 3303 5327 vitulo
3344 5270 3646 5326 conﬁatili.

2004 5348 2114 5401 Sed
2149 5344 2505 5400 contrarium
2538 5343 2743 5399 volunt
2762 5344 2949 5400 critici
2972 5343 3122 5399 sacri
3145 5343 3323 5414 hujus
3344 5342 3647 5414 temporis,

2006 5420 2105 5489 qui
2138 5418 2209 5471 ad
2242 5415 2365 5470 haec
2390 5416 2583 5484 verba,
2612 5432 2796 5471 coram
2825 5432 2907 5480 eo,
2941 5420 3183 5470 monent
3212 5413 3535 5489 subaudiri,
3569 5415 3649 5468 vi-

2004 5485 2159 5544 21.10:
2193 5504 2442 5559 quorum
2476 5488 2824 5543 sententiam
2859 5503 3229 5559 nosqucque
3262 5491 3324 5539 ut
3365 5485 3647 5559 veriorem

2006 5556 2419 5631 amplectimur
2444 5577 2456 5614 ;
2482 5575 2585 5614 nec
2617 5577 2723 5632 par
2744 5564 2832 5614 est
2852 5556 3084 5615 credere
3118 5558 3212 5628 buj
3225 5556 3454 5614 usmodi
3477 5556 3651 5613 schoq

2003 5632 2121 5689 lion
2155 5632 2228 5687 ab
2258 5632 2609 5703 Hieronymo
2640 5632 2824 5688 fuisse
2853 5632 3198 5702 profectum.
