2040 3093
164 122 219 153 319
679 127 711 156 8.
731 126 933 155 BlERONYMI
951 126 1080 153 DIVINA
1101 126 1350 156 BIBLIOTHECA.
1816 136 1872 164 320

161 199 292 226 vestrum
309 197 386 226 sicut
402 197 502 226 stellas
531 197 607 231 caeli,
624 200 652 226 et
680 198 849 227 universam
878 200 986 225 terram

1047 197 1092 234 me
1106 190 1142 217 de
1156 189 1232 218 libro
1246 192 1297 218 tuo
1313 200 1400 227 quem
1417 193 1571 229 scripsisti.
1584 196 1636 224 Cui
1652 199 1803 234 respondit
1813 200 1869 228 Do-

164 241 251 277 hauc,
268 242 303 270 de
318 251 377 278 qua
393 242 509 270 locutus
525 251 601 277 sum,
618 242 694 271 dabo
719 243 822 271 semini
840 244 947 277 vestro,
964 243 993 270 et

168 286 359 323 possidebitis
374 295 437 314 eam
467 294 595 323 semper.
612 287 806 323 Placatusque
834 289 879 316 est
896 287 992 315 Demi-

167 339 275 364 nus,ne
286 331 392 359 faceret
403 330 503 358 maulu
510 339 534 358 m
543 332 620 367 quod
629 331 744 360 locutus
753 332 993 359 fueratadversus

167 374 309 411 populum
321 383 421 403 suum.
436 375 477 410 [Ο.
489 375 595 411 ΟΧΧΙ.]
608 376 641 403 Et
652 384 784 404 reversus
794 378 840 404 est
853 377 945 403 Moses
956 375 992 402 de

166 423 274 453 monte,
293 422 415 455 portans
430 420 505 447 duas
520 420 637 448 tabulas
661 420 820 448 testimonii
847 420 876 448 in
901 428 990 448 manu

168 470 232 498 sua,
247 463 372 500 scriptas
401 472 436 491 ex
450 467 575 500 utraque
591 466 682 501 parte,
709 466 729 500 ³,
760 466 788 493 et
803 465 892 492 factas
907 472 992 500 opere
1012 498 1015 500 ἓ

164 508 215 536 Dei
231 508 379 544 scriptura
394 516 512 545 quoque
527 509 576 536 Dei
594 512 658 537 erat
678 509 794 545 sculpta
816 509 846 537 in
871 509 989 537 tabulis.

165 552 292 581 Audiens
305 556 402 581 autem
409 553 498 581 Josue
510 553 669 581 tumultum
685 553 783 590 populi
795 553 990 589 vociferantis,

165 597 238 625 dixit
250 598 283 625 ad
300 598 400 625 Mosen
414 606 421 625 :
434 597 568 626 Ululatus
584 606 688 634 pugna:
700 595 820 626 auditur
831 598 860 626 iu
872 598 989 626 castris.

164 642 217 674 Qui
235 642 407 677 respondit:
424 642 488 670 Non
514 645 559 670 est
579 642 690 671 clamor
713 643 934 671 adhortantium
954 643 990 670 ad

164 694 404 722 pugnam,neque
412 687 584 715 vociferatio
591 687 829 723 compellentium
837 687 873 715 ad
882 687 989 722 fugam:

164 731 214 759 sed
232 739 331 759 vocem
347 731 529 759 cantantium
547 739 599 767 ego
613 732 710 759 audio.
728 731 861 767 Cumque
885 740 992 767 appro-

162 775 338 811 pinquasset
353 776 389 803 ad
406 778 511 811 castra,
528 776 598 804 vidit
613 775 750 810 vitulum,
760 779 789 804 et
804 776 920 811 choros,
933 776 989 803 ira-

163 822 270 856 tusque
285 820 368 847 valde
382 820 505 856 projecit
515 821 550 848 de
566 828 655 848 manu
671 821 799 854 tabulas,
811 824 837 848 et
846 820 990 856 confregit

163 872 213 892 eas
229 865 264 891 ad
277 864 402 892 radicem
415 865 524 893 montis
535 874 541 893 :
552 865 754 901 arripiensque
764 864 889 893 vitulum
901 872 988 901 quem
1005 874 1027 905 Β

164 909 302 942 fecerant,
310 909 483 942 combussit.
492 912 520 937 et
528 909 664 937 contrivit
675 918 767 946 usque
777 910 813 937 ad
827 909 986 946 pulverem,

163 960 252 988 quem
268 953 377 989 sparsit
392 953 420 980 in
435 962 552 989 aquam,
565 956 593 981 et
607 953 737 989 dedit:ex
752 962 785 981 eo
801 956 902 990 potum
919 953 988 981 ﬁliis

164 997 264 1025 lsrael.
280 997 322 1033 [Ο.
340 997 466 1033 CXXII.]
483 997 616 1034 Dixitque
641 998 677 1026 ad
701 999 816 1027 Aaron:
833 998 906 1031 Quid
935 997 987 1026 tibi

164 1041 231 1070 fecit
241 1041 287 1069 hic
300 1042 437 1078 populus,
451 1046 483 1070 ut
494 1042 649 1070 induceres
659 1050 748 1078 super
757 1050 824 1070 eum
836 1044 987 1078 peccatum

164 1086 326 1114 maximum
337 1086 351 1114 7
362 1086 414 1115 Cui
425 1086 474 1114 ille
486 1087 637 1123 respondit
648 1095 654 1114 :
667 1086 708 1115 Ne
717 1086 888 1123 indignetur
899 1087 990 1115 domi-

165 1138 221 1158 uus
244 1138 347 1158 meus:
364 1133 394 1158 tu
419 1131 499 1158 enim
524 1131 602 1159 nosti
626 1130 769 1167 populum
793 1131 894 1165 istum,
911 1131 987 1166 quod

164 1183 276 1211 pronus
292 1175 330 1203 sit
354 1175 390 1202 ad
418 1175 527 1203 malum
543 1184 550 1203 :
567 1175 705 1203 dixerunt
721 1175 810 1203 mihi:
829 1176 884 1203 Fac
904 1175 989 1203 nobis

164 1219 245 1254 deos,
261 1220 311 1256 qui
336 1220 502 1255 praecedant
531 1228 604 1248 nos:
625 1220 712 1247 huic:
728 1220 806 1248 enim
837 1220 908 1248 Mosi
939 1220 990 1256 qui

163 1264 264 1291 eduxit
279 1271 332 1291 nos
347 1266 425 1292 terra
447 1264 576 1300 Egypti,
593 1265 743 1292 nescimus
774 1264 843 1300 quid
875 1264 989 1292 accide-

163 1308 212 1337 rit.
227 1308 340 1342 Quibus
355 1317 407 1345 ego
420 1309 499 1336 dixi:
517 1310 588 1341 Quis
603 1311 732 1337 vestrum
748 1309 836 1337 habet
861 1310 990 1336 aurum?

163 1352 318 1386 Tuleruul,
334 1355 362 1380 et
390 1353 536 1381 dederunt
564 1353 702 1381 mihi:et
729 1353 836 1389 projeci
861 1352 933 1380 illud
958 1353 988 1380 in

161 1397 276 1433 ignem,
292 1405 473 1434 egresusque
497 1400 542 1425 est
565 1397 612 1425 hic
643 1397 762 1425 vitulus.
785 1398 894 1425 Videns
921 1405 989 1434 ergo

162 1443 277 1478 Moyses
292 1441 434 1477 populum
451 1442 528 1477 quod
555 1444 633 1469 esset
658 1442 788 1469 nudatus
804 1441 990 1478 (spoliaverat

164 1486 241 1513 enim
259 1494 325 1513 eum
352 1487 447 1513 Aaron
473 1489 592 1522 propter
613 1486 804 1522 ignominiam
836 1487 931 1513 sordis
961 1489 989 1514 et

165 1530 242 1558 inter
257 1530 357 1558 hostes
379 1531 491 1557 nudum
516 1531 730 1565 constituerat),
749 1531 790 1566 [Ο.
806 1532 918 1558 CXXIII
935 1532 942 1566 ]
960 1533 988 1558 et

1047 233 1167 262 minus:
1182 235 1235 267 Qui
1253 236 1412 271 peccaverit
1429 238 1514 271 mihi,
1528 239 1630 268 delebo
1645 233 1710 270 cuni
1734 243 1771 271 de
1795 243 1871 273 libro

1048 286 1130 324 meo:
1147 280 1179 306 tu
1195 281 1292 307 autem
1309 280 1391 315 vade,
1408 283 1437 309 et
1459 282 1516 310 duc
1540 284 1683 320 populum
1707 286 1798 315 istum
1814 297 1870 324 quo

1048 321 1168 369 locutus
1179 332 1244 369 sum
1261 324 1312 369 tibi
1323 333 1335 356 ;
1350 325 1473 369 angelus
1487 335 1571 356 meus
1599 330 1740 365 praecedet
1755 333 1794 360 te.
1811 321 1870 369 ligo

1047 368 1144 394 autem
1161 367 1190 394 in
1206 367 1254 395 die
1277 367 1398 396 ultionis
1424 370 1549 399 visitabo
1577 374 1606 399 et
1633 372 1688 401 hoc
1715 367 1870 410 peccatum

1046 418 1157 439 eorum.
1171 413 1318 440 Percussit
1328 421 1396 449 ergo
1407 414 1550 443 Dominus
1562 417 1703 452 populum
1717 427 1769 454 pro
1785 422 1870 448 reatu

1046 455 1140 489 vituli,
1155 465 1242 492 quem
1259 457 1325 485 fecit
1339 458 1445 486 Aaron.

1083 500 1123 536 [Ο.
1141 500 1245 534 CXXV,
1264 503 1328 537 Cap.
1344 502 1489 540 XXXlll.]
1507 504 1694 542 Locutuaque
1709 509 1753 536 est
1768 507 1870 536 Domi-

1047 553 1103 572 nus
1118 545 1153 572 ad
1170 545 1281 581 Mosen,
1297 546 1398 575 dicens
1412 547 1515 581 :Vade,
1529 551 1655 578 ascende
1671 551 1706 578 de
1722 551 1785 580 loco
1800 552 1868 587 isto,

1045 591 1075 616 tu
1092 591 1122 617 et
1135 591 1261 626 populus
1277 592 1346 619 tuus
1363 591 1404 627 [b.
1416 601 1474 620 non
1490 593 1589 627 habet,
1601 595 1682 631 tuus]
1692 603 1779 631 quem
1795 597 1870 625 edu-

1045 633 1114 661 xisti
1130 634 1165 662 de
1178 637 1255 662 terra
1268 635 1393 672 Egypti,
1405 636 1435 664 in
1446 639 1553 665 terram
1567 646 1656 674 quam
1668 640 1763 674 juravi
1778 641 1870 670 Abra-

1046 677 1125 712 ham,
1149 679 1241 714 Isaac,
1266 682 1295 707 et
1322 680 1422 715 Jacob,
1439 681 1557 710 dicens:
1574 683 1684 711 Semiui
1713 686 1764 712 tuo
1792 685 1870 714 dabo

1045 730 1130 751 eam:
1154 726 1183 751 et
1211 724 1326 752 mittam
1354 733 1562 760 praecursorem
1591 727 1634 755 tui
1664 729 1814 765 angelum,
1837 733 1870 758 ut

1045 767 1157 803 ejiciam
1174 768 1379 804 Chananeum,
1389 772 1418 798 et
1429 771 1642 805 Amorrhaaum,
1653 775 1683 800 et
1692 772 1869 809 Hettheum,

1044 814 1073 840 et
1089 812 1284 849 Pherezazum,
1298 816 1327 841 et
1339 814 1485 850 Hei/tcum,
1498 818 1527 842 et
1540 816 1720 851 Jebusaaum,
1733 820 1762 846 et
1776 818 1870 847 intres

1045 855 1074 883 iu
1091 858 1198 884 terram
1212 856 1350 885 ﬂuentem
1363 857 1437 886 lacte
1451 862 1480 886 et
1492 859 1586 888 melle.
1597 860 1660 888 Non
1671 861 1749 889 enim
1764 870 1870 890 ascen—

1043 900 1109 928 dam
1121 904 1230 933 tecum,
1242 902 1311 937 quia
1322 902 1449 939 populus
1460 903 1539 931 dura:
1551 904 1669 933 cervicis
1680 913 1712 933 es
1724 914 1731 933 :
1743 914 1779 934 ne
1793 907 1868 935 forte

1042 944 1212 981 disqerdam
1219 947 1247 973 te
1258 946 1287 973 in
1296 946 1352 974 via.
1360 947 1422 974 Aud
1428 947 1551 984 iensque
1564 949 1689 985 populus
1695 958 1862 979 sermonem

1043 989 1122 1017 hunc
1138 990 1310 1026 pessimum,
1326 990 1400 1019 luxit
1412 1002 1420 1024 ς
1434 994 1462 1020 et
1481 993 1582 1021 nullus
1597 1002 1632 1022 ex
1647 1003 1728 1023 more
1742 995 1864 1024 indutus

1043 1035 1088 1062 est
1103 1033 1185 1062 cultu
1210 1043 1274 1062 suo.
1292 1035 1334 1071 [Ο.
1351 1036 1486 1073 CXXVl.]
1500 1037 1637 1074 Dixitque
1660 1038 1801 1068 Dominus
1827 1041 1864 1068 ad

1044 1078 1164 1106 Mosen:
1182 1081 1310 1115 Loquere
1337 1080 1405 1108 filiis
1430 1081 1519 1109 Israel
1544 1082 1674 1118 Populus
1698 1084 1778 1111 duras
1800 1092 1866 1112 cer-

1043 1123 1116 1151 xicis
1130 1131 1173 1158 es,
1201 1123 1292 1152 semel
1308 1126 1462 1153 ascendam
1479 1126 1509 1154 in
1533 1127 1628 1155 medio
1644 1128 1699 1161 tui,
1715 1130 1743 1156 et
1763 1128 1867 1157 delebo

1044 1170 1082 1195 te.
1092 1168 1159 1196 Jam
1175 1176 1252 1196 nunc
1267 1169 1380 1205 depone
1390 1173 1525 1199 ornatum
1536 1174 1632 1206 tuum,
1646 1175 1678 1200 ut
1689 1172 1779 1201 sciam
1796 1173 1867 1209 quid

1045 1212 1149 1240 faciam
1165 1213 1229 1240 tibi.
1245 1214 1447 1249 Deposuerunt
1460 1223 1528 1251 ergo
1545 1216 1595 1243 ﬁlii
1608 1216 1717 1245 Israel:
1730 1219 1867 1246 ornatum

1044 1265 1131 1284 suum
1150 1266 1166 1285 a
1182 1260 1280 1285 monte
1293 1259 1399 1286 Horcb.
1421 1260 1465 1295 [T.
1477 1260 1561 1296 XVI.]
1576 1260 1675 1289 Moses
1685 1270 1802 1297 quoque
1816 1262 1871 1290 tol-

1044 1301 1107 1329 lens
1121 1302 1355 1338 tabernaculum,
1371 1304 1495 1332 tetendit
1521 1307 1602 1333 extra
1630 1308 1728 1334 castra
1754 1306 1868 1342 procul,

1043 1346 1214 1382 vocavitque
1229 1355 1335 1375 nomen
1350 1347 1424 1383 ejus,
1442 1349 1676 1378 Tabernaculum
1690 1350 1817 1379 foederis.
1833 1351 1869 1379 Et

1043 1390 1141 1418 omnis
1157 1390 1294 1427 populus,
1305 1392 1357 1428 qui
1372 1392 1498 1421 habebat
1514 1393 1644 1430 aliquam
1660 1395 1866 1430 quaestionem,

1044 1435 1249 1471 egrediebatur
1263 1437 1298 1464 ad
1323 1437 1546 1466 tabernaculum
1573 1439 1702 1472 foederis,
1717 1442 1799 1468 extra
1822 1448 1869 1468 ca-

1043 1481 1115 1507 stra.
1127 1480 1258 1515 Cumque
1273 1481 1459 1516 egrederetur
1473 1481 1570 1510 Moses
1581 1482 1616 1510 ad
1631 1482 1867 1519 tabernaculum,

1043 1524 1180 1560 surgebat
1196 1525 1331 1553 universa
1346 1525 1439 1561 plebs,
1456 1528 1485 1554 et
1500 1526 1597 1554 stabat
1612 1527 1815 1563 unusquisque
1837 1527 1869 1556 in

164 1577 246 1602 stans
262 1575 289 1601 in
308 1577 390 1610 porta
406 1578 566 1602 castrorum
585 1575 643 1602 ait:
662 1575 689 1602 Si
793 1578 837 1602 est
860 1559 983 1608 nomini,
1003 1559 1024 1592 (ἶ
1044 1559 1120 1596 ostio
1135 1568 1294 1604 papilionis
1309 1559 1366 1603 sui,
1383 1569 1621 1607 aspiciebantque
1643 1559 1868 1607 tergum-Mosi,

162 1620 305 1654 jungatur
319 1619 401 1646 mihi.
419 1619 651 1655 Congregatique
665 1622 735 1646 sunt
750 1621 783 1646 ad
802 1628 867 1647 eum
885 1628 986 1647 omnes

164 1663 215 1690 ﬁlii
233 1663 318 1691 Levi:
337 1664 445 1699 quibus
470 1663 529 1690 ait:
547 1666 611 1691 Haec
641 1664 711 1690 dicit
742 1664 881 1690 Dominus
911 1666 985 1690 Deus

163 1707 271 1735 Israel:
288 1710 381 1735 Ponat
404 1708 448 1734 vir
474 1708 605 1743 gladium
636 1717 724 1744 super
753 1709 847 1735 femur
876 1717 984 1735 suum:

163 1752 213 1785 ite,
225 1755 254 1780 et
267 1752 358 1780 redite
369 1753 404 1780 de
421 1755 503 1788 porta
514 1760 607 1788 usque
619 1753 653 1779 ad
668 1755 780 1788 portam
794 1761 844 1788 per
857 1753 985 1780 medium

163 1799 337 1830 castrorum,
365 1800 393 1824 et
422 1797 534 1824 occidat
564 1797 769 1832 unusquisque
800 1798 928 1830 fratrem,
960 1800 988 1824 et

163 1841 303 1874 amicum,
328 1844 355 1868 et
385 1842 562 1876 proximum,
586 1850 685 1868 suum.
705 1842 905 1877 Fecerunique
934 1841 985 1867 filii

164 1886 230 1913 Levi
245 1886 329 1920 juxta
344 1894 507 1913 sermonem
532 1885 616 1918 Mosi,
634 1885 861 1920 cecideruntque
886 1886 914 1912 in
941 1885 987 1911 die

163 1930 213 1958 illa
229 1930 314 1966 quasi
344 1930 400 1957 tria
430 1930 523 1956 millia
552 1930 738 1957 hominum’.
760 1930 790 1956 Et
818 1931 857 1957 ait
874 1930 986 1956 Moses:

163 1975 365 2002 Consecrastis
382 1983 487 2001 manus
503 1977 615 2001 vestras
632 1974 718 2001 hodie
744 1974 879 2007 Domino,
897 1982 989 2001 unus-

164 2020 289 2055 quisque
305 2019 333 2046 in
352 2019 421 2053 lilio,
437 2021 464 2045 et
480 2019 567 2046 fratre
584 2027 647 2051 sun,
662 2021 693 2045 ut
709 2019 794 2045 detur
809 2018 890 2045 vobis
906 2019 990 2045 bene-

163 2063 262 2091 dictio.
281 2064 321 2098 [C.
339 2063 472 2098 CXXIV]
485 2065 571 2090 Facto
587 2066 684 2090 autem
698 2063 744 2090 die
761 2063 860 2097 altero,
873 2062 989 2090 locutus

162 2110 206 2136 est
219 2108 311 2135 Moses
323 2108 357 2134 ad
373 2107 512 2143 populum
528 2116 533 2135 :
547 2107 690 2134 Peccastis
724 2110 875 2142 peccatum
900 2107 990 2134 maxi-

166 2160 267 2179 mum:
287 2152 443 2179 ascendam
459 2152 493 2178 ad
512 2152 679 2183 Dominum,
699 2152 723 2178 si
751 2152 896 2187 quomodo
922 2160 988 2179 eum

162 2197 283 2232 quivere
298 2196 446 2232 deprecari
464 2204 514 2232 pro
531 2196 640 2223 scelere
666 2198 772 2223 vestro.
791 2196 991 2231 Reversusque

1040 1612 1133 1640 donec
1149 1613 1352 1649 ingrederetur
1367 1615 1539 1643 tentorium.
1554 1616 1689 1652 Ingresso
1706 1619 1804 1644 autem
1819 1616 1871 1645 illo

1040 1657 1263 1686 tabernaculum
1279 1658 1496 1692 fmderis,desce
1504 1660 1612 1688 udebat
1622 1660 1761 1689 columna
1772 1661 1859 1689 nubis

1040 1704 1068 1730 et
1083 1702 1181 1730 stabat
1190 1703 1226 1731 ad
1238 1703 1358 1736 ostium,
1371 1703 1605 1740 loquebaturque
1616 1713 1683 1733 cum
1696 1705 1787 1734 Mosa.
1799 1706 1869 1735 Cer-

1042 1747 1182 1775 ueutibus
1197 1748 1342 1776 universis
1357 1749 1434 1784 quod
1451 1749 1589 1777 columna
1610 1750 1698 1778 nubis
1726 1753 1817 1778 staret
1832 1751 1869 1778 ad

1042 1791 1151 1819 ostium
1166 1791 1357 1820 tabernaculi.
1374 1792 1556 1829 Stabantque
1571 1794 1640 1830 ipsi,
1651 1796 1679 1822 et
1706 1795 1871 1823 adorabunt

1043 1844 1093 1871 per
1119 1836 1195 1864 fores
1223 1836 1479 1865 tabernaculorum
1507 1846 1630 1866 suorum
1659 1839 1869 1875 [C.CXXVII.]

1045 1881 1232 1917 Loquebatur
1246 1883 1343 1909 autem
1360 1881 1499 1910 Dominus
1515 1882 1550 1910 ad
1567 1884 1665 1911 Mosen
1682 1883 1756 1912 facie
1771 1884 1807 1911 ad
1824 1884 1872 1911 fa-

1044 1925 1129 1958 ciem,
1138 1925 1215 1953 sicut
1228 1924 1308 1961 loqui
1315 1925 1389 1953 solet
1397 1925 1484 1954 homo
1495 1926 1529 1954 ad
1538 1927 1665 1955 amicum
1674 1935 1773 1955 suum.
1780 1928 1872 1956 Cum-

1044 1978 1101 2006 que
1116 1969 1165 1998 ille
1182 1972 1373 1998 reverteretur
1388 1971 1416 1998 in
1433 1973 1540 2004 castra,
1552 1971 1687 1999 minister
1699 1972 1764 2007 ejus
1777 1973 1872 2000 .Iosue

1046 2014 1124 2042 [ilius
1134 2014 1212 2048 Nuu,
1220 2023 1302 2050 puer.
1310 2023 1368 2043 non
1375 2015 1529 2043 recedebat
1539 2016 1575 2044 de
1584 2016 1786 2044 tabernaculo.
1794 2016 1874 2045 Dixit

1046 2061 1144 2087 autem
1160 2059 1256 2087 Moses
1271 2059 1307 2087 ad
1331 2059 1507 2087 Dominum:
1525 2060 1663 2096 Principis
1692 2063 1724 2089 ut
1747 2062 1872 2089 educam

1047 2103 1187 2140 populum
1199 2104 1333 2132 istum:et
1344 2112 1401 2131 nou
1416 2104 1529 2132 indicas
1541 2104 1614 2132 mihi
1624 2113 1711 2141 quem
1725 2106 1874 2134 missurus

1047 2148 1087 2176 sis
1116 2156 1243 2182 mecum,
1260 2148 1420 2184 prissertim
1451 2156 1518 2176 cum
1546 2149 1676 2178 dixeris:
1693 2150 1763 2178 Novi
1779 2152 1808 2178 te
1837 2158 1875 2178 ax

1048 2192 1166 2220 nomine
1182 2192 1223 2229 [b.
1238 2192 1393 2221 Notescam
1409 2193 1461 2221 tibi
1478 2193 1507 2220 iu
1524 2194 1667 2230 nomine],
1684 2197 1713 2222 et
1734 2194 1875 2222 invenisti

164 2241 198 2268 ad
215 2241 385 2275 Dominum,
399 2241 456 2268 ait:
476 2240 612 2274 Obsecro,
630 2240 759 2276 peccavit
787 2240 914 2276 populus
936 2241 990 2268 iste
1007 2244 1031 2276 Ι)
1048 2236 1172 2274 gratiam
1197 2245 1295 2265 coram
1320 2245 1377 2269 me.
1395 2237 1436 2273 [Ο.
1452 2237 1611 2274 CXXVIII.]
1629 2239 1658 2267 Si
1688 2247 1757 2275 ergo
1774 2239 1873 2267 inveni

162 2288 314 2322 peccatum
332 2285 504 2319 maximum,
518 2284 706 2320 feceruntque
719 2285 774 2311 sibi
787 2286 856 2312 deos
873 2293 989 2312 aureos:

163 2333 216 2358 aut
230 2330 346 2357 dimitte
362 2329 403 2356 eis
419 2329 494 2357 hanc
511 2337 626 2363 noxam,
645 2331 695 2356 aut
708 2329 731 2356 si
754 2338 809 2356 non
828 2329 908 2362 facis,
925 2329 989 2357 dele

198 2403 206 2419 ¹
224 2402 320 2428 Cauon
338 2401 425 2428 Hebr.
442 2400 524 2428 verit.
541 2408 607 2427 cum
626 2400 741 2426 duobus
757 2400 822 2427 aliis
840 2409 892 2427 ms.
915 2400 991 2427 codi-

160 2437 258 2470 cibus,
285 2445 342 2463 uno
367 2437 539 2463 Colbertiuae
568 2436 762 2468 bibliotheca},
788 2444 869 2462 num.
893 2436 940 2470 74,
964 2439 992 2463 et

160 2473 254 2501 altero
270 2475 297 2500 S.
316 2472 466 2503 Germani,
485 2479 567 2498 num.
585 2472 611 2504 3,
630 2471 698 2506 legit
713 2471 769 2504 hic,
788 2474 904 2498 Portans
920 2473 992 2499 duas

162 2510 270 2537 tabulas
282 2508 437 2536 testimonii
446 2516 535 2535 manu
546 2508 594 2534 Dei
604 2508 719 2542 arripias
731 2515 764 2534 ra:
775 2509 891 2542 utraque
901 2511 990 2542 parte;

159 2546 210 2573 sed
227 2545 404 2572 manifestus
420 2546 466 2571 est
481 2551 562 2570 error
574 2542 770 2575 librariorum,
784 2544 832 2578 qui
848 2543 882 2570 ad
901 2552 989 2570 suum

160 2589 282 2609 sensum
297 2580 398 2607 omnia
414 2579 522 2615 saepius
539 2579 711 2606 refundunt.
730 2579 822 2615 Msnjr.

197 2632 231 2637 -
248 2616 374 2644 Urbiuas
404 2614 462 2643 ms.
478 2616 593 2642 Porians
621 2615 689 2642 duas
717 2614 828 2642 tabulas
851 2614 881 2642 in
907 2623 993 2641 manu

157 2652 276 2687 scriptas
294 2661 330 2679 ex
346 2656 462 2686 utraque
491 2652 579 2687 parte,
595 2650 747 2678 Palatinus
776 2651 812 2678 ab
843 2650 990 2687 impressa

161 2686 287 2716 lectione
303 2687 415 2715 abludit
428 2695 486 2714 una
496 2686 598 2713 vocula
610 2695 669 2720 sua,
682 2686 990 2721 quamiprmtermittit:

161 2724 210 2751 alii
229 2733 299 2751 mss.
311 2732 394 2750 manu
414 2724 463 2750 Dei
479 2723 648 2758 praeierunt.
661 2722 799 2749 Uehrzeus
811 2722 846 2749 ad
858 2723 990 2749 verbum:

159 2761 196 2787 1τί
224 2760 292 2787 duae
321 2759 425 2787 (al;qu
450 2757 602 2786 teatinwnii
627 2759 656 2785 in
685 2766 770 2785 manu
796 2758 864 2791 eius,
888 2758 992 2785 tabula?

161 2795 273 2831 scriptae
288 2795 392 2823 duobus
408 2794 541 2822 lateribus
556 2793 626 2829 suis,
641 2797 667 2821 et
696 2794 760 2821 hinc
786 2794 845 2822 ille
868 2793 987 2830 scriptae.

1047 2282 1173 2318 gratiam
1183 2281 1212 2309 in
1227 2284 1385 2317 conspectu
1398 2284 1460 2317 tuo,
1469 2283 1590 2311 ostende
1597 2283 1669 2311 mihi
1679 2283 1755 2311 viam
1767 2283 1875 2319 tuam’,

1045 2328 1078 2353 ut
1094 2326 1184 2354 sciam
1199 2328 1240 2359 te,
1251 2328 1278 2354 et
1291 2326 1438 2354 inveniam
1450 2325 1576 2362 gratiam
1589 2329 1658 2355 ante
1674 2327 1775 2356 oculos
1787 2329 1854 2356 tuos
1866 2336 1874 2355 :

1081 2398 1091 2416 ²
1108 2398 1145 2434 In,
1164 2397 1250 2426 editis
1272 2406 1305 2425 ac
1330 2406 1402 2426 mss.
1416 2397 1647 2434 quamplurimis
1672 2399 1767 2433 libris,
1785 2400 1876 2434 Quasi

1043 2433 1146 2469 viginti
1174 2434 1229 2461 tria
1254 2433 1345 2461 millia
1373 2433 1527 2467 hominum,
1545 2433 1684 2469 legimus.
1715 2433 1801 2468 Quod
1836 2436 1875 2463 ad

1046 2469 1167 2498 canonis
1183 2469 1282 2503 fidem,
1299 2473 1387 2505 atque
1402 2469 1438 2497 ad
1463 2472 1523 2497 tres
1553 2469 1626 2498 alios
1656 2470 1771 2499 codices
1801 2479 1877 2499 mss.

1045 2505 1277 2536 emendavimus.
1293 2505 1499 2533 auctoritatem
1516 2506 1604 2533 etiam
1621 2505 1809 2535 Hebraeorum
1825 2515 1878 2534 vo-

1045 2541 1192 2569 luminum
1209 2540 1312 2569 secuti.
1329 2541 1424 2569 Mam.

1082 2592 1116 2597 —-
1132 2577 1254 2613 Palatia,
1263 2585 1331 2604 cum
1342 2577 1429 2605 editis
1441 2575 1568 2613 aliisque
1579 2577 1657 2613 apud
1668 2576 1876 2605 Martiaanss.

1045 2612 1130 2640 libris
1165 2612 1267 2647 viginti
1293 2613 1349 2640 tria
1379 2612 1483 2646 millia,
1504 2615 1571 2648 etc.,
1594 2612 1646 2648 qui
1675 2621 1817 2642 numerus
1844 2613 1877 2641 in

1047 2649 1167 2676 Latinos
1182 2648 1297 2676 codices
1313 2648 1469 2681 irrepsisse
1491 2648 1609 2676 videtur
1632 2649 1787 2677 occasione
1812 2649 1878 2684 ejus

1048 2683 1207 2712 testimonii
1224 2684 1235 2712 Ι
1252 2684 1287 2712 ad
1315 2684 1447 2712 Corinth.
1462 2692 1490 2718 χ,
1505 2684 1540 2711 8:
1560 2684 1728 2713 Ceciderunt
1754 2693 1809 2713 una
1827 2683 1880 2714 die

1046 2720 1148 2754 viginti
1163 2721 1221 2747 tria
1236 2719 1337 2747 millia.

1082 2756 1094 2773 ³
1108 2755 1185 2783 Editi
1201 2764 1266 2792 cum
1283 2755 1396 2791 aliquot
1412 2763 1485 2783 mss.
1500 2755 1611 2792 legunt,
1626 2756 1727 2792 [aciem
1741 2761 1830 2784 tuam.
1845 2756 1879 2784 In

1047 2792 1166 2820 Hebraeo
1182 2791 1324 2828 scriptum
1335 2790 1387 2819 est
1400 2796 1486 2835 ’μη-ι,
1496 2790 1659 2825 defamem,
1674 2791 1747 2826 sive,
1763 2794 1797 2820 ut
1808 2793 1884 2821 Hie-'
