4080 6186
226 318 296 374 321
1618 309 1831 365 LIBER.
1867 312 2111 368 EXODI.
3449 315 3558 371 322

228 441 390 514 respice
410 436 677 512 populum
705 442 870 492 tuum
905 440 1147 508 gentum
1203 434 1375 490 hanc.
1409 434 1563 490 Dixit
1591 437 1792 491 Domi-
1823 439 1874 504 Α
1908 438 2366 494 misericordiam
2403 439 2460 493 in
2498 439 2683 495 millia
2710 456 2725 495 :
2752 440 2853 512 qui
2886 442 3080 497 aufers
3104 443 3564 515 iniquitatem,et

231 548 337 589 nus:
375 530 550 584 Facies
600 542 735 581 mea
786 525 1075 598 praecedet
1124 528 1200 592 te,
1233 534 1287 579 et
1334 525 1593 594 requiem
1642 526 1793 580 dabo
1905 527 3559 604 scelera,atquepeccata,nullusqueapudteperseinno-

229 622 316 678 tibi.
358 619 410 674 Et
448 618 525 673 ait
570 620 797 672 Moses:
848 614 907 670 Si
953 631 1068 669 non
1098 617 1163 670 tu
1214 613 1343 686 ipse
1383 614 1691 684 praecedes,
1724 630 1796 670 ne
1907 616 2878 690 consest.Quireddisiniquitatem
2895 622 3283 691 patrumtiliis
3302 639 3562 695 acnepo-

226 711 383 766 educas
408 723 502 762 nos
536 706 606 761 de
636 704 762 760 loco
795 703 931 759 isto.
966 703 1028 758 In
1064 719 1180 775 quo
1209 702 1366 758 enim
1399 701 1549 758 scire
1579 704 1794 775 poteri-
1906 705 2161 772 tibus,in
2184 706 2415 760 tertiam
2436 710 2494 761 et
2514 711 2783 778 quartam
2798 710 3157 780 progeniem.
3183 710 3565 782 Festinusque

228 814 323 853 mus
343 812 427 868 ego
470 798 527 850 et
556 792 811 866 papulus
833 796 997 859 tuus,
1019 792 1314 847 invenisse
1332 808 1437 847 nos
1454 793 1702 863 gratiam
1737 792 1797 847 in
1907 795 2093 849 Moses
2111 798 2388 849 curvatus
2409 800 2500 850 est
2522 812 2743 866 pronus
2768 796 2824 851 in
2844 801 3084 863 terram,
3108 804 3163 853 et
3183 799 3435 855 adorans
3454 802 3561 857 ait:

223 890 463 958 conspectu
492 888 614 953 tuo,
646 881 761 938 nisi
793 880 1191 936 ambulaveris
1221 880 1553 948 nobiscum,
1591 888 1654 936 ut
1674 880 1799 952 glo-
1910 881 1971 937 Si
1993 882 2452 955 invenigratiam
2483 883 2543 939 in
2562 888 2882 957 conspectu
2902 890 3023 953 tuo,
3052 887 3568 956 Domine,obsecro

222 975 448 1031 riﬁcemur
470 971 545 1027 ab
586 970 864 1027 omnibus
912 968 1145 1041 populis
1174 969 1277 1040 qui
1306 967 1579 1025 habitant
1626 985 1804 1040 super
1914 975 1978 1026 ut
2003 972 2292 1041 gradiaris
2327 972 2636 1028 nobiscum
2669 973 2949 1045 (populus
2971 976 3126 1029 enim
3149 976 3307 1031 dura:
3328 977 3568 1034 cervicis

219 1062 406 1119 terram?
423 1060 573 1117 Dixit
587 1064 785 1115 autem
809 1058 1092 1114 Dominus
1107 1058 1179 1113 ad
1223 1061 1444 1113 Mosen:
1467 1058 1537 1112 Et
1560 1060 1803 1114 verbum
1913 1060 2044 1131 est),
2077 1064 2134 1116 et
2182 1061 2414 1117 auferas
2444 1061 2792 1134 iniquitates
2823 1067 3058 1118 nostras
3100 1067 3275 1134 atque
3308 1070 3567 1136 peccata,

223 1152 355 1220 istud,
375 1150 509 1223 quod
534 1149 764 1205 locutus
788 1164 874 1218 es,
896 1147 1105 1203 faciam
1134 1163 1147 1201 :
1183 1146 1459 1203 invenisti
1490 1148 1650 1202 enim
1675 1164 1807 1217 gra—
1916 1164 2144 1219 nosque
2175 1149 2501 1220 possideas.
2535 1150 2858 1221 Respondit
2904 1150 3228 1207 Dominus:
3264 1152 3381 1223 Ego
3411 1152 3570 1209 inibo

218 1242 323 1296 tiam
349 1254 522 1296 coram
552 1253 664 1304 me,
701 1241 759 1292 et
788 1235 1042 1306 teipsum
1063 1234 1193 1291 novi
1223 1252 1293 1291 ex
1324 1234 1562 1292 nomine
1594 1236 1673 1306 [b.
1699 1252 1808 1290 no-
1918 1242 2154 1309 pactum
2177 1238 2514 1295 videntibus
2533 1239 2784 1306 cunctis,
2805 1239 2975 1312 signa
3007 1240 3216 1296 faciam
3250 1257 3379 1313 quis
3410 1260 3571 1298 nun-

220 1338 386 1385 tescam
411 1326 506 1383 tibi
541 1327 600 1381 in
626 1324 908 1395 nomine].
933 1324 1040 1390 Qui
1065 1325 1183 1379 ait:
1216 1324 1473 1380 Ostende
1504 1324 1649 1379 mihi
1680 1324 1808 1394 glo-
1920 1342 2099 1397 quam
2128 1331 2268 1383 sunt
2288 1328 2413 1382 visa
2434 1344 2613 1399 super
2634 1333 2873 1395 terram,
2899 1344 3004 1385 nec
3028 1330 3085 1384 in
3106 1328 3241 1385 ullis
3270 1330 3580 1402 gentibus-

217 1421 326 1474 riam
344 1424 505 1473 tuam.
539 1414 896 1487 Respondit:
926 1414 1041 1485 Ego
1065 1413 1370 1469 ostendam
1394 1428 1567 1468 omne
1590 1414 1809 1468 bonum
1922 1420 1988 1471 ut
2017 1420 2218 1471 cernat
2242 1417 2517 1487 populus,
2552 1416 2611 1472 in
2635 1418 2803 1487 cujus
2830 1434 2892 1473 es
2914 1418 3130 1482 medio,
3162 1435 3311 1490 opus
3344 1419 3573 1475 Domini

216 1507 315 1575 tibi,
353 1513 399 1562 et
443 1505 657 1562 vocabo
706 1504 767 1560 in
817 1502 1052 1559 nomine
1101 1501 1334 1558 Domini
1385 1517 1581 1557 coram
1630 1508 1724 1569 te;
1758 1507 1815 1559 et
1920 1505 2183 1561 terribile
2214 1507 2367 1576 quod
2401 1506 2665 1562 facturus
2717 1523 2871 1563 sum.
2904 1506 3161 1563 Observa
3206 1512 3417 1564 cuncta
3447 1525 3579 1582 quae

218 1595 486 1651 miserebor
514 1594 607 1650 cui
661 1592 919 1659 voluero,
968 1596 1025 1647 et
1072 1591 1329 1647 clemens
1379 1607 1475 1646 ero
1530 1592 1587 1646 in
1639 1608 1814 1663 quem
1923 1595 2097 1651 hodie
2147 1594 2419 1649 mandavi
2468 1596 2650 1664 [Vulg.
2712 1596 2950 1666 mando]
2997 1595 3144 1652 tibi:
3192 1612 3296 1669 ego
3328 1599 3455 1669 ipse
3479 1598 3578 1669 eji-

218 1685 328 1739 mihi
348 1684 616 1755 placuerit
659 1682 743 1753 [b.
789 1681 897 1737 hoc
930 1680 1355 1748 est,ostendam
1386 1680 1492 1734 tibi
1524 1680 1815 1750 quomodo
1925 1683 2073 1739 ciam
2089 1690 2221 1739 ante
2241 1683 2445 1738 faciem
2461 1688 2625 1739 tuam
2656 1683 3575 1754 Amorrhmum,etChananazum,

213 1788 283 1828 me
300 1773 490 1828 debeas
523 1769 851 1843 deprecari,
878 1775 935 1825 et
954 1770 1027 1825 ad
1053 1768 1519 1825 misericordiam
1543 1770 1815 1841 ﬂectere].
1850 1819 1895 1844 η
1925 1776 1984 1827 et
2011 1772 2364 1841 Hetthasum,
2398 1772 2769 1828 Pherezaeum
2800 1776 3080 1844 iquoque,
3112 1779 3171 1829 et
3203 1776 3491 1842 Hevazum,
3524 1780 3583 1831 et

213 1819 282 1828 ""'
302 1819 488 1828 “"’""
526 1819 851 1843 "r""'"7
882 1819 934 1825 "
956 1819 1027 1825 "—
1053 1819 1519 1825 '—'"""""'"'—
1543 1819 1814 1841 —"""J'
1929 1819 1983 1827 "
2011 1819 2364 1841 “"'_""'—'l
2398 1819 2421 1827 ’
2443 1819 2769 1828 -*“’-“’“’“““⁸““
2800 1819 3080 1844 ιἰ““νῚ“““Ἷ
3115 1819 3171 1829 ν’
3203 1819 3491 1842 “⁶“¹”“¹’“’“““⁸⁸⁸’
3525 1819 3580 1831 ν’

212 1865 531 1933 Rursumque
554 1860 638 1916 ait
668 1876 682 1914 :
708 1859 833 1915 Non
866 1860 1085 1931 poteris
1124 1858 1319 1914 videre
1342 1857 1548 1914 faciem
1585 1873 1815 1915 meam:
1850 1819 1896 1884 Β
1923 1860 2283 1917 Jebusasum.
2330 1860 2479 1917 Cave
2527 1877 2598 1916 ne
2649 1877 2913 1933 unquam
2965 1878 3099 1917 cum
3150 1862 3580 1919 habitatoribus

210 1967 295 2006 non
338 1950 481 2005 enim
534 1948 755 2005 videbit
805 1964 897 2003 me
953 1947 1152 2017 homo,
1184 1952 1243 2003 et
1270 1947 1439 2002 vivet.
1470 1952 1527 2002 et
1565 1948 1815 2003 iterum:
1926 1954 2091 2005 terra:
2123 1949 2281 2004 illius
2309 1949 2532 2021 jungas
2564 1949 2880 2017 amicitias,
2920 1966 3047 2021 quas
3079 1950 3185 2005 tibi
3217 1952 3337 2006 sint
3365 1951 3423 2006 in
3456 1953 3582 2008 rui-

213 2040 343 2109 Ecce,
371 2039 582 2111 inquit,
621 2042 713 2095 est
756 2038 921 2094 locus
953 2037 1106 2109 apud
1162 2053 1275 2105 me,
1307 2041 1366 2093 et
1410 2036 1596 2092 stabis
1639 2053 1820 2109 supra
1928 2054 2087 2093 nam:
2112 2038 2213 2093 sed
2235 2054 2367 2092 aras
2390 2054 2591 2093 eorum
2617 2039 2873 2107 destrue,
2898 2038 3200 2111 confringe
3225 2044 3473 2112 statuas,
3496 2043 3583 2096 lu-

216 2131 422 2199 petram.
453 2129 719 2199 Cumque
744 2126 1018 2183 transibit
1046 2124 1234 2197 gloria
1257 2140 1405 2194 mea,
1440 2141 1655 2196 ponam
1677 2130 1734 2181 te
1761 2125 1820 2180 in
1928 2142 2143 2197 cosque
2160 2125 2798 2182 succideznoliadorare
2811 2126 2994 2183 Deum
3008 2127 3584 2187 alienum.Dominus

210 2218 451 2273 foramine
498 2222 700 2290 petrae,
734 2220 790 2273 et
836 2219 1139 2288 protegam
1189 2215 1426 2270 dextera
1456 2231 1606 2284 mea,
1638 2215 1820 2270 donec
1928 2215 2140 2271 zelotes
2164 2231 2376 2271 nomen
2400 2216 2551 2286 ejus,
2580 2216 2734 2271 Deus
2760 2220 2850 2271 est
2864 2216 3274 2274 aemulator.Ne
3294 2218 3457 2275 ineas
3483 2237 3585 2292 pa-

213 2310 501 2364 transeam:
562 2305 885 2377 tollamque
947 2321 1189 2360 manum
1233 2320 1447 2370 meam,
1495 2307 1552 2358 et
1598 2303 1821 2359 videbis
1930 2312 2090 2360 ctum
2120 2320 2255 2359 cum
2283 2303 2629 2359 hominibus
2661 2302 2898 2359 illarum
2926 2305 3273 2378 regionum:
3309 2324 3403 2376 ne,
3449 2325 3584 2364 cum

207 2396 485 2467 posteriora
514 2412 651 2453 mea
679 2411 692 2451 :
744 2394 951 2451 faciem
1001 2398 1202 2450 autem
1248 2408 1441 2449 meam
1479 2392 1677 2449 videre
1705 2408 1821 2448 non
1929 2392 2197 2449 fornicati
2221 2392 2439 2448 fuerint
2458 2408 2595 2448 cum
2621 2392 2737 2448 diis
2759 2393 2905 2460 suis,
2929 2400 2986 2450 et
3005 2395 3379 2452 adoraverint
3396 2398 3588 2453 simu-

206 2486 407 2556 poteris.
1928 2476 2089 2538 lacra
2141 2497 2365 2550 eorum,
2445 2485 2609 2537 vocet
2659 2486 2715 2537 te
2766 2481 3087 2554 quispiam,
3148 2489 3204 2539 et
3258 2486 3440 2557 (Vulg.
3502 2488 3588 2559 ut)

277 2575 348 2641 [Β.
377 2574 498 2643 XX,
528 2573 591 2630 C.
626 2572 876 2641 CXXIX,
917 2572 1047 2644 Cap.
1080 2570 1332 2628 XXXIV.
1358 2570 1375 2644 ]
1404 2576 1481 2627 Ac
1511 2570 1822 2642 deinceps:
1931 2570 2205 2627 comedas
2252 2570 2324 2625 de
2368 2569 2719 2627 immolatis.
2770 2574 2886 2626 Nec
2937 2587 3177 2627 uxorem
3231 2575 3301 2629 de
3353 2574 3592 2633 ﬁliabus

212 2664 455 2733 Precide,
484 2664 591 2730 ait,
615 2662 890 2719 tibiduas
921 2660 1438 2733 tabulaslapideas
1469 2659 1824 2732 instarprio-
1934 2674 2134 2715 eorum
2163 2658 2418 2731 accipias
2466 2658 2603 2713 filiis
2633 2658 2791 2714 tuis:
2851 2676 2921 2714 ne
2952 2664 3263 2732 postquam
3297 2662 3436 2734 ipsa;
3470 2665 3591 2719 fue-

200 2768 327 2819 rum,
355 2758 409 2807 et
435 2753 697 2809 scribam
747 2768 923 2822 super
952 2766 1052 2806 eas
1100 2750 1297 2819 verba,
1341 2766 1466 2819 quas
1494 2749 1829 2804 habuerunt
1934 2749 2053 2804 rint
2079 2748 2396 2815 fornicatss,
2446 2746 2723 2803 fornicari
2776 2748 2996 2804 faciant
3047 2753 3103 2804 et
3150 2750 3304 2805 filios
3348 2754 3480 2806 tuos
3532 2752 3591 2808 in

200 2841 381 2895 tabulze
410 2858 557 2912 quas
590 2840 842 2912 fregisti.
880 2843 1018 2895 Esto
1046 2844 1289 2910 paratus
1312 2854 1506 2904 mane,
1542 2842 1829 2892 utascen-
1938 2838 2078 2893 deos
2109 2854 2270 2893 suos.
2302 2838 2452 2892 Deos
2482 2835 2808 2892 conflatiles
2840 2854 2953 2892 non
3004 2838 3181 2893 facies
3212 2839 3335 2893 tibi.
3367 2839 3591 2896 Solem-

198 2928 283 2983 das
302 2931 497 2985 statim
520 2929 583 2985 in
601 2940 862 2985 montem
886 2926 1379 2997 Sinai,stabisque
1403 2942 1631 2982 mecum
1655 2942 1833 2998 super
1942 2928 2191 2982 nitatem
2240 2942 2573 2996 azymorum
2605 2926 2926 2981 custodies.
2980 2926 3213 2996 Septem
3260 2927 3466 2983 diebus
3497 2946 3593 2985 ve-

198 3018 443 3074 verticem
466 3018 715 3075 montis.
733 3016 945 3074 Nullus
973 3017 1253 3072 ascendat
1265 3020 1483 3086 tecum,
1508 3016 1831 3071 nec'videa-
1942 3014 2121 3071 sceris
2135 3014 2376 3086 azymis,
2400 3014 2557 3069 sicut
2580 3013 2827 3085 praecepi
2851 3012 2981 3081 tibi,
3003 3013 3062 3069 in
3086 3019 3350 3086 tempore
3373 3017 3594 3075 mensis

194 3110 273 3160 tur
297 3108 598 3179 quispiam
642 3122 748 3179 per
773 3109 963 3161 totum
1016 3110 1269 3160 montem
1302 3121 1317 3159 :
1350 3121 1485 3160 oves
1516 3119 1749 3175 quoque
1777 3106 1832 3158 et
1864 3132 1907 3199 C
1947 3120 2263 3160 novorum:
2300 3118 2501 3158 mense
2531 3100 2687 3157 enim
2725 3102 2887 3158 verni
2918 3103 3200 3175 temporis
3231 3120 3505 3177 egressus
3533 3123 3596 3163 es

198 3194 345 3250 boves
378 3213 493 3252 non
545 3199 874 3268 pascantur
924 3210 956 3250 e
986 3198 1210 3249 contra.
1242 3190 1469 3247 Excidit
1516 3208 1654 3260 ergo
1684 3191 1833 3246 duas
1872 3190 1907 3199 '
1946 3194 2018 3249 de
2045 3193 2308 3264 lEgypto.
2340 3193 2403 3262 [C
2453 3190 2698 3262 CXXX.]
2731 3190 2917 3247 Omne
2945 3192 3101 3263 quod
3144 3193 3331 3264 aperit
3367 3196 3596 3253 vulvam

192 3283 393 3340 tabulas
424 3284 722 3358 lapideas,
757 3281 963 3355 quales
994 3286 1129 3337 ante
1173 3281 1444 3337 fuerant:
1476 3286 1533 3336 et
1562 3282 1635 3335 de
1666 3287 1835 3335 nocte
1943 3281 2175 3355 generis
2201 3279 2535 3347 masculini,
2567 3296 2763 3336 meum
2794 3281 2924 3347 erit,
2956 3284 3026 3337 de
3073 3284 3301 3339 cunctis
3331 3284 3601 3340 animan-

194 3388 529 3445 consurgens
547 3373 825 3429 ascendit
846 3373 1189 3427 in'montem
1213 3370 1398 3435 Sinai,
1421 3371 1574 3425 sicut
1601 3368 1653 3424 ei
1682 3385 1834 3439 prm~
1946 3371 2126 3437 tibus,
2156 3375 2277 3425 tam
2309 3370 2380 3425 de
2409 3369 2621 3439 bobus,
2668 3386 2845 3441 quam
2877 3370 2948 3425 de
2979 3371 3207 3438 ovibus,
3241 3388 3436 3428 meum
3470 3373 3599 3429 erit.

191 3468 395 3533 ceperat
424 3463 753 3528 Dominus,
784 3465 1024 3533 portans
1062 3476 1259 3515 secum
1291 3458 1544 3515 tabulas.
1576 3457 1839 3528 Cumque
1948 3456 2406 3529 Primogenitum
2441 3456 2594 3512 asini
2646 3458 2899 3513 redimes
2931 3474 3069 3513 ove:
3121 3460 3210 3515 sin
3267 3465 3460 3515 autem
3497 3478 3603 3518 nec

194 3550 580 3608 descendisset
603 3550 892 3606 Dominus
911 3565 1014 3620 per
1028 3549 1265 3617 nubem,
1286 3548 1452 3603 stetit
1472 3546 1688 3602 ibidem
1704 3561 1842 3601 cum
1952 3547 2203 3620 pretium
2241 3563 2342 3618 pro
2374 3562 2440 3601 eo
2484 3546 2742 3614 dederis,
2773 3547 3093 3605 occidetur.
3143 3548 3603 3622 Primogenitum

194 3654 246 3694 eo
276 3642 289 3674 ¹
318 3640 397 3712 {id
429 3644 549 3704 est,
586 3656 727 3695 cum
761 3637 941 3706 Moss,
975 3638 1061 3693 sic
1092 3636 1269 3692 habet
1305 3635 1363 3691 in
1399 3635 1455 3691 h.
1490 3635 1530 3707 ],
1564 3636 1846 3690 invocans
1954 3634 2867 3691 filiorumtuorumredimesznec
2886 3636 3268 3706 apparebisin
3290 3644 3607 3710 conspectu

198 3728 245 3781 in
264 3730 496 3786 nomine
518 3727 787 3785 Domini.
814 3726 883 3782 Et
909 3726 1201 3782 transiens
1224 3725 1511 3781 Dominus
1532 3741 1729 3781 coram
1753 3740 1848 3790 eo,
1956 3741 2087 3780 meo
2104 3740 2343 3780 vacuus.
2367 3723 2478 3779 Sex
2500 3723 2710 3779 diebus
2730 3725 3090 3795 operaberis,
3116 3725 3208 3781 die
3222 3727 3469 3798 septimo
3492 3744 3613 3783 ces-

200 3816 285 3873 sit:
302 3819 665 3875 Dominator
679 3816 915 3872 Domine
930 3815 1129 3882 Deus’,
1155 3813 1484 3870 misericors
1498 3813 1849 3881 etclemens,
1959 3814 2120 3869 sabis
2141 3829 2305 3867 arare
2325 3817 2377 3867 et
2394 3811 3080 3868 metere.Solemnitatem
3105 3813 3609 3872 hebdomadarum

203 3908 410 3975 patiens
427 3914 489 3964 et
502 3906 714 3963 multa:
734 3903 1152 3973 miserationis,
1180 3920 1246 3959 ac
1259 3919 1453 3970 verax,
1472 3902 1851 3974 quicustodis
1962 3902 2139 3958 facies
2165 3901 2271 3956 tibi
2302 3901 2359 3955 in
2386 3900 2660 3971 primitiis
2690 3900 2928 3972 frugum
2965 3902 3175 3957 messis
3205 3907 3321 3958 tuae
3353 3902 3610 3960 triticeas.

198 4063 460 4120 ronymus
490 4048 650 4104 alibi
698 4047 861 4119 legit,
897 4045 1188 4120 darchach,
1242 4045 1297 4120 id
1342 4048 1452 4120 est,
1500 4043 1650 4120 via_m
1678 4047 1854 4120 tuam.
1970 4047 2106 4120 Deus
2131 4040 2468 4120 misericors,
2500 4044 2610 4096 etc.
2642 4040 2777 4120 Quae
2810 4046 3131 4120 propterea
3162 4049 3295 4114 post
3319 4045 3615 4101 eruditum

199 4118 251 4171 lo
292 4114 450 4175 textu
505 4114 1167 4174 Hebraei-Samaritana
1202 4187 1211 4188 ί
1248 4116 1502 4188 legimus
1556 4115 1860 4188 pluraliter
1964 4114 2617 4180 virumadnotamus,ne
2639 4117 2856 4188 temere
2878 4114 3011 4188 quis
3031 4115 3335 4187 Vulgatam
3356 4122 3616 4174 nostram

198 4200 347 4273 7:71
396 4190 753 4256 darchecha,
782 4192 901 4245 vias
929 4200 1072 4245 luas.
1128 4187 1270 4244 LXX
1297 4184 1665 4258 interpretati
1696 4192 1858 4255 sunt,
1970 4188 2249 4273 damnare
2277 4184 2700 4273 praesumatzs‘i
2733 4186 3032 4273 quando‘a
3068 4184 3622 4273 veritate-[lebraica

194 4255 392 4335 ὡωηάι
436 4281 606 4336 mihi
666 4255 900 4350 teipsum
938 4276 1287 4350 -'Qhalda_ws
1335 4255 1608 4350 denique.
1641 4276 1865 4350 ρειεηάε
1971 4255 2794 4350 9.ῗὲἷίδξὲῗῗθὲῗῖῗιῖίίὲῗὲυἷέ
2829 4256 3620 4350 ἐξιὶθέ-θ,ιξὲιξιρ.ρεῐφφεμυ-

195 4329 968 4407 ὴὲὲλῗῦίαῖνῖὀὸηὲὶὰῖἐέὲὲὶεέ.
995 4329 1288 4404 signa;
1312 4329 1607 4402 vastata;
1648 4329 1806 4402 loeti;

2008 4334 2159 4383 tores
2190 4344 2336 4408 quos
2369 4330 2570 4408 secuta
2597 4332 2706 4398 est,
2738 4332 2796 4383 et
2825 4329 3035 4401 dignos
3080 4334 3194 4387 Deo
3235 4329 3453 4403 ubique
3485 4349 3619 4389 sen-

192 4398 659 4485 nesfééSBhéin'
682 4398 1179 4475 ﬁebriveritatis
1211 4435 1240 4475 e
1272 4436 1378 4475 suo
1411 4419 1568 4475 fonte
1600 4417 1692 4473 hic
1724 4434 1867 4490 pure
1974 4416 2076 4455 Βυε
2106 4398 2348 4490 Ρξοωίξε
2378 4398 2564 4490 MART-

193 4492 457 4572 ilu_en_tem
495 4494 705 4550 secuti
736 4494 1177 4572 sumusz-Maar.
1450 4561 1462 4572 .
1555 4564 1564 4572 .
1638 4559 1685 4572 ῃ
1725 4485 1746 4572 '_
1888 4510 1935 4572 υ
1972 4564 1981 4572 _
2035 4519 2100 4528 —
2132 4486 2279 4572 Cum
2300 4485 2830 4572 Vulgatzelectione
2856 4489 3085 4572 faciunt
3122 4491 3307 4572 nostri
3353 4509 3499 4572 mss:
3519 4510 3622 4572 quo

254 4565 269 4598 ¹
300 4563 565 4623 Urbinas
602 4580 749 4633 ms.,
771 4565 917 4618 stetit
947 4563 1148 4635 Moyses
1177 4577 1300 4616 cum
1328 4576 1413 4628 eo,
1438 4561 1610 4632 juxta
1638 4559 1855 4632 Vulga-
1888 4558 1931 4572 "
1964 4564 2290 4635 transeunte
2312 4575 2505 4635 coram
2534 4574 2593 4614 eo
2614 4558 2697 4613 ait
2733 4576 2747 4613 :
2781 4561 3131 4635 Dominator,
3184 4568 3320 4631 etc.,
3357 4570 3420 4620 ut
3450 4558 3628 4624 Musis

193 4640 322 4691 um.
735 4630 759 4705 .7
978 4704 983 4705 γ
1030 4630 1047 4635 -
1159 4702 1167 4705 Δ
1372 4703 1380 4705 ᾗ
1443 4630 1496 4705 -_
1586 4703 1595 4705 _
1651 4703 1659 4705 λ
1696 4702 1707 4705 Δ
1762 4630 1783 4632 -
1818 4700 1830 4705 _
1972 4631 2095 4686 hac
2124 4630 2264 4696 sint,
2303 4630 2610 4705 [hminum
2645 4636 2779 4705 ante
2806 4648 2871 4687 os
2902 4633 3194 4703 speluncae
3213 4641 3625 4705 pertranseat!-

252 4707 272 4740 ²
304 4704 943 4780 Hactenusinsignem
974 4704 1130 4780 hunc
1154 4702 1345 4780 locum
1369 4703 1466 4780 ita_
1484 4702 1662 4758 Latini
1693 4700 1865 4758 intel-
1975 4709 2094 4780 tem_
2125 4700 2536 4780 compellantis
2567 4703 2759 4780 verba.
2793 4708 2839 4759 Β
2864 4700 3156 4760 contrario
3175 4700 3349 4763 habet
3378 4708 3624 4780 impres-

188 4775 465 4848 lexerunt,
504 4783 581 4832 ut
621 4772 819 4848 Mose's
850 4776 1079 4831 steterit
1121 4791 1258 4831 cum
1292 4776 1409 4830 Deo
1452 4773 1732 4848 invocans
1763 4790 1865 4848 ρο·
1975 4792 2041 4829 sa
2079 4772 2513 4848 lect_io,__quam
2563 4788 2632 4827 ex
2677 4777 2931 4848 Canone,
2983 4782 3046 4830 ut
3099 4783 3286 4847 vocat,
3327 4772 3625 4836 Hebraicis

191 4865 310 4930 men
355 4843 619 4931 Domini
645 4854 720 4928 .et
767 4847 1037 4931 clamans
1083 4851 1424 4931 transeunte
1458 4846 1731 4931 .Domino,
1766 4846 1891 4908 Do-_
1974 4844 2238 4931 veritatis
2270 4843 2639 4931 Martianmaius
2657 4846 2938 4931 reposuit,
2960 4852 3017 4902 et
3038 4848 3131 4929 cui
3164 4843 3406 4931 quidem
3440 4858 3496 4905 et
3519 4853 3624 4931 lle:

187 4924 438 4979 minatur
467 4918 727 4977 Domine
757 4920 920 4983 Deus,
973 4924 1084 4973 etc.
1117 4918 1224 4972 Sed
1258 4934 1324 4972 ex
1372 4917 1630 4981 Hebraeo,
1664 4934 1766 4972 seu
1801 4932 1871 4990 ex
1977 4919 2169 4990 braeus
2200 4919 2392 4990 textus
2420 4916 2798 4990 suffragatur,
2849 4922 2913 4973 ut
2940 4934 3008 4974 ea
3038 4916 3330 4990 signiﬁcet
3369 4939 3497 4978 esse
3528 4922 3628 4978 Dei

184 5010 399 5051 canone
438 4992 771 5050 Hebraicis
802 4990 1088 5061 veritatis,
1139 4990 1515 5061 manifestum
1549 4994 1638 5044 est
1672 4988 1873 5044 omnia
1976 4989 2173 5053 verba,
2206 4986 2320 5061 _qui
2370 5003 2564 5061 coram
2613 4986 2810 5061 Moyse
2860 4986 3279 5061 pertransiens,
3330 4994 3493 5049 dotes
3543 4993 3624 5047 illi

188 5080 298 5133 quae
320 5068 715 5133 sequuntur,
744 5077 872 5118 esse
888 5060 989 5117 Dei
1006 5057 1208 5133 verba,
1225 5078 1341 5117 non
1369 5060 1548 5116 Mosisl
1579 5077 1592 5115 :
1626 5066 1692 5115 ut
1714 5061 1871 5133 enim
1980 5076 2118 5114 suas
2142 5057 2374 5113 relevat.
2397 5059 2505 5112 Sed
2534 5062 2597 5112 ut
2618 5057 2763 5133 nihil
2788 5057 2881 5115 hic
2904 5061 2974 5115 de
2998 5062 3335 5118 alterutrius
3355 5064 3624 5119 lectionis

186 5130 352 5217 supra
383 5130 677 5198 dixerat,
708 5150 831 5188 cum
860 5132 1159 5216 transiero,
1192 5135 1384 5217 vocabo
1524 5136 1747 5217 nomine
1766 5132 1872 5187 Do-
1982 5134 2342 5217 praestantia,
2375 5145 2503 5199 quae
2538 5146 2649 5184 non
2682 5130 2824 5186 levis
2854 5138 2945 5187 est
2973 5136 3251 5217 quaestiq,
3290 5136 3586 5217 disputem
3613 5150 3626 5189 :

185 5201 337 5275 mihi,
358 5211 449 5265 sic
476 5222 669 5264 nunc
694 5221 903 5261 vocans
924 5204 982 5258 in
1005 5204 1238 5259 nomine
1266 5204 1388 5269 illo,
1422 5203 1478 5258 id
1503 5208 1612 5269 est,
1659 5218 1871 5275 nomen
1984 5201 2236 5275 multum
2270 5217 2411 5275 sane
2442 5216 2665 5275 vereor,
2699 5218 2771 5258 ne
2815 5201 3156 5275 correctoris
3206 5201 3427 5261 Hebraei
3460 5207 3632 5261 verba

186 5271 347 5337 suum
424 5277 868 5351 magnificum
910 5284 1042 5334 mm
1092 5275 1311 5351 ᾼάοῃαί
1366 5275 1701 5351 exprimens
1749 5274 1871 5351 ait:
1983 5290 2047 5351 ei:
2104 5271 2239 5351 libri
2291 5271 2422 5327 albo
2452 5271 2531 5351 _i_n
2581 5276 2837 5351 textum“
2870 5274 3103 5351 pridem
3144 5277 3373 5351 intrusa
3423 5278 3631 5351 inuno

189 5352 518 5409 Dominator
538 5343 807 5406 ‘Domine
837 5348 995 5412 Deus,
1029 5346 1367 5412 misericors,
1400 5343 1509 5401 etc.
1542 5346 1872 5419 Notandum
1984 5343 2335 5400 Memmiano
2367 5343 2584 5419 codice,
2638 5363 2740 5417 pro
2770 5343 3104 5419 Hieronymi
3154 5347 3635 5419 interpretatione

190 5428 373 5494 tamen
417 5423 767 5494 Vulgatam
800 5419 1066 5494 Latinam
1109 5419 1424 5494 editionem
1458 5434 1575 5494 sum
1610 5417 1878 5494 lectionis
1986 5415 2693 5494 per_peram_Martianzeus
2729 5415 3024 5494 obtrudat.
3052 5415 3335 5494 Equidem
3369 5420 3635 5494 prazferre

189 5493 390 5555 habere
426 5486 919 5565 astipulatorem
957 5490 1255 5565 Tnargum
1298 5489 1583 5565 Hierosol:
1609 5489 1763 5565 quod
1796 5488 1881 5565 ita
1988 5486 2187 5543 malim
2209 5486 2575 5565 reliquorum
2588 5488 2852 5565 omnium
2884 5486 3164 5545 librorum
3192 5486 3635 5565 ﬁdemIVidesis

192 5568 351 5639 legit:
410 5571 477 5624 Ει
533 5558 694 5621 ciam
738 5561 1003 5639 traasiret
1060 5558 1249 5639 grana
1306 5558 1881 5639 majestatis'Domini
1986 5564 2181 5639 t_am_en
2209 5558 3299 5639 δέδιε-ἥρωεμίΡτοιθεοξῃεηοηῃινθςβαε
3322 5562 3639 5637 flnem,ubi

194 5629 367 5698 δοῖ-ωτι
418 5657 513 5711 eo,
550 5636 768 5694 oravi:
808 5636 979 5690 Moses
1006 5629 1075 5688 et,
1106 5633 1252 5691 dixit
1287 5649 1301 5690 :
1352 5629 1600 5704 Domine,
1650 5631 1882 5690 Domine
1990 5631 2063 5689 de
2095 5630 2203 5687 hac
2226 5629 2563 5688 Scholiasta
2594 5629 3000 5691 emendatione
3029 5631 3311 5709 loquitur.
