4080 6186
436 356 546 413 3'33

1468 353 1526 406 Β.
1569 349 1977 405 HIERONYMI
2015 348 2270 402 DIVINA
2307 346 2805 403 BIBLIOTHECA.

3734 353 3831 413 324

438 484 496 536 et
524 476 975 542 solemnitatem,
1026 474 1258 545 quando
1307 472 1587 528 redeunte
1637 472 1774 527 anni
1820 475 2078 541 tempore
2108 475 2154 540 Α
2192 469 2325 535 bus,
2351 469 2594 539 paxillos
2617 474 2674 525 et
2703 471 2876 526 bases
2902 486 2915 526 :
2940 487 3134 530 arcam
3165 478 3220 532 et
3251 480 3464 546 vectes,
3499 482 3830 554 propitiato.

438 572 650 624 cuncta
672 565 1024 623 conduntur.
1074 562 1283 618 Tribus
1340 561 1708 634 temporibus
1739 559 1876 615 anni
1909 576 2087 630 appa-

438 658 593 713 rebit
610 670 783 713 omne
805 651 1197 708 masculinum
1221 655 1393 706 tuum
1414 649 1472 705 in
1487 653 1801 722 conspectu
1826 646 2091 719 omnipo-

439 746 621 803 tentis
663 741 892 800 Domini
919 741 1013 797 Dei
1052 740 1413 798 Israel.Cum
1434 740 1591 796 enim
1610 739 1798 795 tulero
1835 740 2037 809 gentes
2056 753 2091 791 a

441 834 586 892 facie
608 836 792 899 tua,et
814 830 1130 887 dilatavero
1152 830 1437 886 terminos
1464 827 1826 895 tuos,nullus
1844 826 2089 882 insidia-

438 922 599 980 bitur
640 927 807 977 terrae
852 924 990 987 tum,
1037 920 1389 975 ascendente
1439 922 1517 987 te,
1567 923 1623 973 et
1665 920 1980 990 apparente
2029 915 2088 969 in

437 1014 758 1085 conspectu
784 1008 1022 1066 Domini
1048 1009 1152 1065 Dei
1176 1009 1260 1064 tui
1293 1007 1455 1064 terin
1477 1022 1649 1063 anno.
1673 1007 1798 1062 Non
1817 1003 2089 1061 immola-

435 1101 530 1156 bis
567 1116 746 1173 super
778 1099 1067 1155 fermento
1087 1097 1436 1171 sanguinem
1459 1096 1662 1152 hostiae
1686 1112 1829 1151 meae
1856 1112 1869 1150 :
1902 1108 2091 1165 neque

442 1189 725 1247 residebit
756 1204 926 1244 mane
954 1187 1025 1243 de
1047 1187 1290 1243 victima
1319 1186 1708 1242 solemnitatis
1738 1183 1946 1240 Phase.
1966 1182 2093 1238 Pri—

441 1278 641 1335 mitias
662 1279 897 1349 frugum
919 1281 1084 1333 terrae
1106 1281 1216 1332 tuae
1234 1276 1439 1333 offeres
1462 1276 1522 1331 in
1546 1276 1717 1331 domo
1737 1272 1970 1330 Domini
1996 1268 2092 1327 Dei

440 1356 549 1425 tui.
581 1371 706 1423 Non
740 1381 958 1439 coques
1004 1366 1236 1421 haedum
1268 1365 1328 1420 in
1380 1363 1529 1420 lacte
1577 1363 1785 1419 matris
1826 1378 1967 1418 sum.
2000 1360 2091 1430 [T.

442 1458 614 1523 XVII,
646 1456 706 1511 Ο.
741 1455 997 1512 CXXXI.
1032 1454 1050 1526 ]
1083 1454 1351 1525 Dixitque
1399 1453 1686 1509 Dominus
1728 1453 1800 1508 ad
1851 1451 2091 1506 Mosen:

443 1545 644 1602 Scribe
662 1543 769 1599 tibi
788 1542 963 1599 verba
977 1540 1119 1609 haec,
1143 1541 1356 1611 quibus
1373 1544 1431 1596 et
1454 1546 1643 1596 tecum
1665 1544 1872 1595 etcum
1914 1535 2093 1593 Israel

444 1633 640 1707 pepigi
698 1632 906 1688 foedus.
958 1630 1089 1686 Fuit
1118 1646 1254 1702 ergo
1287 1630 1363 1685 ibi
1398 1646 1532 1685 cum
1564 1630 1813 1686 Domino
1844 1626 2089 1699 quadra.

442 1722 605 1794 ginta
652 1720 776 1776 dies
807 1723 865 1775 et
912 1718 1303 1790 quadraginta
1348 1722 1547 1774 noctes
1588 1731 1800 1789 panem
1845 1731 1963 1770 non
1996 1730 2089 1770 co-

444 1810 646 1877 medit,
678 1813 736 1866 et
761 1824 975 1880 aquam
1026 1824 1140 1863 non
1172 1806 1341 1878 bibit,
1374 1812 1431 1863 et
1480 1805 1720 1906 scripsit
1765 1804 1824 1860 in
1873 1802 2091 1906 tabulis
2120 1842 2167 1906 Β

444 1900 622 1955 verba
670 1897 905 1953 foederis
952 1898 1172 1952 decem.
1210 1899 1291 1968 [C.
1342 1895 1632 1966 CXXXII.]
1678 1898 1946 1964 Cumque
1987 1892 2090 1947 de-

444 1988 750 2044 scenderet
778 1986 970 2041 Moses
1000 1986 1070 2041 de
1102 1989 1297 2040 monte
1340 1984 1522 2051 Sinai,
1557 1983 1794 2039 tenebat
1821 1982 1971 2037 duas
2002 1985 2094 2036 ta-

443 2078 615 2134 bulas
646 2074 994 2143 testimonii,
1028 2078 1085 2129 et
1114 2073 1422 2146 ignorabat
1460 2075 1616 2145 quod
1666 2076 1909 2128 cornuta
1938 2073 2095 2126 esset

445 2167 629 2223 facies
688 2182 796 2221 sua
840 2181 907 2219 ex
952 2164 1244 2219 consortio
1295 2163 1582 2218 sermonis
1642 2160 1763 2217 Dei.
1816 2160 2094 2215 Videntes

447 2258 644 2311 autem
674 2256 863 2309 Aaron
894 2256 953 2308 et
982 2251 1087 2306 ﬁlii
1138 2251 1314 2308 Israel
1345 2256 1649 2307 cornutam
1686 2249 1831 2305 Mosi
1864 2248 2093 2318 faciem,

445 2343 771 2398 timuerunt
802 2357 981 2413 prope
1040 2343 1329 2397 accedere.
1381 2340 1693 2411 Vocalique
1741 2339 1812 2394 ab
1864 2354 1952 2407 eo,
2005 2354 2095 2392 re-

445 2432 599 2487 versi
621 2435 761 2486 sunt
792 2435 912 2485 tam
932 2432 1122 2485 Aaron
1142 2446 1317 2501 quam
1340 2428 1635 2501 principes
1665 2428 2000 2501 Synagogae.
2027 2426 2096 2481 Et

447 2524 761 2593 postquam
780 2518 1011 2574 locutus
1029 2521 1428 2586 est,venerunt
1447 2518 1515 2574 ad
1536 2532 1673 2573 eum
1694 2516 1869 2572 etiam
1890 2530 2094 2570 omnes

446 2608 549 2664 filii
580 2606 758 2664 Israel
783 2622 795 2663 :
830 2606 1047 2679 quibus
1077 2607 1351 2679 praecepit
1372 2612 1584 2662 cuncta
1611 2622 1739 2678 quae
1769 2605 2034 2660 audierat
2064 2620 2097 2658 a

446 2696 692 2755 Domino
725 2696 782 2751 in
818 2699 1015 2752 monte
1046 2695 1204 2751 Sinai
1234 2713 1248 2764 ;
1290 2695 1669 2767 impletisque
1698 2693 2094 2760 sermonibus,

446 2785 643 2857 posuit
671 2785 937 2841 velamen
961 2801 1140 2856 super
1167 2784 1377 2841 faciem
1396 2800 1588 2841 suam.
1606 2783 1773 2852 Quod
1797 2783 2096 2854 ingressus

448 2874 519 2930 ad
552 2873 891 2943 Dominum,
926 2880 979 2928 et
1010 2872 1256 2944 loquens
1285 2889 1420 2928 cum
1465 2888 1552 2940 eo,
1587 2871 1887 2928 auferebat
1915 2872 2098 2926 donec

445 2962 647 3031 exiret,
670 2965 728 3018 et
751 2966 892 3017 tunc
911 2961 1260 3033 loquebatur
1281 2962 1350 3016 ad
1376 2960 1528 3017 filios
1553 2960 1728 3017 Israel
1759 2960 1955 3016 omnia
1976 2975 2098 3029 qua:

446 3051 559 3108 sibi
590 3051 822 3107 fuerant
866 3050 1172 3122 imperata.
1228 3050 1336 3116 Qui
1383 3051 1659 3106 videbant
1706 3050 1910 3105 faciem
1941 3064 2099 3119 egre-

445 3140 662 3196 dientis
679 3138 826 3195 Mosi
843 3155 971 3195 esse
993 3144 1319 3206 cornutam,
1339 3139 1438 3194 sed
1459 3138 1753 3210 operiebat
1771 3137 1869 3193 ille
1891 3152 2098 3193 rursus

445 3226 652 3283 faciem
686 3243 878 3292 suam,
914 3225 963 3282 si
996 3226 1231 3297 quando
1256 3224 1606 3298 loquebatur
1637 3228 1706 3281 ad
1740 3242 1860 3282 eos.

2198 559 2376 627 rium,
2409 566 2466 614 et
2495 560 2690 616 velum
2717 565 2874 633 quod
2924 569 3058 620 ante
3086 564 3228 621 illud
3262 569 3639 639 cppanditur.
3684 572 3837 628 Men-

2196 662 2323 701 sam
2346 663 2481 702 cum
2503 649 2769 706 vectibus
2794 655 2854 706 et
2872 651 3112 722 vasis,et
3135 656 3553 727 prOpositionis
3577 658 3835 728 panibus:

2198 734 2613 792 candelabrum
2648 739 2719 794 ad
2747 737 3067 797 luminaria
3094 746 3500 812 sustentanda,
3533 764 3671 803 vasa
3694 747 3837 807 illius

2197 826 2254 879 et
2283 822 2575 894 lucernas,
2625 830 2684 882 et
2710 827 2904 884 oleum
2953 831 3023 885 ad
3049 832 3412 890 nutrimenta
3454 834 3683 907 ignium
3710 852 3722 891 :
3754 837 3837 893 al-

2196 913 2320 967 tare
2369 912 2791 986 thymiamatis,
2842 922 2900 972 et
2943 923 3157 989 vectes,
3203 919 3396 977 oleum
3447 924 3738 982 unctionis
3782 931 3837 982 et

2198 1000 2526 1072 thymiama
2562 1020 2630 1059 ex
2678 1006 3079 1063 aromatibus:
3129 1013 3447 1066 tentorium
3497 1014 3568 1069 ad
3628 1014 3834 1070 ostium

2200 1088 2602 1147 tabernaculi:
2636 1091 2813 1149 altare
2862 1093 3210 1164 holocausti,
3244 1101 3302 1153 et
3348 1098 3686 1156 craticulam
3715 1102 3836 1173 ejus

2202 1192 2420 1234 aeneam
2452 1196 2586 1237 cum
2618 1182 2882 1238 vectibus
2912 1184 2964 1239 el
2997 1187 3152 1241 vasis
3183 1186 3350 1243 suis:
3392 1187 3625 1246 labrum
3656 1194 3711 1246 et
3738 1190 3834 1247 ba-

2203 1268 2315 1325 sim
2346 1269 2511 1339 ejus:
2544 1270 2803 1327 cortinas
2832 1272 2965 1327 atrii
2997 1289 3131 1329 cum
3174 1276 3468 1333 columnis
3498 1282 3555 1333 et
3584 1280 3836 1349 basibus,

2202 1357 2521 1413 tentorium
2569 1358 2629 1413 in
2674 1360 2896 1416 foribus
2944 1363 3240 1430 vestibuli,
3292 1365 3536 1437 paxillos
3589 1368 3841 1424 taberna-

2202 1446 2319 1504 culi
2349 1451 2407 1502 et
2434 1446 2567 1502 atrii
2599 1464 2733 1504 cum
2784 1449 3063 1506 funiculis
3094 1452 3218 1509 suis
3244 1469 3258 1507 :
3286 1455 3655 1524 vestimenta,
3707 1474 3843 1527 quo-

2204 1552 2338 1593 rum
2359 1552 2504 1593 usus
2526 1541 2614 1593 est
2637 1536 2699 1593 in
2722 1538 3052 1597 ministerio
3075 1544 3419 1612 sanctuarii,
3440 1551 3631 1602 vestes
3660 1550 3843 1604 Aaron

2200 1625 2496 1697 pontificis
2525 1642 2592 1683 ac
2623 1626 2876 1684 ﬁliorum
2897 1630 3046 1700 ejus,
3076 1634 3141 1686 ut
3172 1633 3496 1690 sacerdotio
3526 1635 3839 1707 fungantur

2202 1713 2366 1769 mihi.
2383 1718 2741 1789 Egressique
2755 1718 2949 1775 omnis
2966 1718 3278 1778 multitudo
3297 1721 3550 1778 filiorum
3592 1724 3762 1780 Israel
3776 1725 3846 1782 de

2200 1807 2514 1875 conspectu
2565 1803 2736 1872 Mosi,
2766 1805 2985 1862 obtulit
3034 1807 3214 1880 [ναις.
3262 1809 3624 1884 obtulerunt]
3657 1817 3844 1869 mente

2203 1892 2647 1962 promptissima
2663 1898 2838 1966 atque
2858 1895 3066 1953 devota
3086 1897 3379 1970 primitias
3403 1900 3482 1971 [b.
3501 1900 3843 1974 oblationes]

2202 1980 2471 2050 Domino,
2505 1982 2577 2037 ad
2600 1983 2928 2039 faciendum
2952 2001 3101 2057 opus
3122 1988 3484 2045 tabernaculi
3506 1991 3842 2046 testimonii.

2202 2068 2495 2142 Quidquid
2531 2070 2589 2125 in
2620 2070 2846 2127 cultum
2877 2077 2935 2128 et
2964 2075 3034 2129 ad
3085 2081 3276 2133 vestes
3304 2084 3538 2135 sanctas
3579 2095 3845 2136 necessa-

2203 2157 2357 2213 rium
2378 2159 2635 2227 erat,viri
2658 2177 2792 2217 cum
2816 2161 3167 2220 mulieribus
3188 2167 3569 2238 praebuerunt
3587 2168 3846 2227 armillas

2203 2251 2260 2302 et
2283 2246 2542 2317 inaures,
2570 2248 2821 2306 annulus
2843 2256 2897 2307 et
2932 2252 3223 2309 dextraria
3248 2271 3453 2311 :omne
3476 2274 3577 2313 vas
3605 2275 3849 2317 aureum

2202 2336 2261 2391 in
2290 2336 2529 2392 donaria
2557 2338 2789 2395 Domini
2838 2347 3174 2412 separatum
3224 2349 3334 2400 est.
3368 2346 3425 2401 Si
3458 2347 3592 2418 quis
3647 2348 3853 2408 habuit

2204 2425 2384 2497 [Vulg.
2406 2426 2678 2499 habebat]
2702 2428 3103 2502 hyacinthum,
3126 2441 3181 2489 el
3206 2450 3552 2507 purpuram,
3585 2453 3847 2494 coccum-

2205 2532 2319 2586 que
2347 2515 2440 2571 bis
2462 2517 2730 2585 tinctum,
2783 2520 3023 2591 byssum
3058 2525 3113 2577 et
3131 2521 3280 2594 pilos
3309 2540 3641 2596 caprarum,
3674 2526 3850 2599 pelles

2204 2602 2456 2659 arietum
2500 2605 2849 2676 rubricatas,
2899 2613 2957 2664 et
3001 2608 3318 2679 ianthinas,
3369 2614 3593 2685 argenti
3631 2620 3688 2670 et
3717 2615 3847 2673 teris

2206 2692 2464 2759 metalla,
2516 2694 2857 2751 obtulerunt
2901 2699 3168 2766 Domino,
3225 2699 3500 2773 lignaque
3544 2704 3741 2759 settim
3788 2706 3846 2760 in

2206 2782 2399 2837 varios
2430 2797 2592 2840 usus.
2623 2784 2733 2839 Sed
2766 2789 2823 2840 et
2856 2785 3132 2843 mulieres
3180 2789 3361 2845 doctis
3393 2791 3680 2849 dederunt
3721 2809 3849 2864 quae

2206 2874 2507 2942 noverant,
2538 2871 2944 2944 hyacinthum,
2977 2892 3322 2948 purpuram,
3355 2882 3413 2934 et
3441 2881 3845 2951 vermiculum,

2209 2976 2273 3016 ac
2299 2961 2563 3033 byssum,
2590 2966 2648 3017 et
2668 2962 2818 3034 pilos
2849 2980 3182 3035 caprarum,
3204 2971 3413 3039 sponte
3443 2970 3678 3044 propria
3706 2986 3851 3027 cun-

2209 3054 2302 3104 cta
2339 3050 2686 3106 tribuentes.
2736 3052 3033 3125 Principes
3063 3070 3196 3111 vero
3240 3056 3582 3115 obtulerunt
3625 3058 3854 3130 lapides

2213 3138 2555 3211 onychinos,
2588 3143 2644 3195 ct
2670 3155 2933 3211 gemmas
2977 3144 3045 3198 ad
3080 3144 3562 3214 superhumerale
3600 3154 3656 3203 et
3687 3149 3860 3204 ratio-

2131 3203 2176 3272 (ἶ
2215 3228 2368 3297 nale,
2395 3233 2774 3300 aromataque
2794 3228 3056 3287 ctoleum
3079 3232 3149 3286 ad
3174 3232 3861 3293 luminariaconcinnan-

520 3317 600 3388 [C.
661 3314 943 3382 CXXXIII,
1009 3314 1139 3387 Cap.
1199 3315 1453 3386 XXXV.)
1513 3315 1697 3387 Igitur
1753 3317 2102 3386 congregata
2206 3318 2303 3384 da,
2334 3321 2390 3372 et
2418 3317 2489 3372 ad
2515 3318 2964 3389 praeparandum
2997 3326 3388 3399 unguentum,
3433 3326 3490 3378 et
3535 3324 3866 3397 thymiama

447 3404 607 3462 omni
638 3404 812 3460 turba
840 3405 1101 3460 ﬁliorum
1131 3403 1332 3474 Israel,
1369 3404 1518 3459 Dixit
1546 3405 1615 3458 ad
1641 3420 1739 3460 eos
1765 3419 1777 3457 :
1812 3407 1943 3458 Haec
1962 3407 2101 3459 sunt

446 3512 577 3567 quae
599 3494 1090 3565 jussitDominus
1108 3494 1233 3549 ﬁeri
1251 3534 1263 3548 .
1288 3495 1399 3550 Sex
1420 3494 1629 3549 diebus
1661 3494 1883 3549 facietis
1910 3510 2095 3565 opus;

441 3584 733 3658 septimus
763 3584 888 3641 dies
917 3584 1028 3640 erit
1056 3584 1223 3639 vobis
1255 3588 1515 3652 sanctus,
1560 3583 1903 3649 Sabbatum,
1935 3586 1991 3638 et
2008 3598 2099 3638 re-

441 3674 610 3746 quies
651 3672 926 3729 Domini:
959 3675 1058 3745 qui
1112 3672 1314 3729 fecerit
1356 3689 1504 3744 opus
1547 3673 1606 3728 in
1653 3688 1741 3740 eo,
1775 3672 2093 3729 occidetur.

438 3762 562 3818 Non
598 3762 969 3818 succendetis
1001 3762 1195 3834 ignem
1227 3761 1287 3816 in
1317 3761 1592 3818 omnibus
1624 3760 1979 3817 habitaculis
2000 3777 2095 3816 ve-

432 3837 582 3909 stris
610 3867 717 3923 per
747 3850 903 3906 diem
936 3850 1196 3907 Sabbati.
1225 3852 1305 3917 [C.
1351 3849 1667 3922 CXXXIV.]
1700 3850 1767 3905 Et
1796 3850 1878 3906 ait
1905 3850 2095 3906 Moses

442 3942 514 3998 ad
548 3958 782 3998 omnem
806 3945 1102 3997 catervam
1128 3941 1380 3997 ﬁliorum
1402 3941 1614 3998 Israel:
1646 3943 1764 3997 Iste
1792 3946 1881 3997 est
1902 3958 2094 3997 sermo

441 4047 618 4102 quem
669 4033 945 4103 praecepit
998 4030 1304 4100 Dominus,
1357 4031 1590 4086 dicens:
1633 4033 1909 4100 Separate
1939 4031 2090 4101 apud

438 4137 540 4177 vos
563 4119 853 4193 primitias
874 4120 951 4188 [b.
987 4119 1332 4191 oblationes]
1359 4120 1601 4176 Domino
1632 4136 1645 4175 :
1679 4119 1873 4175 omnis
1894 4119 2094 4175 volun-

436 4208 624 4265 tarius
655 4214 711 4264 et
744 4213 1016 4281 prompto
1068 4210 1245 4281 [ναις.
1281 4207 1483 4280 prono]
1534 4208 1729 4264 animo
1761 4209 1965 4265 otI‘erat
1993 4225 2092 4265 eas

440 4297 727 4353 Domino:
764 4314 1001 4365 aurum,
1030 4302 1362 4369 argentum,
1395 4300 1452 4353 et
1477 4314 1577 4366 ais,
1617 4297 1999 4369 byacinthum
2034 4302 2092 4354 et

438 4400 1160 4458 purpuram,coccumque
1177 4386 1266 4441 bis
1284 4386 1559 4455 tinctum,
1582 4391 1639 4442 et
1664 4386 2089 4458 hyssum,pilos

439 4490 775 4547 caprarum,
806 4478 863 4531 et
891 4474 1073 4547 pelles
1104 4474 1351 4531 arietum
1403 4474 1753 4542 rubricatas,
1787 4480 1843 4531 et
1870 4475 2087 4531 ianthi-

2204 3405 2400 3461 odoris
2422 3405 2758 3461 suavissimi
2776 3410 3266 3479 componendum.
3284 3410 3500 3468 Omnes
3523 3412 3628 3468 viri
3654 3418 3710 3468 et
3730 3430 3861 3469 ruu-

2202 3493 2374 3551 lieres
2402 3498 2595 3550 mente
2634 3495 2842 3551 devota
2870 3496 3207 3553 obtulerunt
3256 3500 3520 3569 donaria,
3554 3506 3620 3556 ut
3648 3503 3863 3559 fierent

2201 3600 2398 3656 opera,
2417 3600 2544 3655 quis
2561 3584 2823 3655 jusserat
2846 3586 3127 3643 Dominus
3150 3604 3249 3658 per
3272 3605 3513 3645 manum
3528 3590 3858 3647 Mosi.Cun-

2201 3673 2278 3729 cti
2332 3672 2436 3727 ﬁlii
2486 3671 2661 3728 Israel
2720 3673 3051 3731 voluntaria
3100 3676 3347 3732 Domino
3402 3679 3844 3737 dedicaverunt.

2202 3763 2285 3834 [C.
2306 3762 2601 3834 CXXXV.]
2635 3761 2903 3834 Dixitque
2939 3763 3137 3821 Moses
3168 3766 3239 3821 ad
3264 3766 3415 3822 filios
3438 3768 3615 3825 Israel
3641 3786 3655 3824 :
3681 3772 3850 3840 Ecce,

2198 3851 2424 3908 vocavit
2473 3850 2758 3906 Dominus
2806 3866 2874 3906 ex
2920 3853 3152 3910 nomine
3203 3853 3453 3912 Beseleel
3508 3856 3691 3912 filium
3746 3859 3848 3915 Uri

2200 3939 2303 3994 filii
2326 3940 2450 3995 Hur
2467 3940 2538 3995 de
2561 3940 2712 3995 tribu
2730 3940 2904 3997 Juda.
2926 3941 3311 4015 Implevitque
3330 3961 3465 4000 eum
3488 3946 3696 4016 spiritu
3718 3946 3854 4019 Dei,

2198 4028 2506 4100 sapientia,
2540 4032 2597 4084 et
2627 4028 3037 4101 intelligentia,
3071 4036 3128 4087 et
3176 4033 3436 4104 scientia,
3469 4039 3525 4090 et
3553 4035 3701 4091 omni
3740 4036 3854 4093 do-

2197 4118 2407 4187 ctrina,
2432 4117 2503 4172 ad
2527 4117 2995 4190 excogitandum,
3021 4124 3079 4175 et
3096 4121 3427 4178 faciendum
3449 4140 3595 4195 opus
3619 4124 3678 4179 in
3702 4143 3857 4183 auro

2197 4210 2254 4263 et
2275 4210 2536 4278 argento,
2560 4212 2616 4261 et
2636 4222 2766 4277 aere,
2790 4207 3247 4281 sculpendisque
3272 4210 3653 4283 lapidibus,et
3674 4229 3860 4285 opere

2196 4295 2584 4367 carpentario,
2612 4295 2900 4368 quidquid
2924 4297 3085 4354 fabre
3100 4299 3425 4355 adinveniri
3451 4304 3662 4372 potest,
3688 4302 3864 4359 dedit

2195 4384 2255 4439 in
2287 4385 2462 4440 corde
2492 4385 2620 4455 ejus
2650 4402 2661 4438 :
2695 4384 2898 4441 Ooliab
2920 4402 3153 4459 quoque
3174 4388 3361 4444 ﬁlium
3395 4389 3750 4448 Ahisamach
3782 4392 3865 4448 de

2194 4473 2352 4528 tribu
2367 4473 2511 4529 Dan:
2537 4473 2743 4529 ambos
2759 4474 3014 4531 erudivit
3030 4476 3413 4548 sapientia,ut
3440 4479 3655 4534 faciant
3671 4496 3869 4552 opera

439 4579 569 4634 nas,
604 4563 763 4636 ligna
795 4563 1014 4631 settim,
1055 4567 1112 4619 et
1141 4563 1333 4620 oleum
1382 4565 1454 4619 ad
1512 4563 1824 4620 luminaria
1855 4564 2093 4620 concin-
2126 4573 2170 4639 D
2204 4561 2467 4618 abietarii
2502 4561 2876 4635 polymitarii,
2913 4579 2980 4621 ac
3010 4564 3308 4637 plumarii,
3341 4567 3411 4622 de
3443 4566 3779 4639 hyacintho,
3797 4573 3870 4626 et

440 4652 659 4721 nanda,
691 4656 748 4709 et
778 4657 847 4709 ut
876 4652 1225 4709 conﬁciatur
1265 4656 1655 4725 unguentum,
1686 4656 1745 4709 et
1771 4651 2097 4725 thymiama

440 4740 887 4809 suavissimum,
924 4740 1150 4814 lapides
1173 4741 1579 4814 onychinos,et
1607 4757 1871 4814 gemmas
1900 4742 1971 4798 ad
1999 4760 2097 4799 or-

441 4833 650 4885 natum
706 4829 1214 4903 superhumeralis
1262 4831 1279 4865 ¹
1326 4834 1384 4885 et
1437 4830 1760 4887 rationalis.
1814 4831 2095 4902 Quisquis

442 4923 711 4976 vestrum
734 4924 824 4976 est
853 4921 1109 4993 sapiens,
1135 4920 1332 4977 veniat
1352 4923 1409 4975 et
1429 4919 1603 4976 faciat
1632 4920 1784 4992 quod
1808 4920 2096 4977 Dominus

443 5007 776 5081 imperavit.
823 5008 1291 5066 Tabernaculum
1342 5008 1567 5066 scilicet
1596 5014 1653 5065 et
1695 5014 1916 5066 tectum
1945 5010 2095 5081 ejus,

445 5102 622 5170 atque
653 5098 1379 5171 operimentum,annulos,
1403 5103 1461 5155 et
1482 5098 1745 5156 tabulata
1764 5116 1899 5157 cum
1920 5099 2099 5156 vecti-

522 5317 541 5351 ⁸
574 5315 915 5386 Ubicunque
946 5315 1004 5369 in
1049 5315 1262 5379 Exodo,
1312 5314 1432 5371 sive
1461 5314 1518 5369 in
1552 5313 1801 5370 Levitico
1828 5315 2097 5386 superhu-

450 5386 920 5459 meralelegitur,
938 5386 1197 5443 sciamus
1229 5388 1383 5458 apud
1402 5387 1677 5459 Hebraeos
1695 5386 1866 5459 ephod
1896 5386 2093 5458 appel-

450 5458 583 5514 lari.
634 5457 768 5514 Hoc'
800 5464 994 5515 autem
1044 5474 1172 5514 esse
1233 5458 1526 5520 pontiﬁcis
1564 5457 2002 5520 vestimentum.
2043 5463 2101 5514 et

452 5529 597 5586 solis
645 5532 999 5603 conveniens
1048 5529 1647 5603 pontiﬁcibus‘omnis
1693 5529 1988 5603 Scriptura
2016 5533 2100 5603 te-

454 5606 666 5658 statur.
681 5606 813 5657 Haec
834 5603 894 5658 S.
922 5600 1305 5659 Hieronymus
1323 5602 1394 5657 ad
1423 5600 1722 5659 Fabiolam
1745 5600 2010 5658 scribens
2031 5602 2102 5659 de

450 5673 669 5730 vestitu
696 5675 1090 5731 sacerdotum.
1123 5673 1310 5731 Mam.

2204 4668 2489 4724 purpura,
2547 4667 2837 4723 coccoque
2866 4651 2957 4709 bis
2998 4652 3203 4721 tincto,
3251 4660 3310 4710 et
3340 4656 3531 4728 bysso,
3564 4661 3622 4713 et
3650 4661 3875 4714 texant

2207 4741 2429 4810 omnia,
2455 4758 2520 4797 ao
2551 4757 2698 4797 nova
2728 4758 2973 4813 quaeque
3004 4743 3317 4815 reperiant.

2278 4830 2437 4901 (Cap.
2485 4830 2755 4901 XXXVI.]
2808 4831 2965 4887 Fecit
3012 4848 3149 4902 ergo
3196 4831 3473 4898 Beseleel,
3520 4839 3577 4891 et
3625 4835 3872 4907 Ooliab,

2207 4923 2263 4975 et
2282 4919 2476 4974 omnis
2491 4918 2577 4973 vir
2608 4918 2864 4991 sapiens,
2895 4919 3110 4991 quibus
3136 4921 3295 4977 dedit
3316 4922 3602 4981 Dominus
3622 4925 3879 4998 sapien-

2207 5008 2345 5064 tiam
2371 5013 2427 5064 et
2446 5006 2806 5064 intellectum
2834 5008 2929 5080 (a),
2955 5012 3020 5064 ut
3044 5009 3261 5066 scirent
3285 5011 3447 5068 fabre
3469 5014 3698 5085 operari
3731 5031 3881 5086 qua

2208 5098 2267 5153 in
2302 5114 2447 5153 usus
2478 5097 2797 5153 sanctuarii
2830 5098 3162 5154 necessaria
3201 5104 3359 5170 sunt,
3391 5105 3451 5157 et
3479 5116 3609 5173 qua?
3638 5119 3882 5175 praece-

2279 5314 2301 5347 ¹
2333 5313 2405 5367 Et
2460 5310 2641 5365 omnis
2682 5309 2768 5365 vir
2813 5309 3055 5383 sapiens,
3105 5313 3302 5383 quibus
3381 5312 3530 5369 dedit
3595 5315 3891 5373 Dominus

2210 5384 2548 5467 sapientiam
2576 5386 2627 5438 et
2654 5383 2941 5467 scientia?!
2959 5399 2993 5467 ;_
3012 5382 3124 5438 hoc
3152 5384 3324 5467 modo
3354 5383 3892 5467 leguptnonnulli

2212 5454 2439 5513 codices
2472 5470 2613 5510 mss.
2647 5457 2703 5508 et
2732 5470 2861 5511 can.
2894 5454 3069 5509 Hebr.
3119 5456 3288 5511 verit.
3323 5454 3454 5526 pos't
3484 5457 3629 5514 LXX
3678 5459 3894 5516 luter-

2213 5531 2429 5597 pretes.
2466 5525 2570 5581 Alii
2601 5525 2839 5597 habent,
2873 5526 3327 5597 intelligentiam,
3358 5527 3478 5585 sive
3518 5529 3898 5588 intellectum

2253 5546 2429 5583 ι’θιθε.
2466 5546 2570 5581 (λιιι
2601 5546 2839 5593 ηαοθυι,
2873 5546 3327 5597 tmemgenuam,
3358 5546 3478 5585 sive
3518 5546 3897 5588 Intellectum

2206 5546 2377 5676 iuxta
2420 5598 2575 5676 quod
2622 5596 2906 5676 scriptum
2935 5603 3037 5676 _e_st
3066 5597 3128 5652 in
3176 5597 3438 5669 Hebraeo,
3474 5616 3612 5658 nam
3653 5611 3897 5676 anan,

2212 5668 2454 5729 thebani
2484 5669 2546 5727 in
2575 5685 2643 5726 eo
2673 5668 2903 5740 legitur.
2934 5668 3119 5727 Maar.
