4080 6186
258 355 341 410 325
1674 351 1888 406 uana
1924 350 2171 406 EXODI.
3501 366 3612 422 ωδ

259 476 606 553 pitDominus.
626 476 886 547 Cumque
898 482 1272 533 vocasseteos
1306 477 1515 543 Moses,
1530 478 1588 529 et
1609 488 1844 527 omnem
1877 471 1933 540 Α
1962 477 2092 528 sent
2108 474 2284 531 simul
2311 478 2607 548 tabulas,et
2625 482 2970 540 haberentes
2988 485 3158 541 bases
3180 492 3489 556 argenteas
3512 507 3607 547 se-

259 570 505 626 eruditum
532 570 744 636 virum,
772 573 864 623 cui
898 570 1141 625 dederat
1167 569 1455 625 Dominus
1478 567 1855 636 sapientiam,
1965 563 2177 629 decim,
2209 566 2379 623 binas
2410 570 2630 627 scilicet.
2679 573 2847 628 bases
2895 576 3008 631 sub
3056 577 3307 649 singulis
3358 581 3603 639 tabulis.

259 665 305 717 et
325 659 409 729 qui
428 662 627 729 sponte
657 675 766 715 sua
789 658 1127 715 obtulerant
1147 674 1209 714 se
1235 658 1305 713 ad
1337 656 1664 711 faciendum
1685 669 1855 726 opus,
1969 651 2126 706 Fecit
2154 658 2212 709 et
2240 660 2432 712 vectes
2462 659 2533 714 de
2566 658 2743 731 lignis
2774 663 2991 731 settim,
3024 665 3287 739 quinque
3317 670 3394 724 ad
3426 670 3612 727 conti-

259 748 462 805 tradidit
487 749 568 803 eis
599 748 876 805 universa
907 747 1152 803 donaria
1184 745 1441 803 ﬁliorum
1494 743 1695 801 Israel.
1747 741 1856 807 Qui
1967 742 2189 829 nendas
2211 744 2441 801 tabulas
2463 746 2641 803 unius
2659 748 2853 806 lateris
2875 753 3332 824 tabernaculi,et
3353 758 3611 829 quinque

258 854 362 895 cum
392 837 669 893 instarent
698 837 881 910 operi,
915 835 1179 909 quotidie
1210 850 1382 890 mane
1426 838 1559 889 vota
1607 830 1857 904 populus
1963 827 2112 885 alios
2144 831 2217 886 ad
2249 831 2488 890 alterius
2509 834 2709 893 lateris
2742 840 2975 897 tabulas
3005 827 3390 914 coaptandas,
3425 851 3483 902 et
3512 827 3609 903 ex-

257 926 507 982 oﬂerebat.
539 925 1182 982 Undeartiﬁcesvenire
1226 922 1542 995 compulsi,
1585 921 1859 976 dixerunt
1963 922 2056 973 tra
2080 919 2207 987 hos,
2239 922 2503 995 quinque
2534 925 2680 983 alios
2702 932 2894 984 vectes
2925 932 2996 985 ad
3028 932 3447 990 occidentalem
3479 935 3609 1007 pla-

257 1016 407 1072 Mosi:
438 1014 570 1071 Plus
600 1016 767 1071 oﬂ‘ert
797 1014 1030 1087 populis
1071 1030 1253 1087 quam
1305 1011 1701 1069 necessarium
1744 1014 1854 1066 est.
1962 1022 2098 1078 gam
2132 1009 2490 1068 tabernaculi
2524 1019 2727 1071 contra
2757 1018 3097 1075 mare.Fecit
3124 1038 3356 1093 quoque
3387 1028 3608 1079 vectem

252 1104 411 1161 Jussit
436 1120 567 1177 ergo
600 1106 789 1162 Moses
816 1104 1100 1176 praconis
1150 1119 1287 1159 voce
1335 1100 1556 1158 cantari
1582 1116 1596 1155 :
1630 1099 1744 1154 Nec
1771 1100 1863 1154 vir
1962 1098 2170 1166 alium,
2202 1101 2303 1171 qui
2332 1118 2434 1173 per
2456 1105 2679 1161 medias
2702 1106 2934 1164 tabulas
2966 1110 3037 1164 ab
3068 1110 3285 1182 angulo
3316 1129 3505 1184 usque
3536 1114 3609 1168 ad

253 1211 337 1251 nec
349 1194 541 1250 mulier
556 1196 881 1267 quidquam
904 1195 1059 1251 ultra
1075 1194 1282 1250 offerat
1306 1193 1365 1247 in
1390 1207 1564 1263 opere
1585 1195 1855 1248 sanctua-
1960 1187 2244 1258 angulum
2276 1193 2624 1262 perveniret.
2650 1197 2782 1266 Ipsa
2798 1200 2994 1251 autem
3019 1197 3288 1253 tabulata
3308 1200 3614 1256 deauravit

252 1284 325 1338 rii.
353 1282 550 1355 Sicque
580 1288 873 1340 cessatum
897 1287 986 1339 est
1017 1300 1051 1338 a
1074 1282 1421 1338 muneribus
1442 1279 1855 1347 offerendis,eo
1959 1279 2017 1329 et
2047 1274 2297 1333 οἱΓοιιῙοε
2326 1295 2527 1335 eorum
2553 1283 2594 1348 ί,
2629 1281 2763 1337 fecit
2794 1299 3025 1351 αυτθοεν
3059 1301 3161 1356 P9P
3211 1303 3360 1359 (1008
3412 1293 3606 1345 νθοιθθ

251 1372 375 1443 quod
402 1372 593 1428 oblata
622 1374 984 1440 sufﬁcerent,
1009 1377 1066 1428 et
1084 1371 1653 1443 superabundarent.
1678 1368 1854 1425 Fece-

1997 1362 2162 1420 nduci
2178 1371 2439 1437 possent;
2456 1385 2605 1441 quos
2627 1378 2683 1426 et
2698 1371 2858 1443 ipsos
2881 1371 3121 1431 laminis
3134 1376 3332 1432 aureis
3352 1377 3608 1447 operuit.

250 1466 468 1532 runtque
494 1477 703 1518 omnes
733 1463 907 1519 corde
938 1462 1233 1534 sapientes
1257 1460 1328 1516 ad
1343 1459 1692 1531 explendum
1707 1474 1854 1530 opus
1961 1452 2118 1508 Fecit
2147 1460 2206 1511 et
2233 1455 2430 1512 velum
2463 1459 2533 1513 de
2568 1460 2908 1532 hyacintho,
2935 1480 3216 1535 purpura,
3265 1465 3607 1535 vermiculo,

250 1550 599 1620 tabernaculi,
637 1551 890 1608 cortinas
919 1552 1146 1618 decem,
1180 1551 1251 1606 de
1292 1550 1467 1622 bysso
1512 1552 1750 1613 retorta,
1799 1550 1857 1603 et
1959 1558 2027 1598 ac
2052 1544 2227 1615 bysso
2261 1550 2497 1617 retorta,
2530 1566 2703 1621 opere
2734 1550 3128 1624 polymitario,
3175 1554 3399 1611 varium
3434 1560 3612 1628 atque

249 1638 548 1710 hyacintho,
579 1644 638 1696 et
667 1656 948 1713 purpura,
980 1655 1273 1711 coccoque
1304 1638 1396 1695 his
1426 1638 1632 1706 tincto,
1682 1652 1855 1708 opere
1960 1630 2334 1704 distinctum,
2362 1640 2421 1692 et
2445 1642 2702 1708 quatuor
2734 1638 3043 1697 columnas
3072 1642 3145 1698 de
3172 1641 3351 1715 lignis
3382 1643 3606 1712 settim,

247 1727 380 1782 vario
411 1732 465 1783 et
508 1732 635 1784 arte
680 1728 963 1801 polymita
996 1745 1010 1784 :
1069 1744 1318 1799 quarum
1360 1744 1479 1783 una
1510 1726 1763 1782 habebat
1794 1726 1853 1781 in
1960 1736 2110 1792 quas
2140 1739 2274 1779 cum
2310 1724 2605 1796 capitibus
2626 1727 2947 1797 deauravit,
2972 1730 3117 1787 fusis
3137 1732 3380 1789 basibus
3402 1749 3604 1790 earum

247 1815 581 1888 longitudine
609 1817 817 1890 viginti
847 1823 974 1874 octo
1024 1817 1277 1885 cubitos,
1326 1821 1385 1873 et
1434 1817 1495 1873 in
1541 1814 1852 1872 latitudine
1881 1837 1929 1903 Β
1958 1811 2275 1903 argenteis.
2309 1813 2469 1903 Fecit
2498 1819 2556 1872 et
2576 1817 2895 1874 tentorium
2918 1818 2979 1874 in
3002 1818 3247 1876 introitu
3266 1822 3604 1879 tabernacu-

248 1910 483 1975 quatuor,
514 1923 639 1962 una
670 1921 952 1963 mensura
979 1911 1104 1963 erat
1153 1906 1419 1962 omnium
1465 1904 1850 1961 cortinarum.
1881 1899 1921 1903 _
1957 1899 2021 1965 li,
2083 1916 2155 1957 ex
2203 1901 2539 1975 hyacintho,
2589 1922 2870 1978 purpura,
2919 1907 3263 1979 vermiculo,
3309 1910 3605 1983 byssoque

243 1993 634 2066 Conjunxitque
662 1996 917 2052 cortinas
946 1996 1230 2068 quinque,
1280 1994 1523 2051 alteram
1576 1993 1763 2061 alteri,
1796 1997 1854 2049 et
1958 1992 2192 2061 retorta,
2227 2007 2401 2064 opere
2430 1992 2729 2064 plumarii,
2761 2000 2819 2051 et
2848 1996 3156 2053 columnas
3186 2000 3445 2071 quinque
3468 2016 3603 2055 cum

244 2082 359 2138 alias
386 2084 643 2154 quinque
672 2084 786 2140 sibi
808 2083 1057 2140 invicem
1081 2083 1396 2156 capulavit.
1428 2084 1582 2139 Fecit
1602 2087 1658 2138 et
1675 2098 1850 2138 ansas
1954 2078 2249 2150 capitibus
2279 2085 2426 2149 suis,
2462 2098 2609 2154 quas
2640 2085 2871 2157 operuit
2901 2102 3065 2156 auro,
3089 2086 3378 2159 basesque
3400 2104 3602 2145 earum

243 2170 617 2243 hyacinthinas
648 2174 707 2228 in
740 2190 841 2229 ora
872 2174 1104 2230 cortinae
1137 2173 1315 2229 unius
1340 2189 1410 2229 ex
1441 2176 1685 2239 utroque
1706 2170 1851 2227 late-
1955 2168 2105 2223 fudit
2133 2186 2342 2227 aeneas.

242 2276 305 2327 re,
331 2261 461 2317 etin
491 2279 597 2319 ora
628 2263 865 2318 cortinas
899 2262 1142 2319 alterius
1190 2262 1483 2329 similiter,
1536 2266 1600 2317 ut
1646 2265 1850 2317 contra
2024 2258 2105 2329 [Ο.
2139 2259 2432 2331 CXXXVI,
2462 2260 2590 2332 Cap.
2624 2263 2915 2335 XXXVIM
2949 2265 3106 2322 Fecit
3126 2269 3323 2322 autem
3348 2265 3602 2324 Beseleel

237 2364 286 2405 se
312 2350 539 2408 invicem
576 2354 843 2408 venirent
889 2369 1065 2419 ansae,
1116 2356 1174 2408 et
1203 2356 1409 2407 mutuo
1434 2352 1847 2423 jungerentur.
1951 2350 2010 2402 et
2037 2364 2229 2403 arcam
2264 2350 2334 2404 de
2364 2349 3267 2421 lignissettim,habentemduos
3293 2356 3474 2411 semis
3498 2372 3595 2412 cu-

240 2437 372 2494 Unde
398 2444 452 2495 et
496 2441 936 2513 quinquaginta
987 2442 1141 2497 fudit
1172 2439 1422 2497 circulos
1480 2455 1711 2507 aureos,
1744 2436 1847 2510 qui
1953 2434 2106 2491 bitos
2139 2436 2196 2491 in
2225 2436 2612 2509 longitudine,
2647 2444 2703 2495 et
2731 2441 2992 2497 cubitum
3017 2443 3403 2501 acsemissem
3427 2444 3486 2499 in
3512 2443 3598 2501 la-

241 2529 922 2587 morderentcortinarum
954 2547 1153 2598 ansas,
1182 2537 1236 2585 et
1265 2530 1430 2585 ﬁeret
1450 2544 1632 2584 unum
1655 2528 1848 2583 taber-
1952 2524 2241 2581 titudine:
2274 2526 2520 2583 altitudo
2547 2545 2781 2601 quoque
2813 2531 2990 2587 unius
3008 2531 3187 2587 cubiti
3215 2533 3327 2589 fuit
3348 2538 3404 2590 et
3427 2534 3603 2590 dimi-

238 2616 503 2674 naculnm.
537 2618 699 2675 Fecit
726 2624 783 2675 et
813 2636 955 2692 saga
988 2620 1259 2676 undecim
1291 2621 1360 2675 de
1386 2617 1520 2690 pilis
1538 2632 1847 2689 caprarum
1952 2613 2056 2683 dii,
2090 2615 2439 2686 vestivitque
2471 2633 2599 2673 eam
2631 2634 2772 2674 auro
2804 2620 3122 2690 purissimo
3154 2621 3314 2678 intus
3345 2640 3412 2679 ac
3434 2623 3602 2680 foris.

238 2707 292 2761 ad
317 2708 690 2779 aperiendum
723 2712 942 2765 tectum
974 2707 1335 2764 tabernaculi
1362 2725 1375 2764 :
1412 2723 1595 2762 unum
1637 2721 1845 2777 sagum
1961 2702 2030 2757 Et
2064 2702 2201 2759 fecit
2232 2704 2315 2759 illi
2346 2721 2620 2762 coronam
2652 2722 2889 2764 auream
2924 2726 3027 2781 per
3052 2726 3285 2783 gyrum,
3336 2713 3602 2769 conﬂans

238 2796 283 2849 in
311 2794 670 2868 longitudine
700 2795 956 2854 habebat
986 2797 1219 2854 cubitos
1250 2796 1519 2868 triginta,
1555 2800 1613 2853 et
1644 2796 1701 2850 in
1721 2793 1850 2850 lali-
1952 2795 2212 2862 quatuor
2242 2793 2493 2852 annulos
2518 2812 2727 2852 aureos
2757 2812 2859 2868 per
2888 2804 3141 2870 quatuor
3162 2799 3409 2871 angulos
3432 2801 3562 2869 eius
3587 2817 3601 2857 :

233 2884 409 2941 tudine
437 2886 671 2942 cubitos
691 2891 947 2958 quatuor
978 2903 991 2942 :
1022 2887 1199 2943 unius
1223 2902 1511 2942 mensurae
1532 2888 1698 2941 erant
1722 2899 1847 2939 om-
1952 2881 2101 2936 duos
2124 2881 2376 2938 annulos
2410 2882 2467 2937 in
2495 2882 2677 2940 latere
2706 2902 2848 2955 uno,
2874 2890 2936 2949 et
2965 2887 3112 2942 duos
3144 2886 3201 2942 in
3236 2886 3436 2943 altero.
3488 2888 3606 2944 Ve-

232 2973 312 3027 nia
337 2991 489 3047 saga,
522 2992 780 3047 quorum
812 2976 1076 3048 quinque
1096 2976 1298 3047 junxit
1325 2990 1612 3041 seorsum,
1645 2977 1701 3030 et
1747 2989 1849 3029 sex
1952 2972 2075 3024 ctes
2106 2986 2340 3041 quoque
2371 2971 2595 3028 fecitde
2626 2972 2803 3045 lignis
2827 2974 3049 3043 scttim,
3071 2991 3219 3046 quos
3240 2976 3473 3032 vestivit
3495 2993 3601 3032 au-

231 3060 325 3117 alia
352 3064 693 3135 separatim.
718 3065 988 3136 Fecitque
1009 3082 1186 3121 ansas
1209 3062 1641 3136 quinquaginta
1664 3062 1721 3116 in
1746 3078 1850 3117 ora
1953 3074 2037 3127 ro,
2073 3062 2129 3115 et
2158 3077 2308 3129 quos
2339 3060 2503 3116 misit
2534 3061 2591 3116 in
2615 3062 2889 3129 annulos,
2914 3063 3011 3135 qui
3036 3068 3204 3120 erant
3224 3065 3283 3120 in
3307 3064 3594 3121 lateribus

230 3152 333 3221 sagi
362 3154 560 3221 unius,
593 3158 655 3209 et
683 3153 1117 3225 quinquaginta
1148 3154 1206 3209 in
1226 3169 1324 3209 ora
1343 3152 1466 3224 sagi
1492 3150 1757 3218 alterius,
1783 3154 1848 3205 ut
1877 3200 1920 3225 η
1962 3161 2107 3201 arcae
2140 3146 2210 3201 ad
2240 3147 2595 3218 portandum
2645 3164 2796 3204 eam.
2844 3149 3002 3205 Fecit
3031 3154 3089 3206 et
3110 3149 3602 3223 propitiatorium,

230 3200 333 3221 ”“Ὅ”
366 3200 560 3221 “”’““““’²
595 3200 655 3209 ν’
685 3200 1117 3225 Ί“’-Ί“’“Ο“⁸⁴’““’
1149 3200 1206 3209 ”¹“
1228 3200 1465 3224 "'"""O'
1494 3200 1757 3218 '"""""’
1788 3200 1846 3205 ’⁷⁷
1968 3200 1993 3201 η
2148 3200 2167 3201 ⁷⁷
2190 3200 2205 3201 7
2240 3200 2265 3218 τ
2290 3200 2331 3202 ’“
2358 3200 2595 3203 “‘"ﬁfh
2651 3200 2796 3204 '—"'"
2844 3200 2865 3205 “
2894 3200 3001 3205 ’⁷⁷⁷
3035 3200 3088 3206 ’⁷
3111 3200 3602 3223 ι’·ἰ““’·“*··“··-1

230 3239 321 3293 sibi
348 3240 591 3297 invicem
626 3243 1044 3314 jungerentur.
1082 3243 1147 3298 Et
1194 3241 1406 3297 ﬁbulas
1457 3256 1647 3296 aeneas
1676 3239 1849 3310 quin-
1876 3200 1922 3270 C
1960 3235 2021 3291 id
2053 3243 2161 3305 est,
2189 3234 2514 3303 oraculum,
2564 3238 2637 3293 de
2683 3254 2826 3294 auro
2876 3238 3295 3305 mundissimo,
3350 3240 3605 3297 duorum

230 3330 731 3402 quaginta,quibus
747 3333 1592 3400 nectereturtectum,utunum
1610 3327 1851 3401 pallium
1964 3325 2294 3382 cubitorum
2327 3330 2384 3381 et
2415 3326 2641 3382 dimidii
2674 3327 2733 3382 in
2775 3328 3161 3399 longitudine,
3214 3333 3272 3385 et
3317 3329 3499 3385 cubiti
3536 3346 3604 3386 ac

232 3430 287 3470 ex
311 3419 579 3476 omnibus
613 3419 773 3491 sagis
806 3420 989 3475 ﬁeret.
1018 3419 1174 3476 Fecit
1202 3424 1259 3475 et
1287 3418 1642 3491 opertorium
1661 3417 1853 3473 taber-
1962 3416 2144 3472 semis
2175 3415 2234 3469 in
2258 3414 2592 3471 latitudine.
2623 3420 2773 3472 Duos
2804 3416 2981 3473 etiam
3030 3416 3346 3473 Cberubim
3370 3434 3438 3474 ex
3460 3436 3604 3475 auro

238 3508 409 3563 naculi
446 3510 519 3565 de
568 3508 827 3580 pellibus
872 3508 1118 3565 arietum
1165 3508 1479 3564 rubricatis
1512 3523 1527 3563 :
1574 3506 1853 3577 aliudque
1962 3503 2188 3571 ductili,
2223 3520 2372 3575 quos
2403 3506 2599 3576 posuit
2626 3520 2695 3561 ex
2725 3510 2972 3577 utraque
3003 3510 3167 3578 parte
3187 3506 3604 3578 propitiatorii:

233 3592 455 3667 desuper
481 3597 885 3653 velamentum
920 3599 991 3653 de
1022 3596 1275 3669 pellibus
1305 3595 1569 3653 iantinis.
1602 3596 1758 3651 Fecit
1794 3599 1853 3652 et
1960 3593 2189 3649 Cherub
2225 3610 2408 3649 unum
2441 3592 2499 3648 in
2534 3595 2873 3651 summitate
2888 3595 3352 3667 uniuspartis,et
3374 3596 3604 3652 Cherub

230 3683 432 3742 tabulas
461 3686 834 3742 tabernaculi
865 3687 935 3742 de
965 3686 1141 3758 lignis
1162 3686 1358 3742 settim
1384 3690 1626 3742 stantes.
1651 3690 1850 3741 Uecem
1960 3684 2211 3739 alterum
2241 3681 2300 3737 in
2332 3682 2677 3739 summitate
2708 3683 2892 3755 partis
2940 3684 3221 3753 alterius;
3272 3685 3421 3741 duos
3458 3686 3603 3741 Che-

234 3772 536 3831 cubitorum
569 3779 698 3832 erat
719 3774 1255 3846 longitudotabulaz
1277 3775 1476 3841 unius,
1500 3778 1557 3830 et
1579 3790 1763 3829 unum
1782 3789 1848 3828 ac
1960 3771 2155 3826 rubim
2178 3771 2237 3826 in
2280 3770 2533 3841 singulis
2578 3772 3020 3829 summitatibus
3072 3773 3453 3845 propitiatorii
3502 3789 3604 3829 ex-

230 3862 1847 3920 semiscubitumlatitudoretinehatzbinaeincastraturaa
1958 3863 2263 3918 tendentes
2322 3862 2547 3927 alas,et
2576 3867 2836 3935 tegentes
2880 3864 3372 3936 propitiatorium,
3424 3878 3601 3934 seque

230 3957 369 4006 erant
394 3969 498 4023 per
527 3952 800 4023 singulas
847 3952 1103 4021 tabulas,
1156 3959 1220 4009 ut
1268 3953 1449 4010 altera
1493 3952 1662 4008 alteri
1702 3953 1846 4022 jun-
1958 3956 2165 4007 mutuo
2196 3956 2253 4007 et
2284 3950 2428 4006 illud
2463 3957 2877 4023 respectantes.
2914 3952 3072 4008 Fecit
3119 3957 3177 4008 et
3220 3968 3485 4008 mensam
3530 3952 3601 4007 de

222 4046 447 4106 geretur.
482 4043 582 4098 Sic
609 4042 747 4098 fecit
773 4042 833 4097 in
864 4043 1142 4099 omnibus
1185 4041 1404 4099 tabulis
1457 4040 1841 4097 tabernaculi.
1956 4038 2133 4110 lignis
2153 4038 2351 4094 settim
2388 4039 2443 4094 in
2472 4038 2860 4111 longitudime
2884 4040 3133 4097 duorum
3164 4040 3512 4107 cubitorum,
3546 4046 3603 4097 et

219 4124 251 4178 Β
271 4129 469 4197 quibus
492 4130 707 4203 viginti
740 4131 811 4186 ad
835 4129 1067 4203 plagam
1101 4131 1486 4187 meridianam
1520 4134 1687 4186 erant
1701 4146 1843 4185 eon-
1954 4127 2013 4183 in
2051 4128 2367 4185 latitudine
2397 4129 2574 4184 unius
2603 4129 2945 4201 cubiti,quaa
2971 4128 3231 4185 habebat
3260 4129 3318 4184 in
3336 4128 3600 4185 altitudi-

214 4214 285 4270 tra
310 4222 613 4290 Austrum,
647 4236 781 4275 cum
826 4221 1218 4292 quadraginta
1247 4221 1491 4277 basibus
1530 4218 1839 4290 argenteis.
1955 4234 2027 4273 ne
2056 4218 2234 4288 [ναις.
2282 4216 2615 4288 latitudine]
2668 4218 2937 4274 cubitum
2990 4234 3055 4274 ac
3094 4218 3422 4275 semissem.
3470 4217 3598 4275 Cir-

216 4300 327 4359 Dua
355 4307 528 4365 bases
560 4310 677 4365 sub
709 4326 827 4365 una
855 4309 1057 4365 tabula
1082 4310 1454 4381 ponebantur
1492 4325 1562 4365 ex
1592 4312 1843 4377 utraque
1954 4305 2373 4377 cumdeditque
2403 4323 2529 4363 eam
2564 4323 2708 4362 auro
2756 4306 3179 4378 mundissimo,
3229 4310 3286 4363 et
3327 4307 3465 4363 fecit
3510 4306 3598 4363 illi

218 4394 544 4465 angulorum
580 4402 767 4470 parte,
800 4398 900 4453 ubi
930 4398 1335 4455 incastraturze
1369 4396 1617 4453 laterum
1649 4396 1708 4451 in
1738 4412 1842 4452 an-
1952 4394 2174 4451 labium
2206 4411 2451 4451 aureum
2483 4411 2586 4467 per
2617 4411 2849 4467 gyrum,
2884 4396 3115 4468 ipsique
3143 4394 3300 4452 labio
3319 4412 3596 4453 coronam

214 4480 341 4547 gulis
362 4486 780 4541 terminantur.
818 4488 902 4542 Ad
954 4484 1839 4560 plagamquoquetabernaculi,
1952 4498 2188 4538 auream
2222 4482 2617 4540 interrasilem
2649 4488 2903 4556 quatuor
2930 4485 3269 4555 digitorum,
3316 4489 3374 4541 et
3424 4500 3599 4558 super

208 4582 312 4638 qua:
345 4575 587 4646 respicit
618 4576 689 4631 ad
727 4575 1100 4648 Aquilonem,
1148 4576 1282 4632 fecit
1324 4574 1531 4647 viginti
1572 4574 1824 4643 tabulas,
1858 4571 1904 4636 D
1940 4572 2479 4639 eamdem,alteram
2502 4588 2778 4629 coronam
2804 4574 3320 4631 auream.Fuditet
3341 4576 3597 4646 quatuor

207 4671 316 4713 cum
345 4664 741 4735 quadraginta
773 4664 1014 4720 basibus
1030 4664 1344 4736 argenteis,
1369 4664 1517 4720 duas
1537 4664 1709 4719 bases
1728 4678 1829 4735 per
1940 4659 2191 4716 circulos
2223 4676 2452 4729 aureos,
2480 4677 2629 4732 quos
2655 4662 2851 4733 posuit
2874 4662 2931 4717 in
2950 4665 3212 4733 quatuor
3229 4661 3465 4733 angulis
3491 4676 3597 4734 per

207 4744 438 4818 singulas
469 4751 732 4807 tabulas.
761 4752 974 4808 Contra
1004 4753 1374 4809 Occidentem
1414 4768 1575 4821 vero,
1628 4752 1685 4807 id
1719 4754 1829 4819 est,
1940 4748 2207 4821 singulos
2236 4751 2414 4821 pedes
2444 4766 2660 4806 mensas
2677 4756 2881 4806 contra
2904 4766 3203 4806 coronam:
3229 4749 3591 4822 misitquein

205 4834 392 4893 adeam
414 4845 652 4911 partem
670 4840 1057 4908 tabernaculi,
1082 4858 1207 4913 quae
1231 4858 1392 4896 mare
1406 4840 1669 4912 respicit,
1695 4839 1832 4895 fecit
1941 4853 2041 4893 eos
2070 4841 2281 4905 vectes,
2314 4842 2379 4893 ut
2411 4837 2595 4909 possit
2628 4854 2830 4895 mensa
2861 4838 3102 4911 portari.
3136 4840 3299 4911 Ipsos
3353 4854 3592 4911 quoque

204 4936 285 4978 se:
312 4927 565 4997 tabulas,
602 4934 657 4984 et
688 4930 835 4985 duas
866 4929 1012 4986 alias
1045 4946 1145 5001 per
1177 4929 1444 5002 singulos
1478 4928 1725 5001 angulos
1748 4934 1831 4983 ta-
1940 4931 2132 4981 vectes
2162 4926 2295 4981 fecit
2327 4926 2398 4981 de
2444 4926 2619 4997 lignis
2680 4927 2897 4995 settim,
2958 4932 3015 4983 et
3070 4928 3444 4983 circundcdit
3491 4943 3590 4983 eos

205 5009 475 5072 bernaculi
511 5022 691 5073 retro:
727 5021 1090 5089 quaejunctze
1107 5024 1275 5073 erant
1296 5019 1617 5073 adeorsum
1646 5033 1829 5090 usque
1940 5032 2100 5070 auro.
2139 5016 2204 5069 Et
2234 5032 2372 5070 vasa
2404 5016 2473 5070 ad
2508 5016 2769 5071 diversos
2801 5033 2946 5071 usus
2981 5033 3220 5087 mensae,
3252 5015 3585 5081 acetabula,

211 5114 444 5175 sursum,
478 5111 541 5162 et
576 5122 754 5162 unam
808 5123 1153 5179 compagem
1201 5108 1419 5178 pariter
1471 5108 1827 5163 ferebantur.
1941 5103 2188 5175 phialas,
2221 5104 2482 5175 cyathos,
2516 5110 2573 5159 et
2598 5104 3169 5170 thuribula,exauro
3186 5121 3353 5177 puro,
3376 5104 3437 5159 in
3455 5102 3589 5173 qui-

208 5186 276 5244 lta
300 5192 429 5249 {erit
456 5210 531 5250 ex
564 5198 813 5268 utraque
844 5200 1007 5267 parte
1039 5212 1142 5268 per
1170 5195 1417 5267 angulos
1443 5215 1456 5264 ;
1494 5200 1557 5251 ut
1587 5200 1715 5251 octo
1737 5211 1831 5251 es-
1942 5194 2053 5248 bus
2082 5192 2378 5249 offerenda
2404 5196 2545 5248 sunt
2567 5191 2869 5249 libamina.
2904 5192 3061 5249 Fecit
3092 5198 3149 5248 et
3170 5190 3583 5247 candelabrum

259 5385 274 5418 ¹
306 5385 363 5441 In
394 5388 584 5444 editis
616 5393 673 5443 et
703 5389 760 5444 in
792 5390 1071 5447 omnibus
1114 5407 1255 5447 mss.
1308 5389 1479 5446 libris
1525 5390 1828 5447 adduntur
1938 5387 2170 5454 genteis,
2194 5390 2259 5442 ut
2287 5390 2345 5443 et
2374 5386 2433 5441 in
2466 5386 2591 5443 suis
2624 5386 2893 5442 Martian.
2928 5384 3170 5450 invenit,
3195 5388 3251 5439 et
3267 5380 3489 5454 vulgati
3517 5380 3585 5436 li-

260 5406 274 5418 -
306 5406 363 5441 in
394 5406 584 5444 eurus
616 5406 673 5443 8t
703 5406 760 5444 in
792 5406 1071 5447 omnibus
1114 5407 1255 5447 mss.
1308 5406 1479 5446 noris
1525 5406 1828 5447 adduntur
1975 5406 2170 5451 amen,
2194 5406 2259 5442 IN.
2287 5406 2345 5443 et
2374 5406 2433 5441 in
2466 5406 2591 5443 suis
2624 5406 2893 5442 martian.
2928 5406 3170 5450 invenis,
3195 5406 3489 5454 envuigau
3517 5406 3584 5436 u-

202 5452 304 5537 ξείίξν
348 5461 492 5537 fusis
550 5461 775 5537 basibus
831 5478 1021 5537 carum
1057 5462 1348 5537 argenteis
1375 5479 1421 5537 ;_
1452 5479 1579 5534 quas
1638 5478 1823 5537 canon
1938 5406 2029 5537 ἵξνὶ
2060 5459 2546 5537 retinentLverba
2567 5475 2636 5513 ex
2668 5459 2845 5537 tertio
2861 5458 2934 5537 ab
2967 5457 3085 5537 hoc
3099 5453 3391 5537 versiculo
3422 5467 3584 5537 repe-

205 5523 343 5584 Hebr.
373 5532 548 5607 verit.
580 5533 780 5607 erasit,
816 5534 1032 5607 docens
1056 5523 1167 5590 hoc
1198 5535 1368 5607 signa
1398 5523 1486 5589 11..
1512 5533 1826 5606 marginali
1941 5533 2067 5587 tita.
2098 5531 2295 5587 Canon
2320 5523 2634 5586 'Hzebraicw
2656 5529 2907 5585 viritatis
2937 5526 3117 5583 erasit
3158 5528 3328 5598 juxta
3375 5523 3582 5581 arche-

212 5610 464 5677 necesse
495 5602 560 5657 in
596 5604 1077 5677 Hobraao.Man'r.
1194 5675 1201 5677 Α
1254 5602 1282 5677 Ῐ
1362 5676 1365 5677 ν
1645 5602 1673 5606 ⁷
1940 5608 2171 5677 typum.

252 5698 314 5714 -
334 5674 584 5731 Addunt
616 5681 670 5732 et
697 5676 883 5733 nostri
915 5693 1056 5734 mss.
1086 5675 1230 5747 fusis
1249 5676 1474 5733 basibus
1516 5692 1711 5734 earum
1731 5692 1825 5733 ar-
1970 5674 1983 5675 ’
2006 5674 2023 5677 ⁷
2266 5678 2270 5682 ‘
