  <div class='ocr_page' id='page_1' title='image "/cluster/home/n/w/nwhite01/storage/ocr_20150623/28/hvd.32044052824265/183.png"; bbox 0 0 4080 6186; ppageno 0'>
   <div class='ocr_carea' id='block_1_1' title="bbox 419 363 524 419">
    <p class='ocr_par' dir='ltr' id='par_1_1' title="bbox 419 363 524 419">
     <span class='ocr_line' id='line_1_1' title="bbox 419 363 524 419; baseline -0.019 0"><span class='ocrx_word' id='word_1_1' title='bbox 419 363 524 419; x_wconf 82' lang='grc'><strong>327</strong></span> 
     </span>
    </p>
   </div>
   <div class='ocr_carea' id='block_1_2' title="bbox 1449 361 2789 419">
    <p class='ocr_par' dir='ltr' id='par_1_2' title="bbox 1449 361 2789 419">
     <span class='ocr_line' id='line_1_2' title="bbox 1449 361 2789 419; baseline 0 -1"><span class='ocrx_word' id='word_1_2' title='bbox 1449 364 1509 418; x_wconf 81' lang='lat'><strong>8.</strong></span> <span class='ocrx_word' id='word_1_3' title='bbox 1551 361 1960 418; x_wconf 78' lang='lat' dir='ltr'><strong>HIEBONYMI</strong></span> <span class='ocrx_word' id='word_1_4' title='bbox 1996 361 2253 417; x_wconf 81' lang='lat' dir='ltr'><strong>DIVINA</strong></span> <span class='ocrx_word' id='word_1_5' title='bbox 2288 361 2789 419; x_wconf 78' lang='lat' dir='ltr'><strong>BIBLIOTBECA.</strong></span> 
     </span>
    </p>
   </div>
   <div class='ocr_carea' id='block_1_3' title="bbox 3717 358 3825 415">
    <p class='ocr_par' dir='ltr' id='par_1_3' title="bbox 3717 358 3825 415">
     <span class='ocr_line' id='line_1_3' title="bbox 3717 358 3825 415; baseline 0 0"><span class='ocrx_word' id='word_1_6' title='bbox 3717 358 3825 415; x_wconf 83' lang='lat'><strong>328</strong></span> 
     </span>
    </p>
   </div>
   <div class='ocr_carea' id='block_1_4' title="bbox 416 482 3819 558">
    <p class='ocr_par' dir='ltr' id='par_1_4' title="bbox 416 482 3819 558">
     <span class='ocr_line' id='line_1_4' title="bbox 416 482 3819 558; baseline -0.001 -15"><span class='ocrx_word' id='word_1_7' title='bbox 416 489 632 545; x_wconf 84' lang='lat' dir='ltr'><strong>ductile</strong></span> <span class='ocrx_word' id='word_1_8' title='bbox 655 488 724 545; x_wconf 87' lang='lat' dir='ltr'><strong>de</strong></span> <span class='ocrx_word' id='word_1_9' title='bbox 741 505 883 544; x_wconf 88' lang='lat' dir='ltr'><strong>auro</strong></span> <span class='ocrx_word' id='word_1_10' title='bbox 915 487 1329 543; x_wconf 90' lang='lat' dir='ltr'><strong>mundissimo.</strong></span> <span class='ocrx_word' id='word_1_11' title='bbox 1349 487 1429 542; x_wconf 92' lang='lat' dir='ltr'><strong>De</strong></span> <span class='ocrx_word' id='word_1_12' title='bbox 1452 488 1621 557; x_wconf 91' lang='lat' dir='ltr'><strong>cujus</strong></span> <span class='ocrx_word' id='word_1_13' title='bbox 1643 491 1803 542; x_wconf 90' lang='lat' dir='ltr'><strong>vecte</strong></span> <span class='ocrx_word' id='word_1_14' title='bbox 1825 484 2060 555; x_wconf 79' lang='lat' dir='ltr'><strong>calami,</strong></span> <span class='ocrx_word' id='word_1_15' title='bbox 2090 484 2146 552; x_wconf 75' lang='grc' dir='ltr'><strong>Α</strong></span> <span class='ocrx_word' id='word_1_16' title='bbox 2177 484 2289 540; x_wconf 91' lang='lat' dir='ltr'><strong>bus</strong></span> <span class='ocrx_word' id='word_1_17' title='bbox 2320 485 2466 551; x_wconf 90' lang='lat' dir='ltr'><strong>suis,</strong></span> <span class='ocrx_word' id='word_1_18' title='bbox 2501 486 2696 558; x_wconf 77' lang='lat' dir='ltr'><strong>capita</strong></span> <span class='ocrx_word' id='word_1_19' title='bbox 2709 486 3204 556; x_wconf 89' lang='lat' dir='ltr'><strong>columnarum,et</strong></span> <span class='ocrx_word' id='word_1_20' title='bbox 3224 489 3347 543; x_wconf 88' lang='lat' dir='ltr'><strong>tota</strong></span> <span class='ocrx_word' id='word_1_21' title='bbox 3367 484 3560 558; x_wconf 89' lang='lat' dir='ltr'><strong>operis</strong></span> <span class='ocrx_word' id='word_1_22' title='bbox 3581 482 3819 541; x_wconf 68' lang='lat' dir='ltr'><strong>caelatu-</strong></span> 
     </span>
    </p>
   </div>
   <div class='ocr_carea' id='block_1_5' title="bbox 418 575 2060 652">
    <p class='ocr_par' dir='ltr' id='par_1_5' title="bbox 418 575 2060 652">
     <span class='ocr_line' id='line_1_5' title="bbox 418 575 2060 652; baseline -0.002 -19"><span class='ocrx_word' id='word_1_23' title='bbox 418 577 645 652; x_wconf 91' lang='lat' dir='ltr'><strong>scyphi,</strong></span> <span class='ocrx_word' id='word_1_24' title='bbox 677 576 981 650; x_wconf 73' lang='lat' dir='ltr'><strong>sphaerulae</strong></span> <span class='ocrx_word' id='word_1_25' title='bbox 1012 593 1079 631; x_wconf 90' lang='lat' dir='ltr'><strong>ac</strong></span> <span class='ocrx_word' id='word_1_26' title='bbox 1111 575 1236 632; x_wconf 90' lang='lat' dir='ltr'><strong>lilia</strong></span> <span class='ocrx_word' id='word_1_27' title='bbox 1266 576 1699 649; x_wconf 90' lang='lat' dir='ltr'><strong>procedebant:</strong></span> <span class='ocrx_word' id='word_1_28' title='bbox 1725 592 1825 631; x_wconf 71' lang='lat' dir='ltr'><strong>sex</strong></span> <span class='ocrx_word' id='word_1_29' title='bbox 1847 576 1906 630; x_wconf 90' lang='lat' dir='ltr'><strong>in</strong></span> <span class='ocrx_word' id='word_1_30' title='bbox 1930 579 2060 630; x_wconf 91' lang='lat' dir='ltr'><strong>utro</strong></span> 
     </span>
    </p>
   </div>
   <div class='ocr_carea' id='block_1_6' title="bbox 419 662 2060 740">
    <p class='ocr_par' dir='ltr' id='par_1_6' title="bbox 419 662 2060 740">
     <span class='ocr_line' id='line_1_6' title="bbox 419 662 2060 740; baseline -0.003 -17"><span class='ocrx_word' id='word_1_31' title='bbox 419 684 532 740; x_wconf 89' lang='lat' dir='ltr'><strong>quc</strong></span> <span class='ocrx_word' id='word_1_32' title='bbox 562 667 761 734; x_wconf 82' lang='lat' dir='ltr'><strong>latere,</strong></span> <span class='ocrx_word' id='word_1_33' title='bbox 792 671 911 722; x_wconf 88' lang='lat' dir='ltr'><strong>tres</strong></span> <span class='ocrx_word' id='word_1_34' title='bbox 943 664 1153 721; x_wconf 81' lang='lat' dir='ltr'><strong>calami</strong></span> <span class='ocrx_word' id='word_1_35' title='bbox 1186 681 1255 721; x_wconf 86' lang='lat' dir='ltr'><strong>ex</strong></span> <span class='ocrx_word' id='word_1_36' title='bbox 1286 671 1450 738; x_wconf 90' lang='lat' dir='ltr'><strong>parte</strong></span> <span class='ocrx_word' id='word_1_37' title='bbox 1476 683 1614 733; x_wconf 92' lang='lat' dir='ltr'><strong>una,</strong></span> <span class='ocrx_word' id='word_1_38' title='bbox 1647 668 1706 721; x_wconf 93' lang='lat' dir='ltr'><strong>et</strong></span> <span class='ocrx_word' id='word_1_39' title='bbox 1735 669 1855 721; x_wconf 91' lang='lat' dir='ltr'><strong>tres</strong></span> <span class='ocrx_word' id='word_1_40' title='bbox 1885 681 1954 721; x_wconf 86' lang='lat' dir='ltr'><strong>ex</strong></span> <span class='ocrx_word' id='word_1_41' title='bbox 1977 662 2060 719; x_wconf 88' lang='lat' dir='ltr'><strong>al-</strong></span> 
     </span>
    </p>
   </div>
   <div class='ocr_carea' id='block_1_7' title="bbox 417 753 2064 828">
    <p class='ocr_par' dir='ltr' id='par_1_7' title="bbox 417 753 2064 828">
     <span class='ocr_line' id='line_1_7' title="bbox 417 753 2064 828; baseline -0.001 -17"><span class='ocrx_word' id='word_1_42' title='bbox 417 762 588 822; x_wconf 90' lang='lat' dir='ltr'><strong>tera;</strong></span> <span class='ocrx_word' id='word_1_43' title='bbox 642 762 759 811; x_wconf 90' lang='lat' dir='ltr'><strong>tres</strong></span> <span class='ocrx_word' id='word_1_44' title='bbox 811 755 1010 828; x_wconf 81' lang='lat' dir='ltr'><strong>scyphi</strong></span> <span class='ocrx_word' id='word_1_45' title='bbox 1066 755 1127 811; x_wconf 93' lang='lat' dir='ltr'><strong>in</strong></span> <span class='ocrx_word' id='word_1_46' title='bbox 1160 755 1329 812; x_wconf 90' lang='lat' dir='ltr'><strong>nucis</strong></span> <span class='ocrx_word' id='word_1_47' title='bbox 1385 755 1623 811; x_wconf 90' lang='lat' dir='ltr'><strong>modum</strong></span> <span class='ocrx_word' id='word_1_48' title='bbox 1659 771 1762 827; x_wconf 92' lang='lat' dir='ltr'><strong>per</strong></span> <span class='ocrx_word' id='word_1_49' title='bbox 1808 753 2064 810; x_wconf 89' lang='lat' dir='ltr'><strong>calamos</strong></span> 
     </span>
    </p>
   </div>
   <div class='ocr_carea' id='block_1_8' title="bbox 414 839 2057 916">
    <p class='ocr_par' dir='ltr' id='par_1_8' title="bbox 414 839 2057 916">
     <span class='ocr_line' id='line_1_8' title="bbox 414 839 2057 916; baseline -0.002 -18"><span class='ocrx_word' id='word_1_50' title='bbox 414 842 695 913; x_wconf 82' lang='lat' dir='ltr'><strong>singulos,</strong></span> <span class='ocrx_word' id='word_1_51' title='bbox 726 842 1150 916; x_wconf 74' lang='lat' dir='ltr'><strong>sphaerulaeque</strong></span> <span class='ocrx_word' id='word_1_52' title='bbox 1181 842 1360 898; x_wconf 83' lang='lat' dir='ltr'><strong>simul</strong></span> <span class='ocrx_word' id='word_1_53' title='bbox 1384 847 1441 898; x_wconf 88' lang='lat' dir='ltr'><strong>et</strong></span> <span class='ocrx_word' id='word_1_54' title='bbox 1473 843 1594 898; x_wconf 90' lang='lat' dir='ltr'><strong>lilia</strong></span> <span class='ocrx_word' id='word_1_55' title='bbox 1621 848 1679 898; x_wconf 90' lang='lat' dir='ltr'><strong>et</strong></span> <span class='ocrx_word' id='word_1_56' title='bbox 1709 846 1825 898; x_wconf 91' lang='lat' dir='ltr'><strong>tres</strong></span> <span class='ocrx_word' id='word_1_57' title='bbox 1856 839 2057 914; x_wconf 91' lang='lat' dir='ltr'><strong>scyphi</strong></span> 
     </span>
    </p>
   </div>
   <div class='ocr_carea' id='block_1_9' title="bbox 410 928 2060 1004">
    <p class='ocr_par' dir='ltr' id='par_1_9' title="bbox 410 928 2060 1004">
     <span class='ocr_line' id='line_1_9' title="bbox 410 928 2060 1004; baseline -0.001 -18"><span class='ocrx_word' id='word_1_58' title='bbox 410 931 597 987; x_wconf 91' lang='lat' dir='ltr'><strong>instar</strong></span> <span class='ocrx_word' id='word_1_59' title='bbox 629 930 799 988; x_wconf 91' lang='lat' dir='ltr'><strong>nucis</strong></span> <span class='ocrx_word' id='word_1_60' title='bbox 822 931 881 987; x_wconf 94' lang='lat' dir='ltr'><strong>in</strong></span> <span class='ocrx_word' id='word_1_61' title='bbox 912 931 1139 988; x_wconf 81' lang='lat' dir='ltr'><strong>calamo</strong></span> <span class='ocrx_word' id='word_1_62' title='bbox 1172 932 1376 999; x_wconf 89' lang='lat' dir='ltr'><strong>altero,</strong></span> <span class='ocrx_word' id='word_1_63' title='bbox 1426 931 1843 1004; x_wconf 65' lang='lat' dir='ltr'><strong>sphaerulmque</strong></span> <span class='ocrx_word' id='word_1_64' title='bbox 1883 928 2060 985; x_wconf 86' lang='lat' dir='ltr'><strong>simul</strong></span> 
     </span>
    </p>
   </div>
   <div class='ocr_carea' id='block_1_10' title="bbox 412 1019 2059 1095">
    <p class='ocr_par' dir='ltr' id='par_1_10' title="bbox 412 1019 2059 1095">
     <span class='ocr_line' id='line_1_10' title="bbox 412 1019 2059 1095; baseline -0.002 -18"><span class='ocrx_word' id='word_1_65' title='bbox 412 1026 469 1077; x_wconf 87' lang='lat' dir='ltr'><strong>et</strong></span> <span class='ocrx_word' id='word_1_66' title='bbox 520 1019 663 1077; x_wconf 90' lang='lat' dir='ltr'><strong>lilia.</strong></span> <span class='ocrx_word' id='word_1_67' title='bbox 720 1026 975 1093; x_wconf 70' lang='lat' dir='ltr'><strong>Equum</strong></span> <span class='ocrx_word' id='word_1_68' title='bbox 1011 1026 1136 1077; x_wconf 89' lang='lat' dir='ltr'><strong>erat</strong></span> <span class='ocrx_word' id='word_1_69' title='bbox 1183 1038 1332 1095; x_wconf 91' lang='lat' dir='ltr'><strong>opus</strong></span> <span class='ocrx_word' id='word_1_70' title='bbox 1389 1037 1489 1078; x_wconf 82' lang='lat' dir='ltr'><strong>sex</strong></span> <span class='ocrx_word' id='word_1_71' title='bbox 1540 1021 1923 1087; x_wconf 83' lang='lat' dir='ltr'><strong>calamorum,</strong></span> <span class='ocrx_word' id='word_1_72' title='bbox 1958 1019 2059 1091; x_wconf 92' lang='lat' dir='ltr'><strong>qui</strong></span> 
     </span>
    </p>
   </div>
   <div class='ocr_carea' id='block_1_11' title="bbox 413 1110 2059 1184">
    <p class='ocr_par' dir='ltr' id='par_1_11' title="bbox 413 1110 2059 1184">
     <span class='ocr_line' id='line_1_11' title="bbox 413 1110 2059 1184; baseline -0.001 -18"><span class='ocrx_word' id='word_1_73' title='bbox 413 1110 804 1182; x_wconf 80' lang='lat' dir='ltr'><strong>procedebant</strong></span> <span class='ocrx_word' id='word_1_74' title='bbox 835 1111 908 1167; x_wconf 89' lang='lat' dir='ltr'><strong>de</strong></span> <span class='ocrx_word' id='word_1_75' title='bbox 932 1111 1132 1184; x_wconf 83' lang='lat' dir='ltr'><strong>stipite</strong></span> <span class='ocrx_word' id='word_1_76' title='bbox 1178 1110 1535 1168; x_wconf 85' lang='lat' dir='ltr'><strong>candelabri.</strong></span> <span class='ocrx_word' id='word_1_77' title='bbox 1582 1114 1643 1167; x_wconf 89' lang='lat' dir='ltr'><strong>In</strong></span> <span class='ocrx_word' id='word_1_78' title='bbox 1688 1110 1817 1182; x_wconf 92' lang='lat' dir='ltr'><strong>ipso</strong></span> <span class='ocrx_word' id='word_1_79' title='bbox 1861 1113 2059 1166; x_wconf 88' lang='lat' dir='ltr'><strong>autem</strong></span> 
     </span>
    </p>
   </div>
   <div class='ocr_carea' id='block_1_12' title="bbox 414 1198 2062 1273">
    <p class='ocr_par' dir='ltr' id='par_1_12' title="bbox 414 1198 2062 1273">
     <span class='ocr_line' id='line_1_12' title="bbox 414 1198 2062 1273; baseline -0.001 -19"><span class='ocrx_word' id='word_1_80' title='bbox 414 1204 579 1255; x_wconf 90' lang='lat' dir='ltr'><strong>vecte</strong></span> <span class='ocrx_word' id='word_1_81' title='bbox 610 1203 778 1257; x_wconf 87' lang='lat' dir='ltr'><strong>erant</strong></span> <span class='ocrx_word' id='word_1_82' title='bbox 798 1204 1054 1272; x_wconf 84' lang='lat' dir='ltr'><strong>quatuor</strong></span> <span class='ocrx_word' id='word_1_83' title='bbox 1084 1199 1286 1273; x_wconf 83' lang='lat' dir='ltr'><strong>scyphi</strong></span> <span class='ocrx_word' id='word_1_84' title='bbox 1315 1202 1374 1255; x_wconf 90' lang='lat' dir='ltr'><strong>in</strong></span> <span class='ocrx_word' id='word_1_85' title='bbox 1399 1200 1566 1256; x_wconf 90' lang='lat' dir='ltr'><strong>nucis</strong></span> <span class='ocrx_word' id='word_1_86' title='bbox 1592 1199 1854 1268; x_wconf 90' lang='lat' dir='ltr'><strong>modum,</strong></span> <span class='ocrx_word' id='word_1_87' title='bbox 1880 1198 2062 1271; x_wconf 67' lang='lat' dir='ltr'><strong>sphae-</strong></span> 
     </span>
    </p>
   </div>
   <div class='ocr_carea' id='block_1_13' title="bbox 414 1287 2059 1361">
    <p class='ocr_par' dir='ltr' id='par_1_13' title="bbox 414 1287 2059 1361">
     <span class='ocr_line' id='line_1_13' title="bbox 414 1287 2059 1361; baseline 0.001 -18"><span class='ocrx_word' id='word_1_88' title='bbox 414 1288 677 1360; x_wconf 72' lang='lat' dir='ltr'><strong>rulasque</strong></span> <span class='ocrx_word' id='word_1_89' title='bbox 710 1305 813 1361; x_wconf 89' lang='lat' dir='ltr'><strong>per</strong></span> <span class='ocrx_word' id='word_1_90' title='bbox 841 1288 1105 1360; x_wconf 88' lang='lat' dir='ltr'><strong>singulos</strong></span> <span class='ocrx_word' id='word_1_91' title='bbox 1131 1288 1308 1345; x_wconf 87' lang='lat' dir='ltr'><strong>simul</strong></span> <span class='ocrx_word' id='word_1_92' title='bbox 1357 1293 1414 1345; x_wconf 91' lang='lat' dir='ltr'><strong>et</strong></span> <span class='ocrx_word' id='word_1_93' title='bbox 1443 1287 1590 1344; x_wconf 90' lang='lat' dir='ltr'><strong>lilia.</strong></span> <span class='ocrx_word' id='word_1_94' title='bbox 1638 1289 1707 1344; x_wconf 89' lang='lat' dir='ltr'><strong>Et</strong></span> <span class='ocrx_word' id='word_1_95' title='bbox 1753 1287 2059 1360; x_wconf 67' lang='lat' dir='ltr'><strong>sphaarulaa</strong></span> 
     </span>
    </p>
   </div>
   <div class='ocr_carea' id='block_1_14' title="bbox 420 1376 2060 1450">
    <p class='ocr_par' dir='ltr' id='par_1_14' title="bbox 420 1376 2060 1450">
     <span class='ocr_line' id='line_1_14' title="bbox 420 1376 2060 1450; baseline 0 -17"><span class='ocrx_word' id='word_1_96' title='bbox 420 1378 531 1434; x_wconf 90' lang='lat' dir='ltr'><strong>sub</strong></span> <span class='ocrx_word' id='word_1_97' title='bbox 557 1378 793 1434; x_wconf 90' lang='lat' dir='ltr'><strong>duobus</strong></span> <span class='ocrx_word' id='word_1_98' title='bbox 823 1376 1066 1434; x_wconf 88' lang='lat' dir='ltr'><strong>calamis</strong></span> <span class='ocrx_word' id='word_1_99' title='bbox 1098 1395 1199 1449; x_wconf 90' lang='lat' dir='ltr'><strong>per</strong></span> <span class='ocrx_word' id='word_1_100' title='bbox 1229 1378 1356 1434; x_wconf 90' lang='lat' dir='ltr'><strong>loca</strong></span> <span class='ocrx_word' id='word_1_101' title='bbox 1407 1382 1540 1449; x_wconf 77' lang='lat' dir='ltr'><strong>tria,</strong></span> <span class='ocrx_word' id='word_1_102' title='bbox 1574 1378 1674 1450; x_wconf 90' lang='lat' dir='ltr'><strong>qui</strong></span> <span class='ocrx_word' id='word_1_103' title='bbox 1729 1377 1905 1433; x_wconf 87' lang='lat' dir='ltr'><strong>simul</strong></span> <span class='ocrx_word' id='word_1_104' title='bbox 1960 1395 2060 1433; x_wconf 83' lang='lat' dir='ltr'><strong>sex</strong></span> 
     </span>
    </p>
   </div>
   <div class='ocr_carea' id='block_1_15' title="bbox 417 1466 2058 1540">
    <p class='ocr_par' dir='ltr' id='par_1_15' title="bbox 417 1466 2058 1540">
     <span class='ocr_line' id='line_1_15' title="bbox 417 1466 2058 1540; baseline 0 -18"><span class='ocrx_word' id='word_1_105' title='bbox 417 1468 568 1522; x_wconf 83' lang='lat' dir='ltr'><strong>fiunt</strong></span> <span class='ocrx_word' id='word_1_106' title='bbox 597 1466 805 1523; x_wconf 90' lang='lat' dir='ltr'><strong>calami</strong></span> <span class='ocrx_word' id='word_1_107' title='bbox 840 1468 1220 1540; x_wconf 84' lang='lat' dir='ltr'><strong>procedentes</strong></span> <span class='ocrx_word' id='word_1_108' title='bbox 1254 1469 1323 1523; x_wconf 91' lang='lat' dir='ltr'><strong>de</strong></span> <span class='ocrx_word' id='word_1_109' title='bbox 1352 1473 1516 1524; x_wconf 90' lang='lat' dir='ltr'><strong>vecte</strong></span> <span class='ocrx_word' id='word_1_110' title='bbox 1565 1485 1701 1524; x_wconf 89' lang='lat' dir='ltr'><strong>uno.</strong></span> <span class='ocrx_word' id='word_1_111' title='bbox 1753 1472 1821 1522; x_wconf 92' lang='lat' dir='ltr'><strong>Et</strong></span> <span class='ocrx_word' id='word_1_112' title='bbox 1869 1466 2058 1539; x_wconf 69' lang='lat' dir='ltr'><strong>sphae-</strong></span> 
     </span>
    </p>
   </div>
   <div class='ocr_carea' id='block_1_16' title="bbox 420 1556 2107 1631">
    <p class='ocr_par' dir='ltr' id='par_1_16' title="bbox 420 1556 2107 1631">
     <span class='ocr_line' id='line_1_16' title="bbox 420 1556 2107 1631; baseline -0.001 -19"><span class='ocrx_word' id='word_1_113' title='bbox 420 1557 557 1612; x_wconf 79' lang='lat' dir='ltr'><strong>rulae</strong></span> <span class='ocrx_word' id='word_1_114' title='bbox 588 1556 792 1628; x_wconf 81' lang='lat' dir='ltr'><strong>igitur,</strong></span> <span class='ocrx_word' id='word_1_115' title='bbox 815 1562 875 1613; x_wconf 91' lang='lat' dir='ltr'><strong>et</strong></span> <span class='ocrx_word' id='word_1_116' title='bbox 900 1556 1112 1613; x_wconf 86' lang='lat' dir='ltr'><strong>calami</strong></span> <span class='ocrx_word' id='word_1_117' title='bbox 1144 1574 1212 1613; x_wconf 88' lang='lat' dir='ltr'><strong>ex</strong></span> <span class='ocrx_word' id='word_1_118' title='bbox 1243 1560 1371 1630; x_wconf 90' lang='lat' dir='ltr'><strong>ipso</strong></span> <span class='ocrx_word' id='word_1_119' title='bbox 1403 1562 1590 1627; x_wconf 89' lang='lat' dir='ltr'><strong>erant,</strong></span> <span class='ocrx_word' id='word_1_120' title='bbox 1624 1557 1900 1613; x_wconf 88' lang='lat' dir='ltr'><strong>universa</strong></span> <span class='ocrx_word' id='word_1_121' title='bbox 1946 1556 2059 1612; x_wconf 93' lang='lat' dir='ltr'><strong>du-</strong></span> <span class='ocrx_word' id='word_1_122' title='bbox 2106 1628 2107 1631; x_wconf 16' lang='grc' dir='ltr'><strong>η</strong></span> 
     </span>
    </p>
   </div>
   <div class='ocr_carea' id='block_1_17' title="bbox 421 1645 2057 1718">
    <p class='ocr_par' dir='ltr' id='par_1_17' title="bbox 421 1645 2057 1718">
     <span class='ocr_line' id='line_1_17' title="bbox 421 1645 2057 1718; baseline 0 -17"><span class='ocrx_word' id='word_1_123' title='bbox 421 1645 579 1701; x_wconf 91' lang='lat' dir='ltr'><strong>ctilia</strong></span> <span class='ocrx_word' id='word_1_124' title='bbox 605 1662 673 1701; x_wconf 85' lang='lat' dir='ltr'><strong>ex</strong></span> <span class='ocrx_word' id='word_1_125' title='bbox 702 1662 842 1702; x_wconf 85' lang='lat' dir='ltr'><strong>auro</strong></span> <span class='ocrx_word' id='word_1_126' title='bbox 874 1646 1216 1718; x_wconf 91' lang='lat' dir='ltr'><strong>purissimo.</strong></span> <span class='ocrx_word' id='word_1_127' title='bbox 1248 1647 1406 1703; x_wconf 83' lang='lat' dir='ltr'><strong>Fecit</strong></span> <span class='ocrx_word' id='word_1_128' title='bbox 1436 1651 1493 1702; x_wconf 92' lang='lat' dir='ltr'><strong>et</strong></span> <span class='ocrx_word' id='word_1_129' title='bbox 1525 1645 1795 1703; x_wconf 86' lang='lat' dir='ltr'><strong>lucernas</strong></span> <span class='ocrx_word' id='word_1_130' title='bbox 1837 1654 2057 1716; x_wconf 91' lang='lat' dir='ltr'><strong>septem</strong></span> 
     </span>
    </p>
   </div>
   <div class='ocr_carea' id='block_1_18' title="bbox 421 1734 2060 1807">
    <p class='ocr_par' dir='ltr' id='par_1_18' title="bbox 421 1734 2060 1807">
     <span class='ocr_line' id='line_1_18' title="bbox 421 1734 2060 1807; baseline -0.001 -16"><span class='ocrx_word' id='word_1_131' title='bbox 421 1752 554 1791; x_wconf 90' lang='lat' dir='ltr'><strong>cum</strong></span> <span class='ocrx_word' id='word_1_132' title='bbox 587 1734 970 1791; x_wconf 90' lang='lat' dir='ltr'><strong>emunctoriis</strong></span> <span class='ocrx_word' id='word_1_133' title='bbox 1001 1735 1146 1805; x_wconf 88' lang='lat' dir='ltr'><strong>suis,</strong></span> <span class='ocrx_word' id='word_1_134' title='bbox 1179 1740 1236 1792; x_wconf 90' lang='lat' dir='ltr'><strong>et</strong></span> <span class='ocrx_word' id='word_1_135' title='bbox 1264 1753 1423 1805; x_wconf 90' lang='lat' dir='ltr'><strong>vasa,</strong></span> <span class='ocrx_word' id='word_1_136' title='bbox 1474 1736 1572 1791; x_wconf 90' lang='lat' dir='ltr'><strong>ubi</strong></span> <span class='ocrx_word' id='word_1_137' title='bbox 1607 1753 1734 1807; x_wconf 66' lang='lat' dir='ltr'><strong>quas</strong></span> <span class='ocrx_word' id='word_1_138' title='bbox 1783 1739 2060 1791; x_wconf 89' lang='lat' dir='ltr'><strong>emuncta</strong></span> 
     </span>
    </p>
   </div>
   <div class='ocr_carea' id='block_1_19' title="bbox 2172 573 3816 649">
    <p class='ocr_par' dir='ltr' id='par_1_19' title="bbox 2172 573 3816 649">
     <span class='ocr_line' id='line_1_19' title="bbox 2172 573 3816 649; baseline 0.001 -20"><span class='ocrx_word' id='word_1_139' title='bbox 2172 591 2257 642; x_wconf 88' lang='lat' dir='ltr'><strong>ra,</strong></span> <span class='ocrx_word' id='word_1_140' title='bbox 2288 581 2582 648; x_wconf 82' lang='lat' dir='ltr'><strong>argentea.</strong></span> <span class='ocrx_word' id='word_1_141' title='bbox 2628 580 2812 649; x_wconf 58' lang='lat' dir='ltr'><strong>IEque</strong></span> <span class='ocrx_word' id='word_1_142' title='bbox 2860 577 2932 632; x_wconf 90' lang='lat' dir='ltr'><strong>ad</strong></span> <span class='ocrx_word' id='word_1_143' title='bbox 2991 576 3509 649; x_wconf 90' lang='lat' dir='ltr'><strong>septentrionalem</strong></span> <span class='ocrx_word' id='word_1_144' title='bbox 3560 573 3816 647; x_wconf 82' lang='lat' dir='ltr'><strong>plagam,</strong></span> 
     </span>
    </p>
   </div>
   <div class='ocr_carea' id='block_1_20' title="bbox 2170 664 3815 738">
    <p class='ocr_par' dir='ltr' id='par_1_20' title="bbox 2170 664 3815 738">
     <span class='ocr_line' id='line_1_20' title="bbox 2170 664 3815 738; baseline -0.001 -18"><span class='ocrx_word' id='word_1_145' title='bbox 2170 664 2445 734; x_wconf 87' lang='lat' dir='ltr'><strong>tentoria,</strong></span> <span class='ocrx_word' id='word_1_146' title='bbox 2461 665 2767 735; x_wconf 73' lang='lat' dir='ltr'><strong>columnae,</strong></span> <span class='ocrx_word' id='word_1_147' title='bbox 2792 666 3085 738; x_wconf 90' lang='lat' dir='ltr'><strong>basesque</strong></span> <span class='ocrx_word' id='word_1_148' title='bbox 3101 670 3157 721; x_wconf 89' lang='lat' dir='ltr'><strong>et</strong></span> <span class='ocrx_word' id='word_1_149' title='bbox 3174 666 3366 737; x_wconf 90' lang='lat' dir='ltr'><strong>capita</strong></span> <span class='ocrx_word' id='word_1_150' title='bbox 3380 664 3815 733; x_wconf 89' lang='lat' dir='ltr'><strong>columnarum,</strong></span> 
     </span>
    </p>
   </div>
   <div class='ocr_carea' id='block_1_21' title="bbox 2169 753 3814 829">
    <p class='ocr_par' dir='ltr' id='par_1_21' title="bbox 2169 753 3814 829">
     <span class='ocr_line' id='line_1_21' title="bbox 2169 753 3814 829; baseline 0.001 -21"><span class='ocrx_word' id='word_1_151' title='bbox 2169 753 2435 823; x_wconf 83' lang='lat' dir='ltr'><strong>ejusdem</strong></span> <span class='ocrx_word' id='word_1_152' title='bbox 2462 771 2773 817; x_wconf 68' lang='lat' dir='ltr'><strong>mensurae.</strong></span> <span class='ocrx_word' id='word_1_153' title='bbox 2808 760 2863 811; x_wconf 91' lang='lat' dir='ltr'><strong>et</strong></span> <span class='ocrx_word' id='word_1_154' title='bbox 2894 754 3106 829; x_wconf 90' lang='lat' dir='ltr'><strong>operis,</strong></span> <span class='ocrx_word' id='word_1_155' title='bbox 3141 754 3445 811; x_wconf 89' lang='lat' dir='ltr'><strong>acmetalli</strong></span> <span class='ocrx_word' id='word_1_156' title='bbox 3470 755 3814 809; x_wconf 86' lang='lat' dir='ltr'><strong>erant.lnea</strong></span> 
     </span>
    </p>
   </div>
   <div class='ocr_carea' id='block_1_22' title="bbox 2169 842 3819 916">
    <p class='ocr_par' dir='ltr' id='par_1_22' title="bbox 2169 842 3819 916">
     <span class='ocr_line' id='line_1_22' title="bbox 2169 842 3819 916; baseline 0 -19"><span class='ocrx_word' id='word_1_157' title='bbox 2169 857 2302 898; x_wconf 89' lang='lat' dir='ltr'><strong>vero</strong></span> <span class='ocrx_word' id='word_1_158' title='bbox 2338 842 2530 916; x_wconf 82' lang='lat' dir='ltr'><strong>plaga,</strong></span> <span class='ocrx_word' id='word_1_159' title='bbox 2554 860 2677 915; x_wconf 68' lang='lat' dir='ltr'><strong>quae</strong></span> <span class='ocrx_word' id='word_1_160' title='bbox 2700 844 3072 899; x_wconf 85' lang='lat' dir='ltr'><strong>Occidentem</strong></span> <span class='ocrx_word' id='word_1_161' title='bbox 3100 842 3356 916; x_wconf 88' lang='lat' dir='ltr'><strong>respicit,</strong></span> <span class='ocrx_word' id='word_1_162' title='bbox 3382 842 3543 897; x_wconf 81' lang='lat' dir='ltr'><strong>fuere</strong></span> <span class='ocrx_word' id='word_1_163' title='bbox 3567 842 3819 897; x_wconf 87' lang='lat' dir='ltr'><strong>tentoria</strong></span> 
     </span>
    </p>
   </div>
   <div class='ocr_carea' id='block_1_23' title="bbox 2170 931 3818 1006">
    <p class='ocr_par' dir='ltr' id='par_1_23' title="bbox 2170 931 3818 1006">
     <span class='ocr_line' id='line_1_23' title="bbox 2170 931 3818 1006; baseline -0.002 -17"><span class='ocrx_word' id='word_1_164' title='bbox 2170 932 2502 989; x_wconf 88' lang='lat' dir='ltr'><strong>cubitorum</strong></span> <span class='ocrx_word' id='word_1_165' title='bbox 2532 932 2983 1006; x_wconf 88' lang='lat' dir='ltr'><strong>quinquaginta,</strong></span> <span class='ocrx_word' id='word_1_166' title='bbox 3011 932 3297 988; x_wconf 65' lang='lat' dir='ltr'><strong>columnas</strong></span> <span class='ocrx_word' id='word_1_167' title='bbox 3326 932 3525 987; x_wconf 86' lang='lat' dir='ltr'><strong>decem</strong></span> <span class='ocrx_word' id='word_1_168' title='bbox 3553 945 3688 989; x_wconf 88' lang='lat' dir='ltr'><strong>cum</strong></span> <span class='ocrx_word' id='word_1_169' title='bbox 3710 931 3818 987; x_wconf 87' lang='lat' dir='ltr'><strong>ba-</strong></span> 
     </span>
    </p>
   </div>
   <div class='ocr_carea' id='block_1_24' title="bbox 2171 1020 3816 1095">
    <p class='ocr_par' dir='ltr' id='par_1_24' title="bbox 2171 1020 3816 1095">
     <span class='ocr_line' id='line_1_24' title="bbox 2171 1020 3816 1095; baseline -0.002 -17"><span class='ocrx_word' id='word_1_170' title='bbox 2171 1022 2338 1078; x_wconf 86' lang='lat' dir='ltr'><strong>sibus</strong></span> <span class='ocrx_word' id='word_1_171' title='bbox 2367 1022 2492 1079; x_wconf 91' lang='lat' dir='ltr'><strong>suis</strong></span> <span class='ocrx_word' id='word_1_172' title='bbox 2514 1039 2706 1093; x_wconf 62' lang='grc' dir='ltr'><strong>ωοθω,</strong></span> <span class='ocrx_word' id='word_1_173' title='bbox 2748 1026 2805 1078; x_wconf 90' lang='lat' dir='ltr'><strong>et</strong></span> <span class='ocrx_word' id='word_1_174' title='bbox 2860 1022 3055 1095; x_wconf 86' lang='lat' dir='ltr'><strong>capita</strong></span> <span class='ocrx_word' id='word_1_175' title='bbox 3101 1020 3537 1085; x_wconf 89' lang='lat' dir='ltr'><strong>columnarum,</strong></span> <span class='ocrx_word' id='word_1_176' title='bbox 3588 1024 3646 1075; x_wconf 92' lang='lat' dir='ltr'><strong>et</strong></span> <span class='ocrx_word' id='word_1_177' title='bbox 3691 1023 3816 1075; x_wconf 86' lang='lat' dir='ltr'><strong>tota</strong></span> 
     </span>
    </p>
   </div>
   <div class='ocr_carea' id='block_1_25' title="bbox 2168 1109 3810 1184">
    <p class='ocr_par' dir='ltr' id='par_1_25' title="bbox 2168 1109 3810 1184">
     <span class='ocr_line' id='line_1_25' title="bbox 2168 1109 3810 1184; baseline -0.001 -17"><span class='ocrx_word' id='word_1_178' title='bbox 2168 1110 2361 1184; x_wconf 92' lang='lat' dir='ltr'><strong>operis</strong></span> <span class='ocrx_word' id='word_1_179' title='bbox 2391 1110 2968 1183; x_wconf 67' lang='lat' dir='ltr'><strong>caelatura,argentea</strong></span> <span class='ocrx_word' id='word_1_180' title='bbox 2998 1114 3040 1167; x_wconf 77' lang='grc' dir='ltr'><strong>ί.</strong></span> <span class='ocrx_word' id='word_1_181' title='bbox 3066 1110 3241 1167; x_wconf 91' lang='lat' dir='ltr'><strong>Porro</strong></span> <span class='ocrx_word' id='word_1_182' title='bbox 3262 1113 3467 1166; x_wconf 89' lang='lat' dir='ltr'><strong>contra</strong></span> <span class='ocrx_word' id='word_1_183' title='bbox 3487 1109 3810 1176; x_wconf 89' lang='lat' dir='ltr'><strong>Orientem,</strong></span> 
     </span>
    </p>
   </div>
   <div class='ocr_carea' id='block_1_26' title="bbox 2170 1197 3815 1273">
    <p class='ocr_par' dir='ltr' id='par_1_26' title="bbox 2170 1197 3815 1273">
     <span class='ocr_line' id='line_1_26' title="bbox 2170 1197 3815 1273; baseline 0 -18"><span class='ocrx_word' id='word_1_184' title='bbox 2170 1199 2603 1273; x_wconf 88' lang='lat' dir='ltr'><strong>quinquaginta</strong></span> <span class='ocrx_word' id='word_1_185' title='bbox 2631 1200 2963 1256; x_wconf 90' lang='lat' dir='ltr'><strong>cubitorum</strong></span> <span class='ocrx_word' id='word_1_186' title='bbox 2997 1198 3223 1273; x_wconf 87' lang='lat' dir='ltr'><strong>paravit</strong></span> <span class='ocrx_word' id='word_1_187' title='bbox 3242 1198 3516 1270; x_wconf 88' lang='lat' dir='ltr'><strong>tentoria,</strong></span> <span class='ocrx_word' id='word_1_188' title='bbox 3538 1214 3570 1254; x_wconf 92' lang='lat' dir='ltr'><strong>e</strong></span> <span class='ocrx_word' id='word_1_189' title='bbox 3594 1197 3815 1270; x_wconf 83' lang='lat' dir='ltr'><strong>quibus</strong></span> 
     </span>
    </p>
   </div>
   <div class='ocr_carea' id='block_1_27' title="bbox 2169 1288 3817 1361">
    <p class='ocr_par' dir='ltr' id='par_1_27' title="bbox 2169 1288 3817 1361">
     <span class='ocr_line' id='line_1_27' title="bbox 2169 1288 3817 1361; baseline -0.001 -16"><span class='ocrx_word' id='word_1_190' title='bbox 2169 1289 2505 1361; x_wconf 87' lang='lat' dir='ltr'><strong>quindecim</strong></span> <span class='ocrx_word' id='word_1_191' title='bbox 2528 1290 2759 1346; x_wconf 87' lang='lat' dir='ltr'><strong>cubitus</strong></span> <span class='ocrx_word' id='word_1_192' title='bbox 2778 1288 3188 1346; x_wconf 89' lang='lat' dir='ltr'><strong>columnarum</strong></span> <span class='ocrx_word' id='word_1_193' title='bbox 3209 1289 3389 1344; x_wconf 88' lang='lat' dir='ltr'><strong>trium</strong></span> <span class='ocrx_word' id='word_1_194' title='bbox 3413 1304 3547 1343; x_wconf 90' lang='lat' dir='ltr'><strong>cum</strong></span> <span class='ocrx_word' id='word_1_195' title='bbox 3571 1288 3817 1344; x_wconf 87' lang='lat' dir='ltr'><strong>basibus</strong></span> 
     </span>
    </p>
   </div>
   <div class='ocr_carea' id='block_1_28' title="bbox 2169 1375 3814 1449">
    <p class='ocr_par' dir='ltr' id='par_1_28' title="bbox 2169 1375 3814 1449">
     <span class='ocr_line' id='line_1_28' title="bbox 2169 1375 3814 1449; baseline -0.002 -14"><span class='ocrx_word' id='word_1_196' title='bbox 2169 1379 2316 1445; x_wconf 85' lang='lat' dir='ltr'><strong>suis,</strong></span> <span class='ocrx_word' id='word_1_197' title='bbox 2346 1395 2522 1434; x_wconf 88' lang='lat' dir='ltr'><strong>unum</strong></span> <span class='ocrx_word' id='word_1_198' title='bbox 2554 1379 2789 1435; x_wconf 89' lang='lat' dir='ltr'><strong>tenebat</strong></span> <span class='ocrx_word' id='word_1_199' title='bbox 2818 1378 2997 1445; x_wconf 88' lang='lat' dir='ltr'><strong>latus,</strong></span> <span class='ocrx_word' id='word_1_200' title='bbox 3028 1382 3087 1433; x_wconf 93' lang='lat' dir='ltr'><strong>et</strong></span> <span class='ocrx_word' id='word_1_201' title='bbox 3115 1378 3175 1432; x_wconf 92' lang='lat' dir='ltr'><strong>in</strong></span> <span class='ocrx_word' id='word_1_202' title='bbox 3223 1381 3390 1449; x_wconf 87' lang='lat' dir='ltr'><strong>parte</strong></span> <span class='ocrx_word' id='word_1_203' title='bbox 3440 1375 3624 1433; x_wconf 90' lang='lat' dir='ltr'><strong>altera</strong></span> <span class='ocrx_word' id='word_1_204' title='bbox 3670 1376 3814 1449; x_wconf 87' lang='lat' dir='ltr'><strong>quia</strong></span> 
     </span>
    </p>
   </div>
   <div class='ocr_carea' id='block_1_29' title="bbox 2172 1465 3809 1539">
    <p class='ocr_par' dir='ltr' id='par_1_29' title="bbox 2172 1465 3809 1539">
     <span class='ocr_line' id='line_1_29' title="bbox 2172 1465 3809 1539; baseline -0.001 -16"><span class='ocrx_word' id='word_1_205' title='bbox 2172 1472 2418 1539; x_wconf 91' lang='lat' dir='ltr'><strong>utraque</strong></span> <span class='ocrx_word' id='word_1_206' title='bbox 2464 1467 2772 1524; x_wconf 85' lang='lat' dir='ltr'><strong>introitum</strong></span> <span class='ocrx_word' id='word_1_207' title='bbox 2822 1465 3189 1523; x_wconf 85' lang='lat' dir='ltr'><strong>tabernaculi</strong></span> <span class='ocrx_word' id='word_1_208' title='bbox 3217 1466 3358 1521; x_wconf 87' lang='lat' dir='ltr'><strong>facit</strong></span> <span class='ocrx_word' id='word_1_209' title='bbox 3394 1466 3438 1535; x_wconf 74' lang='lat'><strong><em>’)</em></strong></span> <span class='ocrx_word' id='word_1_210' title='bbox 3469 1465 3809 1537; x_wconf 83' lang='lat' dir='ltr'><strong>quindecim</strong></span> 
     </span>
    </p>
   </div>
   <div class='ocr_carea' id='block_1_30' title="bbox 2168 1555 3815 1630">
    <p class='ocr_par' dir='ltr' id='par_1_30' title="bbox 2168 1555 3815 1630">
     <span class='ocr_line' id='line_1_30' title="bbox 2168 1555 3815 1630; baseline -0.001 -18"><span class='ocrx_word' id='word_1_211' title='bbox 2168 1573 2333 1630; x_wconf 67' lang='lat' dir='ltr'><strong>aeque</strong></span> <span class='ocrx_word' id='word_1_212' title='bbox 2360 1558 2694 1614; x_wconf 88' lang='lat' dir='ltr'><strong>cubitorum</strong></span> <span class='ocrx_word' id='word_1_213' title='bbox 2717 1561 2886 1613; x_wconf 90' lang='lat' dir='ltr'><strong>erant</strong></span> <span class='ocrx_word' id='word_1_214' title='bbox 2914 1556 3192 1621; x_wconf 89' lang='lat' dir='ltr'><strong>tentoria,</strong></span> <span class='ocrx_word' id='word_1_215' title='bbox 3225 1555 3511 1611; x_wconf 75' lang='lat' dir='ltr'><strong>columnaa</strong></span> <span class='ocrx_word' id='word_1_216' title='bbox 3561 1558 3704 1621; x_wconf 88' lang='lat' dir='ltr'><strong>tres,</strong></span> <span class='ocrx_word' id='word_1_217' title='bbox 3753 1558 3815 1610; x_wconf 89' lang='lat' dir='ltr'><strong>et</strong></span> 
     </span>
    </p>
   </div>
   <div class='ocr_carea' id='block_1_31' title="bbox 2169 1645 3817 1718">
    <p class='ocr_par' dir='ltr' id='par_1_31' title="bbox 2169 1645 3817 1718">
     <span class='ocr_line' id='line_1_31' title="bbox 2169 1645 3817 1718; baseline -0.004 -12"><span class='ocrx_word' id='word_1_218' title='bbox 2169 1651 2339 1706; x_wconf 87' lang='lat' dir='ltr'><strong>bases</strong></span> <span class='ocrx_word' id='word_1_219' title='bbox 2370 1649 2636 1706; x_wconf 89' lang='lat' dir='ltr'><strong>totidem.</strong></span> <span class='ocrx_word' id='word_1_220' title='bbox 2666 1652 2887 1706; x_wconf 87' lang='lat' dir='ltr'><strong>Cuncta</strong></span> <span class='ocrx_word' id='word_1_221' title='bbox 2917 1648 3049 1703; x_wconf 90' lang='lat' dir='ltr'><strong>atrii</strong></span> <span class='ocrx_word' id='word_1_222' title='bbox 3080 1645 3331 1703; x_wconf 89' lang='lat' dir='ltr'><strong>tentoria</strong></span> <span class='ocrx_word' id='word_1_223' title='bbox 3363 1646 3576 1718; x_wconf 85' lang='lat' dir='ltr'><strong>byssus</strong></span> <span class='ocrx_word' id='word_1_224' title='bbox 3596 1648 3817 1700; x_wconf 86' lang='lat' dir='ltr'><strong>retorta</strong></span> 
     </span>
    </p>
   </div>
   <div class='ocr_carea' id='block_1_32' title="bbox 2170 1733 3815 1805">
    <p class='ocr_par' dir='ltr' id='par_1_32' title="bbox 2170 1733 3815 1805">
     <span class='ocr_line' id='line_1_32' title="bbox 2170 1733 3815 1805; baseline -0.003 -11"><span class='ocrx_word' id='word_1_225' title='bbox 2170 1743 2451 1796; x_wconf 85' lang='lat' dir='ltr'><strong>texuerat.</strong></span> <span class='ocrx_word' id='word_1_226' title='bbox 2485 1739 2655 1794; x_wconf 87' lang='lat' dir='ltr'><strong>Bases</strong></span> <span class='ocrx_word' id='word_1_227' title='bbox 2703 1737 3115 1793; x_wconf 89' lang='lat' dir='ltr'><strong>columnarum</strong></span> <span class='ocrx_word' id='word_1_228' title='bbox 3166 1736 3326 1791; x_wconf 86' lang='lat' dir='ltr'><strong>fuere</strong></span> <span class='ocrx_word' id='word_1_229' title='bbox 3374 1750 3566 1799; x_wconf 63' lang='lat' dir='ltr'><strong>aeneae,</strong></span> <span class='ocrx_word' id='word_1_230' title='bbox 3615 1733 3815 1805; x_wconf 83' lang='lat' dir='ltr'><strong>capita</strong></span> 
     </span>
    </p>
   </div>
   <div class='ocr_carea' id='block_1_33' title="bbox 415 1822 3813 1907">
    <p class='ocr_par' dir='ltr' id='par_1_33' title="bbox 415 1822 3813 1907">
     <span class='ocr_line' id='line_1_33' title="bbox 415 1822 3813 1907; baseline -0.001 -27"><span class='ocrx_word' id='word_1_231' title='bbox 415 1828 557 1880; x_wconf 90' lang='lat' dir='ltr'><strong>sunt</strong></span> <span class='ocrx_word' id='word_1_232' title='bbox 583 1824 1053 1896; x_wconf 88' lang='lat' dir='ltr'><strong>exstinguantur,</strong></span> <span class='ocrx_word' id='word_1_233' title='bbox 1087 1826 1157 1881; x_wconf 88' lang='lat' dir='ltr'><strong>de</strong></span> <span class='ocrx_word' id='word_1_234' title='bbox 1197 1842 1341 1881; x_wconf 91' lang='lat' dir='ltr'><strong>auro</strong></span> <span class='ocrx_word' id='word_1_235' title='bbox 1390 1825 1821 1882; x_wconf 90' lang='lat' dir='ltr'><strong>mundissimo:</strong></span> <span class='ocrx_word' id='word_1_236' title='bbox 1870 1824 2055 1881; x_wconf 86' lang='lat' dir='ltr'><strong>talen-</strong></span> <span class='ocrx_word' id='word_1_237' title='bbox 2090 1842 2138 1907; x_wconf 75' lang='grc' dir='ltr'><strong>Β</strong></span> <span class='ocrx_word' id='word_1_238' title='bbox 2170 1833 2366 1885; x_wconf 91' lang='lat' dir='ltr'><strong>autem</strong></span> <span class='ocrx_word' id='word_1_239' title='bbox 2397 1844 2598 1884; x_wconf 89' lang='lat' dir='ltr'><strong>earum</strong></span> <span class='ocrx_word' id='word_1_240' title='bbox 2631 1842 2763 1881; x_wconf 91' lang='lat' dir='ltr'><strong>cum</strong></span> <span class='ocrx_word' id='word_1_241' title='bbox 2815 1824 2999 1900; x_wconf 66' lang='grc' dir='ltr'><strong>[ναις.</strong></span> <span class='ocrx_word' id='word_1_242' title='bbox 3031 1824 3159 1881; x_wconf 88' lang='lat' dir='ltr'><strong>add.</strong></span> <span class='ocrx_word' id='word_1_243' title='bbox 3212 1822 3461 1893; x_wconf 89' lang='lat' dir='ltr'><strong>cunctis]</strong></span> <span class='ocrx_word' id='word_1_244' title='bbox 3515 1822 3813 1879; x_wconf 65' lang='lat' dir='ltr'><strong>caelaturis</strong></span> 
     </span>
    </p>
   </div>
   <div class='ocr_carea' id='block_1_34' title="bbox 415 1913 2054 1986">
    <p class='ocr_par' dir='ltr' id='par_1_34' title="bbox 415 1913 2054 1986">
     <span class='ocr_line' id='line_1_34' title="bbox 415 1913 2054 1986; baseline 0.002 -18"><span class='ocrx_word' id='word_1_245' title='bbox 415 1918 541 1970; x_wconf 90' lang='lat' dir='ltr'><strong>tum</strong></span> <span class='ocrx_word' id='word_1_246' title='bbox 570 1913 703 1969; x_wconf 88' lang='lat' dir='ltr'><strong>auri</strong></span> <span class='ocrx_word' id='word_1_247' title='bbox 735 1915 1105 1986; x_wconf 90' lang='lat' dir='ltr'><strong>appendebat</strong></span> <span class='ocrx_word' id='word_1_248' title='bbox 1134 1914 1553 1971; x_wconf 89' lang='lat' dir='ltr'><strong>candelabrum</strong></span> <span class='ocrx_word' id='word_1_249' title='bbox 1594 1931 1727 1970; x_wconf 92' lang='lat' dir='ltr'><strong>cum</strong></span> <span class='ocrx_word' id='word_1_250' title='bbox 1774 1915 2054 1972; x_wconf 91' lang='lat' dir='ltr'><strong>omnibus</strong></span> 
     </span>
    </p>
   </div>
   <div class='ocr_carea' id='block_1_35' title="bbox 411 2002 2053 2076">
    <p class='ocr_par' dir='ltr' id='par_1_35' title="bbox 411 2002 2053 2076">
     <span class='ocr_line' id='line_1_35' title="bbox 411 2002 2053 2076; baseline 0.001 -18"><span class='ocrx_word' id='word_1_251' title='bbox 411 2003 569 2058; x_wconf 87' lang='lat' dir='ltr'><strong>vasis</strong></span> <span class='ocrx_word' id='word_1_252' title='bbox 601 2002 742 2058; x_wconf 90' lang='lat' dir='ltr'><strong>suis.</strong></span> <span class='ocrx_word' id='word_1_253' title='bbox 762 2003 985 2061; x_wconf 83' lang='lat' dir='ltr'><strong>Fecitet</strong></span> <span class='ocrx_word' id='word_1_254' title='bbox 1005 2003 1190 2059; x_wconf 87' lang='lat' dir='ltr'><strong>altare</strong></span> <span class='ocrx_word' id='word_1_255' title='bbox 1212 2002 1615 2076; x_wconf 88' lang='lat' dir='ltr'><strong>thymiamatis</strong></span> <span class='ocrx_word' id='word_1_256' title='bbox 1634 2005 1704 2060; x_wconf 93' lang='lat' dir='ltr'><strong>de</strong></span> <span class='ocrx_word' id='word_1_257' title='bbox 1728 2004 1901 2071; x_wconf 79' lang='lat' dir='ltr'><strong>lignis</strong></span> <span class='ocrx_word' id='word_1_258' title='bbox 1933 2008 2053 2061; x_wconf 86' lang='lat' dir='ltr'><strong>set-</strong></span> 
     </span>
    </p>
   </div>
   <div class='ocr_carea' id='block_1_36' title="bbox 413 2092 2055 2165">
    <p class='ocr_par' dir='ltr' id='par_1_36' title="bbox 413 2092 2055 2165">
     <span class='ocr_line' id='line_1_36' title="bbox 413 2092 2055 2165; baseline 0.001 -18"><span class='ocrx_word' id='word_1_259' title='bbox 413 2092 540 2159; x_wconf 90' lang='lat' dir='ltr'><strong>tim,</strong></span> <span class='ocrx_word' id='word_1_260' title='bbox 574 2092 800 2147; x_wconf 88' lang='lat' dir='ltr'><strong>habens</strong></span> <span class='ocrx_word' id='word_1_261' title='bbox 832 2108 935 2163; x_wconf 91' lang='lat' dir='ltr'><strong>per</strong></span> <span class='ocrx_word' id='word_1_262' title='bbox 966 2093 1251 2164; x_wconf 90' lang='lat' dir='ltr'><strong>quadram</strong></span> <span class='ocrx_word' id='word_1_263' title='bbox 1298 2093 1567 2165; x_wconf 90' lang='lat' dir='ltr'><strong>singulos</strong></span> <span class='ocrx_word' id='word_1_264' title='bbox 1616 2094 1868 2163; x_wconf 79' lang='lat' dir='ltr'><strong>cubitos,</strong></span> <span class='ocrx_word' id='word_1_265' title='bbox 1910 2097 1967 2149; x_wconf 90' lang='lat' dir='ltr'><strong>et</strong></span> <span class='ocrx_word' id='word_1_266' title='bbox 1996 2094 2055 2149; x_wconf 92' lang='lat' dir='ltr'><strong>in</strong></span> 
     </span>
    </p>
   </div>
   <div class='ocr_carea' id='block_1_37' title="bbox 413 2180 2058 2254">
    <p class='ocr_par' dir='ltr' id='par_1_37' title="bbox 413 2180 2058 2254">
     <span class='ocr_line' id='line_1_37' title="bbox 413 2180 2058 2254; baseline 0.001 -18"><span class='ocrx_word' id='word_1_267' title='bbox 413 2180 725 2236; x_wconf 87' lang='lat' dir='ltr'><strong>altitudine</strong></span> <span class='ocrx_word' id='word_1_268' title='bbox 756 2181 933 2252; x_wconf 65' lang='grc' dir='ltr'><strong>[ναις.</strong></span> <span class='ocrx_word' id='word_1_269' title='bbox 968 2180 1305 2254; x_wconf 90' lang='lat' dir='ltr'><strong>latitudine]</strong></span> <span class='ocrx_word' id='word_1_270' title='bbox 1339 2183 1525 2238; x_wconf 92' lang='lat' dir='ltr'><strong>duos:</strong></span> <span class='ocrx_word' id='word_1_271' title='bbox 1569 2198 1599 2238; x_wconf 90' lang='lat' dir='ltr'><strong>e</strong></span> <span class='ocrx_word' id='word_1_272' title='bbox 1631 2183 1801 2253; x_wconf 88' lang='lat' dir='ltr'><strong>cujus</strong></span> <span class='ocrx_word' id='word_1_273' title='bbox 1823 2182 2058 2254; x_wconf 89' lang='lat' dir='ltr'><strong>angulis</strong></span> 
     </span>
    </p>
   </div>
   <div class='ocr_carea' id='block_1_38' title="bbox 414 2269 2056 2344">
    <p class='ocr_par' dir='ltr' id='par_1_38' title="bbox 414 2269 2056 2344">
     <span class='ocr_line' id='line_1_38' title="bbox 414 2269 2056 2344; baseline 0.001 -21"><span class='ocrx_word' id='word_1_274' title='bbox 414 2269 808 2341; x_wconf 90' lang='lat' dir='ltr'><strong>procedebant</strong></span> <span class='ocrx_word' id='word_1_275' title='bbox 836 2285 1075 2325; x_wconf 89' lang='lat' dir='ltr'><strong>cornua.</strong></span> <span class='ocrx_word' id='word_1_276' title='bbox 1098 2269 1458 2343; x_wconf 85' lang='lat' dir='ltr'><strong>Vestivitque</strong></span> <span class='ocrx_word' id='word_1_277' title='bbox 1478 2269 1621 2327; x_wconf 89' lang='lat' dir='ltr'><strong>illud</strong></span> <span class='ocrx_word' id='word_1_278' title='bbox 1645 2288 1785 2327; x_wconf 90' lang='lat' dir='ltr'><strong>auro</strong></span> <span class='ocrx_word' id='word_1_279' title='bbox 1808 2271 2056 2344; x_wconf 85' lang='lat' dir='ltr'><strong>purissi-</strong></span> 
     </span>
    </p>
   </div>
   <div class='ocr_carea' id='block_1_39' title="bbox 415 2357 2057 2432">
    <p class='ocr_par' dir='ltr' id='par_1_39' title="bbox 415 2357 2057 2432">
     <span class='ocr_line' id='line_1_39' title="bbox 415 2357 2057 2432; baseline 0.003 -20"><span class='ocrx_word' id='word_1_280' title='bbox 415 2372 531 2425; x_wconf 93' lang='lat' dir='ltr'><strong>mo,</strong></span> <span class='ocrx_word' id='word_1_281' title='bbox 564 2374 699 2413; x_wconf 92' lang='lat' dir='ltr'><strong>cum</strong></span> <span class='ocrx_word' id='word_1_282' title='bbox 730 2357 1011 2414; x_wconf 89' lang='lat' dir='ltr'><strong>craticula</strong></span> <span class='ocrx_word' id='word_1_283' title='bbox 1043 2374 1109 2414; x_wconf 90' lang='lat' dir='ltr'><strong>ac</strong></span> <span class='ocrx_word' id='word_1_284' title='bbox 1140 2360 1462 2432; x_wconf 87' lang='lat' dir='ltr'><strong>parietibus</strong></span> <span class='ocrx_word' id='word_1_285' title='bbox 1492 2364 1548 2417; x_wconf 90' lang='lat' dir='ltr'><strong>et</strong></span> <span class='ocrx_word' id='word_1_286' title='bbox 1564 2360 2057 2417; x_wconf 88' lang='lat' dir='ltr'><strong>cornibus.Fecit-</strong></span> 
     </span>
    </p>
   </div>
   <div class='ocr_carea' id='block_1_40' title="bbox 412 2446 2058 2522">
    <p class='ocr_par' dir='ltr' id='par_1_40' title="bbox 412 2446 2058 2522">
     <span class='ocr_line' id='line_1_40' title="bbox 412 2446 2058 2522; baseline 0.003 -21"><span class='ocrx_word' id='word_1_287' title='bbox 412 2462 544 2517; x_wconf 86' lang='lat' dir='ltr'><strong>que</strong></span> <span class='ocrx_word' id='word_1_288' title='bbox 597 2446 647 2502; x_wconf 88' lang='lat' dir='ltr'><strong>ei</strong></span> <span class='ocrx_word' id='word_1_289' title='bbox 697 2462 972 2503; x_wconf 90' lang='lat' dir='ltr'><strong>coronam</strong></span> <span class='ocrx_word' id='word_1_290' title='bbox 1025 2448 1324 2505; x_wconf 87' lang='lat' dir='ltr'><strong>aureolam</strong></span> <span class='ocrx_word' id='word_1_291' title='bbox 1376 2466 1479 2522; x_wconf 81' lang='lat' dir='ltr'><strong>per</strong></span> <span class='ocrx_word' id='word_1_292' title='bbox 1535 2465 1764 2522; x_wconf 80' lang='lat' dir='ltr'><strong>gyrum,</strong></span> <span class='ocrx_word' id='word_1_293' title='bbox 1795 2453 1852 2505; x_wconf 90' lang='lat' dir='ltr'><strong>et</strong></span> <span class='ocrx_word' id='word_1_294' title='bbox 1908 2450 2058 2506; x_wconf 91' lang='lat' dir='ltr'><strong>duos</strong></span> 
     </span>
    </p>
   </div>
   <div class='ocr_carea' id='block_1_41' title="bbox 426 2535 2061 2611">
    <p class='ocr_par' dir='ltr' id='par_1_41' title="bbox 426 2535 2061 2611">
     <span class='ocr_line' id='line_1_41' title="bbox 426 2535 2061 2611; baseline 0.002 -20"><span class='ocrx_word' id='word_1_295' title='bbox 426 2535 680 2591; x_wconf 85' lang='lat' dir='ltr'><strong>annulos</strong></span> <span class='ocrx_word' id='word_1_296' title='bbox 712 2552 921 2593; x_wconf 87' lang='lat' dir='ltr'><strong>aureos</strong></span> <span class='ocrx_word' id='word_1_297' title='bbox 945 2538 1055 2592; x_wconf 90' lang='lat' dir='ltr'><strong>sub</strong></span> <span class='ocrx_word' id='word_1_298' title='bbox 1098 2555 1311 2595; x_wconf 90' lang='lat' dir='ltr'><strong>corona</strong></span> <span class='ocrx_word' id='word_1_299' title='bbox 1343 2556 1444 2611; x_wconf 91' lang='lat' dir='ltr'><strong>per</strong></span> <span class='ocrx_word' id='word_1_300' title='bbox 1470 2538 1702 2611; x_wconf 90' lang='lat' dir='ltr'><strong>singula</strong></span> <span class='ocrx_word' id='word_1_301' title='bbox 1730 2538 1951 2609; x_wconf 87' lang='lat' dir='ltr'><strong>latera,</strong></span> <span class='ocrx_word' id='word_1_302' title='bbox 1996 2543 2061 2594; x_wconf 94' lang='lat' dir='ltr'><strong>ut</strong></span> 
     </span>
    </p>
   </div>
   <div class='ocr_carea' id='block_1_42' title="bbox 418 2624 2055 2700">
    <p class='ocr_par' dir='ltr' id='par_1_42' title="bbox 418 2624 2055 2700">
     <span class='ocr_line' id='line_1_42' title="bbox 418 2624 2055 2700; baseline 0.003 -22"><span class='ocrx_word' id='word_1_303' title='bbox 418 2624 730 2680; x_wconf 90' lang='lat' dir='ltr'><strong>mittantur</strong></span> <span class='ocrx_word' id='word_1_304' title='bbox 761 2625 821 2679; x_wconf 92' lang='lat' dir='ltr'><strong>in</strong></span> <span class='ocrx_word' id='word_1_305' title='bbox 853 2640 953 2681; x_wconf 89' lang='lat' dir='ltr'><strong>eos</strong></span> <span class='ocrx_word' id='word_1_306' title='bbox 984 2630 1196 2692; x_wconf 89' lang='lat' dir='ltr'><strong>vectes,</strong></span> <span class='ocrx_word' id='word_1_307' title='bbox 1248 2631 1306 2682; x_wconf 89' lang='lat' dir='ltr'><strong>et</strong></span> <span class='ocrx_word' id='word_1_308' title='bbox 1354 2626 1541 2700; x_wconf 89' lang='lat' dir='ltr'><strong>possit</strong></span> <span class='ocrx_word' id='word_1_309' title='bbox 1586 2627 1767 2684; x_wconf 89' lang='lat' dir='ltr'><strong>altare</strong></span> <span class='ocrx_word' id='word_1_310' title='bbox 1814 2629 2055 2700; x_wconf 89' lang='lat' dir='ltr'><strong>portari.</strong></span> 
     </span>
    </p>
   </div>
   <div class='ocr_carea' id='block_1_43' title="bbox 412 2714 2060 2790">
    <p class='ocr_par' dir='ltr' id='par_1_43' title="bbox 412 2714 2060 2790">
     <span class='ocr_line' id='line_1_43' title="bbox 412 2714 2060 2790; baseline 0.004 -22"><span class='ocrx_word' id='word_1_311' title='bbox 412 2717 578 2785; x_wconf 90' lang='lat' dir='ltr'><strong>Ipsos</strong></span> <span class='ocrx_word' id='word_1_312' title='bbox 604 2718 800 2770; x_wconf 89' lang='lat' dir='ltr'><strong>autem</strong></span> <span class='ocrx_word' id='word_1_313' title='bbox 831 2718 1020 2771; x_wconf 88' lang='lat' dir='ltr'><strong>vectes</strong></span> <span class='ocrx_word' id='word_1_314' title='bbox 1049 2716 1185 2771; x_wconf 79' lang='lat' dir='ltr'><strong>fecit</strong></span> <span class='ocrx_word' id='word_1_315' title='bbox 1206 2717 1279 2773; x_wconf 92' lang='lat' dir='ltr'><strong>de</strong></span> <span class='ocrx_word' id='word_1_316' title='bbox 1308 2714 1484 2790; x_wconf 88' lang='lat' dir='ltr'><strong>lignis</strong></span> <span class='ocrx_word' id='word_1_317' title='bbox 1511 2717 1729 2785; x_wconf 91' lang='lat' dir='ltr'><strong>settim,</strong></span> <span class='ocrx_word' id='word_1_318' title='bbox 1758 2718 2060 2788; x_wconf 89' lang='lat' dir='ltr'><strong>etoperuit</strong></span> 
     </span>
    </p>
   </div>
   <div class='ocr_carea' id='block_1_44' title="bbox 413 2800 2057 2876">
    <p class='ocr_par' dir='ltr' id='par_1_44' title="bbox 413 2800 2057 2876">
     <span class='ocr_line' id='line_1_44' title="bbox 413 2800 2057 2876; baseline 0.004 -20"><span class='ocrx_word' id='word_1_319' title='bbox 413 2800 653 2859; x_wconf 90' lang='lat' dir='ltr'><strong>laminis</strong></span> <span class='ocrx_word' id='word_1_320' title='bbox 684 2803 898 2859; x_wconf 87' lang='lat' dir='ltr'><strong>aureis.</strong></span> <span class='ocrx_word' id='word_1_321' title='bbox 929 2806 1271 2876; x_wconf 87' lang='lat' dir='ltr'><strong>Composuit</strong></span> <span class='ocrx_word' id='word_1_322' title='bbox 1300 2810 1358 2861; x_wconf 91' lang='lat' dir='ltr'><strong>et</strong></span> <span class='ocrx_word' id='word_1_323' title='bbox 1396 2806 1587 2863; x_wconf 92' lang='lat' dir='ltr'><strong>oleum</strong></span> <span class='ocrx_word' id='word_1_324' title='bbox 1618 2807 1689 2861; x_wconf 90' lang='lat' dir='ltr'><strong>ad</strong></span> <span class='ocrx_word' id='word_1_325' title='bbox 1721 2807 2057 2863; x_wconf 78' lang='lat' dir='ltr'><strong>sanctifica-</strong></span> 
     </span>
    </p>
   </div>
   <div class='ocr_carea' id='block_1_45' title="bbox 415 2891 2059 2967">
    <p class='ocr_par' dir='ltr' id='par_1_45' title="bbox 415 2891 2059 2967">
     <span class='ocr_line' id='line_1_45' title="bbox 415 2891 2059 2967; baseline 0.004 -21"><span class='ocrx_word' id='word_1_326' title='bbox 415 2891 595 2947; x_wconf 88' lang='lat' dir='ltr'><strong>tionis</strong></span> <span class='ocrx_word' id='word_1_327' title='bbox 652 2897 1046 2964; x_wconf 87' lang='lat' dir='ltr'><strong>unguentum,</strong></span> <span class='ocrx_word' id='word_1_328' title='bbox 1088 2899 1145 2950; x_wconf 92' lang='lat' dir='ltr'><strong>et</strong></span> <span class='ocrx_word' id='word_1_329' title='bbox 1200 2895 1526 2967; x_wconf 89' lang='lat' dir='ltr'><strong>thymiama</strong></span> <span class='ocrx_word' id='word_1_330' title='bbox 1577 2896 1648 2952; x_wconf 92' lang='lat' dir='ltr'><strong>de</strong></span> <span class='ocrx_word' id='word_1_331' title='bbox 1698 2896 2059 2952; x_wconf 83' lang='lat' dir='ltr'><strong>aromatibus</strong></span> 
     </span>
    </p>
   </div>
   <div class='ocr_carea' id='block_1_46' title="bbox 415 2980 1488 3056">
    <p class='ocr_par' dir='ltr' id='par_1_46' title="bbox 415 2980 1488 3056">
     <span class='ocr_line' id='line_1_46' title="bbox 415 2980 1488 3056; baseline 0.004 -21"><span class='ocrx_word' id='word_1_332' title='bbox 415 2980 853 3049; x_wconf 88' lang='lat' dir='ltr'><strong>mundissimis,</strong></span> <span class='ocrx_word' id='word_1_333' title='bbox 887 2998 1059 3054; x_wconf 90' lang='lat' dir='ltr'><strong>opere</strong></span> <span class='ocrx_word' id='word_1_334' title='bbox 1091 2983 1488 3056; x_wconf 89' lang='lat' dir='ltr'><strong>pigmentarii.</strong></span> 
     </span>
    </p>
   </div>
   <div class='ocr_carea' id='block_1_47' title="bbox 488 3069 2060 3142">
    <p class='ocr_par' dir='ltr' id='par_1_47' title="bbox 488 3069 2060 3142">
     <span class='ocr_line' id='line_1_47' title="bbox 488 3069 2060 3142; baseline 0.004 -18"><span class='ocrx_word' id='word_1_335' title='bbox 488 3069 641 3141; x_wconf 71' lang='grc' dir='ltr'><strong>[γαρ.</strong></span> <span class='ocrx_word' id='word_1_336' title='bbox 693 3069 1008 3142; x_wconf 83' lang='lat' dir='ltr'><strong>XXXVIII.]</strong></span> <span class='ocrx_word' id='word_1_337' title='bbox 1071 3072 1228 3128; x_wconf 88' lang='lat' dir='ltr'><strong>Fecit</strong></span> <span class='ocrx_word' id='word_1_338' title='bbox 1256 3077 1314 3128; x_wconf 89' lang='lat' dir='ltr'><strong>et</strong></span> <span class='ocrx_word' id='word_1_339' title='bbox 1370 3073 1552 3129; x_wconf 92' lang='lat' dir='ltr'><strong>altare</strong></span> <span class='ocrx_word' id='word_1_340' title='bbox 1615 3074 1938 3131; x_wconf 89' lang='lat' dir='ltr'><strong>holocausti</strong></span> <span class='ocrx_word' id='word_1_341' title='bbox 1987 3074 2060 3130; x_wconf 85' lang='lat' dir='ltr'><strong>de</strong></span> 
     </span>
    </p>
   </div>
   <div class='ocr_carea' id='block_1_48' title="bbox 418 3156 2059 3235">
    <p class='ocr_par' dir='ltr' id='par_1_48' title="bbox 418 3156 2059 3235">
     <span class='ocr_line' id='line_1_48' title="bbox 418 3156 2059 3235; baseline 0.004 -22"><span class='ocrx_word' id='word_1_342' title='bbox 418 3156 598 3229; x_wconf 91' lang='lat' dir='ltr'><strong>lignis</strong></span> <span class='ocrx_word' id='word_1_343' title='bbox 628 3159 1124 3232; x_wconf 86' lang='lat' dir='ltr'><strong>settim,quinque</strong></span> <span class='ocrx_word' id='word_1_344' title='bbox 1154 3161 1487 3218; x_wconf 89' lang='lat' dir='ltr'><strong>cubitorum</strong></span> <span class='ocrx_word' id='word_1_345' title='bbox 1519 3180 1622 3235; x_wconf 90' lang='lat' dir='ltr'><strong>per</strong></span> <span class='ocrx_word' id='word_1_346' title='bbox 1653 3166 1965 3235; x_wconf 90' lang='lat' dir='ltr'><strong>quadrum,</strong></span> <span class='ocrx_word' id='word_1_347' title='bbox 2002 3166 2059 3219; x_wconf 89' lang='lat' dir='ltr'><strong>et</strong></span> 
     </span>
    </p>
   </div>
   <div class='ocr_carea' id='block_1_49' title="bbox 416 3244 2055 3325">
    <p class='ocr_par' dir='ltr' id='par_1_49' title="bbox 416 3244 2055 3325">
     <span class='ocr_line' id='line_1_49' title="bbox 416 3244 2055 3325; baseline 0.004 -25"><span class='ocrx_word' id='word_1_348' title='bbox 416 3246 594 3301; x_wconf 90' lang='lat' dir='ltr'><strong>trium</strong></span> <span class='ocrx_word' id='word_1_349' title='bbox 623 3244 683 3300; x_wconf 94' lang='lat' dir='ltr'><strong>in</strong></span> <span class='ocrx_word' id='word_1_350' title='bbox 713 3245 1027 3304; x_wconf 88' lang='lat' dir='ltr'><strong>altitudine</strong></span> <span class='ocrx_word' id='word_1_351' title='bbox 1050 3249 1220 3319; x_wconf 90' lang='lat' dir='ltr'><strong>cujus</strong></span> <span class='ocrx_word' id='word_1_352' title='bbox 1250 3265 1471 3306; x_wconf 88' lang='lat' dir='ltr'><strong>cornua</strong></span> <span class='ocrx_word' id='word_1_353' title='bbox 1502 3251 1573 3307; x_wconf 91' lang='lat' dir='ltr'><strong>de</strong></span> <span class='ocrx_word' id='word_1_354' title='bbox 1602 3251 2055 3325; x_wconf 82' lang='lat' dir='ltr'><strong>augulisproce-</strong></span> 
     </span>
    </p>
   </div>
   <div class='ocr_carea' id='block_1_50' title="bbox 420 3334 2063 3408">
    <p class='ocr_par' dir='ltr' id='par_1_50' title="bbox 420 3334 2063 3408">
     <span class='ocr_line' id='line_1_50' title="bbox 420 3334 2063 3408; baseline 0.004 -19"><span class='ocrx_word' id='word_1_355' title='bbox 420 3334 642 3390; x_wconf 90' lang='lat' dir='ltr'><strong>debant</strong></span> <span class='ocrx_word' id='word_1_356' title='bbox 676 3350 688 3389; x_wconf 88' lang='lat'>:</span> <span class='ocrx_word' id='word_1_357' title='bbox 724 3336 1072 3408; x_wconf 88' lang='lat' dir='ltr'><strong>operuitque</strong></span> <span class='ocrx_word' id='word_1_358' title='bbox 1094 3336 1236 3393; x_wconf 92' lang='lat' dir='ltr'><strong>illud</strong></span> <span class='ocrx_word' id='word_1_359' title='bbox 1268 3338 1443 3394; x_wconf 62' lang='lat' dir='ltr'><strong>mucis</strong></span> <span class='ocrx_word' id='word_1_360' title='bbox 1474 3338 1730 3395; x_wconf 89' lang='lat' dir='ltr'><strong>laminis.</strong></span> <span class='ocrx_word' id='word_1_361' title='bbox 1754 3340 1896 3395; x_wconf 86' lang='lat' dir='ltr'><strong>Etin</strong></span> <span class='ocrx_word' id='word_1_362' title='bbox 1920 3356 2063 3396; x_wconf 89' lang='lat' dir='ltr'><strong>usus</strong></span> 
     </span>
    </p>
   </div>
   <div class='ocr_carea' id='block_1_51' title="bbox 420 3423 2060 3502">
    <p class='ocr_par' dir='ltr' id='par_1_51' title="bbox 420 3423 2060 3502">
     <span class='ocr_line' id='line_1_51' title="bbox 420 3423 2060 3502; baseline 0.005 -24"><span class='ocrx_word' id='word_1_363' title='bbox 420 3423 550 3492; x_wconf 90' lang='lat' dir='ltr'><strong>ejus</strong></span> <span class='ocrx_word' id='word_1_364' title='bbox 581 3424 802 3494; x_wconf 91' lang='lat' dir='ltr'><strong>paravit</strong></span> <span class='ocrx_word' id='word_1_365' title='bbox 833 3440 903 3480; x_wconf 84' lang='lat' dir='ltr'><strong>ex</strong></span> <span class='ocrx_word' id='word_1_366' title='bbox 933 3440 1043 3480; x_wconf 77' lang='lat' dir='ltr'><strong>aere</strong></span> <span class='ocrx_word' id='word_1_367' title='bbox 1070 3442 1212 3481; x_wconf 89' lang='lat' dir='ltr'><strong>vasa</strong></span> <span class='ocrx_word' id='word_1_368' title='bbox 1245 3425 1497 3494; x_wconf 83' lang='lat' dir='ltr'><strong>diversa,</strong></span> <span class='ocrx_word' id='word_1_369' title='bbox 1528 3427 1770 3496; x_wconf 87' lang='lat' dir='ltr'><strong>lebetes,</strong></span> <span class='ocrx_word' id='word_1_370' title='bbox 1792 3429 2060 3502; x_wconf 84' lang='lat' dir='ltr'><strong>forcipes,</strong></span> 
     </span>
    </p>
   </div>
   <div class='ocr_carea' id='block_1_52' title="bbox 423 3511 2061 3590">
    <p class='ocr_par' dir='ltr' id='par_1_52' title="bbox 423 3511 2061 3590">
     <span class='ocr_line' id='line_1_52' title="bbox 423 3511 2061 3590; baseline 0.005 -24"><span class='ocrx_word' id='word_1_371' title='bbox 423 3511 773 3583; x_wconf 82' lang='lat' dir='ltr'><strong>fuscinulas,</strong></span> <span class='ocrx_word' id='word_1_372' title='bbox 799 3513 1046 3570; x_wconf 91' lang='lat' dir='ltr'><strong>uncinos</strong></span> <span class='ocrx_word' id='word_1_373' title='bbox 1078 3518 1133 3570; x_wconf 86' lang='lat' dir='ltr'><strong>et</strong></span> <span class='ocrx_word' id='word_1_374' title='bbox 1154 3514 1377 3585; x_wconf 86' lang='lat' dir='ltr'><strong>ignium</strong></span> <span class='ocrx_word' id='word_1_375' title='bbox 1402 3517 2061 3590; x_wconf 84' lang='lat' dir='ltr'><strong>receptacula.Craticu-</strong></span> 
     </span>
    </p>
   </div>
   <div class='ocr_carea' id='block_1_53' title="bbox 420 3600 2063 3675">
    <p class='ocr_par' dir='ltr' id='par_1_53' title="bbox 420 3600 2063 3675">
     <span class='ocr_line' id='line_1_53' title="bbox 420 3600 2063 3675; baseline 0.005 -20"><span class='ocrx_word' id='word_1_376' title='bbox 420 3600 659 3673; x_wconf 89' lang='lat' dir='ltr'><strong>Iamque</strong></span> <span class='ocrx_word' id='word_1_377' title='bbox 686 3604 815 3673; x_wconf 86' lang='lat' dir='ltr'><strong>ejus</strong></span> <span class='ocrx_word' id='word_1_378' title='bbox 847 3603 907 3657; x_wconf 91' lang='lat' dir='ltr'><strong>in</strong></span> <span class='ocrx_word' id='word_1_379' title='bbox 932 3604 1172 3659; x_wconf 90' lang='lat' dir='ltr'><strong>modum</strong></span> <span class='ocrx_word' id='word_1_380' title='bbox 1198 3605 1338 3660; x_wconf 90' lang='lat' dir='ltr'><strong>retis</strong></span> <span class='ocrx_word' id='word_1_381' title='bbox 1357 3605 1492 3661; x_wconf 87' lang='lat' dir='ltr'><strong>fecit</strong></span> <span class='ocrx_word' id='word_1_382' title='bbox 1513 3622 1757 3675; x_wconf 72' lang='lat' dir='ltr'><strong>teneam,</strong></span> <span class='ocrx_word' id='word_1_383' title='bbox 1780 3611 1837 3663; x_wconf 91' lang='lat' dir='ltr'><strong>et</strong></span> <span class='ocrx_word' id='word_1_384' title='bbox 1860 3608 2063 3664; x_wconf 91' lang='lat' dir='ltr'><strong>subter</strong></span> 
     </span>
    </p>
   </div>
   <div class='ocr_carea' id='block_1_54' title="bbox 421 3688 2063 3766">
    <p class='ocr_par' dir='ltr' id='par_1_54' title="bbox 421 3688 2063 3766">
     <span class='ocr_line' id='line_1_54' title="bbox 421 3688 2063 3766; baseline 0.005 -23"><span class='ocrx_word' id='word_1_385' title='bbox 421 3702 551 3744; x_wconf 76' lang='lat' dir='ltr'><strong>eam</strong></span> <span class='ocrx_word' id='word_1_386' title='bbox 575 3688 636 3744; x_wconf 92' lang='lat' dir='ltr'><strong>in</strong></span> <span class='ocrx_word' id='word_1_387' title='bbox 667 3688 873 3746; x_wconf 91' lang='lat' dir='ltr'><strong>altaris</strong></span> <span class='ocrx_word' id='word_1_388' title='bbox 892 3690 1084 3747; x_wconf 90' lang='lat' dir='ltr'><strong>medio</strong></span> <span class='ocrx_word' id='word_1_389' title='bbox 1104 3690 1354 3748; x_wconf 91' lang='lat' dir='ltr'><strong>arulam.</strong></span> <span class='ocrx_word' id='word_1_390' title='bbox 1380 3692 1528 3748; x_wconf 78' lang='lat' dir='ltr'><strong>fusis</strong></span> <span class='ocrx_word' id='word_1_391' title='bbox 1550 3699 1807 3766; x_wconf 91' lang='lat' dir='ltr'><strong>quatuor</strong></span> <span class='ocrx_word' id='word_1_392' title='bbox 1826 3694 2063 3751; x_wconf 89' lang='lat' dir='ltr'><strong>annulis</strong></span> 
     </span>
    </p>
   </div>
   <div class='ocr_carea' id='block_1_55' title="bbox 416 3777 2063 3851">
    <p class='ocr_par' dir='ltr' id='par_1_55' title="bbox 416 3777 2063 3851">
     <span class='ocr_line' id='line_1_55' title="bbox 416 3777 2063 3851; baseline 0.004 -17"><span class='ocrx_word' id='word_1_393' title='bbox 416 3794 521 3849; x_wconf 88' lang='lat' dir='ltr'><strong>per</strong></span> <span class='ocrx_word' id='word_1_394' title='bbox 554 3777 796 3834; x_wconf 88' lang='lat' dir='ltr'><strong>totidem</strong></span> <span class='ocrx_word' id='word_1_395' title='bbox 830 3779 1095 3836; x_wconf 89' lang='lat' dir='ltr'><strong>retiaculi</strong></span> <span class='ocrx_word' id='word_1_396' title='bbox 1127 3782 1523 3851; x_wconf 82' lang='lat' dir='ltr'><strong>summitates,</strong></span> <span class='ocrx_word' id='word_1_397' title='bbox 1555 3784 1627 3839; x_wconf 90' lang='lat' dir='ltr'><strong>ad</strong></span> <span class='ocrx_word' id='word_1_398' title='bbox 1660 3783 2063 3842; x_wconf 90' lang='lat' dir='ltr'><strong>immittendos</strong></span> 
     </span>
    </p>
   </div>
   <div class='ocr_carea' id='block_1_56' title="bbox 414 3868 2062 3945">
    <p class='ocr_par' dir='ltr' id='par_1_56' title="bbox 414 3868 2062 3945">
     <span class='ocr_line' id='line_1_56' title="bbox 414 3868 2062 3945; baseline 0.006 -25"><span class='ocrx_word' id='word_1_399' title='bbox 414 3875 602 3923; x_wconf 87' lang='lat' dir='ltr'><strong>vectes</strong></span> <span class='ocrx_word' id='word_1_400' title='bbox 633 3868 704 3923; x_wconf 88' lang='lat' dir='ltr'><strong>ad</strong></span> <span class='ocrx_word' id='word_1_401' title='bbox 735 3869 1088 3939; x_wconf 90' lang='lat' dir='ltr'><strong>portandum</strong></span> <span class='ocrx_word' id='word_1_402' title='bbox 1116 3886 1129 3925; x_wconf 89' lang='lat'><strong>:</strong></span> <span class='ocrx_word' id='word_1_403' title='bbox 1164 3887 1311 3942; x_wconf 89' lang='lat' dir='ltr'><strong>quos</strong></span> <span class='ocrx_word' id='word_1_404' title='bbox 1341 3876 1397 3927; x_wconf 89' lang='lat' dir='ltr'><strong>et</strong></span> <span class='ocrx_word' id='word_1_405' title='bbox 1426 3870 1587 3944; x_wconf 91' lang='lat' dir='ltr'><strong>ipsos</strong></span> <span class='ocrx_word' id='word_1_406' title='bbox 1620 3873 1754 3928; x_wconf 87' lang='lat' dir='ltr'><strong>fecit</strong></span> <span class='ocrx_word' id='word_1_407' title='bbox 1783 3873 1855 3929; x_wconf 92' lang='lat' dir='ltr'><strong>de</strong></span> <span class='ocrx_word' id='word_1_408' title='bbox 1884 3872 2062 3945; x_wconf 89' lang='lat' dir='ltr'><strong>lignis</strong></span> 
     </span>
    </p>
   </div>
   <div class='ocr_carea' id='block_1_57' title="bbox 426 3956 2061 4033">
    <p class='ocr_par' dir='ltr' id='par_1_57' title="bbox 426 3956 2061 4033">
     <span class='ocr_line' id='line_1_57' title="bbox 426 3956 2061 4033; baseline 0.004 -22"><span class='ocrx_word' id='word_1_409' title='bbox 426 3956 650 4025; x_wconf 90' lang='lat' dir='ltr'><strong>settim,</strong></span> <span class='ocrx_word' id='word_1_410' title='bbox 681 3961 738 4012; x_wconf 90' lang='lat' dir='ltr'><strong>et</strong></span> <span class='ocrx_word' id='word_1_411' title='bbox 785 3958 1016 4030; x_wconf 89' lang='lat' dir='ltr'><strong>operuit</strong></span> <span class='ocrx_word' id='word_1_412' title='bbox 1063 3958 1301 4016; x_wconf 75' lang='lat' dir='ltr'><strong>laminis</strong></span> <span class='ocrx_word' id='word_1_413' title='bbox 1350 3961 1566 4016; x_wconf 65' lang='lat' dir='ltr'><strong>aeneis:</strong></span> <span class='ocrx_word' id='word_1_414' title='bbox 1616 3960 1964 4033; x_wconf 85' lang='lat' dir='ltr'><strong>induxitque</strong></span> <span class='ocrx_word' id='word_1_415' title='bbox 2002 3964 2061 4017; x_wconf 90' lang='lat' dir='ltr'><strong>in</strong></span> 
     </span>
    </p>
   </div>
   <div class='ocr_carea' id='block_1_58' title="bbox 414 4044 2063 4123">
    <p class='ocr_par' dir='ltr' id='par_1_58' title="bbox 414 4044 2063 4123">
     <span class='ocr_line' id='line_1_58' title="bbox 414 4044 2063 4123; baseline 0.004 -22"><span class='ocrx_word' id='word_1_416' title='bbox 414 4044 695 4116; x_wconf 90' lang='lat' dir='ltr'><strong>circulos,</strong></span> <span class='ocrx_word' id='word_1_417' title='bbox 727 4047 828 4117; x_wconf 93' lang='lat' dir='ltr'><strong>qui</strong></span> <span class='ocrx_word' id='word_1_418' title='bbox 862 4047 919 4102; x_wconf 90' lang='lat' dir='ltr'><strong>in</strong></span> <span class='ocrx_word' id='word_1_419' title='bbox 953 4047 1457 4106; x_wconf 76' lang='lat' dir='ltr'><strong>altarislaterihus</strong></span> <span class='ocrx_word' id='word_1_420' title='bbox 1478 4049 1837 4107; x_wconf 87' lang='lat' dir='ltr'><strong>eminebant.</strong></span> <span class='ocrx_word' id='word_1_421' title='bbox 1863 4051 2063 4123; x_wconf 89' lang='lat' dir='ltr'><strong>Ipsum</strong></span> 
     </span>
    </p>
   </div>
   <div class='ocr_carea' id='block_1_59' title="bbox 413 4133 2061 4208">
    <p class='ocr_par' dir='ltr' id='par_1_59' title="bbox 413 4133 2061 4208">
     <span class='ocr_line' id='line_1_59' title="bbox 413 4133 2061 4208; baseline 0.004 -18"><span class='ocrx_word' id='word_1_422' title='bbox 413 4138 611 4190; x_wconf 87' lang='lat' dir='ltr'><strong>autem</strong></span> <span class='ocrx_word' id='word_1_423' title='bbox 652 4133 838 4191; x_wconf 91' lang='lat' dir='ltr'><strong>altare</strong></span> <span class='ocrx_word' id='word_1_424' title='bbox 870 4152 986 4192; x_wconf 93' lang='lat' dir='ltr'><strong>non</strong></span> <span class='ocrx_word' id='word_1_425' title='bbox 1019 4141 1147 4193; x_wconf 90' lang='lat' dir='ltr'><strong>erat</strong></span> <span class='ocrx_word' id='word_1_426' title='bbox 1178 4136 1458 4208; x_wconf 88' lang='lat' dir='ltr'><strong>solidum,</strong></span> <span class='ocrx_word' id='word_1_427' title='bbox 1491 4140 1592 4195; x_wconf 92' lang='lat' dir='ltr'><strong>sed</strong></span> <span class='ocrx_word' id='word_1_428' title='bbox 1624 4156 1830 4196; x_wconf 89' lang='lat' dir='ltr'><strong>cavum</strong></span> <span class='ocrx_word' id='word_1_429' title='bbox 1862 4156 1931 4195; x_wconf 86' lang='lat' dir='ltr'><strong>ex</strong></span> <span class='ocrx_word' id='word_1_430' title='bbox 1969 4144 2061 4196; x_wconf 86' lang='lat' dir='ltr'><strong>ta-</strong></span> 
     </span>
    </p>
   </div>
   <div class='ocr_carea' id='block_1_60' title="bbox 414 4222 2063 4291">
    <p class='ocr_par' dir='ltr' id='par_1_60' title="bbox 414 4222 2063 4291">
     <span class='ocr_line' id='line_1_60' title="bbox 414 4222 2063 4291; baseline 0.005 -14"><span class='ocrx_word' id='word_1_431' title='bbox 414 4222 655 4291; x_wconf 88' lang='lat' dir='ltr'><strong>bulatis,</strong></span> <span class='ocrx_word' id='word_1_432' title='bbox 677 4227 735 4279; x_wconf 88' lang='lat' dir='ltr'><strong>et</strong></span> <span class='ocrx_word' id='word_1_433' title='bbox 764 4223 924 4281; x_wconf 90' lang='lat' dir='ltr'><strong>intus</strong></span> <span class='ocrx_word' id='word_1_434' title='bbox 972 4242 1243 4282; x_wconf 89' lang='lat' dir='ltr'><strong>vacuum.</strong></span> <span class='ocrx_word' id='word_1_435' title='bbox 1295 4227 1453 4283; x_wconf 88' lang='lat' dir='ltr'><strong>Fecit</strong></span> <span class='ocrx_word' id='word_1_436' title='bbox 1481 4232 1539 4285; x_wconf 88' lang='lat' dir='ltr'><strong>et</strong></span> <span class='ocrx_word' id='word_1_437' title='bbox 1566 4228 1795 4284; x_wconf 88' lang='lat' dir='ltr'><strong>labrum</strong></span> <span class='ocrx_word' id='word_1_438' title='bbox 1841 4244 2063 4286; x_wconf 62' lang='lat' dir='ltr'><strong>aeneum</strong></span> 
     </span>
    </p>
   </div>
   <div class='ocr_carea' id='block_1_61' title="bbox 412 4312 2064 4390">
    <p class='ocr_par' dir='ltr' id='par_1_61' title="bbox 412 4312 2064 4390">
     <span class='ocr_line' id='line_1_61' title="bbox 412 4312 2064 4390; baseline 0.006 -25"><span class='ocrx_word' id='word_1_439' title='bbox 412 4325 547 4367; x_wconf 91' lang='lat' dir='ltr'><strong>cum</strong></span> <span class='ocrx_word' id='word_1_440' title='bbox 580 4312 705 4368; x_wconf 87' lang='lat' dir='ltr'><strong>basi</strong></span> <span class='ocrx_word' id='word_1_441' title='bbox 740 4329 847 4369; x_wconf 90' lang='lat' dir='ltr'><strong>sua</strong></span> <span class='ocrx_word' id='word_1_442' title='bbox 874 4314 945 4368; x_wconf 92' lang='lat' dir='ltr'><strong>de</strong></span> <span class='ocrx_word' id='word_1_443' title='bbox 977 4313 1234 4385; x_wconf 88' lang='lat' dir='ltr'><strong>speculis</strong></span> <span class='ocrx_word' id='word_1_444' title='bbox 1279 4315 1619 4389; x_wconf 88' lang='lat' dir='ltr'><strong>mulierum,</strong></span> <span class='ocrx_word' id='word_1_445' title='bbox 1653 4334 1780 4390; x_wconf 63' lang='lat' dir='ltr'><strong>quis</strong></span> <span class='ocrx_word' id='word_1_446' title='bbox 1812 4320 2064 4375; x_wconf 80' lang='lat' dir='ltr'><strong>excuba-</strong></span> 
     </span>
    </p>
   </div>
   <div class='ocr_carea' id='block_1_62' title="bbox 413 4399 2065 4479">
    <p class='ocr_par' dir='ltr' id='par_1_62' title="bbox 413 4399 2065 4479">
     <span class='ocr_line' id='line_1_62' title="bbox 413 4399 2065 4479; baseline 0.005 -24"><span class='ocrx_word' id='word_1_447' title='bbox 413 4399 556 4456; x_wconf 90' lang='lat' dir='ltr'><strong>bant</strong></span> <span class='ocrx_word' id='word_1_448' title='bbox 588 4399 646 4455; x_wconf 92' lang='lat' dir='ltr'><strong>in</strong></span> <span class='ocrx_word' id='word_1_449' title='bbox 679 4401 829 4456; x_wconf 87' lang='lat' dir='ltr'><strong>ostio</strong></span> <span class='ocrx_word' id='word_1_450' title='bbox 850 4402 1234 4459; x_wconf 88' lang='lat' dir='ltr'><strong>tabernaculi.</strong></span> <span class='ocrx_word' id='word_1_451' title='bbox 1271 4405 1425 4461; x_wconf 83' lang='lat' dir='ltr'><strong>Fecit</strong></span> <span class='ocrx_word' id='word_1_452' title='bbox 1455 4410 1511 4463; x_wconf 88' lang='lat' dir='ltr'><strong>et</strong></span> <span class='ocrx_word' id='word_1_453' title='bbox 1541 4407 1779 4476; x_wconf 89' lang='lat' dir='ltr'><strong>atrium,</strong></span> <span class='ocrx_word' id='word_1_454' title='bbox 1801 4406 1862 4463; x_wconf 90' lang='lat' dir='ltr'><strong>in</strong></span> <span class='ocrx_word' id='word_1_455' title='bbox 1893 4408 2065 4479; x_wconf 90' lang='lat' dir='ltr'><strong>cujus</strong></span> 
     </span>
    </p>
   </div>
   <div class='ocr_carea' id='block_1_63' title="bbox 411 4487 2059 4569">
    <p class='ocr_par' dir='ltr' id='par_1_63' title="bbox 411 4487 2059 4569">
     <span class='ocr_line' id='line_1_63' title="bbox 411 4487 2059 4569; baseline 0.006 -27"><span class='ocrx_word' id='word_1_456' title='bbox 411 4487 656 4544; x_wconf 89' lang='lat' dir='ltr'><strong>australi</strong></span> <span class='ocrx_word' id='word_1_457' title='bbox 691 4487 867 4562; x_wconf 87' lang='lat' dir='ltr'><strong>plaga</strong></span> <span class='ocrx_word' id='word_1_458' title='bbox 894 4496 1062 4548; x_wconf 87' lang='lat' dir='ltr'><strong>erant</strong></span> <span class='ocrx_word' id='word_1_459' title='bbox 1093 4494 1344 4551; x_wconf 89' lang='lat' dir='ltr'><strong>tentoria</strong></span> <span class='ocrx_word' id='word_1_460' title='bbox 1368 4494 1438 4550; x_wconf 91' lang='lat' dir='ltr'><strong>de</strong></span> <span class='ocrx_word' id='word_1_461' title='bbox 1460 4495 1635 4569; x_wconf 89' lang='lat' dir='ltr'><strong>bysso</strong></span> <span class='ocrx_word' id='word_1_462' title='bbox 1671 4500 1906 4566; x_wconf 87' lang='lat' dir='ltr'><strong>retorta,</strong></span> <span class='ocrx_word' id='word_1_463' title='bbox 1957 4512 2059 4552; x_wconf 90' lang='lat' dir='ltr'><strong>cu-</strong></span> 
     </span>
    </p>
   </div>
   <div class='ocr_carea' id='block_1_64' title="bbox 2168 1910 3804 1990">
    <p class='ocr_par' dir='ltr' id='par_1_64' title="bbox 2168 1910 3804 1990">
     <span class='ocr_line' id='line_1_64' title="bbox 2168 1910 3804 1990; baseline -0.006 -15"><span class='ocrx_word' id='word_1_464' title='bbox 2168 1919 2295 1975; x_wconf 91' lang='lat' dir='ltr'><strong>suis</strong></span> <span class='ocrx_word' id='word_1_465' title='bbox 2323 1921 2593 1990; x_wconf 85' lang='lat' dir='ltr'><strong>argentea</strong></span> <span class='ocrx_word' id='word_1_466' title='bbox 2620 1936 2635 1986; x_wconf 84' lang='lat'><strong>;</strong></span> <span class='ocrx_word' id='word_1_467' title='bbox 2668 1915 2771 1972; x_wconf 90' lang='lat' dir='ltr'><strong>sed</strong></span> <span class='ocrx_word' id='word_1_468' title='bbox 2791 1918 2848 1970; x_wconf 88' lang='lat' dir='ltr'><strong>et</strong></span> <span class='ocrx_word' id='word_1_469' title='bbox 2875 1914 3035 1987; x_wconf 88' lang='lat' dir='ltr'><strong>ipsas</strong></span> <span class='ocrx_word' id='word_1_470' title='bbox 3068 1913 3375 1970; x_wconf 88' lang='lat' dir='ltr'><strong>columnas</strong></span> <span class='ocrx_word' id='word_1_471' title='bbox 3405 1911 3540 1968; x_wconf 88' lang='lat' dir='ltr'><strong>atrii</strong></span> <span class='ocrx_word' id='word_1_472' title='bbox 3569 1910 3804 1967; x_wconf 86' lang='lat' dir='ltr'><strong>vestivit</strong></span> 
     </span>
    </p>
   </div>
   <div class='ocr_carea' id='block_1_65' title="bbox 2166 1999 3818 2079">
    <p class='ocr_par' dir='ltr' id='par_1_65' title="bbox 2166 1999 3818 2079">
     <span class='ocr_line' id='line_1_65' title="bbox 2166 1999 3818 2079; baseline -0.005 -16"><span class='ocrx_word' id='word_1_473' title='bbox 2166 2014 2428 2079; x_wconf 88' lang='lat' dir='ltr'><strong>argento.</strong></span> <span class='ocrx_word' id='word_1_474' title='bbox 2464 2010 2530 2061; x_wconf 87' lang='lat' dir='ltr'><strong>Et</strong></span> <span class='ocrx_word' id='word_1_475' title='bbox 2557 2004 2617 2060; x_wconf 93' lang='lat' dir='ltr'><strong>in</strong></span> <span class='ocrx_word' id='word_1_476' title='bbox 2650 2003 2892 2060; x_wconf 90' lang='lat' dir='ltr'><strong>introitu</strong></span> <span class='ocrx_word' id='word_1_477' title='bbox 2923 2003 3051 2075; x_wconf 91' lang='lat' dir='ltr'><strong>ejus</strong></span> <span class='ocrx_word' id='word_1_478' title='bbox 3105 2017 3277 2074; x_wconf 85' lang='lat' dir='ltr'><strong>opere</strong></span> <span class='ocrx_word' id='word_1_479' title='bbox 3334 2000 3627 2073; x_wconf 89' lang='lat' dir='ltr'><strong>plumario</strong></span> <span class='ocrx_word' id='word_1_480' title='bbox 3678 1999 3818 2055; x_wconf 83' lang='lat' dir='ltr'><strong>fecit</strong></span> 
     </span>
    </p>
   </div>
   <div class='ocr_carea' id='block_1_66' title="bbox 2165 2087 3815 2165">
    <p class='ocr_par' dir='ltr' id='par_1_66' title="bbox 2165 2087 3815 2165">
     <span class='ocr_line' id='line_1_66' title="bbox 2165 2087 3815 2165; baseline -0.004 -14"><span class='ocrx_word' id='word_1_481' title='bbox 2165 2095 2484 2152; x_wconf 87' lang='lat' dir='ltr'><strong>tentorium</strong></span> <span class='ocrx_word' id='word_1_482' title='bbox 2535 2110 2604 2150; x_wconf 83' lang='lat' dir='ltr'><strong>ex</strong></span> <span class='ocrx_word' id='word_1_483' title='bbox 2653 2092 2992 2163; x_wconf 85' lang='lat' dir='ltr'><strong>hyacintho,</strong></span> <span class='ocrx_word' id='word_1_484' title='bbox 3037 2108 3319 2165; x_wconf 90' lang='lat' dir='ltr'><strong>purpura,</strong></span> <span class='ocrx_word' id='word_1_485' title='bbox 3369 2087 3713 2155; x_wconf 88' lang='lat' dir='ltr'><strong>vermiculo,</strong></span> <span class='ocrx_word' id='word_1_486' title='bbox 3744 2104 3815 2145; x_wconf 84' lang='lat' dir='ltr'><strong>ac</strong></span> 
     </span>
    </p>
   </div>
   <div class='ocr_carea' id='block_1_67' title="bbox 2166 2177 3811 2257">
    <p class='ocr_par' dir='ltr' id='par_1_67' title="bbox 2166 2177 3811 2257">
     <span class='ocr_line' id='line_1_67' title="bbox 2166 2177 3811 2257; baseline -0.005 -16"><span class='ocrx_word' id='word_1_487' title='bbox 2166 2187 2340 2257; x_wconf 87' lang='lat' dir='ltr'><strong>bysso</strong></span> <span class='ocrx_word' id='word_1_488' title='bbox 2371 2186 2608 2251; x_wconf 91' lang='lat' dir='ltr'><strong>retorta,</strong></span> <span class='ocrx_word' id='word_1_489' title='bbox 2641 2182 2796 2254; x_wconf 92' lang='lat' dir='ltr'><strong>quod</strong></span> <span class='ocrx_word' id='word_1_490' title='bbox 2820 2180 3078 2237; x_wconf 87' lang='lat' dir='ltr'><strong>habebat</strong></span> <span class='ocrx_word' id='word_1_491' title='bbox 3094 2180 3300 2252; x_wconf 87' lang='lat' dir='ltr'><strong>viginti</strong></span> <span class='ocrx_word' id='word_1_492' title='bbox 3348 2179 3580 2235; x_wconf 90' lang='lat' dir='ltr'><strong>cubitos</strong></span> <span class='ocrx_word' id='word_1_493' title='bbox 3602 2177 3661 2233; x_wconf 94' lang='lat' dir='ltr'><strong>in</strong></span> <span class='ocrx_word' id='word_1_494' title='bbox 3686 2177 3811 2234; x_wconf 84' lang='lat' dir='ltr'><strong>lon-</strong></span> 
     </span>
    </p>
   </div>
   <div class='ocr_carea' id='block_1_68' title="bbox 2165 2267 3810 2348">
    <p class='ocr_par' dir='ltr' id='par_1_68' title="bbox 2165 2267 3810 2348">
     <span class='ocr_line' id='line_1_68' title="bbox 2165 2267 3810 2348; baseline -0.005 -19"><span class='ocrx_word' id='word_1_495' title='bbox 2165 2273 2469 2348; x_wconf 88' lang='lat' dir='ltr'><strong>gitudine;</strong></span> <span class='ocrx_word' id='word_1_496' title='bbox 2507 2271 2756 2328; x_wconf 88' lang='lat' dir='ltr'><strong>altitudo</strong></span> <span class='ocrx_word' id='word_1_497' title='bbox 2788 2287 2921 2326; x_wconf 91' lang='lat' dir='ltr'><strong>vero</strong></span> <span class='ocrx_word' id='word_1_498' title='bbox 2962 2269 3227 2342; x_wconf 90' lang='lat' dir='ltr'><strong>quinque</strong></span> <span class='ocrx_word' id='word_1_499' title='bbox 3276 2267 3611 2325; x_wconf 89' lang='lat' dir='ltr'><strong>cubitorum</strong></span> <span class='ocrx_word' id='word_1_500' title='bbox 3662 2271 3810 2335; x_wconf 86' lang='lat' dir='ltr'><strong>erat,</strong></span> 
     </span>
    </p>
   </div>
   <div class='ocr_carea' id='block_1_69' title="bbox 2158 2357 3810 2437">
    <p class='ocr_par' dir='ltr' id='par_1_69' title="bbox 2158 2357 3810 2437">
     <span class='ocr_line' id='line_1_69' title="bbox 2158 2357 3810 2437; baseline -0.006 -16"><span class='ocrx_word' id='word_1_501' title='bbox 2158 2367 2327 2437; x_wconf 78' lang='lat' dir='ltr'><strong>juxta</strong></span> <span class='ocrx_word' id='word_1_502' title='bbox 2356 2380 2719 2431; x_wconf 89' lang='lat' dir='ltr'><strong>mensuram,</strong></span> <span class='ocrx_word' id='word_1_503' title='bbox 2753 2378 2931 2435; x_wconf 89' lang='lat' dir='ltr'><strong>quam</strong></span> <span class='ocrx_word' id='word_1_504' title='bbox 2964 2364 3179 2417; x_wconf 90' lang='lat' dir='ltr'><strong>cuncta</strong></span> <span class='ocrx_word' id='word_1_505' title='bbox 3209 2358 3341 2415; x_wconf 89' lang='lat' dir='ltr'><strong>atrii</strong></span> <span class='ocrx_word' id='word_1_506' title='bbox 3362 2357 3662 2414; x_wconf 88' lang='lat' dir='ltr'><strong>habebant</strong></span> <span class='ocrx_word' id='word_1_507' title='bbox 3678 2361 3810 2413; x_wconf 88' lang='lat' dir='ltr'><strong>ten-</strong></span> 
     </span>
    </p>
   </div>
   <div class='ocr_carea' id='block_1_70' title="bbox 2164 2448 3823 2521">
    <p class='ocr_par' dir='ltr' id='par_1_70' title="bbox 2164 2448 3823 2521">
     <span class='ocr_line' id='line_1_70' title="bbox 2164 2448 3823 2521; baseline -0.005 -12"><span class='ocrx_word' id='word_1_508' title='bbox 2164 2454 2337 2509; x_wconf 87' lang='lat' dir='ltr'><strong>toria.</strong></span> <span class='ocrx_word' id='word_1_509' title='bbox 2370 2451 2665 2510; x_wconf 59' lang='lat' dir='ltr'><strong>Columna,</strong></span> <span class='ocrx_word' id='word_1_510' title='bbox 2696 2454 2895 2507; x_wconf 88' lang='lat' dir='ltr'><strong>autem</strong></span> <span class='ocrx_word' id='word_1_511' title='bbox 2925 2450 2983 2505; x_wconf 93' lang='lat' dir='ltr'><strong>in</strong></span> <span class='ocrx_word' id='word_1_512' title='bbox 3025 2450 3300 2521; x_wconf 90' lang='lat' dir='ltr'><strong>ingressu</strong></span> <span class='ocrx_word' id='word_1_513' title='bbox 3353 2448 3515 2503; x_wconf 76' lang='lat' dir='ltr'><strong>fuere</strong></span> <span class='ocrx_word' id='word_1_514' title='bbox 3563 2451 3823 2518; x_wconf 88' lang='lat' dir='ltr'><strong>quatuor</strong></span> 
     </span>
    </p>
   </div>
   <div class='ocr_carea' id='block_1_71' title="bbox 2166 2534 3818 2610">
    <p class='ocr_par' dir='ltr' id='par_1_71' title="bbox 2166 2534 3818 2610">
     <span class='ocr_line' id='line_1_71' title="bbox 2166 2534 3818 2610; baseline -0.005 -12"><span class='ocrx_word' id='word_1_515' title='bbox 2166 2559 2298 2598; x_wconf 88' lang='lat' dir='ltr'><strong>cum</strong></span> <span class='ocrx_word' id='word_1_516' title='bbox 2332 2542 2577 2598; x_wconf 87' lang='lat' dir='ltr'><strong>basibus</strong></span> <span class='ocrx_word' id='word_1_517' title='bbox 2611 2539 2811 2609; x_wconf 60' lang='lat' dir='ltr'><strong>aeneis,</strong></span> <span class='ocrx_word' id='word_1_518' title='bbox 2843 2538 3148 2610; x_wconf 83' lang='lat' dir='ltr'><strong>capitaque</strong></span> <span class='ocrx_word' id='word_1_519' title='bbox 3176 2552 3379 2593; x_wconf 89' lang='lat' dir='ltr'><strong>earum</strong></span> <span class='ocrx_word' id='word_1_520' title='bbox 3422 2540 3481 2591; x_wconf 91' lang='lat' dir='ltr'><strong>et</strong></span> <span class='ocrx_word' id='word_1_521' title='bbox 3528 2534 3818 2591; x_wconf 63' lang='lat' dir='ltr'><strong>caelatura</strong></span> 
     </span>
    </p>
   </div>
   <div class='ocr_carea' id='block_1_72' title="bbox 2167 2624 3821 2703">
    <p class='ocr_par' dir='ltr' id='par_1_72' title="bbox 2167 2624 3821 2703">
     <span class='ocr_line' id='line_1_72' title="bbox 2167 2624 3821 2703; baseline -0.004 -16"><span class='ocrx_word' id='word_1_522' title='bbox 2167 2629 2746 2703; x_wconf 64' lang='lat' dir='ltr'><strong>argenteaePaxillos</strong></span> <span class='ocrx_word' id='word_1_523' title='bbox 2774 2642 3007 2701; x_wconf 90' lang='lat' dir='ltr'><strong>quoque</strong></span> <span class='ocrx_word' id='word_1_524' title='bbox 3037 2624 3398 2683; x_wconf 84' lang='lat' dir='ltr'><strong>tabernaculi</strong></span> <span class='ocrx_word' id='word_1_525' title='bbox 3426 2628 3487 2680; x_wconf 89' lang='lat' dir='ltr'><strong>et</strong></span> <span class='ocrx_word' id='word_1_526' title='bbox 3528 2624 3660 2680; x_wconf 89' lang='lat' dir='ltr'><strong>atrii</strong></span> <span class='ocrx_word' id='word_1_527' title='bbox 3712 2639 3821 2696; x_wconf 85' lang='lat' dir='ltr'><strong>per</strong></span> 
     </span>
    </p>
   </div>
   <div class='ocr_carea' id='block_1_73' title="bbox 2167 2714 3824 2794">
    <p class='ocr_par' dir='ltr' id='par_1_73' title="bbox 2167 2714 3824 2794">
     <span class='ocr_line' id='line_1_73' title="bbox 2167 2714 3824 2794; baseline -0.005 -18"><span class='ocrx_word' id='word_1_528' title='bbox 2167 2737 2377 2794; x_wconf 87' lang='lat' dir='ltr'><strong>gyrum</strong></span> <span class='ocrx_word' id='word_1_529' title='bbox 2409 2719 2543 2775; x_wconf 85' lang='lat' dir='ltr'><strong>fecit</strong></span> <span class='ocrx_word' id='word_1_530' title='bbox 2572 2735 2783 2775; x_wconf 81' lang='lat' dir='ltr'><strong>aeneas.</strong></span> <span class='ocrx_word' id='word_1_531' title='bbox 2814 2722 2949 2773; x_wconf 68' lang='lat' dir='ltr'><strong>Haec</strong></span> <span class='ocrx_word' id='word_1_532' title='bbox 2980 2721 3121 2773; x_wconf 92' lang='lat' dir='ltr'><strong>sunt</strong></span> <span class='ocrx_word' id='word_1_533' title='bbox 3143 2714 3824 2772; x_wconf 51' lang='lat' dir='ltr'><strong>instrumentatahernm</strong></span> 
     </span>
    </p>
   </div>
   <div class='ocr_carea' id='block_1_74' title="bbox 2167 2804 3815 2879">
    <p class='ocr_par' dir='ltr' id='par_1_74' title="bbox 2167 2804 3815 2879">
     <span class='ocr_line' id='line_1_74' title="bbox 2167 2804 3815 2879; baseline -0.005 -13"><span class='ocrx_word' id='word_1_534' title='bbox 2167 2809 2282 2865; x_wconf 91' lang='lat' dir='ltr'><strong>culi</strong></span> <span class='ocrx_word' id='word_1_535' title='bbox 2298 2808 2638 2876; x_wconf 89' lang='lat' dir='ltr'><strong>testimonii,</strong></span> <span class='ocrx_word' id='word_1_536' title='bbox 2655 2825 2781 2879; x_wconf 84' lang='lat' dir='ltr'><strong>quae</strong></span> <span class='ocrx_word' id='word_1_537' title='bbox 2797 2809 3102 2863; x_wconf 90' lang='lat' dir='ltr'><strong>numerata</strong></span> <span class='ocrx_word' id='word_1_538' title='bbox 3124 2804 3436 2875; x_wconf 86' lang='lat' dir='ltr'><strong>suntjuxta</strong></span> <span class='ocrx_word' id='word_1_539' title='bbox 3460 2806 3815 2875; x_wconf 65' lang='lat' dir='ltr'><strong>praeceptum</strong></span> 
     </span>
    </p>
   </div>
   <div class='ocr_carea' id='block_1_75' title="bbox 2167 2891 3819 2966">
    <p class='ocr_par' dir='ltr' id='par_1_75' title="bbox 2167 2891 3819 2966">
     <span class='ocr_line' id='line_1_75' title="bbox 2167 2891 3819 2966; baseline -0.005 -11"><span class='ocrx_word' id='word_1_540' title='bbox 2167 2900 2307 2955; x_wconf 84' lang='lat' dir='ltr'><strong>Mosi</strong></span> <span class='ocrx_word' id='word_1_541' title='bbox 2337 2898 2396 2953; x_wconf 93' lang='lat' dir='ltr'><strong>in</strong></span> <span class='ocrx_word' id='word_1_542' title='bbox 2429 2896 2789 2954; x_wconf 81' lang='lat' dir='ltr'><strong>caeremoniis</strong></span> <span class='ocrx_word' id='word_1_543' title='bbox 2813 2895 3144 2951; x_wconf 89' lang='lat' dir='ltr'><strong>Levitarum</strong></span> <span class='ocrx_word' id='word_1_544' title='bbox 3178 2911 3281 2966; x_wconf 82' lang='lat' dir='ltr'><strong>per</strong></span> <span class='ocrx_word' id='word_1_545' title='bbox 3301 2909 3539 2949; x_wconf 90' lang='lat' dir='ltr'><strong>manum</strong></span> <span class='ocrx_word' id='word_1_546' title='bbox 3561 2891 3819 2947; x_wconf 86' lang='lat' dir='ltr'><strong>Ithamar</strong></span> 
     </span>
    </p>
   </div>
   <div class='ocr_carea' id='block_1_76' title="bbox 2170 2978 3815 3055">
    <p class='ocr_par' dir='ltr' id='par_1_76' title="bbox 2170 2978 3815 3055">
     <span class='ocr_line' id='line_1_76' title="bbox 2170 2978 3815 3055; baseline -0.005 -12"><span class='ocrx_word' id='word_1_547' title='bbox 2170 2988 2271 3043; x_wconf 82' lang='lat' dir='ltr'><strong>filii</strong></span> <span class='ocrx_word' id='word_1_548' title='bbox 2295 2992 2487 3043; x_wconf 82' lang='lat' dir='ltr'><strong>Aaron</strong></span> <span class='ocrx_word' id='word_1_549' title='bbox 2519 2985 2874 3043; x_wconf 82' lang='lat' dir='ltr'><strong>sacerdotis:</strong></span> <span class='ocrx_word' id='word_1_550' title='bbox 2908 3001 3035 3055; x_wconf 70' lang='lat' dir='ltr'><strong>quae</strong></span> <span class='ocrx_word' id='word_1_551' title='bbox 3068 2982 3322 3040; x_wconf 86' lang='lat' dir='ltr'><strong>Beseleel</strong></span> <span class='ocrx_word' id='word_1_552' title='bbox 3352 2981 3508 3037; x_wconf 83' lang='lat' dir='ltr'><strong>ﬁlius</strong></span> <span class='ocrx_word' id='word_1_553' title='bbox 3556 2980 3655 3037; x_wconf 91' lang='lat' dir='ltr'><strong>Uri</strong></span> <span class='ocrx_word' id='word_1_554' title='bbox 3704 2978 3815 3035; x_wconf 87' lang='lat' dir='ltr'><strong>ﬁlii</strong></span> 
     </span>
    </p>
   </div>
   <div class='ocr_carea' id='block_1_77' title="bbox 2167 3070 3810 3141">
    <p class='ocr_par' dir='ltr' id='par_1_77' title="bbox 2167 3070 3810 3141">
     <span class='ocr_line' id='line_1_77' title="bbox 2167 3070 3810 3141; baseline -0.005 -8"><span class='ocrx_word' id='word_1_555' title='bbox 2167 3082 2293 3133; x_wconf 87' lang='lat' dir='ltr'><strong>Hur</strong></span> <span class='ocrx_word' id='word_1_556' title='bbox 2322 3077 2394 3132; x_wconf 91' lang='lat' dir='ltr'><strong>de</strong></span> <span class='ocrx_word' id='word_1_557' title='bbox 2415 3076 2569 3131; x_wconf 86' lang='lat' dir='ltr'><strong>tribu</strong></span> <span class='ocrx_word' id='word_1_558' title='bbox 2616 3075 2792 3141; x_wconf 89' lang='lat' dir='ltr'><strong>Juda,</strong></span> <span class='ocrx_word' id='word_1_559' title='bbox 2840 3073 3085 3129; x_wconf 91' lang='lat' dir='ltr'><strong>Domino</strong></span> <span class='ocrx_word' id='word_1_560' title='bbox 3137 3088 3237 3141; x_wconf 90' lang='lat' dir='ltr'><strong>per</strong></span> <span class='ocrx_word' id='word_1_561' title='bbox 3294 3071 3496 3129; x_wconf 88' lang='lat' dir='ltr'><strong>Mosen</strong></span> <span class='ocrx_word' id='word_1_562' title='bbox 3534 3070 3810 3141; x_wconf 84' lang='lat' dir='ltr'><strong>jubente,</strong></span> 
     </span>
    </p>
   </div>
   <div class='ocr_carea' id='block_1_78' title="bbox 2170 3157 3811 3237">
    <p class='ocr_par' dir='ltr' id='par_1_78' title="bbox 2170 3157 3811 3237">
     <span class='ocr_line' id='line_1_78' title="bbox 2170 3157 3811 3237; baseline -0.004 -16"><span class='ocrx_word' id='word_1_563' title='bbox 2170 3164 2790 3237; x_wconf 64' lang='lat' dir='ltr'><strong>compleveratJuncto</strong></span> <span class='ocrx_word' id='word_1_564' title='bbox 2804 3161 2915 3218; x_wconf 92' lang='lat' dir='ltr'><strong>sibi</strong></span> <span class='ocrx_word' id='word_1_565' title='bbox 2930 3161 3087 3218; x_wconf 91' lang='lat' dir='ltr'><strong>socio</strong></span> <span class='ocrx_word' id='word_1_566' title='bbox 3099 3160 3303 3216; x_wconf 89' lang='lat' dir='ltr'><strong>Ooliab</strong></span> <span class='ocrx_word' id='word_1_567' title='bbox 3318 3158 3437 3216; x_wconf 76' lang='lat' dir='ltr'><strong>tilio</strong></span> <span class='ocrx_word' id='word_1_568' title='bbox 3452 3157 3811 3215; x_wconf 86' lang='lat' dir='ltr'><strong>Abisamach</strong></span> 
     </span>
    </p>
   </div>
   <div class='ocr_carea' id='block_1_79' title="bbox 2171 3248 3815 3323">
    <p class='ocr_par' dir='ltr' id='par_1_79' title="bbox 2171 3248 3815 3323">
     <span class='ocr_line' id='line_1_79' title="bbox 2171 3248 3815 3323; baseline -0.005 -13"><span class='ocrx_word' id='word_1_569' title='bbox 2171 3256 2242 3310; x_wconf 92' lang='lat' dir='ltr'><strong>de</strong></span> <span class='ocrx_word' id='word_1_570' title='bbox 2271 3253 2426 3309; x_wconf 90' lang='lat' dir='ltr'><strong>tribu</strong></span> <span class='ocrx_word' id='word_1_571' title='bbox 2460 3252 2583 3308; x_wconf 88' lang='lat' dir='ltr'><strong>Dan</strong></span> <span class='ocrx_word' id='word_1_572' title='bbox 2618 3269 2631 3307; x_wconf 89' lang='lat'><strong>:</strong></span> <span class='ocrx_word' id='word_1_573' title='bbox 2666 3251 2765 3323; x_wconf 88' lang='lat' dir='ltr'><strong>qui</strong></span> <span class='ocrx_word' id='word_1_574' title='bbox 2796 3254 2853 3306; x_wconf 88' lang='lat' dir='ltr'><strong>et</strong></span> <span class='ocrx_word' id='word_1_575' title='bbox 2876 3250 3002 3323; x_wconf 90' lang='lat' dir='ltr'><strong>ipse</strong></span> <span class='ocrx_word' id='word_1_576' title='bbox 3042 3249 3250 3305; x_wconf 82' lang='lat' dir='ltr'><strong>artifex</strong></span> <span class='ocrx_word' id='word_1_577' title='bbox 3297 3248 3597 3321; x_wconf 90' lang='lat' dir='ltr'><strong>lignorum</strong></span> <span class='ocrx_word' id='word_1_578' title='bbox 3642 3262 3815 3318; x_wconf 81' lang='lat' dir='ltr'><strong>egre-</strong></span> 
     </span>
    </p>
   </div>
   <div class='ocr_carea' id='block_1_80' title="bbox 2171 3335 3825 3416">
    <p class='ocr_par' dir='ltr' id='par_1_80' title="bbox 2171 3335 3825 3416">
     <span class='ocr_line' id='line_1_80' title="bbox 2171 3335 3825 3416; baseline -0.003 -18"><span class='ocrx_word' id='word_1_579' title='bbox 2171 3344 2305 3416; x_wconf 92' lang='lat' dir='ltr'><strong>gius</strong></span> <span class='ocrx_word' id='word_1_580' title='bbox 2340 3342 2467 3411; x_wconf 83' lang='lat' dir='ltr'><strong>fuit,</strong></span> <span class='ocrx_word' id='word_1_581' title='bbox 2500 3346 2559 3397; x_wconf 92' lang='lat' dir='ltr'><strong>et</strong></span> <span class='ocrx_word' id='word_1_582' title='bbox 2589 3338 3002 3413; x_wconf 84' lang='lat' dir='ltr'><strong>polymitarius</strong></span> <span class='ocrx_word' id='word_1_583' title='bbox 3032 3342 3212 3411; x_wconf 88' lang='lat' dir='ltr'><strong>atque</strong></span> <span class='ocrx_word' id='word_1_584' title='bbox 3233 3337 3562 3411; x_wconf 88' lang='lat' dir='ltr'><strong>plumarius</strong></span> <span class='ocrx_word' id='word_1_585' title='bbox 3591 3353 3661 3391; x_wconf 82' lang='lat' dir='ltr'><strong>ex</strong></span> <span class='ocrx_word' id='word_1_586' title='bbox 3681 3335 3825 3408; x_wconf 86' lang='lat' dir='ltr'><strong>hya-</strong></span> 
     </span>
    </p>
   </div>
   <div class='ocr_carea' id='block_1_81' title="bbox 2171 3424 3823 3503">
    <p class='ocr_par' dir='ltr' id='par_1_81' title="bbox 2171 3424 3823 3503">
     <span class='ocr_line' id='line_1_81' title="bbox 2171 3424 3823 3503; baseline -0.005 -15"><span class='ocrx_word' id='word_1_587' title='bbox 2171 3431 2391 3501; x_wconf 91' lang='lat' dir='ltr'><strong>cintho,</strong></span> <span class='ocrx_word' id='word_1_588' title='bbox 2424 3434 2481 3486; x_wconf 91' lang='lat' dir='ltr'><strong>et</strong></span> <span class='ocrx_word' id='word_1_589' title='bbox 2511 3446 2772 3503; x_wconf 90' lang='lat' dir='ltr'><strong>purpura</strong></span> <span class='ocrx_word' id='word_1_590' title='bbox 2802 3426 3122 3485; x_wconf 90' lang='lat' dir='ltr'><strong>vermiculo</strong></span> <span class='ocrx_word' id='word_1_591' title='bbox 3150 3432 3207 3483; x_wconf 92' lang='lat' dir='ltr'><strong>et</strong></span> <span class='ocrx_word' id='word_1_592' title='bbox 3234 3427 3431 3498; x_wconf 91' lang='lat' dir='ltr'><strong>bysso.</strong></span> <span class='ocrx_word' id='word_1_593' title='bbox 3488 3424 3664 3481; x_wconf 90' lang='lat' dir='ltr'><strong>Omne</strong></span> <span class='ocrx_word' id='word_1_594' title='bbox 3710 3440 3823 3479; x_wconf 89' lang='lat' dir='ltr'><strong>au-</strong></span> 
     </span>
    </p>
   </div>
   <div class='ocr_carea' id='block_1_82' title="bbox 2172 3514 3819 3592">
    <p class='ocr_par' dir='ltr' id='par_1_82' title="bbox 2172 3514 3819 3592">
     <span class='ocr_line' id='line_1_82' title="bbox 2172 3514 3819 3592; baseline -0.005 -15"><span class='ocrx_word' id='word_1_595' title='bbox 2172 3538 2301 3578; x_wconf 90' lang='lat' dir='ltr'><strong>rum</strong></span> <span class='ocrx_word' id='word_1_596' title='bbox 2320 3519 2475 3592; x_wconf 90' lang='lat' dir='ltr'><strong>quod</strong></span> <span class='ocrx_word' id='word_1_597' title='bbox 2502 3533 2825 3592; x_wconf 81' lang='lat' dir='ltr'><strong>expensum</strong></span> <span class='ocrx_word' id='word_1_598' title='bbox 2842 3521 2932 3573; x_wconf 90' lang='lat' dir='ltr'><strong>est</strong></span> <span class='ocrx_word' id='word_1_599' title='bbox 2950 3516 3009 3571; x_wconf 93' lang='lat' dir='ltr'><strong>in</strong></span> <span class='ocrx_word' id='word_1_600' title='bbox 3025 3532 3196 3588; x_wconf 89' lang='lat' dir='ltr'><strong>opere</strong></span> <span class='ocrx_word' id='word_1_601' title='bbox 3210 3514 3555 3584; x_wconf 86' lang='lat' dir='ltr'><strong>sanctuarii,</strong></span> <span class='ocrx_word' id='word_1_602' title='bbox 3578 3518 3636 3570; x_wconf 92' lang='lat' dir='ltr'><strong>et</strong></span> <span class='ocrx_word' id='word_1_603' title='bbox 3654 3514 3819 3585; x_wconf 89' lang='lat' dir='ltr'><strong>quod</strong></span> 
     </span>
    </p>
   </div>
   <div class='ocr_carea' id='block_1_83' title="bbox 2170 3602 3817 3678">
    <p class='ocr_par' dir='ltr' id='par_1_83' title="bbox 2170 3602 3817 3678">
     <span class='ocr_line' id='line_1_83' title="bbox 2170 3602 3817 3678; baseline -0.005 -11"><span class='ocrx_word' id='word_1_604' title='bbox 2170 3610 2426 3668; x_wconf 82' lang='lat' dir='ltr'><strong>oblatum</strong></span> <span class='ocrx_word' id='word_1_605' title='bbox 2451 3613 2539 3664; x_wconf 89' lang='lat' dir='ltr'><strong>est</strong></span> <span class='ocrx_word' id='word_1_606' title='bbox 2566 3607 2627 3663; x_wconf 91' lang='lat' dir='ltr'><strong>in</strong></span> <span class='ocrx_word' id='word_1_607' title='bbox 2658 3605 2938 3673; x_wconf 87' lang='lat' dir='ltr'><strong>donariis,</strong></span> <span class='ocrx_word' id='word_1_608' title='bbox 2965 3603 3172 3678; x_wconf 90' lang='lat' dir='ltr'><strong>viginti</strong></span> <span class='ocrx_word' id='word_1_609' title='bbox 3202 3620 3404 3661; x_wconf 89' lang='lat' dir='ltr'><strong>novem</strong></span> <span class='ocrx_word' id='word_1_610' title='bbox 3454 3602 3817 3660; x_wconf 88' lang='lat' dir='ltr'><strong>talentorum</strong></span> 
     </span>
    </p>
   </div>
   <div class='ocr_carea' id='block_1_84' title="bbox 2174 3692 3828 3769">
    <p class='ocr_par' dir='ltr' id='par_1_84' title="bbox 2174 3692 3828 3769">
     <span class='ocr_line' id='line_1_84' title="bbox 2174 3692 3828 3769; baseline -0.004 -14"><span class='ocrx_word' id='word_1_611' title='bbox 2174 3700 2303 3764; x_wconf 82' lang='lat' dir='ltr'><strong>fuit,</strong></span> <span class='ocrx_word' id='word_1_612' title='bbox 2335 3702 2392 3755; x_wconf 91' lang='lat' dir='ltr'><strong>et</strong></span> <span class='ocrx_word' id='word_1_613' title='bbox 2423 3697 2926 3769; x_wconf 88' lang='lat' dir='ltr'><strong>septingentorum</strong></span> <span class='ocrx_word' id='word_1_614' title='bbox 2957 3693 3198 3765; x_wconf 86' lang='lat' dir='ltr'><strong>triginta</strong></span> <span class='ocrx_word' id='word_1_615' title='bbox 3228 3692 3530 3758; x_wconf 88' lang='lat' dir='ltr'><strong>siclorum,</strong></span> <span class='ocrx_word' id='word_1_616' title='bbox 3560 3692 3632 3748; x_wconf 89' lang='lat' dir='ltr'><strong>ad</strong></span> <span class='ocrx_word' id='word_1_617' title='bbox 3657 3706 3828 3748; x_wconf 85' lang='lat' dir='ltr'><strong>men-</strong></span> 
     </span>
    </p>
   </div>
   <div class='ocr_carea' id='block_1_85' title="bbox 2172 3780 3825 3854">
    <p class='ocr_par' dir='ltr' id='par_1_85' title="bbox 2172 3780 3825 3854">
     <span class='ocr_line' id='line_1_85' title="bbox 2172 3780 3825 3854; baseline -0.006 -9"><span class='ocrx_word' id='word_1_618' title='bbox 2172 3804 2372 3845; x_wconf 90' lang='lat' dir='ltr'><strong>suram</strong></span> <span class='ocrx_word' id='word_1_619' title='bbox 2402 3784 2743 3843; x_wconf 87' lang='lat' dir='ltr'><strong>sanctuarii.</strong></span> <span class='ocrx_word' id='word_1_620' title='bbox 2768 3783 3063 3839; x_wconf 88' lang='lat' dir='ltr'><strong>Numerus</strong></span> <span class='ocrx_word' id='word_1_621' title='bbox 3075 3787 3273 3839; x_wconf 88' lang='lat' dir='ltr'><strong>autem</strong></span> <span class='ocrx_word' id='word_1_622' title='bbox 3293 3780 3517 3854; x_wconf 88' lang='lat' dir='ltr'><strong>argenti</strong></span> <span class='ocrx_word' id='word_1_623' title='bbox 3538 3781 3611 3837; x_wconf 87' lang='lat' dir='ltr'><strong>de</strong></span> <span class='ocrx_word' id='word_1_624' title='bbox 3632 3781 3825 3836; x_wconf 86' lang='lat' dir='ltr'><strong>dona-</strong></span> 
     </span>
    </p>
   </div>
   <div class='ocr_carea' id='block_1_86' title="bbox 2173 3870 3828 3949">
    <p class='ocr_par' dir='ltr' id='par_1_86' title="bbox 2173 3870 3828 3949">
     <span class='ocr_line' id='line_1_86' title="bbox 2173 3870 3828 3949; baseline -0.005 -16"><span class='ocrx_word' id='word_1_625' title='bbox 2173 3877 2274 3933; x_wconf 88' lang='lat' dir='ltr'><strong>riis</strong></span> <span class='ocrx_word' id='word_1_626' title='bbox 2307 3875 2504 3949; x_wconf 92' lang='lat' dir='ltr'><strong>populi</strong></span> <span class='ocrx_word' id='word_1_627' title='bbox 2525 3878 2762 3930; x_wconf 85' lang='lat' dir='ltr'><strong>centum</strong></span> <span class='ocrx_word' id='word_1_628' title='bbox 2778 3871 3139 3928; x_wconf 89' lang='lat' dir='ltr'><strong>talentorum</strong></span> <span class='ocrx_word' id='word_1_629' title='bbox 3162 3877 3219 3927; x_wconf 91' lang='lat' dir='ltr'><strong>et</strong></span> <span class='ocrx_word' id='word_1_630' title='bbox 3236 3870 3396 3927; x_wconf 87' lang='lat' dir='ltr'><strong>mille</strong></span> <span class='ocrx_word' id='word_1_631' title='bbox 3420 3870 3828 3942; x_wconf 86' lang='lat' dir='ltr'><strong>septingento-</strong></span> 
     </span>
    </p>
   </div>
   <div class='ocr_carea' id='block_1_87' title="bbox 2172 3960 3820 4036">
    <p class='ocr_par' dir='ltr' id='par_1_87' title="bbox 2172 3960 3820 4036">
     <span class='ocr_line' id='line_1_87' title="bbox 2172 3960 3820 4036; baseline -0.004 -14"><span class='ocrx_word' id='word_1_632' title='bbox 2172 3983 2301 4022; x_wconf 91' lang='lat' dir='ltr'><strong>rum</strong></span> <span class='ocrx_word' id='word_1_633' title='bbox 2335 3964 2711 4036; x_wconf 82' lang='lat' dir='ltr'><strong>septuaginta</strong></span> <span class='ocrx_word' id='word_1_634' title='bbox 2742 3962 3006 4034; x_wconf 88' lang='lat' dir='ltr'><strong>quinque</strong></span> <span class='ocrx_word' id='word_1_635' title='bbox 3044 3960 3322 4017; x_wconf 89' lang='lat' dir='ltr'><strong>siclorum</strong></span> <span class='ocrx_word' id='word_1_636' title='bbox 3354 3960 3425 4016; x_wconf 92' lang='lat' dir='ltr'><strong>ad</strong></span> <span class='ocrx_word' id='word_1_637' title='bbox 3473 3974 3820 4015; x_wconf 86' lang='lat' dir='ltr'><strong>mensuram</strong></span> 
     </span>
    </p>
   </div>
   <div class='ocr_carea' id='block_1_88' title="bbox 2172 4047 3822 4123">
    <p class='ocr_par' dir='ltr' id='par_1_88' title="bbox 2172 4047 3822 4123">
     <span class='ocr_line' id='line_1_88' title="bbox 2172 4047 3822 4123; baseline -0.005 -12"><span class='ocrx_word' id='word_1_638' title='bbox 2172 4053 2497 4112; x_wconf 91' lang='lat' dir='ltr'><strong>sanctuarii</strong></span> <span class='ocrx_word' id='word_1_639' title='bbox 2530 4052 2794 4108; x_wconf 88' lang='lat' dir='ltr'><strong>medium</strong></span> <span class='ocrx_word' id='word_1_640' title='bbox 2827 4050 3037 4107; x_wconf 90' lang='lat' dir='ltr'><strong>siclum</strong></span> <span class='ocrx_word' id='word_1_641' title='bbox 3062 4067 3165 4123; x_wconf 90' lang='lat' dir='ltr'><strong>per</strong></span> <span class='ocrx_word' id='word_1_642' title='bbox 3194 4050 3389 4122; x_wconf 88' lang='lat' dir='ltr'><strong>capita</strong></span> <span class='ocrx_word' id='word_1_643' title='bbox 3419 4047 3822 4120; x_wconf 90' lang='lat' dir='ltr'><strong>singulorum.</strong></span> 
     </span>
    </p>
   </div>
   <div class='ocr_carea' id='block_1_89' title="bbox 2171 4136 3827 4210">
    <p class='ocr_par' dir='ltr' id='par_1_89' title="bbox 2171 4136 3827 4210">
     <span class='ocr_line' id='line_1_89' title="bbox 2171 4136 3827 4210; baseline -0.005 -11"><span class='ocrx_word' id='word_1_644' title='bbox 2171 4142 2445 4200; x_wconf 91' lang='lat' dir='ltr'><strong>Oblatum</strong></span> <span class='ocrx_word' id='word_1_645' title='bbox 2478 4144 2568 4197; x_wconf 90' lang='lat' dir='ltr'><strong>est</strong></span> <span class='ocrx_word' id='word_1_646' title='bbox 2597 4143 2797 4197; x_wconf 89' lang='lat' dir='ltr'><strong>autem</strong></span> <span class='ocrx_word' id='word_1_647' title='bbox 2829 4139 2901 4194; x_wconf 90' lang='lat' dir='ltr'><strong>ab</strong></span> <span class='ocrx_word' id='word_1_648' title='bbox 2932 4138 3024 4194; x_wconf 92' lang='lat' dir='ltr'><strong>his</strong></span> <span class='ocrx_word' id='word_1_649' title='bbox 3055 4138 3156 4210; x_wconf 90' lang='lat' dir='ltr'><strong>qui</strong></span> <span class='ocrx_word' id='word_1_650' title='bbox 3188 4136 3550 4193; x_wconf 88' lang='lat' dir='ltr'><strong>transierunt</strong></span> <span class='ocrx_word' id='word_1_651' title='bbox 3581 4136 3651 4191; x_wconf 86' lang='lat' dir='ltr'><strong>ad</strong></span> <span class='ocrx_word' id='word_1_652' title='bbox 3705 4151 3827 4190; x_wconf 87' lang='lat' dir='ltr'><strong>nu-</strong></span> 
     </span>
    </p>
   </div>
   <div class='ocr_carea' id='block_1_90' title="bbox 2174 4224 3830 4303">
    <p class='ocr_par' dir='ltr' id='par_1_90' title="bbox 2174 4224 3830 4303">
     <span class='ocr_line' id='line_1_90' title="bbox 2174 4224 3830 4303; baseline -0.005 -15"><span class='ocrx_word' id='word_1_653' title='bbox 2174 4248 2398 4288; x_wconf 89' lang='lat' dir='ltr'><strong>merum</strong></span> <span class='ocrx_word' id='word_1_654' title='bbox 2430 4248 2465 4287; x_wconf 90' lang='lat' dir='ltr'><strong>a</strong></span> <span class='ocrx_word' id='word_1_655' title='bbox 2493 4228 2700 4303; x_wconf 90' lang='lat' dir='ltr'><strong>viginti</strong></span> <span class='ocrx_word' id='word_1_656' title='bbox 2726 4228 2968 4284; x_wconf 90' lang='lat' dir='ltr'><strong>anniset</strong></span> <span class='ocrx_word' id='word_1_657' title='bbox 2992 4244 3195 4299; x_wconf 89' lang='lat' dir='ltr'><strong>supra,</strong></span> <span class='ocrx_word' id='word_1_658' title='bbox 3218 4228 3291 4283; x_wconf 88' lang='lat' dir='ltr'><strong>de</strong></span> <span class='ocrx_word' id='word_1_659' title='bbox 3311 4224 3603 4283; x_wconf 84' lang='lat' dir='ltr'><strong>sexcentis</strong></span> <span class='ocrx_word' id='word_1_660' title='bbox 3620 4224 3830 4280; x_wconf 84' lang='lat' dir='ltr'><strong>tribus</strong></span> 
     </span>
    </p>
   </div>
   <div class='ocr_carea' id='block_1_91' title="bbox 2174 4315 3925 4389">
    <p class='ocr_par' dir='ltr' id='par_1_91' title="bbox 2174 4315 3925 4389">
     <span class='ocr_line' id='line_1_91' title="bbox 2174 4315 3925 4389; baseline -0.005 -13"><span class='ocrx_word' id='word_1_661' title='bbox 2174 4320 2439 4377; x_wconf 90' lang='lat' dir='ltr'><strong>millibus</strong></span> <span class='ocrx_word' id='word_1_662' title='bbox 2469 4323 2526 4375; x_wconf 89' lang='lat' dir='ltr'><strong>et</strong></span> <span class='ocrx_word' id='word_1_663' title='bbox 2573 4317 2917 4389; x_wconf 85' lang='lat' dir='ltr'><strong>quingentis</strong></span> <span class='ocrx_word' id='word_1_664' title='bbox 2950 4315 3388 4389; x_wconf 89' lang='lat' dir='ltr'><strong>quinquaginta</strong></span> <span class='ocrx_word' id='word_1_665' title='bbox 3435 4318 3830 4371; x_wconf 87' lang='lat' dir='ltr'><strong>armatorum.</strong></span> <span class='ocrx_word' id='word_1_666' title='bbox 3920 4364 3925 4367; x_wconf 85' lang='lat'>_</span> 
     </span>
    </p>
   </div>
   <div class='ocr_carea' id='block_1_92' title="bbox 2173 4402 3834 4480">
    <p class='ocr_par' dir='ltr' id='par_1_92' title="bbox 2173 4402 3834 4480">
     <span class='ocr_line' id='line_1_92' title="bbox 2173 4402 3834 4480; baseline -0.005 -13"><span class='ocrx_word' id='word_1_667' title='bbox 2173 4411 2433 4467; x_wconf 88' lang='lat' dir='ltr'><strong>Fuerunt</strong></span> <span class='ocrx_word' id='word_1_668' title='bbox 2463 4411 2738 4480; x_wconf 72' lang='lat' dir='ltr'><strong>praeterea</strong></span> <span class='ocrx_word' id='word_1_669' title='bbox 2767 4410 3001 4463; x_wconf 90' lang='lat' dir='ltr'><strong>centum</strong></span> <span class='ocrx_word' id='word_1_670' title='bbox 3036 4407 3259 4461; x_wconf 88' lang='lat' dir='ltr'><strong>talenta</strong></span> <span class='ocrx_word' id='word_1_671' title='bbox 3275 4403 3523 4477; x_wconf 89' lang='lat' dir='ltr'><strong>argenti,</strong></span> <span class='ocrx_word' id='word_1_672' title='bbox 3550 4420 3581 4459; x_wconf 91' lang='lat' dir='ltr'><strong>e</strong></span> <span class='ocrx_word' id='word_1_673' title='bbox 3602 4402 3834 4474; x_wconf 84' lang='lat' dir='ltr'><strong>quibus</strong></span> 
     </span>
    </p>
   </div>
   <div class='ocr_carea' id='block_1_93' title="bbox 2173 4492 3835 4565">
    <p class='ocr_par' dir='ltr' id='par_1_93' title="bbox 2173 4492 3835 4565">
     <span class='ocr_line' id='line_1_93' title="bbox 2173 4492 3835 4565; baseline -0.004 -11"><span class='ocrx_word' id='word_1_674' title='bbox 2173 4498 2439 4555; x_wconf 66' lang='lat' dir='ltr'><strong>conflatm</strong></span> <span class='ocrx_word' id='word_1_675' title='bbox 2467 4500 2609 4553; x_wconf 90' lang='lat' dir='ltr'><strong>sunt</strong></span> <span class='ocrx_word' id='word_1_676' title='bbox 2634 4497 2807 4553; x_wconf 88' lang='lat' dir='ltr'><strong>bases</strong></span> <span class='ocrx_word' id='word_1_677' title='bbox 2840 4494 3183 4565; x_wconf 84' lang='lat' dir='ltr'><strong>sanctuarii,</strong></span> <span class='ocrx_word' id='word_1_678' title='bbox 3216 4498 3274 4551; x_wconf 91' lang='lat' dir='ltr'><strong>et</strong></span> <span class='ocrx_word' id='word_1_679' title='bbox 3306 4493 3581 4550; x_wconf 90' lang='lat' dir='ltr'><strong>introitus</strong></span> <span class='ocrx_word' id='word_1_680' title='bbox 3602 4492 3701 4547; x_wconf 92' lang='lat' dir='ltr'><strong>ubi</strong></span> <span class='ocrx_word' id='word_1_681' title='bbox 3723 4507 3835 4548; x_wconf 84' lang='lat' dir='ltr'><strong>ve-</strong></span> 
     </span>
    </p>
   </div>
   <div class='ocr_carea' id='block_1_94' title="bbox 411 4576 3834 4659">
    <p class='ocr_par' dir='ltr' id='par_1_94' title="bbox 411 4576 3834 4659">
     <span class='ocr_line' id='line_1_94' title="bbox 411 4576 3834 4659; baseline 0.002 -28"><span class='ocrx_word' id='word_1_682' title='bbox 411 4576 670 4635; x_wconf 89' lang='lat' dir='ltr'><strong>bitorum</strong></span> <span class='ocrx_word' id='word_1_683' title='bbox 702 4583 962 4650; x_wconf 89' lang='lat' dir='ltr'><strong>centum,</strong></span> <span class='ocrx_word' id='word_1_684' title='bbox 995 4580 1284 4639; x_wconf 62' lang='lat' dir='ltr'><strong>columns)</strong></span> <span class='ocrx_word' id='word_1_685' title='bbox 1306 4600 1475 4641; x_wconf 65' lang='lat' dir='ltr'><strong>anes:</strong></span> <span class='ocrx_word' id='word_1_686' title='bbox 1506 4585 1715 4658; x_wconf 89' lang='lat' dir='ltr'><strong>viginti</strong></span> <span class='ocrx_word' id='word_1_687' title='bbox 1749 4603 1885 4643; x_wconf 91' lang='lat' dir='ltr'><strong>cum</strong></span> <span class='ocrx_word' id='word_1_688' title='bbox 1906 4585 2061 4643; x_wconf 87' lang='lat' dir='ltr'><strong>basi-</strong></span> <span class='ocrx_word' id='word_1_689' title='bbox 2092 4581 2136 4645; x_wconf 87' lang='grc' dir='ltr'><strong>Ι)</strong></span> <span class='ocrx_word' id='word_1_690' title='bbox 2168 4588 2291 4644; x_wconf 92' lang='lat' dir='ltr'><strong>lum</strong></span> <span class='ocrx_word' id='word_1_691' title='bbox 2324 4586 2556 4659; x_wconf 88' lang='lat' dir='ltr'><strong>pendet.</strong></span> <span class='ocrx_word' id='word_1_692' title='bbox 2589 4588 2833 4642; x_wconf 89' lang='lat' dir='ltr'><strong>Centum</strong></span> <span class='ocrx_word' id='word_1_693' title='bbox 2866 4584 3035 4641; x_wconf 89' lang='lat' dir='ltr'><strong>bases</strong></span> <span class='ocrx_word' id='word_1_694' title='bbox 3088 4583 3250 4640; x_wconf 65' lang='lat' dir='ltr'><strong>facta:</strong></span> <span class='ocrx_word' id='word_1_695' title='bbox 3301 4587 3443 4639; x_wconf 90' lang='lat' dir='ltr'><strong>sunt</strong></span> <span class='ocrx_word' id='word_1_696' title='bbox 3480 4582 3553 4638; x_wconf 91' lang='lat' dir='ltr'><strong>de</strong></span> <span class='ocrx_word' id='word_1_697' title='bbox 3581 4580 3834 4639; x_wconf 87' lang='lat' dir='ltr'><strong>talentis</strong></span> 
     </span>
    </p>
   </div>
   <div class='ocr_carea' id='block_1_95' title="bbox 487 4756 2058 4889">
    <p class='ocr_par' dir='ltr' id='par_1_95' title="bbox 487 4756 2058 4889">
     <span class='ocr_line' id='line_1_95' title="bbox 487 4756 2058 4889; baseline 0.005 -77"><span class='ocrx_word' id='word_1_698' title='bbox 487 4758 504 4792; x_wconf 87' lang='grc'>¹</span> <span class='ocrx_word' id='word_1_699' title='bbox 540 4756 698 4813; x_wconf 87' lang='lat' dir='ltr'><strong>Libri</strong></span> <span class='ocrx_word' id='word_1_700' title='bbox 734 4774 878 4815; x_wconf 90' lang='lat' dir='ltr'><strong>mss.</strong></span> <span class='ocrx_word' id='word_1_701' title='bbox 910 4758 1108 4832; x_wconf 90' lang='lat' dir='ltr'><strong>plures</strong></span> <span class='ocrx_word' id='word_1_702' title='bbox 1138 4759 1233 4818; x_wconf 90' lang='lat' dir='ltr'><strong>hic</strong></span> <span class='ocrx_word' id='word_1_703' title='bbox 1266 4762 1489 4889; x_wconf 52' lang='lat' dir='ltr'><strong>legunt,</strong></span> <span class='ocrx_word' id='word_1_704' title='bbox 1522 4765 1595 4819; x_wconf 81' lang='lat' dir='ltr'><em>El</em></span> <span class='ocrx_word' id='word_1_705' title='bbox 1624 4764 1807 4840; x_wconf 60' lang='lat' dir='ltr'><strong>capita</strong></span> <span class='ocrx_word' id='word_1_706' title='bbox 1849 4767 2058 4820; x_wconf 83' lang='lat' dir='ltr'><strong>colum-</strong></span> 
     </span>
     <span class='ocr_line' id='line_1_96' title="bbox 487 4828 2058 4889; baseline 0.003 -5"><span class='ocrx_word' id='word_1_707' title='bbox 487 4845 619 4884; x_wconf 19' lang='lat' dir='ltr'><strong>‘rum</strong></span> <span class='ocrx_word' id='word_1_708' title='bbox 648 4828 881 4887; x_wconf 67' lang='lat' dir='ltr'><strong>cmlatea</strong></span> <span class='ocrx_word' id='word_1_709' title='bbox 919 4842 1179 4889; x_wconf 77' lang='lat' dir='ltr'><strong>araenIea</strong></span> <span class='ocrx_word' id='word_1_710' title='bbox 1204 4851 1225 4889; x_wconf 86' lang='lat'><strong><em>:</em></strong></span> <span class='ocrx_word' id='word_1_711' title='bbox 1257 4850 1318 4889; x_wconf 92' lang='lat' dir='ltr'><strong>se</strong></span> <span class='ocrx_word' id='word_1_712' title='bbox 1398 4833 1571 4889; x_wconf 72' lang='lat' dir='ltr'><strong>longe</strong></span> <span class='ocrx_word' id='word_1_713' title='bbox 1604 4840 1844 4889; x_wconf 74' lang='lat' dir='ltr'><strong>nrazstat</strong></span> <span class='ocrx_word' id='word_1_714' title='bbox 1873 4837 2058 4889; x_wconf 87' lang='lat' dir='ltr'><strong>edito-</strong></span> 
     </span>
    </p>
   </div>
   <div class='ocr_carea' id='block_1_96' title="bbox 412 4828 2062 4908">
    <p class='ocr_par' dir='ltr' id='par_1_96' title="bbox 412 4828 2062 4908">
     <span class='ocr_line' id='line_1_97' title="bbox 412 4828 2062 4908; baseline 0.005 -25"><span class='ocrx_word' id='word_1_715' title='bbox 412 4845 619 4908; x_wconf 78' lang='lat' dir='ltr'><strong>narum</strong></span> <span class='ocrx_word' id='word_1_716' title='bbox 648 4828 881 4908; x_wconf 51' lang='lat' dir='ltr'><strong>ccrlatea</strong></span> <span class='ocrx_word' id='word_1_717' title='bbox 911 4828 1179 4908; x_wconf 66' lang='lat' dir='ltr'><strong>argentea</strong></span> <span class='ocrx_word' id='word_1_718' title='bbox 1203 4828 1357 4908; x_wconf 81' lang='lat' dir='ltr'><strong>;_sed</strong></span> <span class='ocrx_word' id='word_1_719' title='bbox 1398 4828 1571 4908; x_wconf 77' lang='lat' dir='ltr'><strong>longe</strong></span> <span class='ocrx_word' id='word_1_720' title='bbox 1604 4828 1844 4908; x_wconf 60' lang='lat' dir='ltr'><strong>praestat</strong></span> <span class='ocrx_word' id='word_1_721' title='bbox 1873 4837 2062 4891; x_wconf 92' lang='lat' dir='ltr'><strong>edito-</strong></span> 
     </span>
    </p>
   </div>
   <div class='ocr_carea' id='block_1_97' title="bbox 417 4902 2062 4973">
    <p class='ocr_par' dir='ltr' id='par_1_97' title="bbox 417 4902 2062 4973">
     <span class='ocr_line' id='line_1_98' title="bbox 417 4902 2062 4973; baseline 0.005 -18"><span class='ocrx_word' id='word_1_722' title='bbox 417 4917 546 4973; x_wconf 86' lang='lat' dir='ltr'><strong>rum</strong></span> <span class='ocrx_word' id='word_1_723' title='bbox 573 4906 630 4957; x_wconf 89' lang='lat' dir='ltr'><strong>et</strong></span> <span class='ocrx_word' id='word_1_724' title='bbox 659 4902 908 4958; x_wconf 89' lang='lat' dir='ltr'><strong>aliorum</strong></span> <span class='ocrx_word' id='word_1_725' title='bbox 936 4902 1080 4959; x_wconf 84' lang='lat' dir='ltr'><strong>mss.</strong></span> <span class='ocrx_word' id='word_1_726' title='bbox 1114 4904 1308 4973; x_wconf 88' lang='lat' dir='ltr'><strong>lectio,</strong></span> <span class='ocrx_word' id='word_1_727' title='bbox 1351 4909 1417 4961; x_wconf 90' lang='lat' dir='ltr'><strong>ut</strong></span> <span class='ocrx_word' id='word_1_728' title='bbox 1448 4902 1648 4962; x_wconf 70' lang='lat' dir='ltr'><strong>videre</strong></span> <span class='ocrx_word' id='word_1_729' title='bbox 1693 4912 1782 4963; x_wconf 89' lang='lat' dir='ltr'><strong>est</strong></span> <span class='ocrx_word' id='word_1_730' title='bbox 1829 4924 1899 4963; x_wconf 78' lang='lat' dir='ltr'><strong>ex</strong></span> <span class='ocrx_word' id='word_1_731' title='bbox 1948 4909 2062 4963; x_wconf 91' lang='lat' dir='ltr'><strong>isto</strong></span> 
     </span>
    </p>
   </div>
   <div class='ocr_carea' id='block_1_98' title="bbox 416 4971 2065 5055">
    <p class='ocr_par' dir='ltr' id='par_1_98' title="bbox 416 4971 2065 5055">
     <span class='ocr_line' id='line_1_99' title="bbox 416 4971 2065 5055; baseline 0.004 -27"><span class='ocrx_word' id='word_1_732' title='bbox 416 4971 605 5055; x_wconf 77' lang='lat' dir='ltr'><strong>capite</strong></span> <span class='ocrx_word' id='word_1_733' title='bbox 652 4989 888 5055; x_wconf 63' lang='lat' dir='ltr'><strong>xxxvu},</strong></span> <span class='ocrx_word' id='word_1_734' title='bbox 944 4976 1200 5055; x_wconf 66' lang='lat' dir='ltr'><strong>vers._tO</strong></span> <span class='ocrx_word' id='word_1_735' title='bbox 1242 4971 1301 5032; x_wconf 87' lang='lat' dir='ltr'><strong>et</strong></span> <span class='ocrx_word' id='word_1_736' title='bbox 1356 4978 1445 5044; x_wconf 90' lang='grc'><strong>17,</strong></span> <span class='ocrx_word' id='word_1_737' title='bbox 1479 4978 1580 5033; x_wconf 90' lang='lat' dir='ltr'><strong>ubi</strong></span> <span class='ocrx_word' id='word_1_738' title='bbox 1636 4980 1840 5035; x_wconf 89' lang='lat' dir='ltr'><strong>eadem</strong></span> <span class='ocrx_word' id='word_1_739' title='bbox 1890 4980 2065 5036; x_wconf 88' lang='lat' dir='ltr'><strong>verba</strong></span> 
     </span>
    </p>
   </div>
   <div class='ocr_carea' id='block_1_99' title="bbox 417 5047 1286 5116">
    <p class='ocr_par' dir='ltr' id='par_1_99' title="bbox 417 5047 1286 5116">
     <span class='ocr_line' id='line_1_100' title="bbox 417 5047 1286 5116; baseline 0.003 -16"><span class='ocrx_word' id='word_1_740' title='bbox 417 5047 640 5116; x_wconf 78' lang='lat' dir='ltr'><strong>scripta</strong></span> <span class='ocrx_word' id='word_1_741' title='bbox 670 5047 1060 5116; x_wconf 89' lang='lat' dir='ltr'><strong>reperiuntur.</strong></span> <span class='ocrx_word' id='word_1_742' title='bbox 1097 5047 1286 5103; x_wconf 66' lang='lat' dir='ltr'><strong>Maa&#39;r.</strong></span> 
     </span>
    </p>
   </div>
   <div class='ocr_carea' id='block_1_100' title="bbox 488 5115 2063 5195">
    <p class='ocr_par' dir='ltr' id='par_1_100' title="bbox 488 5115 2063 5195">
     <span class='ocr_line' id='line_1_101' title="bbox 488 5115 2063 5195; baseline 0.005 -25"><span class='ocrx_word' id='word_1_743' title='bbox 488 5115 557 5195; x_wconf 60' lang='grc' dir='ltr'><strong>τ-ὲ</strong></span> <span class='ocrx_word' id='word_1_744' title='bbox 586 5115 776 5172; x_wconf 82' lang='lat' dir='ltr'><strong>Verba</strong></span> <span class='ocrx_word' id='word_1_745' title='bbox 804 5120 983 5195; x_wconf 54' lang='lat' dir='ltr'><strong>etram</strong></span> <span class='ocrx_word' id='word_1_746' title='bbox 995 5120 1488 5195; x_wconf 54' lang='grc' dir='ltr'><strong>οραςνῐίι’ᾳειαίιιναἶ</strong></span> <span class='ocrx_word' id='word_1_747' title='bbox 1510 5120 1757 5195; x_wconf 87' lang='lat' dir='ltr'><strong>Urbinas</strong></span> <span class='ocrx_word' id='word_1_748' title='bbox 1776 5121 2063 5195; x_wconf 87' lang='lat' dir='ltr'><strong>ms.igno-</strong></span> 
     </span>
    </p>
   </div>
   <div class='ocr_carea' id='block_1_101' title="bbox 418 5136 2066 5261">
    <p class='ocr_par' dir='ltr' id='par_1_101' title="bbox 418 5136 2066 5261">
     <span class='ocr_line' id='line_1_102' title="bbox 488 5136 2063 5246; baseline 0.006 -77"><span class='ocrx_word' id='word_1_749' title='bbox 488 5146 557 5156; x_wconf 90' lang='lat'><strong>-—</strong></span> <span class='ocrx_word' id='word_1_750' title='bbox 597 5136 776 5172; x_wconf 85' lang='lat' dir='ltr'><strong>verna</strong></span> <span class='ocrx_word' id='word_1_751' title='bbox 804 5136 1175 5246; x_wconf 54' lang='lat' dir='ltr'><strong>euocaogerzs</strong></span> <span class='ocrx_word' id='word_1_752' title='bbox 1195 5136 1486 5177; x_wconf 68' lang='lat' dir='ltr'><strong>castamra.</strong></span> <span class='ocrx_word' id='word_1_753' title='bbox 1515 5136 1757 5177; x_wconf 80' lang='lat' dir='ltr'><strong>Uruiuas</strong></span> <span class='ocrx_word' id='word_1_754' title='bbox 1776 5138 2063 5195; x_wconf 61' lang='lat' dir='ltr'><strong>msngno-</strong></span> 
     </span>
     <span class='ocr_line' id='line_1_103' title="bbox 418 5189 2066 5261; baseline 0.005 -20"><span class='ocrx_word' id='word_1_755' title='bbox 418 5192 531 5261; x_wconf 83' lang='lat' dir='ltr'><strong>rat,</strong></span> <span class='ocrx_word' id='word_1_756' title='bbox 570 5204 793 5261; x_wconf 89' lang='lat' dir='ltr'><strong>proque</strong></span> <span class='ocrx_word' id='word_1_757' title='bbox 825 5189 918 5245; x_wconf 91' lang='lat' dir='ltr'><strong>bis</strong></span> <span class='ocrx_word' id='word_1_758' title='bbox 948 5189 1023 5245; x_wconf 92' lang='lat' dir='ltr'><strong>ha</strong></span> <span class='ocrx_word' id='word_1_759' title='bbox 1068 5195 1124 5246; x_wconf 92' lang='lat' dir='ltr'><strong>et</strong></span> <span class='ocrx_word' id='word_1_760' title='bbox 1154 5190 1335 5246; x_wconf 89' lang='lat' dir='ltr'><strong>Palat.</strong></span> <span class='ocrx_word' id='word_1_761' title='bbox 1395 5193 1550 5248; x_wconf 69' lang='lat' dir='ltr'><strong>caelat</strong></span> <span class='ocrx_word' id='word_1_762' title='bbox 1598 5194 1901 5249; x_wconf 84' lang='lat' dir='ltr'><strong>duntaxat.</strong></span> <span class='ocrx_word' id='word_1_763' title='bbox 1951 5198 2066 5249; x_wconf 87' lang='lat' dir='ltr'><strong>He-</strong></span> 
     </span>
    </p>
   </div>
   <div class='ocr_carea' id='block_1_102' title="bbox 419 5259 2068 5340">
    <p class='ocr_par' dir='ltr' id='par_1_102' title="bbox 419 5259 2068 5340">
     <span class='ocr_line' id='line_1_104' title="bbox 419 5259 2068 5340; baseline 0.005 -27"><span class='ocrx_word' id='word_1_764' title='bbox 419 5259 611 5340; x_wconf 75' lang='lat' dir='ltr'><strong>braeus</strong></span> <span class='ocrx_word' id='word_1_765' title='bbox 670 5259 741 5316; x_wconf 83' lang='lat' dir='ltr'><strong>ad</strong></span> <span class='ocrx_word' id='word_1_766' title='bbox 789 5264 1029 5329; x_wconf 89' lang='lat' dir='ltr'><strong>terram,</strong></span> <span class='ocrx_word' id='word_1_767' title='bbox 1078 5262 1347 5340; x_wconf 76' lang='lat' dir='ltr'><strong>capitella</strong></span> <span class='ocrx_word' id='word_1_768' title='bbox 1386 5280 1510 5320; x_wconf 82' lang='lat' dir='ltr'><strong>vero</strong></span> <span class='ocrx_word' id='word_1_769' title='bbox 1548 5266 1935 5322; x_wconf 82' lang='lat' dir='ltr'><strong>columnarum</strong></span> <span class='ocrx_word' id='word_1_770' title='bbox 1968 5307 1982 5334; x_wconf 93' lang='lat'><strong>,</strong></span> <span class='ocrx_word' id='word_1_771' title='bbox 2015 5274 2068 5321; x_wconf 77' lang='grc' dir='ltr'><strong>ει</strong></span> 
     </span>
    </p>
   </div>
   <div class='ocr_carea' id='block_1_103' title="bbox 418 5336 1495 5405">
    <p class='ocr_par' dir='ltr' id='par_1_103' title="bbox 418 5336 1495 5405">
     <span class='ocr_line' id='line_1_105' title="bbox 418 5336 1495 5405; baseline 0.006 -20"><span class='ocrx_word' id='word_1_772' title='bbox 418 5336 690 5405; x_wconf 64' lang='lat' dir='ltr'><strong>cinctura?</strong></span> <span class='ocrx_word' id='word_1_773' title='bbox 718 5348 911 5405; x_wconf 85' lang='lat' dir='ltr'><strong>earum</strong></span> <span class='ocrx_word' id='word_1_774' title='bbox 939 5338 1108 5389; x_wconf 82' lang='lat' dir='ltr'><strong>erant</strong></span> <span class='ocrx_word' id='word_1_775' title='bbox 1151 5349 1222 5390; x_wconf 77' lang='lat' dir='ltr'><strong>ea:</strong></span> <span class='ocrx_word' id='word_1_776' title='bbox 1248 5340 1495 5405; x_wconf 81' lang='lat' dir='ltr'><strong>argento.</strong></span> 
     </span>
    </p>
   </div>
   <div class='ocr_carea' id='block_1_104' title="bbox 494 5402 2065 5464">
    <p class='ocr_par' dir='ltr' id='par_1_104' title="bbox 494 5402 2065 5464">
     <span class='ocr_line' id='line_1_106' title="bbox 494 5402 2065 5464; baseline 0.004 -8"><span class='ocrx_word' id='word_1_777' title='bbox 494 5402 514 5437; x_wconf 85' lang='grc'><strong><em>²</em></strong></span> <span class='ocrx_word' id='word_1_778' title='bbox 550 5403 631 5458; x_wconf 87' lang='lat' dir='ltr'><strong>Ita</strong></span> <span class='ocrx_word' id='word_1_779' title='bbox 661 5420 846 5460; x_wconf 91' lang='lat' dir='ltr'><strong>canon</strong></span> <span class='ocrx_word' id='word_1_780' title='bbox 882 5404 1180 5461; x_wconf 74' lang='lat' dir='ltr'><strong>Hebraicee</strong></span> <span class='ocrx_word' id='word_1_781' title='bbox 1212 5402 1472 5463; x_wconf 79' lang='lat' dir='ltr'><strong>veritatis</strong></span> <span class='ocrx_word' id='word_1_782' title='bbox 1499 5412 1555 5463; x_wconf 92' lang='lat' dir='ltr'><strong>et</strong></span> <span class='ocrx_word' id='word_1_783' title='bbox 1580 5409 1747 5463; x_wconf 91' lang='lat' dir='ltr'><strong>codd.</strong></span> <span class='ocrx_word' id='word_1_784' title='bbox 1775 5425 1918 5464; x_wconf 89' lang='lat' dir='ltr'><strong>mss.</strong></span> <span class='ocrx_word' id='word_1_785' title='bbox 1970 5423 2065 5463; x_wconf 90' lang='lat' dir='ltr'><strong>ca-</strong></span> 
     </span>
    </p>
   </div>
   <div class='ocr_carea' id='block_1_105' title="bbox 418 5472 2069 5552">
    <p class='ocr_par' dir='ltr' id='par_1_105' title="bbox 418 5472 2069 5552">
     <span class='ocr_line' id='line_1_107' title="bbox 418 5472 2069 5552; baseline 0.004 -25"><span class='ocrx_word' id='word_1_786' title='bbox 418 5472 771 5552; x_wconf 80' lang='lat' dir='ltr'><strong>stigatiores.</strong></span> <span class='ocrx_word' id='word_1_787' title='bbox 805 5480 1024 5532; x_wconf 88' lang='lat' dir='ltr'><strong>Sensus</strong></span> <span class='ocrx_word' id='word_1_788' title='bbox 1057 5481 1146 5552; x_wconf 79' lang='lat' dir='ltr'><strong>est</strong></span> <span class='ocrx_word' id='word_1_789' title='bbox 1177 5478 1333 5552; x_wconf 86' lang='lat' dir='ltr'><strong>quod</strong></span> <span class='ocrx_word' id='word_1_790' title='bbox 1363 5478 1520 5552; x_wconf 85' lang='lat' dir='ltr'><strong>inter</strong></span> <span class='ocrx_word' id='word_1_791' title='bbox 1562 5485 1874 5552; x_wconf 89' lang='lat' dir='ltr'><strong>utrumque</strong></span> <span class='ocrx_word' id='word_1_792' title='bbox 1917 5479 2069 5535; x_wconf 90' lang='lat' dir='ltr'><strong>latus</strong></span> 
     </span>
    </p>
   </div>
   <div class='ocr_carea' id='block_1_106' title="bbox 418 5545 2068 5624">
    <p class='ocr_par' dir='ltr' id='par_1_106' title="bbox 418 5545 2068 5624">
     <span class='ocr_line' id='line_1_108' title="bbox 418 5545 2068 5624; baseline 0.005 -27"><span class='ocrx_word' id='word_1_793' title='bbox 418 5545 848 5624; x_wconf 77' lang='lat' dir='ltr'><strong>columnarum,</strong></span> <span class='ocrx_word' id='word_1_794' title='bbox 877 5552 934 5604; x_wconf 87' lang='lat' dir='ltr'><strong>et</strong></span> <span class='ocrx_word' id='word_1_795' title='bbox 974 5545 1358 5624; x_wconf 65' lang='lat' dir='ltr'><strong>pendentium</strong></span> <span class='ocrx_word' id='word_1_796' title='bbox 1380 5550 1740 5608; x_wconf 89' lang='lat' dir='ltr'><strong>cortinarum</strong></span> <span class='ocrx_word' id='word_1_797' title='bbox 1763 5545 2068 5624; x_wconf 78' lang='lat' dir='ltr'><strong>ingressus</strong></span> 
     </span>
    </p>
   </div>
   <div class='ocr_carea' id='block_1_107' title="bbox 424 5616 1361 5677">
    <p class='ocr_par' dir='ltr' id='par_1_107' title="bbox 424 5616 1361 5677">
     <span class='ocr_line' id='line_1_109' title="bbox 424 5616 1361 5677; baseline 0.009 -9"><span class='ocrx_word' id='word_1_798' title='bbox 424 5620 551 5670; x_wconf 84' lang='lat' dir='ltr'><strong>erat</strong></span> <span class='ocrx_word' id='word_1_799' title='bbox 576 5616 631 5669; x_wconf 90' lang='lat' dir='ltr'><strong>in</strong></span> <span class='ocrx_word' id='word_1_800' title='bbox 665 5616 1138 5677; x_wconf 76' lang='lat' dir='ltr'><strong>tabernaculum.</strong></span> <span class='ocrx_word' id='word_1_801' title='bbox 1174 5620 1361 5676; x_wconf 76' lang='lat' dir='ltr'><strong>MART.</strong></span> 
     </span>
    </p>
   </div>
   <div class='ocr_carea' id='block_1_108' title="bbox 486 5688 2075 5767">
    <p class='ocr_par' dir='ltr' id='par_1_108' title="bbox 486 5688 2075 5767">
     <span class='ocr_line' id='line_1_110' title="bbox 486 5688 2075 5767; baseline 0.007 -26"><span class='ocrx_word' id='word_1_802' title='bbox 486 5716 558 5728; x_wconf 97' lang='lat'><strong>—</strong></span> <span class='ocrx_word' id='word_1_803' title='bbox 588 5688 849 5763; x_wconf 86' lang='lat' dir='ltr'><strong>Vulgati,</strong></span> <span class='ocrx_word' id='word_1_804' title='bbox 886 5694 1037 5765; x_wconf 75' lang='lat' dir='ltr'><strong>Quia</strong></span> <span class='ocrx_word' id='word_1_805' title='bbox 1058 5694 1206 5748; x_wconf 75' lang='lat' dir='ltr'><strong>inter</strong></span> <span class='ocrx_word' id='word_1_806' title='bbox 1235 5698 1473 5767; x_wconf 81' lang='lat' dir='ltr'><strong>utraque</strong></span> <span class='ocrx_word' id='word_1_807' title='bbox 1503 5696 1793 5752; x_wconf 77' lang='lat' dir='ltr'><strong>introitum</strong></span> <span class='ocrx_word' id='word_1_808' title='bbox 1821 5697 2075 5752; x_wconf 78' lang='lat' dir='ltr'><strong>taberna-</strong></span> 
     </span>
    </p>
   </div>
   <div class='ocr_carea' id='block_1_109' title="bbox 2169 4765 2465 4822">
    <p class='ocr_par' dir='ltr' id='par_1_109' title="bbox 2169 4765 2465 4822">
     <span class='ocr_line' id='line_1_111' title="bbox 2169 4765 2465 4822; baseline -0.01 0"><span class='ocrx_word' id='word_1_809' title='bbox 2169 4765 2285 4822; x_wconf 79' lang='lat' dir='ltr'><strong>culi</strong></span> <span class='ocrx_word' id='word_1_810' title='bbox 2314 4765 2465 4822; x_wconf 77' lang='lat' dir='ltr'><strong>fecit.</strong></span> 
     </span>
    </p>
   </div>
   <div class='ocr_carea' id='block_1_110' title="bbox 2237 4766 3825 4907">
    <p class='ocr_par' dir='ltr' id='par_1_110' title="bbox 2237 4766 3825 4907">
     <span class='ocr_line' id='line_1_112' title="bbox 2237 4766 3825 4907; baseline -0.004 -16"><span class='ocrx_word' id='word_1_811' title='bbox 2237 4766 2595 4907; x_wconf 47' lang='grc' dir='ltr'><strong>έῑῐίξξέέιιυω</strong></span> <span class='ocrx_word' id='word_1_812' title='bbox 2627 4831 2747 4907; x_wconf 84' lang='lat' dir='ltr'><strong>hoc</strong></span> <span class='ocrx_word' id='word_1_813' title='bbox 2768 4830 2895 4888; x_wconf 91' lang='lat' dir='ltr'><strong>loco</strong></span> <span class='ocrx_word' id='word_1_814' title='bbox 2941 4831 3314 4907; x_wconf 83' lang='lat' dir='ltr'><strong>restituimus</strong></span> <span class='ocrx_word' id='word_1_815' title='bbox 3349 4828 3825 4907; x_wconf 78' lang='lat' dir='ltr'><strong>versiculum_ad_</strong></span> 
     </span>
    </p>
   </div>
   <div class='ocr_carea' id='block_1_111' title="bbox 2171 4897 3830 4972">
    <p class='ocr_par' dir='ltr' id='par_1_111' title="bbox 2171 4897 3830 4972">
     <span class='ocr_line' id='line_1_113' title="bbox 2171 4897 3830 4972; baseline -0.005 -9"><span class='ocrx_word' id='word_1_816' title='bbox 2171 4908 2343 4963; x_wconf 82' lang='lat' dir='ltr'><strong>fidem</strong></span> <span class='ocrx_word' id='word_1_817' title='bbox 2375 4897 2619 4962; x_wconf 73' lang='lat' dir='ltr'><strong>canonis</strong></span> <span class='ocrx_word' id='word_1_818' title='bbox 2650 4905 2825 4959; x_wconf 84' lang='lat' dir='ltr'><strong>Hebr.</strong></span> <span class='ocrx_word' id='word_1_819' title='bbox 2858 4905 3022 4959; x_wconf 89' lang='lat' dir='ltr'><strong>verit.</strong></span> <span class='ocrx_word' id='word_1_820' title='bbox 3055 4909 3113 4959; x_wconf 91' lang='lat' dir='ltr'><strong>et</strong></span> <span class='ocrx_word' id='word_1_821' title='bbox 3142 4903 3383 4960; x_wconf 89' lang='lat' dir='ltr'><strong>alterius</strong></span> <span class='ocrx_word' id='word_1_822' title='bbox 3424 4897 3830 4972; x_wconf 85' lang='lat' dir='ltr'><strong>manuscripti</strong></span> 
     </span>
    </p>
   </div>
   <div class='ocr_carea' id='block_1_112' title="bbox 2173 4972 3828 5045">
    <p class='ocr_par' dir='ltr' id='par_1_112' title="bbox 2173 4972 3828 5045">
     <span class='ocr_line' id='line_1_114' title="bbox 2173 4972 3828 5045; baseline -0.004 -10"><span class='ocrx_word' id='word_1_823' title='bbox 2173 4978 2393 5036; x_wconf 91' lang='lat' dir='ltr'><strong>codicis</strong></span> <span class='ocrx_word' id='word_1_824' title='bbox 2422 4983 2478 5033; x_wconf 87' lang='lat' dir='ltr'><strong>S.</strong></span> <span class='ocrx_word' id='word_1_825' title='bbox 2510 4975 2788 5031; x_wconf 85' lang='lat' dir='ltr'><strong>Germani</strong></span> <span class='ocrx_word' id='word_1_826' title='bbox 2815 4992 2847 5029; x_wconf 91' lang='lat' dir='ltr'><strong>a</strong></span> <span class='ocrx_word' id='word_1_827' title='bbox 2874 4975 3089 5042; x_wconf 84' lang='lat' dir='ltr'><strong>Pratis,</strong></span> <span class='ocrx_word' id='word_1_828' title='bbox 3122 4992 3287 5031; x_wconf 91' lang='lat' dir='ltr'><strong>num.</strong></span> <span class='ocrx_word' id='word_1_829' title='bbox 3338 4976 3391 5030; x_wconf 91' lang='lat'><strong>3.</strong></span> <span class='ocrx_word' id='word_1_830' title='bbox 3445 4974 3621 5029; x_wconf 89' lang='lat' dir='ltr'><strong>Porro</strong></span> <span class='ocrx_word' id='word_1_831' title='bbox 3653 4972 3828 5045; x_wconf 86' lang='lat' dir='ltr'><strong>quod</strong></span> 
     </span>
    </p>
   </div>
   <div class='ocr_carea' id='block_1_113' title="bbox 2177 5046 3829 5122">
    <p class='ocr_par' dir='ltr' id='par_1_113' title="bbox 2177 5046 3829 5122">
     <span class='ocr_line' id='line_1_115' title="bbox 2177 5046 3829 5122; baseline -0.004 -15"><span class='ocrx_word' id='word_1_832' title='bbox 2177 5052 2444 5122; x_wconf 89' lang='lat' dir='ltr'><strong>sequitur</strong></span> <span class='ocrx_word' id='word_1_833' title='bbox 2473 5047 2832 5122; x_wconf 88' lang='lat' dir='ltr'><strong>immediate,</strong></span> <span class='ocrx_word' id='word_1_834' title='bbox 2865 5046 3117 5122; x_wconf 62' lang='lat' dir='ltr'><strong>oblatum</strong></span> <span class='ocrx_word' id='word_1_835' title='bbox 3142 5052 3221 5103; x_wconf 79' lang='lat' dir='ltr'><strong>est</strong></span> <span class='ocrx_word' id='word_1_836' title='bbox 3248 5056 3459 5116; x_wconf 80' lang='lat' dir='ltr'><strong>autem,</strong></span> <span class='ocrx_word' id='word_1_837' title='bbox 3499 5050 3609 5101; x_wconf 87' lang='lat' dir='ltr'><strong>etc.</strong></span> <span class='ocrx_word' id='word_1_838' title='bbox 3632 5085 3649 5113; x_wconf 94' lang='lat'><strong>,</strong></span> <span class='ocrx_word' id='word_1_839' title='bbox 3700 5060 3829 5100; x_wconf 88' lang='lat' dir='ltr'><strong>non</strong></span> 
     </span>
    </p>
   </div>
   <div class='ocr_carea' id='block_1_114' title="bbox 2175 5119 3834 5190">
    <p class='ocr_par' dir='ltr' id='par_1_114' title="bbox 2175 5119 3834 5190">
     <span class='ocr_line' id='line_1_116' title="bbox 2175 5119 3834 5190; baseline -0.004 -12"><span class='ocrx_word' id='word_1_840' title='bbox 2175 5119 2426 5179; x_wconf 79' lang='lat' dir='ltr'><strong>refertur</strong></span> <span class='ocrx_word' id='word_1_841' title='bbox 2456 5121 2527 5174; x_wconf 91' lang='lat' dir='ltr'><strong>ad</strong></span> <span class='ocrx_word' id='word_1_842' title='bbox 2560 5135 2792 5189; x_wconf 85' lang='lat' dir='ltr'><strong>aurum,</strong></span> <span class='ocrx_word' id='word_1_843' title='bbox 2829 5119 2929 5174; x_wconf 89' lang='lat' dir='ltr'><strong>sed</strong></span> <span class='ocrx_word' id='word_1_844' title='bbox 2957 5119 3028 5173; x_wconf 89' lang='lat' dir='ltr'><strong>ad</strong></span> <span class='ocrx_word' id='word_1_845' title='bbox 3061 5126 3393 5190; x_wconf 86' lang='lat' dir='ltr'><strong>argentum,</strong></span> <span class='ocrx_word' id='word_1_846' title='bbox 3423 5133 3556 5172; x_wconf 90' lang='lat' dir='ltr'><strong>cum</strong></span> <span class='ocrx_word' id='word_1_847' title='bbox 3607 5130 3834 5190; x_wconf 82' lang='lat' dir='ltr'><strong>nume-</strong></span> 
     </span>
    </p>
   </div>
   <div class='ocr_carea' id='block_1_115' title="bbox 2174 5186 3833 5262">
    <p class='ocr_par' dir='ltr' id='par_1_115' title="bbox 2174 5186 3833 5262">
     <span class='ocr_line' id='line_1_117' title="bbox 2174 5186 3833 5262; baseline -0.005 -13"><span class='ocrx_word' id='word_1_848' title='bbox 2174 5194 2395 5249; x_wconf 90' lang='lat' dir='ltr'><strong>randus</strong></span> <span class='ocrx_word' id='word_1_849' title='bbox 2417 5190 2665 5262; x_wconf 88' lang='lat' dir='ltr'><strong>quilibet</strong></span> <span class='ocrx_word' id='word_1_850' title='bbox 2688 5186 2953 5262; x_wconf 78' lang='lat' dir='ltr'><strong>Israelita</strong></span> <span class='ocrx_word' id='word_1_851' title='bbox 2975 5186 3222 5262; x_wconf 68' lang='lat' dir='ltr'><strong>solveret</strong></span> <span class='ocrx_word' id='word_1_852' title='bbox 3242 5189 3557 5262; x_wconf 85' lang='lat' dir='ltr'><strong>dimidium</strong></span> <span class='ocrx_word' id='word_1_853' title='bbox 3584 5186 3833 5262; x_wconf 74' lang='lat' dir='ltr'><strong>siclum.</strong></span> 
     </span>
    </p>
   </div>
   <div class='ocr_carea' id='block_1_116' title="bbox 2178 5258 3837 5346">
    <p class='ocr_par' dir='ltr' id='par_1_116' title="bbox 2178 5258 3837 5346">
     <span class='ocr_line' id='line_1_118' title="bbox 2178 5258 3837 5346; baseline -0.003 -26"><span class='ocrx_word' id='word_1_854' title='bbox 2178 5266 2320 5320; x_wconf 80' lang='lat' dir='ltr'><strong>Hinc</strong></span> <span class='ocrx_word' id='word_1_855' title='bbox 2348 5258 2591 5333; x_wconf 77' lang='lat' dir='ltr'><strong>apparet</strong></span> <span class='ocrx_word' id='word_1_856' title='bbox 2623 5260 2888 5317; x_wconf 91' lang='lat' dir='ltr'><strong>nonnihil</strong></span> <span class='ocrx_word' id='word_1_857' title='bbox 2913 5261 3226 5346; x_wconf 67' lang='lat' dir='ltr'><strong>Scriptura:</strong></span> <span class='ocrx_word' id='word_1_858' title='bbox 3250 5260 3529 5346; x_wconf 41' lang='lat' dir='ltr'><strong>deesse-in</strong></span> <span class='ocrx_word' id='word_1_859' title='bbox 3552 5258 3837 5346; x_wconf 72' lang='lat' dir='ltr'><strong>editis,ac</strong></span> 
     </span>
    </p>
   </div>
   <div class='ocr_carea' id='block_1_117' title="bbox 2174 5332 3833 5404">
    <p class='ocr_par' dir='ltr' id='par_1_117' title="bbox 2174 5332 3833 5404">
     <span class='ocr_line' id='line_1_119' title="bbox 2174 5332 3833 5404; baseline -0.003 -11"><span class='ocrx_word' id='word_1_860' title='bbox 2174 5332 2414 5393; x_wconf 87' lang='lat' dir='ltr'><strong>sensum</strong></span> <span class='ocrx_word' id='word_1_861' title='bbox 2435 5350 2548 5389; x_wconf 92' lang='lat' dir='ltr'><strong>non</strong></span> <span class='ocrx_word' id='word_1_862' title='bbox 2571 5349 2829 5404; x_wconf 91' lang='lat' dir='ltr'><strong>unquam</strong></span> <span class='ocrx_word' id='word_1_863' title='bbox 2847 5350 2975 5390; x_wconf 90' lang='lat' dir='ltr'><strong>esse</strong></span> <span class='ocrx_word' id='word_1_864' title='bbox 2996 5332 3393 5390; x_wconf 81' lang='lat' dir='ltr'><strong>disturbatum</strong></span> <span class='ocrx_word' id='word_1_865' title='bbox 3413 5332 3833 5389; x_wconf 84' lang='lat' dir='ltr'><strong>etcont‘usum.</strong></span> 
     </span>
    </p>
   </div>
   <div class='ocr_carea' id='block_1_118' title="bbox 2176 5404 3835 5478">
    <p class='ocr_par' dir='ltr' id='par_1_118' title="bbox 2176 5404 3835 5478">
     <span class='ocr_line' id='line_1_120' title="bbox 2176 5404 3835 5478; baseline -0.004 -14"><span class='ocrx_word' id='word_1_866' title='bbox 2176 5408 2338 5475; x_wconf 88' lang='lat' dir='ltr'><strong>Quod</strong></span> <span class='ocrx_word' id='word_1_867' title='bbox 2373 5405 2613 5478; x_wconf 89' lang='lat' dir='ltr'><strong>planum</strong></span> <span class='ocrx_word' id='word_1_868' title='bbox 2645 5405 3146 5478; x_wconf 82' lang='lat' dir='ltr'><strong>eritcontendenti</strong></span> <span class='ocrx_word' id='word_1_869' title='bbox 3179 5404 3665 5478; x_wconf 84' lang='lat' dir='ltr'><strong>hanceditionem</strong></span> <span class='ocrx_word' id='word_1_870' title='bbox 3688 5417 3835 5458; x_wconf 88' lang='lat' dir='ltr'><strong>cum</strong></span> 
     </span>
    </p>
   </div>
   <div class='ocr_carea' id='block_1_119' title="bbox 2175 5476 3834 5551">
    <p class='ocr_par' dir='ltr' id='par_1_119' title="bbox 2175 5476 3834 5551">
     <span class='ocr_line' id='line_1_121' title="bbox 2175 5476 3834 5551; baseline -0.004 -16"><span class='ocrx_word' id='word_1_871' title='bbox 2175 5476 2431 5551; x_wconf 85' lang='lat' dir='ltr'><strong>vulgatis</strong></span> <span class='ocrx_word' id='word_1_872' title='bbox 2463 5477 2901 5549; x_wconf 83' lang='lat' dir='ltr'><strong>exemplaribus</strong></span> <span class='ocrx_word' id='word_1_873' title='bbox 2922 5477 3268 5551; x_wconf 86' lang='lat' dir='ltr'><strong>Bibliorum,</strong></span> <span class='ocrx_word' id='word_1_874' title='bbox 3292 5477 3391 5551; x_wconf 90' lang='lat' dir='ltr'><strong>ubi</strong></span> <span class='ocrx_word' id='word_1_875' title='bbox 3417 5476 3659 5551; x_wconf 79' lang='lat' dir='ltr'><strong>insuper</strong></span> <span class='ocrx_word' id='word_1_876' title='bbox 3672 5490 3834 5551; x_wconf 72' lang='lat' dir='ltr'><strong>vers.</strong></span> 
     </span>
    </p>
   </div>
   <div class='ocr_carea' id='block_1_120' title="bbox 2174 5544 3836 5622">
    <p class='ocr_par' dir='ltr' id='par_1_120' title="bbox 2174 5544 3836 5622">
     <span class='ocr_line' id='line_1_122' title="bbox 2174 5544 3836 5622; baseline -0.004 -16"><span class='ocrx_word' id='word_1_877' title='bbox 2174 5553 2246 5606; x_wconf 77' lang='lat'><strong>:8</strong></span> <span class='ocrx_word' id='word_1_878' title='bbox 2274 5544 2562 5622; x_wconf 64' lang='lat' dir='ltr'><strong>argentum</strong></span> <span class='ocrx_word' id='word_1_879' title='bbox 2594 5544 2695 5622; x_wconf 75' lang='lat' dir='ltr'><strong>pro</strong></span> <span class='ocrx_word' id='word_1_880' title='bbox 2727 5567 2870 5609; x_wconf 84' lang='lat' dir='ltr'><strong>auro</strong></span> <span class='ocrx_word' id='word_1_881' title='bbox 2906 5550 3165 5622; x_wconf 87' lang='lat' dir='ltr'><strong>ponitur,</strong></span> <span class='ocrx_word' id='word_1_882' title='bbox 3197 5553 3255 5622; x_wconf 84' lang='lat' dir='ltr'><strong>et</strong></span> <span class='ocrx_word' id='word_1_883' title='bbox 3281 5550 3352 5605; x_wconf 89' lang='lat' dir='ltr'><strong>de</strong></span> <span class='ocrx_word' id='word_1_884' title='bbox 3392 5544 3686 5622; x_wconf 79' lang='lat' dir='ltr'><strong>columnis</strong></span> <span class='ocrx_word' id='word_1_885' title='bbox 3724 5544 3836 5622; x_wconf 58' lang='lat' dir='ltr'><strong>gi-</strong></span> 
     </span>
    </p>
   </div>
   <div class='ocr_carea' id='block_1_121' title="bbox 2178 5615 3833 5697">
    <p class='ocr_par' dir='ltr' id='par_1_121' title="bbox 2178 5615 3833 5697">
     <span class='ocr_line' id='line_1_123' title="bbox 2178 5615 3833 5697; baseline -0.004 -18"><span class='ocrx_word' id='word_1_886' title='bbox 2178 5615 2413 5686; x_wconf 77' lang='lat' dir='ltr'><strong>cuntur,</strong></span> <span class='ocrx_word' id='word_1_887' title='bbox 2447 5615 2842 5696; x_wconf 44' lang='lat' dir='ltr'><strong>qum—proprie</strong></span> <span class='ocrx_word' id='word_1_888' title='bbox 2873 5615 3167 5697; x_wconf 75' lang='lat' dir='ltr'><strong>pertinent</strong></span> <span class='ocrx_word' id='word_1_889' title='bbox 3191 5621 3262 5676; x_wconf 89' lang='lat' dir='ltr'><strong>ad</strong></span> <span class='ocrx_word' id='word_1_890' title='bbox 3295 5635 3495 5677; x_wconf 89' lang='lat' dir='ltr'><strong>earum</strong></span> <span class='ocrx_word' id='word_1_891' title='bbox 3528 5615 3833 5692; x_wconf 86' lang='lat' dir='ltr'><strong>capitella.</strong></span> 
     </span>
    </p>
   </div>
   <div class='ocr_carea' id='block_1_122' title="bbox 2178 5700 2361 5752">
    <p class='ocr_par' dir='ltr' id='par_1_122' title="bbox 2178 5700 2361 5752">
     <span class='ocr_line' id='line_1_124' title="bbox 2178 5700 2361 5752; baseline 0.005 -1"><span class='ocrx_word' id='word_1_892' title='bbox 2178 5700 2361 5752; x_wconf 75' lang='lat' dir='ltr'><strong>MART.</strong></span> 
     </span>
    </p>
   </div>
  </div>
