4080 6186
242 463 318 518 329

1623 455 1839 509 LIBER
1879 454 2119 510 EXODI.

3461 465 3570 520 330

242 592 434 651 centum,
463 585 708 656 singulis
740 583 1086 656 talentisper
1104 585 1276 640 bases
1299 581 1563 655 singulas
1593 594 1808 650 suppu-
1838 577 1892 642 Α
1922 576 3042 654 fortiuscopulata,quosjungebatvitta
3064 587 3463 660 hyacinthina,
3498 609 3570 647 ne

235 677 352 733 tatis.
375 674 441 728 De
469 673 624 728 mille
645 681 842 728 autem
875 673 1267 745 septingentis
1329 676 1386 727 et
1439 671 1814 743 septuaginta

237 764 434 835 quinque
461 762 617 817 siclis
646 762 833 833 [ναις.
871 766 975 817 inc.
995 761 1350 832 siclis],fecit
1371 760 1562 831 capita
1591 759 1811 815 colum-

233 870 407 917 narum,
435 868 554 922 quae
586 856 643 906 et
667 851 796 922 ipsa
817 851 1050 906 vestivit
1073 851 1178 921 [li]
1213 867 1375 905 auro.
1404 849 1554 904 [Eris
1578 862 1810 920 quoque

234 941 379 997 oblata
403 945 528 995 sunt
557 939 781 995 talenta
813 940 1180 1011 septuaginta
1202 940 1316 994 duo
1345 937 1552 1003 millia,
1583 941 1638 992 et
1669 952 1811 1007 qua-

231 1029 462 1100 dringenti
494 1045 675 1100 supra
708 1028 857 1098 sicli,
891 1045 960 1083 ex
991 1027 1208 1100 quibus
1231 1028 1371 1083 fusa
1397 1032 1538 1082 sunt
1559 1026 1728 1081 bases
1753 1026 1810 1080 in

232 1118 419 1172 introitu
444 1116 805 1172 tabernaculi
856 1116 1199 1187 testimonii,
1231 1121 1289 1172 et
1347 1115 1528 1173 altare
1584 1132 1808 1171 mneum

227 1221 326 1260 cum
351 1204 611 1260 craticula
639 1221 771 1271 sua,
803 1204 1116 1276 omniaque
1143 1222 1305 1271 vasa,
1337 1222 1463 1276 quae
1511 1205 1582 1261 ad
1640 1221 1810 1260 usum

226 1293 321 1362 ejus
341 1292 630 1364 pertinent,
663 1298 719 1347 et
746 1293 914 1348 bases
946 1291 1080 1347 atrii
1111 1295 1229 1348 tam
1262 1293 1318 1347 in
1352 1293 1597 1348 circuitu
1631 1308 1807 1364 quam

224 1381 266 1435 in
290 1381 525 1453 ingressu
559 1382 690 1451 ejus
721 1384 779 1436 et
809 1380 1006 1451 paxilli
1037 1381 1401 1438 tabernaculi
1443 1386 1619 1454 atque
1676 1383 1807 1439 atrii

222 1485 299 1540 per
323 1485 527 1542 gyrum.

267 1575 398 1646 (Cap.
427 1575 699 1647 XXXIX.)
729 1576 810 1632 De
861 1576 1174 1648 hyacintho
1231 1594 1365 1633 vero
1418 1583 1474 1634 et
1526 1595 1808 1652 purpura,

218 1666 491 1722 vermiculo
522 1684 588 1722 ac
620 1667 817 1738 bysso,
851 1667 991 1722 fecit
1021 1671 1208 1722 vestes
1241 1669 1311 1722 ad
1346 1667 1806 1725 ministrandum

214 1753 262 1808 in
282 1757 591 1810 sanctuario
623 1757 661 1826 ί,
685 1761 742 1811 et
760 1761 950 1811 vestes
972 1757 1450 1827 sanctas,quibus
1474 1759 1810 1814 indueretur

214 1846 364 1897 Aaron
392 1844 642 1914 (quando
666 1843 1031 1898 ministrabat
1058 1844 1115 1897 in
1141 1845 1402 1915 sanctis),
1428 1845 1578 1900 sicut
1609 1863 1806 1917 prece-

213 1932 283 2001 pit
310 1933 572 1988 Dominus
603 1931 773 1987 Mosi.
813 1933 968 1987 Fecit
999 1933 1180 2004 igitur
1207 1934 1688 2004 superhumerale
1741 1939 1813 1995 de
1844 1947 1889 2011 Β

208 2034 338 2088 auro,
363 2019 698 2092 hyacintho,
730 2023 787 2076 et
803 2037 1088 2092 purpura,
1108 2037 1395 2094 coccoque
1417 2023 1504 2077 bis
1530 2023 1732 2093 tincto,
1751 2031 1810 2082 et

210 2106 346 2177 bysso
429 2114 667 2179 retorta,
729 2126 901 2182 opere
979 2109 1395 2181 polymitario:
1486 2112 1808 2185 inciditque

204 2196 425 2253 hracteas
456 2215 690 2266 aureas,
722 2202 780 2255 et
831 2199 1165 2254 extenuavit
1194 2200 1254 2253 in
1299 2199 1418 2271 ﬁla,
1447 2204 1511 2256 ut
1542 2209 1813 2273 posssent

207 2287 421 2356 torqueri
437 2303 570 2342 cum
589 2288 852 2358 priorum
868 2286 1127 2343 colorum
1143 2289 1810 2364 subtegmine,duasque

200 2389 303 2430 oras
352 2376 458 2430 sibi
518 2377 772 2432 invicem
832 2376 1136 2447 copulatas
1191 2377 1250 2432 in
1311 2383 1556 2450 utroque
1629 2381 1809 2439 latere

199 2463 591 2530 summitatum,
627 2469 684 2520 et
714 2465 971 2520 balteum
994 2482 1060 2520 ex
1083 2465 1289 2521 iisdem
1313 2466 1630 2534 coloribus,
1653 2469 1809 2526 sicut

192 2560 508 2625 praeceperat
533 2553 822 2610 Dominus
852 2554 1019 2609 Mosi.
1048 2554 1276 2610 Paravit
1305 2559 1364 2610 et
1392 2556 1539 2612 duos
1580 2555 1805 2628 lapides

191 2643 496 2713 onychinos,
523 2643 800 2698 astrictos
832 2648 889 2698 et
917 2642 1180 2698 inclusos
1210 2661 1372 2710 auro,
1431 2649 1488 2700 et
1539 2645 1804 2718 sculptos

184 2735 282 2786 arte
303 2731 629 2803 gemmaria
645 2731 986 2786 nominibus
1006 2731 1256 2787 ﬁliorum
1278 2733 1471 2791 Israel:
1487 2735 1801 2807 posuitque

189 2835 266 2874 eos
293 2820 345 2874 in
378 2820 666 2875 lateribus
696 2819 1214 2890 superhumeralis,
1245 2821 1304 2875 in
1367 2823 1799 2880 monimentum

181 2907 407 2964 filiorum
443 2908 650 2977 Israel,
688 2907 840 2963 sicut
891 2912 1241 2980 praeceperat
1293 2909 1578 2966 Dominus
1633 2913 1796 2968 Mosi.

181 2994 309 3050 Fecit
328 3001 380 3051 et
409 2995 703 3052 rationale
732 3013 901 3068 opere
931 2995 1210 3069 polymito
1235 2998 1407 3068 juxta
1432 3016 1580 3072 opus
1598 3016 1799 3072 supcr-

178 3083 491 3155 bumelaris,
525 3103 599 3141 ex
632 3102 796 3154 auro,
827 3085 1164 3158 hyacintho,
1197 3104 1477 3159 purpura,
1511 3105 1798 3161 coccoque

178 3171 250 3226 bis
275 3174 530 3243 tincto,el
563 3176 743 3245 bysso
773 3179 1008 3242 retorta,
1043 3176 1533 3248 quadrangulum,
1557 3177 1793 3250 duplex,

176 3275 434 3317 mensurae
467 3262 682 3334 palmi.
711 3263 779 3317 Et
809 3263 1535 3335 posuitineogemlnarum
1557 3267 1795 3323 ordines

175 3357 415 3416 quatuor.
450 3353 517 3406 In
567 3351 762 3423 primo
809 3368 978 3407 versu
1037 3356 1160 3407 erat
1217 3353 1469 3423 sardius,
1513 3357 1800 3427 topazius,

173 3440 514 3510 smaragdus.
554 3443 624 3495 In
667 3441 946 3509 secundo,
995 3440 1408 3512 carbunculus,
1463 3443 1800 3516 sapphirus,

170 3525 346 3598 jaspis.
377 3530 442 3584 In
477 3532 688 3597 tertio,
720 3529 993 3602 ligurius,
1027 3530 1282 3598 achates,
1315 3533 1702 3604 amethystus.
1739 3538 1802 3590 In

173 3622 369 3685 quarto,
401 3617 844 3690 chrysolithus,
869 3619 1216 3692 onychinus,
1244 3620 1524 3692 beryllus,
1549 3623 1804 3678 circum-

166 3702 260 3756 dati
276 3706 569 3762 etinclusi
600 3724 746 3763 auro
769 3723 872 3780 per
890 3708 1125 3764 ordines
1140 3726 1298 3764 suos.
1321 3711 1558 3782 Ipsique
1580 3712 1805 3784 lapides

167 3789 472 3865 duodecim,
510 3796 742 3867 sculpti
773 3802 938 3852 erant
969 3797 1310 3854 nominibus
1340 3799 1649 3855 duodecim
1701 3801 1806 3855 tri-

165 3877 320 3937 buum
348 3885 566 3954 Israel,
589 3884 812 3957 singuli
835 3903 938 3957 per
960 3888 1199 3942 nomina
1221 3888 1612 3959 singulorum.
1637 3889 1805 3945 Fece-

160 3973 270 4022 runt
294 3969 352 4025 in
375 3972 674 4028 rationali
698 3977 756 4028 et
773 3975 1075 4031 catenulas
1099 3975 1208 4031 sibi
1227 3975 1478 4032 invicem
1511 3978 1803 4034 coheren-

153 4059 477 4124 tes,deauro
517 4061 876 4134 purissimo,
909 4064 1126 4120 etduos
1151 4066 1420 4130 uncinos,
1443 4067 1804 4138 totidemque

158 4147 374 4204 annulos
405 4167 664 4206 aureos.
682 4153 858 4206 Porro
881 4152 1130 4207 annulos
1144 4155 1538 4225 posueruntin
1558 4159 1803 4225 utroque

152 4231 298 4291 latere
329 4238 688 4306 rationalis,
719 4255 750 4293 e
781 4241 998 4310 quibus
1029 4242 1354 4312 penderent
1401 4244 1528 4297 duae
1589 4247 1803 4299 catena:

158 4336 338 4394 aureae,
371 4344 537 4398 quas
579 4328 963 4383 inseruerunt
985 4329 1196 4400 unicis,
1227 4331 1324 4401 qui
1349 4332 1801 4402 superhumera-

149 4407 209 4465 lis
251 4415 489 4487 angulis
547 4415 902 4472 eminebant
959 4416 1088 4472 Haec
1119 4423 1176 4474 et
1205 4425 1340 4474 ante
1407 4425 1464 4474 et
1510 4424 1663 4474 retro
1724 4419 1806 4475 ita

150 4505 568 4560 conveniebant
604 4505 747 4573 sibi,
778 4509 844 4561 ut
878 4506 1360 4578 superhumerale
1417 4511 1475 4562 et
1522 4507 1805 4564 rationale

142 4595 323 4648 mutuo
355 4596 794 4662 necterentur,
829 4593 1034 4650 stricta
1074 4595 1145 4650 ad
1176 4595 1460 4667 balteum,
1489 4601 1546 4652 et
1565 4596 1803 4652 annulis

193 4799 255 4812 -
292 4772 705 4846 Versiculum
738 4772 1240 4846 huncintegrum,
1298 4791 1474 4846 quem
1530 4776 1799 4831 Martian.

1919 664 2049 720 laxa
2078 667 2347 735 ﬂuerent,
2400 674 2455 724 et
2488 685 2521 723 a
2573 687 2635 726 se
2665 672 2916 728 invicem
2959 682 3354 744 moverentur,
3415 679 3570 734 sicut

1920 756 2194 827 praecepit
2214 757 2500 813 Dominus
2532 759 2694 815 Mosi.
2729 765 3006 818 Fecerunt
3038 781 3272 836 quoque
3300 767 3565 824 tunicam

1920 845 2421 914 superhumeralis
2443 851 2624 903 totam
2650 849 3110 921 hyacinthinam,
3138 855 3562 926 etcapitiumin

1920 933 2204 1004 superiori
2236 939 2398 1005 parte
2424 941 2626 992 contra
2639 937 2922 1007 medium,
2945 957 3223 1013 oramque
3238 959 3560 1016 pergyrum

1919 1021 2119 1092 capitii
2152 1023 2449 1090 textilem;
2487 1025 2762 1081 deorsum
2796 1031 2992 1083 autem
3050 1030 3122 1085 ad
3177 1031 3350 1101 pedes
3408 1033 3564 1090 mala

1921 1110 2135 1180 punica
2155 1127 2222 1165 ex
2253 1111 2589 1184 hyacintho,
2627 1130 2908 1186 purpura,
2927 1117 3269 1188 vermiculo,
3293 1136 3360 1175 ac
3388 1121 3564 1192 bysso

1921 1202 2158 1269 retorta,
2191 1204 2248 1254 et
2276 1200 2678 1257 tintinnabula
2707 1203 2777 1258 de
2808 1221 2951 1260 auro
2984 1206 3400 1278 mundissimo,
3439 1225 3563 1280 qua

1923 1293 2246 1357 posuerunt
2275 1289 2431 1344 inter
2487 1291 2910 1363 malogranata,
2971 1294 3029 1348 in
3090 1301 3348 1352 extrema
3405 1302 3568 1368 parte

1917 1376 2127 1431 tunicae
2159 1393 2262 1448 per
2281 1393 2489 1450 gyrum
2521 1396 2533 1433 :
2570 1378 3035 1438 tintinnabulum
3066 1389 3261 1440 autem
3297 1402 3567 1456 aureum,

1918 1470 1974 1518 et
1997 1464 2216 1520 malum
2251 1467 2552 1537 punicum,
2583 1469 2799 1540 quibus
2822 1477 3063 1528 ornatus
3085 1472 3390 1531 incedebat
3424 1493 3570 1547 pon-

1917 1552 2058 1607 tifex
2073 1556 2306 1624 quando
2324 1556 2651 1612 ministerio
2668 1558 3199 1630 fungebatur,sicut
3218 1570 3575 1636 praeceperat

1915 1639 2201 1696 Dominus
2233 1641 2402 1698 Mosi.
2431 1644 2714 1700 Fecerunt
2741 1651 2796 1701 et
2830 1648 3057 1704 tunicas
3081 1649 3347 1722 byssinas
3395 1670 3568 1724 opere

1918 1729 2099 1784 textili
2133 1735 2322 1786 Aaron
2357 1735 2414 1787 et
2446 1733 2583 1789 filiis
2613 1735 2764 1805 ejus,
2797 1741 2854 1791 et
2886 1738 3092 1794 mitras
3115 1756 3248 1796 cum
3270 1742 3567 1798 coronulis

1915 1818 2038 1872 suis
2072 1835 2138 1873 ex
2169 1821 2342 1891 bysso
2379 1839 2391 1876 :
2427 1822 2728 1879 feminalia
2757 1843 2984 1897 quoque
3043 1827 3214 1895 linea,
3276 1831 3515 1901 byssina
3547 1851 3562 1899 ;

1922 1907 2221 1978 cingulum
2256 1926 2386 1965 vero
2420 1912 2490 1965 de
2516 1913 2689 1984 bysso
2748 1920 3008 1981 retortat,
3041 1916 3376 1988 hyacintho,
3424 1937 3563 1990 pur-

1924 2012 2089 2067 pura,
2124 2014 2188 2053 ac
2218 1999 2538 2055 vermiculo
2561 2000 2652 2056 bis
2678 2003 2858 2058 tincto
2872 2005 2914 2075 ²,
2938 2008 3059 2060 arte
3079 2007 3393 2078 plumaria,
3414 2009 3566 2065 sicut

1920 2089 2275 2157 praeceperat
2309 2087 2588 2144 Dominus
2637 2090 2802 2146 Mosi.
2839 2092 3122 2149 Fecerunt
3173 2099 3228 2150 et
3286 2094 3566 2154 laminam

1920 2190 2098 2228 sacra:
2149 2177 2536 2234 venerationis
2601 2178 2670 2234 de
2727 2197 2868 2235 auro
2916 2182 3256 2253 purissimo,
3317 2185 3566 2257 scripse-

1919 2268 2168 2334 runtque
2199 2265 2256 2318 in
2289 2281 2352 2320 ea
2376 2283 2548 2337 opere
2568 2269 2912 2338 gemmario,
2929 2274 3208 2328 Sanctum
3232 2273 3487 2341 Domini,
3511 2279 3568 2332 et

1918 2351 2280 2408 strinxerunt
2300 2371 2428 2410 eam
2463 2372 2596 2411 cum
2630 2358 2805 2414 mitra
2824 2359 2966 2414 vitta
2982 2360 3386 2432 hyacinthina,
3411 2363 3566 2419 sicut

1917 2443 2558 2512 praeceperatDominus
2574 2445 3073 2504 Mosi.Perfectum
3093 2450 3373 2523 estigitur
3389 2469 3562 2508 omne

1915 2545 2061 2599 opus
2091 2531 2479 2599 tabernaculi,
2508 2539 2564 2589 et
2586 2536 2720 2590 tecti
2770 2537 3131 2594 testimonii:
3181 2540 3558 2612 feceruntque

1915 2616 2017 2671 filii
2049 2619 2224 2674 Israel
2255 2626 2467 2677 cuncta
2489 2639 2618 2693 quae
2648 2627 3556 2696 praceperatDominusMosiEt

1912 2707 2251 2763 obtulerunt
2278 2711 2743 2780 tabernaculum,
2773 2720 2832 2768 et
2861 2718 3100 2784 tectum,
3135 2722 3191 2771 et
3217 2717 3549 2773 universam

1912 2795 2357 2867 supellectilem,
2391 2799 2658 2870 annulos,
2695 2801 2946 2870 tabulas,
2981 2808 3198 2874 vectes,
3242 2805 3548 2862 columnas

1911 2900 1974 2937 ac
1996 2885 2549 2958 bases,opertorium
2575 2889 2643 2943 de
2659 2889 2909 2961 pellibus
2941 2893 3184 2948 arietum
3209 2893 3545 2963 rubricatis,

1909 2976 1966 3028 et
1995 2973 2154 3029 aliud
2186 2977 2614 3046 operimentum
2632 2978 3000 3036 deianthinis
3027 2981 3300 3055 pellibus,
3323 2983 3542 3052 velum,

1906 3078 2123 3131 arcam,
2164 3070 2374 3136 vectes,
2409 3065 3188 3139 prOpitiatorium,mensam
3222 3089 3355 3128 cum
3387 3073 3544 3130 vasis

1907 3150 2032 3207 suis
2065 3157 2120 3207 et
2152 3153 2569 3224 propositionis
2583 3156 2834 3227 panibus
2859 3174 2871 3212 :
2897 3159 3308 3216 candelabrum
3323 3202 3336 3226 ,
3360 3161 3546 3217 lucer-

1912 3257 2037 3310 nas,
2071 3245 2126 3297 et
2157 3242 2432 3298 utensilia
2453 3260 2651 3300 earum
2692 3262 2826 3302 cum
2843 3247 2988 3315 oleo,
3013 3248 3196 3305 altare
3216 3267 3480 3318 aureum,
3497 3255 3556 3307 et

1914 3336 2303 3400 unguentum,
2336 3333 2629 3404 thymama
2652 3352 2720 3390 ex
2751 3337 3133 3407 aromatibus,
3157 3343 3215 3394 et
3239 3340 3554 3396 tentorium

1912 3418 1972 3472 in
2005 3419 2246 3475 introitu
2278 3421 2663 3493 tabernaculi,
2693 3424 2873 3480 altare
2897 3443 3149 3496 aeneum,
3183 3428 3556 3498 retiaculum,

1912 3512 2127 3572 vectes,
2160 3513 2216 3563 et
2246 3525 2385 3564 vasa
2416 3511 2544 3580 ejus
2568 3513 2766 3567 omnia
2803 3531 2815 3568 :
2840 3513 3074 3570 labrum
3097 3531 3231 3570 cum
3257 3517 3380 3572 basi
3405 3533 3552 3572 sua:

1912 3597 2162 3651 tentoria
2193 3598 2349 3664 atrii,
2374 3605 2428 3653 et
2446 3599 2754 3656 columnas
2777 3618 2908 3656 cum
2933 3603 3174 3658 basibus
3199 3605 3342 3673 suis,
3368 3610 3545 3660 tento.

1913 3684 2066 3739 rium
2085 3685 2142 3738 in
2159 3685 2402 3741 introitu
2420 3688 2573 3758 atrii,
2598 3688 3182 3761 funiculosqueillius
3205 3697 3262 3746 et
3282 3693 3553 3762 paxillos.

1913 3772 2064 3826 Nihil
2097 3788 2162 3828 ex
2195 3774 2348 3830 vasis
2397 3776 2603 3844 defuit,
2665 3793 2788 3848 quae
2821 3778 2879 3833 in
2914 3778 3310 3835 ministerium
3358 3782 3552 3837 taber-

1913 3862 2105 3917 naculi
2141 3905 2154 3930 ,
2209 3868 2266 3918 et
2295 3863 2354 3917 in
2410 3870 2628 3920 tectum
2687 3867 2920 3922 foederis
2977 3868 3144 3937 jussa
3217 3872 3358 3924 sunt
3404 3868 3550 3923 fieri.

1910 3950 2114 4006 Vestes
2147 3968 2380 4025 quoque
2411 3955 2482 4008 ad
2519 3954 2976 4010 ministrandum
3011 3956 3068 4010 in
3103 3956 3461 4023 sanctuario,
3494 3961 3554 4012 et

1908 4041 2098 4094 vestes
2130 4047 2364 4097 sanctas
2395 4043 2612 4113 quibus
2646 4045 2975 4099 sacerdotes
3038 4049 3308 4114 utuntur,
3364 4050 3555 4100 Aaron

1909 4125 2095 4199 [Vulg.
2148 4129 2360 4198 quibus
2411 4132 2741 4187 sacerdotes
2797 4137 3045 4187 utuntur
3103 4133 3162 4187 in
3221 4133 3557 4189 sanctuario

1909 4217 2126 4287 Aaron]
2162 4215 2383 4272 scilicet
2413 4223 2468 4272 et
2500 4217 2603 4273 lilii
2637 4219 2786 4289 ejus,
2819 4220 3160 4276 obtulerunt
3209 4222 3311 4276 ﬁlii
3355 4222 3563 4291 Israel,

1915 4305 2068 4360 sicut
2102 4311 2457 4377 praeceperat
2489 4307 2796 4362 Dominus.
2829 4309 2965 4372 Quae
2999 4314 3314 4381 postquam
3371 4313 3562 4366 Moses

1912 4399 2122 4450 cuncta
2151 4393 2296 4450 vidit
2326 4395 2574 4468 expleta,
2607 4396 2907 4453 benedixit
2935 4398 3041 4453 eis.

1983 4503 2064 4572 [Ο.
2097 4501 2424 4568 GXXXVII,
2460 4504 2589 4574 Cap.
2622 4503 2760 4574 XL.]
2791 4505 3158 4576 Locutusque
3213 4509 3304 4560 est
3354 4506 3559 4561 Domi-

1912 4609 2021 4647 nus
2051 4593 2123 4647 ad
2156 4591 2377 4655 Mosen,
2413 4591 2653 4646 dicens:
2713 4592 2913 4648 Mense
2959 4595 3167 4663 primo,
3213 4593 3307 4648 die
3367 4595 3557 4665 prima

1913 4772 2116 4828 nuisse
2164 4771 2444 4845 contenti,
2505 4771 2650 4825 nihil
2705 4773 2962 4844 amplius
3009 4774 3067 4828 in
3128 4774 3373 4830 delendo
3432 4791 3562 4845 quae

143 4847 297 4896 antea
355 4845 678 4917 restituit,
739 4845 923 4917 nostri
983 4833 1237 4917 quoque,
1292 4833 1435 4902 mss.
1494 4852 1804 4903 asserunt:
1837 4833 1881 4898 D
1915 4845 2134 4917 scripta
2165 4848 2325 4917 sunt,
2361 4833 2831 4917 calamoAnostro
2889 4846 3310 4917 permittentes.
3371 4846 3559 4901 MART.

141 4925 345 4985 parque
380 4922 471 4972 est
512 4915 761 4988 opinari
793 4918 866 4972 ob
887 4915 1150 4988 ejusdem
1185 4919 1340 4972 vocis
1370 4918 1691 4974 Sanctuarii
1721 4933 1809 4973 re-

141 5000 391 5058 cursum,
430 4986 649 5043 fuiése
680 4986 928 5042 solemni
959 4989 1129 5058 lapsu
1159 5006 1194 5043 a
1219 4989 1438 5045 Latinis
1481 5006 1804 5045 amanuen-

145 5057 292 5131 sibus
320 5058 826 5131 praetermissum
855 5077 869 5125 ;
897 5076 1023 5130 quin
1055 5060 1210 5115 enim
1243 5067 1374 5131 post
1430 5077 1557 5116 eam
1605 5077 1805 5116 vocem

141 5125 186 5180 in
217 5125 339 5184 Ευὲ
355 5128 676 5186 versiculi
705 5125 1172 5201 subsequuntur,
1201 5125 1446 5186 medium
1473 5133 1668 5188 siclum
1713 5149 1810 5202 per

139 5203 760 5274 mpitaqsingulorum,
787 5218 977 5274 neque
1007 5203 1282 5270 Urbinas,
1316 5220 1504 5274 neque
1559 5205 1805 5260 Palatia.

146 5283 272 5326 mss.
308 5272 580 5330 habent.

197 5342 216 5375 ²
241 5345 428 5400 Iidem
469 5343 891 5416 manuscripti
923 5343 1154 5400 codices
1182 5343 1363 5400 istum
1391 5345 1584 5400 locum
1616 5361 1812 5400 emen-

146 5410 284 5488 dant,
314 5417 691 5488 leguntque
723 5421 783 5469 ut
811 5410 919 5470 nos
952 5415 1282 5488 posuimus.
1315 5420 1526 5488 Verum
1549 5418 1700 5488 quod
1725 5432 1813 5471 se-

143 5484 334 5555 quitur,
378 5484 647 5562 quando
703 5484 1054 5542 ministrabat
1082 5487 1144 5542 in
1171 5487 1395 5562 sanctis,
1455 5484 1816 5562 superﬂuum

143 5563 230 5630 est,
286 5560 436 5630 quia
505 5563 703 5630 totus
745 5562 1049 5630 contextus
1105 5560 1481 5614 Hebraeorum
1569 5560 1817 5613 fontium

150 5626 349 5711 absque
372 5632 480 5687 his
516 5628 740 5684 verbis
771 5629 1132 5711 sufficienter
1156 5647 1468 5711 expressus
1486 5631 1820 5711 invenitur:

151 5695 266 5772 ideo
309 5709 372 5759 et
439 5719 572 5758 nos
616 5770 632 5772 _
663 5715 784 5772 quas
844 5701 1146 5772 superﬂua
1201 5695 1546 5759 videbantur
1594 5701 1824 5757 lineolis

150 5770 245 5827 sive
274 5774 534 5831 uncinis
572 5770 947 5837 claudimus',
992 5772 1050 5827 id
1093 5777 1327 5830 tantum
1384 5773 1658 5829 lectorem
1708 5789 1826 5829 mo-

447 5894 756 5955 Panos.
801 5889 1077 5956 XXVIII.

1988 4913 2056 4956 -ῐ
2085 4913 2275 4968 Verba
2303 4913 2523 4977 isthaec,
2557 4914 2626 4968 ad
2654 4913 3082 4972 ministrantium
3127 4920 3187 4972 in
3223 4919 3562 4983 sanctuario,

1913 4997 1963 5045 et
1993 4994 2160 5042 vestes
2175 4992 2412 5059 sanctas.
2443 4984 2700 5059 Urbinas,
2723 4992 2777 5041 et
2809 4987 3050 5042 Palatin.
3086 5006 3228 5044 mss.
3267 4989 3560 5059 ignorant,

1917 5056 2440 5131 quemﬁadm_odum_
2475 5061 2560 5131 et_
2608 5057 2853 5128 vulgati.
2900 5062 3035 5124 Quae
3092 5056 3558 5131 subsequuntur,

1917 5127 2128 5203 quando
2158 5127 2600 5203 ministrabatjn
2619 5127 2845 5196 sanctis,
2876 5131 3103 5186 uncinis
3132 5127 3371 5186 inclusit
3410 5135 3558 5184 Mar-

1918 5198 2062 5269 tian,
2100 5203 2298 5269 utpote
2330 5215 2394 5252 su
2407 5198 2646 5268 perﬂua.

1992 5273 2013 5306 ³
2045 5272 2239 5326 Ganon
2274 5285 2402 5343 cum
2437 5271 2715 5326 omnibus
2745 5287 2888 5327 mss.
2937 5273 3237 5328 codicibus
3286 5272 3445 5343 legit.
3493 5286 3565 5343 ac

1919 5343 2222 5400 vermiculo
2259 5340 2594 5409 distinctum,
2627 5359 2834 5412 nempe
2862 5343 3149 5413 cingulum
3179 5340 3368 5397 Aaron
3403 5351 3459 5396 et
3490 5342 3556 5395 fi-

1924 5414 2294 5486 liorumejus
2320 5415 2502 5486 :quod
2520 5430 2634 5467 non
2662 5415 3050 5486 incongruum
3077 5415 3266 5468 reddit
3300 5429 3566 5486 sensum;

1926 5488 2034 5542 etsi
2069 5485 2343 5539 Hebraice
2377 5485 2639 5555 legamus
2672 5490 2736 5538 ut
2765 5487 2822 5538 in
2852 5485 3046 5550 edito,
3080 5495 3183 5544 Vat?
3214 5494 3424 5548 Μήνη-ι
3478 5485 3566 5538 Ve-

1927 5556 2186 5613 tholuath
2214 5557 2361 5624 sani,
2394 5555 2451 5610 id
2481 5559 2594 5623 est,
2618 5560 2668 5610 et
2698 5557 2991 5611 vermiculi
3018 5555 3181 5623 cocci,
3202 5556 3320 5611 sive
3347 5556 3424 5610 bis
3457 5555 3573 5610 tin-

1929 5639 2036 5685 cto.
2071 5628 2256 5682 Maa'r.

2003 5729 2070 5738 -—-
2098 5697 2314 5763 Nostri,
2348 5701 2407 5751 et
2438 5713 2584 5766 quos
2616 5696 2875 5766 Martian,
2909 5697 3226 5766 consuluit,
3252 5716 3395 5753 mss.
3437 5701 3576 5754 Ver-

1931 5770 2136 5826 miculo
2164 5769 2481 5824 distinctum
2511 5778 2651 5835 arte,
2685 5773 2793 5824 etc.

3177 5890 3249 5950 11
