4080 6186
515 273 614 328 331

1553 277 1612 328 S.
1655 274 2062 328 HIERONYMI
2101 273 2354 328 DIVINA
2389 277 2880 332 BIBLIOTHECA.

3814 273 3916 328 332

517 396 759 468 mensis,
791 395 1875 468 erigestabernaculumtestimonit,et
1898 396 2145 466 ponesin
2179 398 2234 464 Α
2265 397 2548 454 ordinatis
2578 414 2771 454 coram
2805 399 3220 470 propositionis
3255 399 3528 471 panibus,
3569 398 3725 454 sicut
3774 415 3920 470 prae-

518 501 584 542 eo
614 502 833 551 arcam,
866 484 1251 554 demittesque
1283 489 1416 538 ante
1448 484 1608 538 illam
1640 484 1855 551 velum,
1892 491 1949 540 et
1995 485 2160 540 illata

521 591 744 643 mensa,
779 589 958 645 pones
988 588 1166 644 super
1193 588 1319 627 eam
1354 589 1484 644 qua:
1516 574 1624 629 rite
1668 577 1954 645 praecepta
1997 578 2157 628 sunt.

522 661 949 721 Candelabrum
972 663 1150 717 stabit
1179 677 1314 717 cum
1353 661 1607 717 lucernis
1663 663 1809 731 suis,
1866 667 1923 717 et
1978 660 2162 717 altare

527 767 767 809 aureum
799 751 858 804 in
889 765 1000 819 quo
1062 749 1329 806 adolatur
1385 751 1718 818 incensum,
1776 767 1971 806 coram
2031 767 2166 805 arca

526 839 864 896 testimonii.
879 840 1222 894 Tentorium
1240 839 1300 894 in
1321 840 1562 894 introitu
1579 839 1939 896 tabernaculi
1963 855 2164 910 pones,

527 933 584 984 et
613 933 749 984 ante
779 927 925 983 illud
957 927 1142 983 altare
1155 927 1477 982 holocausti
1506 943 1518 982 :
1547 928 1778 983 labrum
1805 927 1957 982 inter
1987 927 2166 981 altare

527 1022 586 1074 et
612 1016 1080 1087 tabernaculum,
1112 1017 1268 1088 quod
1307 1016 1580 1088 implebis
1624 1034 1796 1088 aqua.
1829 1016 2169 1070 Circumda-

530 1106 738 1178 bisque
793 1107 1007 1162 atrium
1066 1105 1354 1176 tentoriis,
1388 1110 1444 1161 et
1522 1107 1854 1177 ingressum
1906 1106 2055 1176 ejus.
2106 1105 2172 1159 Et

528 1198 834 1266 assumpto
865 1195 1159 1250 unctionis
1188 1194 1334 1262 oleo,
1359 1211 1542 1266 unges
1572 1193 2010 1250 tabernaculum
2030 1194 2169 1248 cum

526 1283 682 1339 vasis
711 1284 858 1350 suis,
892 1288 956 1338 ut
986 1284 1426 1339 sanctiﬁcentur
1457 1301 1468 1338 :
1502 1283 1685 1338 altare
1733 1282 2062 1338 holocausti
2117 1288 2173 1336 et

528 1371 728 1428 omnia
755 1388 895 1428 vasa
946 1372 1115 1442 ejus:
1155 1372 1383 1427 labrum
1435 1388 1568 1427 cum
1619 1372 1745 1427 basi
1779 1388 1923 1427 sua:
1978 1371 2174 1426 omnia

529 1461 825 1517 unctionis
855 1459 981 1516 oleo
1013 1460 1404 1526 consecrabis,
1442 1464 1502 1514 ut
1531 1460 1650 1514 sint
1680 1464 1882 1515 sancta
1943 1462 2173 1514 sancto-

533 1566 689 1606 rum.
721 1549 1173 1622 Applicablsque
1203 1552 1393 1604 Aaron
1443 1556 1496 1605 et
1528 1548 1682 1604 filios
1739 1548 1868 1618 ejus
1894 1548 1967 1602 ad
2021 1547 2173 1602 fores

527 1640 890 1696 tabernaculi
915 1639 1260 1710 testimonii,
1294 1643 1352 1694 et
1381 1638 1531 1694 lotos
1555 1638 1930 1709 aquaindues
1952 1637 2174 1692 sanctis

530 1730 812 1797 vestibus,
847 1733 912 1783 ut
942 1728 1280 1784 ministrent
1311 1726 1479 1797 mihi,
1512 1732 1568 1783 et
1597 1728 1798 1783 unctio
1857 1742 2057 1782 eorum
2116 1726 2173 1780 in

528 1817 916 1874 sacerdotium
933 1816 1198 1888 proﬁciat
1215 1815 1939 1888 sempiternum.Fecitque
1985 1815 2175 1870 Moses

529 1907 749 1972 omnia,
780 1922 908 1977 quas
939 1909 1290 1977 praeceperat
1337 1905 1640 1960 Dominus.
1704 1905 1786 1976 ('1‘.
1848 1904 2054 1973 XVIII,
2113 1906 2174 1960 C.

531 1994 880 2064 CXXXVIII.)
910 1994 1095 2066 Igitur
1123 2009 1322 2049 mense
1351 1994 1541 2065 primo
1601 1991 1741 2048 anni
1801 1992 2064 2060 secundi,
2115 1992 2175 2046 in

532 2085 723 2156 prima
752 2084 844 2139 die
873 2084 1117 2150 mensis,
1176 2082 1521 2138 collocatum
1574 2087 1662 2137 est
1708 2081 2174 2136 tabernaculum.

534 2173 846 2243 Erexitque
876 2171 1021 2227 illud
1045 2173 1258 2242 Moses,
1293 2177 1350 2226 et
1367 2171 1562 2242 posuit
1589 2170 1824 2226 tabulas
1842 2188 1909 2226 ac
1939 2172 2108 2226 bases
2121 2176 2180 2225 et

539 2266 752 2330 vectes,
787 2261 1116 2332 statuitque
1168 2260 1498 2327 columnas,
1545 2263 1602 2315 et
1632 2260 1910 2331 expandit
1957 2264 2174 2315 tectum

533 2365 711 2421 super
723 2348 1194 2415 tabernaculum,
1217 2348 1494 2420 imposito
1518 2349 1768 2419 desuper
1794 2348 2175 2419 operimento,

532 2439 688 2494 sicut
715 2437 1000 2493 Dominus
1031 2439 1439 2507 imperaverat.
1472 2437 1676 2492 Posuit
1695 2442 1753 2492 et
1771 2437 2178 2492 testimonium

533 2526 594 2580 in
637 2542 790 2595 arca,
823 2526 1078 2582 subditis
1110 2526 1263 2580 infra
1284 2524 1569 2591 vectibus,
1597 2524 1969 2581 etoraculum
1996 2525 2176 2579 desu-

536 2630 658 2688 per.
709 2614 972 2686 Cumque
1006 2614 1300 2670 intulisset
1355 2630 1548 2669 arcam
1600 2613 1659 2667 in
1709 2611 2175 2682 tabernaculum,

537 2705 818 2776 appendit
873 2709 1007 2760 ante
1062 2719 1191 2760 eam
1243 2702 1458 2773 velum,
1515 2707 1580 2758 ut
1631 2701 1890 2774 expleret
1944 2701 2178 2757 Domini

530 2793 885 2864 jussionem.
919 2793 1123 2849 Posuit
1142 2801 1195 2848 et
1226 2807 1491 2847 mensam
1522 2790 1581 2846 in
1602 2791 1980 2846 tabernaculo
2011 2791 2178 2846 testi-

542 2881 724 2938 monii
755 2883 827 2939 ad
887 2880 1120 2954 plagam
1179 2879 1692 2954 septentrionalem
1751 2887 1912 2936 extra
1957 2879 2176 2947 velum,

2267 491 2499 555 ceperat
2525 488 2803 543 Dominus
2834 489 2995 543 Mosi.
3031 489 3233 544 Posuit
3263 493 3321 543 et
3381 487 3804 543 candelabrum
3864 489 3921 542 in

2267 573 2644 628 tabernaculo
2678 575 2994 631 testimonii
3027 592 3058 632 e
3089 577 3325 646 regione
3358 592 3572 631 mensa
3635 576 3694 631 in
3756 581 3917 647 parte

2271 661 2538 720 australi.
2567 663 2770 719 locatis
2802 682 2905 736 per
2934 665 3198 720 ordinem
3245 665 3522 730 lucernis,
3551 665 3727 735 juxta
3777 681 3923 735 pre-

2271 755 2507 819 ceptum
2543 752 2797 808 Domini.
2837 754 3038 808 Posuit
3065 759 3121 809 et
3151 752 3335 808 altare
3367 768 3609 808 aureum
3635 753 3744 807 sub
3769 757 3918 807 tecto

2273 838 2593 894 testimonii
2660 846 2864 897 contra
2917 843 3134 906 velum,
3188 848 3244 898 et
3297 841 3550 898 adolevit
3608 857 3785 912 super
3855 857 3918 896 eo

2275 926 2581 982 incensum
2606 935 2956 1000 aromatum,
2981 931 3403 1001 sicutjusserat
3432 929 3721 986 Dominus
3750 929 3918 984 Mosi.

2278 1016 2477 1070 Posuit
2508 1021 2562 1070 et
2590 1018 2906 1072 tentorium
2940 1019 2996 1073 in
3029 1019 3270 1074 introitu
3304 1018 3664 1074 tabernaculi
3727 1018 3918 1088 [ναις.

2277 1103 2399 1157 add.
2434 1105 2801 1177 testimonii).
2820 1111 2875 1162 et
2892 1108 3074 1162 altare
3098 1107 3338 1163 holocau
3350 1106 3426 1162 sti
3446 1108 3504 1162 in
3529 1105 3820 1162 vestibulo
3843 1111 3927 1162 te-

2280 1191 2820 1259 stimonii,otferens
2835 1195 2889 1248 in
2907 1212 2972 1250 eo
2992 1195 3430 1266 holocaustum,
3450 1199 3507 1250 et
3528 1194 3840 1263 sacriﬁcia,
3859 1199 3928 1249 ut

2279 1281 2563 1336 Dominus
2591 1285 2924 1353 imperarat.
2954 1284 3208 1339 Labrum
3243 1300 3482 1356 quoque
3525 1284 3734 1340 statuit
3780 1284 3935 1339 inter

2280 1370 2724 1426 tabernaculum
2755 1373 3082 1427 testimonii
3135 1378 3192 1428 et
3221 1373 3424 1441 altare,
3472 1372 3728 1444 implens
3785 1371 3934 1426 illud

2282 1473 2454 1528 aqua.
2490 1459 2893 1531 Laveruntque
2934 1466 3143 1528 Moses,
3179 1465 3236 1516 et
3267 1464 3474 1531 Aaron,
3526 1478 3593 1517 ac
3638 1461 3744 1516 ﬁlii
3803 1461 3937 1531 ejus

2285 1562 2496 1601 manus
2526 1563 2666 1602 suas
2697 1553 2751 1603 et
2785 1550 2981 1618 pedes,
3017 1566 3150 1604 cum
3202 1550 3650 1621 ingrederentur
3710 1553 3935 1604 tectum

2285 1634 2538 1702 fcederis,
2573 1641 2629 1691 et
2657 1637 2999 1692 accederent
3027 1638 3099 1692 ad
3132 1636 3335 1704 altare,
3369 1639 3522 1694 sicut
3574 1642 3939 1710 praeceperat

2206 1761 2254 1826 B
2287 1721 2572 1780 Dominus
2606 1725 2774 1781 Mosi.
2809 1726 3002 1782 Erexit
3029 1732 3086 1782 et
3115 1727 3332 1782 atrium
3369 1744 3469 1799 per
3500 1744 3708 1800 gyrum
3740 1729 3940 1783 taber-

2285 1814 2479 1870 naculi
2509 1818 2566 1868 et
2598 1813 2820 1881 altaris,
2854 1815 3027 1871 ducto
3058 1816 3114 1870 in
3150 1816 3454 1872 introitum
3504 1818 3634 1886 ejus
3683 1816 3941 1872 tentorio

2285 1903 2370 1972 [C.
2387 1901 2699 1973 CXXXIX.]
2712 1903 3023 1974 Postquam
3041 1905 3238 1960 omnia
3251 1905 3509 1976 perfecta
3521 1909 3680 1976 sunt,
3693 1904 3937 1976 operuit

2288 1993 2474 2048 nubes
2504 1992 2945 2048 tabernaculum
2975 1993 3317 2061 testimonii,
3353 1999 3410 2050 et
3457 1993 3640 2064 gloria
3696 1993 3942 2050 Domini

2285 2081 2550 2152 implevit
2599 2081 2764 2136 illud.
2797 2081 2912 2137 Nec
2943 2087 3168 2154 poterat
3201 2083 3390 2138 Moses
3422 2083 3650 2156 ingredi
3708 2087 3939 2138 tectum

2288 2170 2545 2237 fmderis,
2578 2170 2733 2226 nube
2745 2170 3044 2242 operiente
3057 2171 3276 2240 omnia,
3299 2172 3682 2243 utmajestate
3699 2171 3943 2227 Domini

2287 2264 2651 2325 eoruscante,
2677 2259 2817 2329 quia
2838 2265 3050 2316 cuncta
3072 2261 3259 2316 nubes
3273 2265 3598 2331 operuerat.
3617 2259 3677 2316 Si
3700 2262 3953 2331 quando

2287 2349 2474 2402 nubes
2526 2347 2969 2403 tabernaculum
3055 2349 3380 2416 deserebat,
3414 2349 3954 2420 proficiscebantur

2287 2435 2393 2490 filii
2429 2435 2607 2491 Israel
2640 2451 2741 2506 per
2769 2440 2995 2492 turmas
3027 2453 3202 2492 suas:
3238 2437 3284 2491 si
3319 2437 3610 2509 pendebat
3659 2438 3953 2508 desuper,

2288 2525 2603 2578 manebant
2636 2524 2694 2577 in
2725 2525 2929 2579 eodem
2969 2523 3114 2580 loco.
3175 2525 3372 2580 Nubes
3425 2526 3640 2598 quippe
3701 2526 3956 2581 Domini

2287 2613 2604 2668 incubabat
2629 2629 2731 2684 per
2753 2612 2908 2668 diem
2938 2614 3336 2681 tabernaculo,
3371 2619 3429 2670 et
3459 2615 3614 2686 ignis
3643 2614 3702 2670 in
3740 2621 3952 2685 nocte,

2286 2703 2626 2757 videntibus
2657 2702 2887 2757 cunctis
2919 2702 3150 2774 populis
3170 2702 3345 2758 lsrael
3376 2718 3480 2775 per
3505 2709 3747 2760 cunctas
3771 2722 3953 2760 man-

2290 2807 2486 2848 BIODBS
2509 2807 2670 2847 811118.

1599 3031 1845 3103 Explicit
1870 3029 2014 3088 liber
2042 3031 2178 3087 Elle
2206 3031 2413 3099 Smoth,
2446 3031 2503 3086 id
2532 3034 2609 3086 est
2639 3031 2877 3087 Exodus.

1460 3336 1698 3398 TITULI
1757 3336 1952 3393 LIBRI
2008 3336 2336 3405 VAIECRA,
2369 3336 2441 3392 ID
2496 3335 2623 3392 ES'I‘
2679 3335 3009 3392 LEVITICI.

2204 3492 2272 3503 —

534 3618 578 3673 Ι.
611 3616 719 3674 Ubi
749 3616 840 3670 lex
868 3613 1344 3671 holocaustorum
1377 3611 1448 3670 de
1476 3613 1802 3670 immundis
1825 3611 2180 3670 animalibus
2211 3619 2253 3686 ί]
2293 3612 2440 3668 VIII.
2473 3612 2554 3667 De
2583 3611 2704 3668 viro
2727 3612 2948 3667 ﬂuxum
2973 3611 3216 3667 seminis
3247 3610 3704 3682 sustinente,vel
3742 3615 3820 3671 de
3850 3616 3963 3686 iis,

603 3706 690 3761 vel
714 3705 920 3760 avibus
946 3702 1179 3759 Domini
1212 3701 1642 3774 promulgatur.
2361 3719 2487 3772 quis
2519 3718 2618 3773 per
2650 3717 2924 3757 somnum
2955 3701 3292 3772 contingere
3333 3701 3543 3759 solent.
3595 3702 3674 3758 De
3731 3719 3964 3763 mens-

535 3793 976 3851 “Sacrificium
994 3809 1094 3863 pro
1115 3797 1347 3864 peccato
1370 3792 1882 3863 perignorantiam
1896 3791 2176 3848 admisso.
2360 3790 2509 3844 truis
2542 3790 2884 3856 mulierunt,
2919 3789 3007 3845 vel
3041 3790 3350 3860 profluvio.

604 3883 854 3939 Jubetur
873 3883 944 3938 de
964 3881 1294 3953 ignorantia
1328 3881 1620 3952 pontiﬁcis
1644 3897 1746 3951 pro
1777 3896 1972 3936 errore
1995 3897 2178 3952 popu-
2289 3880 2375 3934 IX.
2410 3884 2484 3933 De
2518 3879 2749 3934 duobus
2772 3878 2975 3947 hircis,
3005 3883 3062 3934 et
3092 3879 3162 3933 de
3193 3879 3426 3934 duobus
3456 3879 3659 3936 vitulis
3691 3897 3799 3952 pro
3840 3901 3966 3956 po-

605 3971 670 4041 li,
701 3988 805 4044 pro
827 3975 957 4027 actu
987 3969 1302 4037 immundi,
1336 3973 1393 4024 et
1422 3969 1822 4026 recordatione
1849 3969 2091 4041 peccati,
2123 3972 2180 4024 et
2359 3967 2494 4038 pulo
2527 3971 2583 4022 et
2613 3964 2892 4038 pontiﬁce
2925 3966 3327 4023 immolandis.

603 4065 823 4117 temere
853 4058 1221 4115 curantibus.
2286 4056 2349 4110 X.
2382 4055 2741 4127 Prsecipitur,
2775 4058 2840 4109 ut
2859 4055 3049 4111 omnis
3079 4054 3338 4124 victima,
3367 4071 3494 4126 quae
3527 4055 3588 4112 in
3621 4073 3764 4130 agro
3821 4078 3974 4119 ma-

532 4149 630 4204 III.
667 4151 742 4204 De
764 4148 1049 4204 sacrificio
1070 4162 1270 4202 eorum
1289 4145 1389 4217 qui
1412 4162 1512 4215 per
1531 4162 1787 4202 errorem
1813 4146 2177 4203 sanctiﬁcata
2357 4150 2567 4214 ctatur,
2592 4151 2657 4201 ut
2687 4146 2959 4218 primitiae
2989 4163 3057 4202 ex
3089 4147 3292 4202 eadem
3318 4147 3563 4204 Domino
3587 4149 3965 4223 offerantur,

591 4237 1404 4308 comedunt,etdeneganteet
1424 4235 2172 4307 pejerante,ellibamentis.
2354 4240 2408 4289 et
2431 4251 2501 4289 ne
2532 4234 2878 4306 sanguinem
2911 4234 3042 4305 quis
3062 4237 3352 4303 comedat,
3412 4236 3502 4291 vel
3535 4238 3972 4312 morticinum,

528 4325 624 4381 IV.
649 4326 731 4381 De
762 4324 1161 4381 oblationibus
1194 4324 1590 4389 sacerdotum,
1615 4340 1760 4395 quas
1791 4339 1977 4396 prose
2003 4324 2174 4378 otl'er-
2353 4323 2442 4376 vel
2475 4327 2713 4394 captum
2748 4339 2778 4377 a
2812 4323 3020 4378 bestia.

597 4429 658 4468 re
691 4413 961 4480 debeant,
993 4411 1079 4467 vel
1112 4411 1249 4484 quid
1282 4412 1353 4466 de
1373 4412 1773 4469 oblationibus
1803 4428 2171 4483 consequan-
2283 4411 2375 4466 XI.
2405 4410 2606 4466 Timor
2633 4410 2733 4466 Dei
2756 4412 3115 4483 imperatur:
3151 4412 3481 4470 timendum
3501 4417 3728 4485 patrem
3757 4432 3772 4472 :
3812 4417 3974 4476 ido-

526 4505 642 4572 tur,
676 4501 748 4557 de
777 4501 948 4573 adipe
977 4505 1035 4556 et
1058 4501 1368 4572 sanguine.
2350 4499 2406 4555 la
2438 4516 2551 4554 non
2584 4499 2870 4570 facienda,
2904 4505 2962 4556 et
2987 4505 3212 4570 caetera,
3246 4517 3373 4573 quae
3395 4502 3467 4558 ad
3499 4502 3686 4575 legem
3713 4509 3773 4560 et
3801 4507 3970 4577 jus-

523 4589 590 4645 V.
625 4591 927 4655 Quomodo
959 4589 1227 4644 initiandi
1259 4595 1400 4645 sunt
1426 4591 1786 4655 sacerdotes,
1820 4589 1908 4645 vel
1951 4589 2170 4660 quibus

597 4679 860 4735 vestibus
889 4677 1195 4734 induendi.
1226 4683 1308 4734 De
1355 4678 1630 4734 unctione
1686 4677 2053 4734 tabernaculi
2113 4685 2170 4733 et

598 4784 872 4825 vasorum
905 4769 1048 4837 ejus.
1085 4767 1193 4823 Ubi
1226 4771 1446 4838 Moyses
1476 4767 1630 4822 sicut
1659 4766 1910 4836 pontifex
1959 4765 2171 4837 accipit

599 4856 923 4929 portionem
955 4858 1144 4912 Aaron
1177 4855 1535 4912 sacerdotis:
1573 4855 1676 4909 ﬁlii
1717 4859 1907 4910 Aaron
1967 4854 2169 4911 illicite

598 4949 790 5013 ignem
817 4946 1126 5002 offerentes
1160 4945 1420 5017 percussi
1454 4950 1612 5000 sunt.

519 5035 614 5090 Vl.
647 5034 1052 5091 Sacerdotibus
1067 5033 1406 5106 praecipitur
1425 5033 1626 5088 vinum
1650 5049 1764 5089 non
1785 5033 2004 5103 bibere,
2023 5049 2158 5088 cum

586 5125 876 5196 templum
910 5123 1343 5196 ingrediuntur.
1380 5128 1456 5178 De
1484 5122 1722 5178 mundis
1753 5130 1807 5177 et
1836 5123 2164 5178 immundis

581 5212 940 5269 animalibus
973 5217 1028 5268 et
1060 5211 1266 5267 avibus
1298 5211 1694 5267 comedendis.

507 5302 718 5358 VII.De
741 5301 985 5357 muliere
1009 5302 1292 5373 pariente,
1316 5307 1372 5356 et
1393 5300 1996 5372 immunda.Deleprue
2019 5317 2162 5357 con-

580 5389 964 5446 taminatione
979 5389 1066 5443 vel
1081 5387 1536 5444 discrimine.De
1581 5388 1741 5460 lepra
1782 5389 2160 5446 vestimento-

580 5497 734 5534 rum.
771 5479 850 5533 De
883 5477 1267 5532 mundatione
1302 5476 1494 5549 leprte.
1522 5478 1601 5533 De
1632 5478 1829 5533 divitis
1861 5485 1917 5534 et
1940 5495 2160 5551 paupe-

579 5569 662 5625 ris
692 5567 874 5640 lepra,
908 5571 967 5622 et
997 5567 1379 5623 mundatione
1414 5566 1745 5622 domorum.

2351 4588 2700 4644 tiﬁcationes
2729 4589 3041 4661 pertinent.

2279 4678 2413 4734 XII.
2455 4677 2795 4749 Praecipitur
2824 4678 3050 4734 nullum
3083 4695 3150 4734 ex
3178 4679 3357 4735 Israel
3389 4685 3445 4736 et
3467 4682 3656 4737 sancti
3683 4685 3979 4744 seminis

2349 4765 2504 4821 idolo
2536 4769 3021 4821 consecrandum.
3052 4772 3126 4822 De
3147 4768 3378 4823 mzechis
3401 4773 3457 4823 et
3478 4769 3748 4827 adultera
3772 4789 3790 4829 :
3812 4789 3978 4848 quas

2349 4858 2490 4909 sunt
2511 4871 2792 4926 personae,
2827 4855 3045 4926 quibus
3075 4854 3246 4912 liceat
3276 4858 3550 4929 conjugio
3582 4860 3837 4920 sociari.

2193 4986 2242 5051 υ
2278 4943 2780 5015 XIII.Praacipitur
2795 4945 3067 5000 sacerdos
3081 4947 3373 5001 neminem
3391 4947 3612 5019 lugere,
3637 4965 3855 5022 neque
3880 4958 3948 5013 vi
3965 4991 3995 5002 -

2342 5033 2651 5102 duam,aut
2665 5032 3030 5103 repudiatam
3048 5049 3286 5089 uxorem
3305 5036 3648 5108 acciperezet
3662 5052 3960 5111 corpora
3983 5081 4002 5091 -

2346 5121 2502 5176 libus
2533 5121 2690 5175 vitiis
2723 5121 3079 5177 maculatum
3114 5123 3468 5178 sacrificium
3503 5142 3619 5181 non
3680 5127 3929 5188 offerre
3968 5154 3993 5192 :

2345 5210 2572 5265 nullum
2599 5209 2990 5284 alienigenam
3014 5216 3226 5268 Sancta
3250 5217 3589 5269 sanctorum
3615 5215 3998 5290 attingam.

2271 5299 2421 5354 XIV.
2456 5299 2535 5353 De
2562 5299 2820 5355 victimis
2860 5301 3263 5371 paciﬁcorum,
3323 5318 3447 5372 quae
3510 5303 3627 5358 sint
3684 5305 4000 5371 Domino

2339 5388 2755 5444 consecranda.
2793 5393 2870 5444 De
2900 5389 3270 5446 solemnitate
3296 5407 3656 5463 azymorum,
3707 5397 3772 5449 et
3813 5413 4006 5459 con-

2339 5476 2663 5532 secratione
2685 5477 2982 5548 spicarum
3016 5478 3073 5533 in
3107 5479 3467 5535 Pentecoste.

2269 5566 2385 5622 XV.
2415 5566 2492 5621 De
2524 5582 2722 5622 mense
2754 5567 3026 5639 septimo,
3044 5568 3370 5639 jejunio,et
3387 5568 3548 5626 feriis
3577 5569 4014 5639 tabernacu-
