4080 6186
458 275 568 340 335

1483 281 1543 334 Β.
1583 278 1990 334 ΗῙΕΒΟΝΥΜΙ
2028 278 2280 333 DIVINA
2321 277 2824 334 BIBLIOTHECA.

3764 276 3872 332 336

458 410 715 467 XXVIII.
738 409 996 482 Septimo
1011 405 1464 474 mense,deoimo
1487 405 1579 458 die
1594 403 1953 474 mensisjeju
1966 420 2104 458 nan-
2129 405 2182 471 Α
2220 403 2447 458 LXII.Si
2470 402 2603 472 quis
2627 402 2911 458 manserit
2926 417 3060 458 cum
3085 419 3236 459 nuru
3260 418 3389 472 sua,
3404 402 3578 458 ambo
3604 402 3871 459 morian-

469 504 1004 648 XXIIXITOSacriﬁcia
1032 602 1134 658 per
1162 585 1262 642 Dei
1294 585 1624 640 sacerdotes
1657 583 1972 638 oII‘erenda.

469 681 647 738 XXX.
680 679 1059 750 Sanguinem,
1092 683 1149 732 et
1181 692 1284 748 per
1304 692 1366 731 se
1397 678 1692 730 mortuum
1725 690 1834 728 non
1868 673 2118 727 mandu-

697 786 814 826 ΠΕΟ.

697 786 814 826 υω.

469 772 686 916 XXXII?
700 856 1077 913 Morticinum
1110 864 1162 910 et
1193 872 1226 910 a
1256 854 1375 941 fere
1397 858 1632 923 captum
1661 867 1774 907 non
1806 825 2114 905 comeden-

540 950 706 1004 dum.

467 1037 700 1094 XXXII.
723 1036 870 1091 Cum
887 1033 1047 1091 omni
1070 1031 1389 1089 domestica
1417 1030 1649 1103 generis
1674 1045 1788 1084 non
1820 1027 2112 1083 dormien-

539 1127 701 1181 dum.

466 1214 716 1270 XXXIII.
739 1213 863 1268 Non
898 1211 1371 1268 adulterandum.

467 1303 714 1359 XXXIV.
741 1306 984 1358 Sanctos
1030 1316 1159 1356 esse
1205 1299 1437 1365 debere,
1487 1296 1584 1367 qui
1637 1296 1708 1350 ad
1740 1295 1920 1351 Deum
1956 1310 2122 1349 acce-

542 1393 693 1447 dunt
725 1395 767 1458 ‘,
795 1395 852 1446 et
882 1395 1152 1462 parentes
1184 1388 1443 1459 diligere.

470 1480 698 1536 XXXV.
733 1479 1032 1550 Reliquias
1069 1477 1280 1532 messis
1315 1474 1672 1547 pauperibus
1714 1472 2119 1527 dimittendas.

470 1569 705 1626 XXXVI.
738 1569 863 1624 Non
895 1567 1209 1622 furandum
1267 1580 1372 1619 nec
1395 1563 1820 1627 mentiendum,
1857 1576 1961 1615 nec
1995 1577 2120 1632 per-

541 1659 890 1729 jurandum,
923 1671 1114 1726 neque
1143 1655 1468 1710 delaturam
1502 1652 1854 1706 faciendam.

487 1746 756 1803 XXXVII.
790 1745 1123 1801 Proximum
1159 1760 1272 1798 non
1310 1741 1660 1797 laedendum.

470 1835 762 1891 XXXVIII.
801 1833 1126 1888 Mercedem
1177 1829 1523 1887 mercenarii
1573 1845 1686 1884 non
1720 1827 2121 1883 detinendam-

472 1923 721 1979 XXXIX.
755 1927 881 1978 Non
913 1921 1226 1977 maledices
1256 1921 1454 1975 surdo.

469 2013 578 2070 XL.
613 2016 760 2068 Ante
793 2028 1013 2068 caecum
1047 2027 1162 2065 non
1197 2025 1375 2082 pones
1403 2006 1844 2063 oﬁ‘endiculum.

469 2102 608 2158 XLI.
642 2102 952 2156 Dominum
985 2100 1168 2155 Deum
1201 2104 1370 2153 tuum
1400 2096 1658 2152 timebis.

475 2190 643 2245 XLII.
677 2189 801 2244 Non
827 2187 1125 2258 judicabis
1155 2185 1392 2256 injuste.

472 2277 666 2333 XLIII.
701 2276 983 2330 Personas
1014 2291 1127 2328 non
1162 2273 1434 2344 accipies.

473 2365 660 2421 XLIV.
693 2364 820 2418 Non
851 2363 1182 2419 ambulabis
1207 2361 1426 2416 dolose.

474 2453 642 2511 XLV.
674 2453 798 2508 Non
831 2452 1064 2508 insistes
1094 2454 1152 2506 in
1184 2451 1532 2522 sanguinem
1569 2448 1812 2519 proximi
1844 2449 1950 2504 tui.

477 2542 666 2598 XLVI.
692 2541 818 2598 Non
841 2541 1034 2597 oderis
1055 2541 1076 2575 ³
1101 2540 1336 2596 fratrem
1367 2545 1560 2606 tuum,
1578 2554 1685 2593 nec
1713 2536 2040 2593 vindicabis
2065 2541 2120 2592 te

549 2644 768 2700 ipsum.

477 2717 695 2773 XLVII.
730 2715 943 2784 Diliges
975 2715 1305 2787 proximum
1337 2714 1502 2770 tuum
1533 2719 1812 2786 tanquam
1842 2719 1919 2770 te.

474 2805 709 2860 XLVIII.
732 2805 1011 2860 Jumenta
1031 2808 1133 2859 tua
1151 2821 1263 2860 non
1287 2803 1446 2859 sines
1469 2803 1622 2858 coire
1645 2803 1874 2858 diverso
1898 2802 2116 2874 generi.

475 2892 679 2949 XLIX.
712 2896 906 2960 Veste,
949 2909 1075 2964 qua;
1105 2909 1174 2949 ex
1218 2892 1609 2948 discoloribus
1630 2896 1738 2958 est,
1772 2908 1887 2946 non
1919 2891 2120 2946 indue-

545 2999 649 3038 r18.

479 3073 535 3126 L.
568 3072 627 3126 Si
661 3069 794 3142 quis
825 3070 1131 3126 dormierit
1177 3087 1312 3126 cum
1344 3069 1556 3125 ancilla
1581 3070 1938 3142 desponsata
1961 3068 2112 3123 viro-

480 3159 569 3214 LI.
603 3159 728 3214 Non
763 3159 1172 3230 augurandum
1202 3158 1288 3214 vel
1321 3158 1770 3229 auspicandum.

483 3249 593 3304 LII.
627 3248 751 3302 Non
787 3247 1122 3318 profanabis
1144 3247 1323 3302 ﬁliam
1354 3253 1515 3302 tuam
1548 3247 1607 3301 in
1642 3247 1974 3304 mcechiam.

484 3335 630 3392 LIII.
666 3335 1074 3408 Ventriloquos
1103 3341 1162 3391 et
1190 3336 1585 3391 incantatores
1633 3352 1746 3391 non
1779 3337 2122 3392 audiendos.

485 3424 604 3479 LIV
654 3423 926 3480 Seniores
955 3429 1012 3480 et
1038 3424 1404 3495 presbyteros
1437 3425 1828 3480 honorandos.

487 3511 598 3567 LV.
633 3512 927 3568 Advenam
962 3510 1343 3583 diligendam.

491 3599 630 3656 LVI.
665 3600 928 3656 Pondere
956 3605 1012 3656 et
1045 3616 1353 3656 mensuras
1383 3617 1546 3673 seque
1579 3602 1897 3658 habendas.

490 3687 655 3744 LVII.
688 3687 1032 3759 Quicunque
1061 3689 1286 3743 dederit
1315 3687 1494 3744 filiam
1529 3706 1697 3744 suam
1728 3689 1977 3761 principi
2007 3695 2128 3746 Mo-

555 3775 711 3845 locb,
744 3780 932 3832 morte
963 3777 1259 3832 moriatur.

486 3865 684 3923 LVIII.
721 3864 1062 3936 Quicunque
1093 3873 1332 3923 secutus
1374 3866 1549 3922 fuerit
1580 3867 1978 3939 ventriloquos
2027 3872 2130 3924 aut

550 3959 1020 4026 praecantatores,
1052 3959 1248 4025 pereat
1277 3956 1347 4010 de
1380 3955 1611 4026 populo.

483 4043 620 4100 LIX.
669 4044 774 4110 Qui
825 4043 1188 4099 maledixerit
1241 4044 1389 4116 patri
1439 4051 1541 4100 aut
1572 4046 1768 4112 matri,
1818 4048 2122 4102 moriatur.

478 4133 589 4189 LX.
622 4132 883 4188 Adulteri
916 4133 1133 4204 pariter
1164 4135 1506 4188 moriantur.

479 4221 619 4276 LXI.
642 4225 788 4278 Cum
811 4237 991 4277 uxore
1015 4223 1200 4293 patris
1227 4223 1327 4294 qui
1343 4223 1668 4292 dormierit,
1685 4224 1857 4280 ambo
1873 4224 2125 4280 morian-

549 4313 662 4365 tur.

550 4518 566 4590 ξ
594 4514 707 4590 ΜΒ.
739 4515 1015 4583 Palatin.,
1046 4516 1144 4588 qui
1179 4518 1252 4590 ad
1279 4519 1448 4590 Deum
1475 4518 1814 4590 pertineant.

542 4587 564 4661 ξ
594 4586 753 4661 Idem
789 4604 956 4661 mss.,
989 4586 1105 4644 non
1139 4588 1423 4652 occideris,
1459 4586 1563 4661 pro
1593 4590 1794 4646 oderis.

544 4657 566 4691 ³
597 4659 895 4732 Integrum
927 4659 1104 4716 hocce
1153 4657 1476 4732 capitulum
1506 4663 1576 4717 66
1597 4662 1841 4718 Palatin.
1880 4678 1989 4718 ms.
2028 4681 2120 4719 ne~

2298 498 2415 546 tur.

2228 581 2410 636 LXIII.
2445 581 2790 652 Quicunque
2821 581 3105 637 manserit
3141 598 3274 637 cum
3308 580 3572 638 mascqu
3603 582 3759 638 coitu
3790 581 3877 638 {e-

2290 670 2506 737 mineo,
2540 671 2710 726 ambo
2746 671 3093 728 moriantur.

2225 758 2414 812 LXIV.
2439 759 2781 830 Quicunque
2831 761 3117 831 acceperit
3166 762 3472 816 mulierem
3518 764 3576 816 et
3626 764 3872 816 matrem

2293 848 2443 918 ejus,
2473 847 2594 920 igni
2624 849 3062 904 cremabuntur.

2229 937 2395 992 LXV.
2429 937 2772 1008 Quicunque
2799 938 3025 994 dederit
3049 938 3426 995 concubitum
3457 938 3516 993 in
3540 939 3876 1011 quadrupe-

2297 1026 2450 1095 dem,
2483 1026 2789 1092 moriatur,
2821 1031 2878 1082 et
2924 1028 3362 1099 quadrupedem
3411 1029 3707 1084 occidetis.

2231 1115 2420 1170 LXVI.
2453 1116 2824 1186 Quaecunque
2845 1115 3057 1171 mulier
3095 1116 3167 1171 ad
3201 1116 3439 1188 aliquod
3473 1133 3649 1190 pecus
3679 1133 3875 1173 acces-

2301 1204 2443 1260 serit
2472 1221 2650 1260 causa
2679 1205 2891 1272 coitus,
2927 1205 3229 1261 occidatur
3255 1206 3295 1258 ⁸.

2231 1292 2796 1364 LXVII.Quicunque
2814 1293 3100 1364 acceperit
3120 1311 3357 1350 uxorem
3381 1312 3640 1352 sororem
3657 1297 3877 1366 suam‘,

2301 1380 2782 1452 exstirpabuntur
2811 1381 2881 1436 de
2913 1381 3147 1452 populo.

2233 1469 2477 1524 LXVIII.
2511 1468 2566 1522 Si
2597 1469 2731 1540 quis
2761 1485 2890 1524 cum
2942 1475 3303 1527 menstruata
3352 1471 3574 1540 coierit,
3621 1473 3710 1530 vel
3741 1489 3878 1528 cum

2303 1574 2478 1613 uxore
2506 1558 2708 1628 patrie,
2744 1561 2829 1613 vel
2861 1558 3155 1624 avunculi,
3185 1559 3277 1616 vel
3308 1561 3505 1616 fratris
3539 1561 3654 1627 sui,
3691 1567 3880 1618 morte

2305 1647 2608 1702 moriatur.

2238 1735 2426 1789 LXIV.
2472 1735 2916 1806 Ventriloquam
2944 1741 3000 1791 et
3042 1736 3459 1794 incantatorem
3506 1739 3878 1811 lapidandos.

2241 1824 2407 1879 LXX.
2440 1824 2786 1880 Sacerdotes
2816 1825 2874 1880 in
2907 1825 3070 1881 nullo
3100 1825 3417 1898 inquinari,
3452 1829 3552 1883 sed
3583 1843 3712 1884 esse
3743 1845 3881 1884 san-

2299 1918 2438 1968 ctos.

2226 1999 2408 2054 LXXI.
2443 1999 2588 2054 Filia
2617 1999 2723 2054 viri
2773 2001 3116 2068 sacerdotis,
3165 2001 3214 2056 si
3249 2001 3635 2072 prostituatur
3664 2003 3734 2058 ad
3770 2003 3883 2059 Ior-

2301 2089 2641 2154 nicandnm,
2675 2089 2808 2160 igne
2835 2089 3214 2147 cremabitur.

2228 2176 2444 2232 LXXII.
2482 2176 2665 2232 Homo
2708 2177 2767 2231 in
2799 2193 2912 2248 quo
2965 2177 3140 2233 fuerit
3189 2178 3442 2250 macula,
3479 2179 3614 2250 {non
3646 2181 3886 2237 accedet

2301 2266 2508 2320 offerre
2540 2266 2692 2321 dona
2719 2265 2858 2322 Deo.

2225 2354 2463 2409 LXXIII.
2498 2355 2886 2420 Sacerdotem,
2938 2355 2994 2409 in
3023 2372 3135 2426 quo
3167 2357 3346 2411 fuerit
3377 2357 3777 2426 immunditia,
3818 2363 3881 2414 et

2291 2445 2373 2498 sic
2404 2444 2719 2498 accesserit
2739 2444 2809 2499 ad
2841 2450 3063 2511 sancta,
3091 2446 3465 2502 exterminari
3498 2464 3531 2503 a
3559 2446 3697 2518 Deo,
3731 2453 3788 2503 et
3809 2448 3885 2503 de

2294 2532 2513 2586 sanctis
2543 2537 2852 2588 extraneus
2885 2550 2999 2588 non
3034 2534 3370 2590 manducet.

2223 2621 2452 2676 LXXIV.
2491 2623 2787 2678 Maculosa
2817 2628 2874 2678 et
2901 2623 3113 2678 vitiosa
3145 2641 3259 2679 non
3291 2625 3605 2681 offerenda.

2222 2709 2430 2764 LXXV.
2465 2710 2546 2766 De
2573 2712 2862 2767 sacriﬁcio
2891 2713 3189 2768 orationis.

2221 2799 2461 2854 LXXVI.
2497 2805 2573 2854 De
2600 2800 2854 2855 Sabbato
2886 2801 3269 2857 observando.

2226 2887 2490 2943 LXXVII.
2525 2893 2604 2943 De
2633 2888 2858 2944 Pascha
2886 2893 2945 2944 et
2970 2890 3223 2962 Azymis.

2225 2974 2524 3031 LXXVIII.
2561 2981 2637 3032 De
2667 2976 2945 3047 primitiis
2972 2978 3178 3032 messis
3209 2977 3544 3034 afferendis.

2227 3063 2460 3119 LXXIX.
2492 3064 2572 3119 De
2605 3080 2808 3120 mense
2836 3065 3108 3136 septimo.

2159 3138 2200 3202 C
2245 3153 2446 3208 LXXX.
2480 3155 2563 3208 Ad
2598 3153 2796 3210 lumen
2829 3154 3077 3210 lucernae
3109 3154 3303 3211 oleum
3336 3156 3732 3214 inferendum.

2237 3241 2477 3298 LXXXI.
2513 3243 2658 3298 Eum
2692 3243 2793 3313 qui
2827 3242 3336 3314 blasphemaverit,
3365 3245 3777 3316 lapidandum.

2237 3331 2517 3387 LXXXII.
2541 3332 2684 3386 Eum
2710 3334 2809 3402 qui
2833 3332 3130 3400 occiderit,
3155 3333 3560 3404 occidendum,
3595 3339 3651 3390 et
3682 3336 3753 3391 de
3773 3335 3887 3392 Ju-

2311 3419 2498 3474 bilaeo.

2237 3507 2527 3565 LXXXIII.
2562 3513 2638 3564 De
2668 3509 2844 3564 fratre
2874 3524 3148 3580 paupere.

2237 3597 2530 3654 LXXXIV.
2563 3597 2643 3652 De
2676 3598 2852 3653 fratre
2884 3599 3237 3654 venumdato
3266 3603 3322 3654 et
3347 3603 3702 3672 comparato.

2238 3685 2504 3742 LXXXV.
2535 3685 2698 3741 Idola
2731 3703 2845 3741 non
2879 3687 3164 3742 facienda.

2237 3775 2536 3830 LXXXVI.
2571 3775 2827 3830 Sabbata
2857 3775 3238 3832 observanda.

2237 3864 2555 3920 LXXXVII.
2603 3863 2825 3918 Bellum
2880 3864 3243 3932 abfuturum,
3294 3865 3343 3919 si
3374 3867 3651 3922 mandata
3678 3870 3883 3922 custo-

2306 3955 2562 4009 diantur.

2233 4042 2585 4099 LXXXVIII.
2606 4046 2668 4098 In
2695 4042 3259 4110 tribulationibus,et
3284 4044 3453 4110 fame,
3470 4048 3528 4100 et
3548 4045 3735 4116 plagis
3753 4061 3881 4100 ma-

2303 4132 2375 4187 lis
2406 4132 2800 4202 cestigandos,
2833 4131 2882 4186 si
2913 4138 3202 4202 praecepta
3231 4149 3346 4187 non
3383 4141 3705 4189 servantur.

2234 4219 2518 4276 LXXXIX.
2540 4221 2754 4276 Votum
2780 4219 3026 4275 masculi
3050 4221 3134 4275 vel
3159 4221 3387 4276 feminas
3428 4221 3612 4292 pretio
3633 4221 3882 4277 oii'eren-

2305 4311 2466 4379 dum,
2498 4311 2556 4363 in
2587 4309 2914 4380 pecudibus
2938 4325 3073 4365 vero
3108 4325 3222 4364 non
3256 4309 3628 4366 mutandum.

2234 4525 2702 4647 ﬁcit.Suii‘erimus
2729 4602 2797 4642 ex
2828 4587 3005 4654 palat.
3039 4603 3150 4646 ms.
3181 4605 3434 4659 uxorem,
3465 4589 3620 4662 quod
3663 4605 3879 4647 nomen

2232 4666 2446 4721 deerat.
