4080 6186
222 363 290 419 337
1525 368 1740 421 LIBER
1777 368 2110 423 LEVITICI.

3411 370 3521 425 338

218 491 3506 518 Μ

1672 602 1954 662 INCIPIT

891 759 1560 922 LIBER
1745 760 2720 928 VAIECRA

1465 1028 1570 1081 QUI
1622 1026 1831 1073 GRECE
1878 1029 2128 1074 DICITUR

1341 1150 2239 1244 LEVITICUS.

241 1481 304 1549 (T.
331 1483 366 1546 Ι,
395 1481 446 1535 Β.
479 1482 517 1549 Ι,
549 1483 608 1535 C.
638 1480 684 1547 Ι,
729 1479 858 1552 Cap.
890 1481 931 1535 Ι.
963 1481 979 1552 )
1026 1481 1265 1537 Vocavit
1297 1486 1495 1537 autem
1528 1482 1750 1546 Mosen,
1777 1483 1834 1549 Α
1863 1481 2082 1536 eﬂ'undi
2144 1481 2352 1550 solent,
2387 1484 2824 1556 confringetque
2854 1485 3101 1542 ascellas
3130 1487 3278 1556 ejus,
3304 1491 3357 1542 et
3384 1504 3498 1542 non

194 1569 418 1624 etlocutus
434 1575 586 1626 estes
598 1569 889 1625 Dominus
913 1570 982 1624 de
1004 1570 1741 1639 tabernaculotestimonii,

191 1657 346 1712 dicens:
375 1663 608 1729 Loquere
642 1659 781 1713 ﬁliis
815 1657 1008 1724 Israel,
1039 1663 1098 1714 et
1126 1659 1283 1714 dices
1305 1660 1375 1714 ad
1413 1675 1532 1715 eos:
1558 1659 1741 1714 Homo

189 1745 567 1817 quiobtuleriﬁex
590 1747 758 1802 vobis
783 1747 1033 1802 hostiam
1058 1748 1303 1802 Domino
1321 1749 1390 1802 de
1412 1747 1739 1817 pecoribus,

191 1834 226 1886 id
247 1839 311 1888 est
334 1837 392 1890 de
418 1836 594 1890 bobus
628 1840 686 1890 et
717 1836 922 1891 ovibus
955 1837 1202 1891 oﬁ‘erens
1235 1837 1524 1906 victimas,
1558 1837 1607 1892 si
1641 1837 1741 1892 ho-

190 1920 432 1978 locaustum
485 1925 659 1979 fuerit
720 1925 850 1995 ejus
908 1926 1144 1992 oblatio,
1207 1942 1272 1980 ac
1324 1926 1393 1981 de
1449 1933 1736 1992 armento,

187 2011 426 2067 masculum
448 2013 889 2068 immaculatum
916 2014 1116 2069 oﬂ‘eret
1137 2014 1207 2068 ad
1230 2015 1442 2070 ostium
1467 2016 1736 2069 taberna-

182 2099 258 2152 culi
281 2101 581 2167 testimonii,
619 2103 692 2157 ad
728 2101 1088 2174 placandum
1116 2102 1228 2158 sibi
1265 2101 1599 2171 Dominum,
1632 2120 1734 2175 po-

182 2193 328 2258 netque
354 2207 576 2245 manum
613 2207 795 2262 super
822 2197 995 2262 caput
1023 2191 1248 2258 hostiae,
1279 2197 1336 2247 et
1365 2193 1737 2264 acceptabilis

179 2277 250 2329 erit
274 2283 416 2348 atque
443 2279 499 2334 in
532 2281 923 2352 expiationem
960 2281 1088 2350 ejus
1110 2281 1436 2352 proﬁciens.
1462 2280 1732 2336 Immola-

176 2362 312 2436 bltque
332 2367 558 2424 vitulum
591 2386 790 2424 coram
825 2369 1111 2425 Domino:
1145 2369 1386 2425 offerent
1419 2369 1524 2423 ﬁlii
1544 2371 1731 2424 Aaron

177 2454 428 2512 sacenlotes
458 2458 808 2529 sanguinem
843 2459 990 2529 ejus,
1023 2458 1335 2514 fundentes
1383 2475 1484 2529 per
1534 2457 1736 2513 altaris

173 2540 428 2611 circuitum,
460 2547 610 2615 quod
650 2551 738 2601 est
773 2550 908 2601 ante
939 2546 1154 2618 ostium
1184 2545 1582 2601 tabernaculi:
1634 2547 1733 2600 de-

173 2631 403 2702 tractaque
428 2632 571 2704 pelle
604 2635 837 2700 hostiae,
870 2641 1031 2689 artus
1062 2635 1120 2689 in
1169 2635 1352 2690 frusta
1385 2634 1732 2700 concident,

166 2719 488 2788 etsnbjicient
519 2723 577 2777 in
613 2722 782 2777 altari
816 2723 1032 2795 ignem,
1079 2728 1239 2778 strue
1270 2723 1563 2794 lignorum
1604 2732 1734 2777 ante

167 2809 438 2880 composita,
470 2816 526 2865 et
555 2813 847 2880 membra,
897 2828 1020 2883 quae
1074 2828 1223 2867 cassa
1273 2817 1432 2879 sunt,
1480 2812 1734 2883 desuper
1763 2835 1810 2899 Β

162 2894 446 2968 ordinantes,
478 2905 660 2970 caput
687 2899 970 2970 videlicet,
1003 2904 1060 2954 et
1105 2906 1312 2956 cuncta
1361 2918 1488 2972 qua:
1537 2901 1730 2956 adhae-

165 2985 447 3054 rentjecori,
474 2988 777 3044 intestinis
808 2993 866 3044 et
897 2989 1140 3058 pedibus
1163 2987 1298 3044 lotis
1324 3006 1510 3060 aqua:
1539 2989 1732 3045 adole-

168 3070 316 3142 bitque
342 3091 402 3131 ea
433 3078 715 3132 sacerdos
745 3093 922 3148 super
951 3077 1132 3132 altare
1166 3078 1223 3132 in
1241 3078 1649 3132 holocaustum
1676 3083 1733 3132 et

169 3175 342 3217 suavem
388 3166 648 3221 odorem'
678 3166 943 3220 Domino.
994 3168 1157 3232 Quod
1211 3167 1259 3222 si
1309 3168 1378 3222 de
1427 3168 1734 3239 pecoribus

161 3247 315 3306 oblatio
342 3259 443 3321 est,
477 3256 549 3311 de
584 3255 820 3319 nvibus,
846 3255 965 3310 sive
987 3256 1056 3310 de
1078 3256 1267 3325 capris
1299 3256 1731 3323 holocaustum,

163 3340 419 3397 masculum
454 3346 497 3412 ί,
530 3345 762 3414 absque
797 3343 1022 3398 macula
1048 3344 1266 3399 offeret:
1292 3344 1733 3414 immolabitque

159 3424 347 3484 adlatus
365 3433 590 3498 altaris,
618 3433 777 3503 quod
796 3433 1032 3504 respicit
1054 3433 1123 3487 ad
1147 3433 1510 3504 Aquilonem,
1536 3449 1728 3487 coram

159 3510 355 3574 Domino:
387 3522 744 3594 sanguinem
766 3521 1072 3576 veroillius
1090 3522 1142 3575 fu
1155 3522 1333 3575 ndent
1353 3539 1531 3593 super
1551 3522 1733 3578 altare

159 3598 228 3655 ﬁlii
247 3608 405 3664 Aaron
439 3627 542 3681 per
561 3610 908 3675 circuitum,
933 3611 1309 3682 dividentque
1331 3613 1612 3679 membra,
1637 3627 1732 3667 ca-

158 3697 226 3754 μοι
248 3701 291 3748 et
315 3699 504 3754 omnia
553 3715 696 3771 quae
741 3699 1039 3753 adhaerent
1070 3700 1275 3770 jecori,
1326 3704 1383 3754 et
1432 3701 1753 3776 imponent.

158 3785 464 3858 superligoa,
499 3789 727 3860 quibus
760 3787 1163 3857 subjiciendus
1201 3793 1290 3843 est
1336 3788 1532 3860 ignis:
1585 3789 1732 3844 inte-

157 3871 263 3925 stina
284 3891 398 3932 vero
427 3884 484 3933 et
514 3880 707 3950 pedes
737 3878 1017 3933 lavabunt
1043 3894 1215 3949 aqua.
1233 3882 1302 3933 Et
1323 3879 1516 3933 oblata
1539 3877 1736 3932 omnia

156 3956 343 4018 adolebit
369 3968 656 4023 sacerdos
685 3983 862 4038 super
891 3966 1094 4033 altare,
1128 3966 1188 4021 in
1239 3967 1646 4023 holocaustum
1678 3973 1735 4021 et

153 4046 326 4105 odorem
355 4055 790 4111 suavissimum
821 4055 1093 4110 Domino.
1126 4056 1180 4108 Si
1205 4059 1397 4110 autem
1421 4056 1490 4110 de
1507 4055 1731 4119 avibus,

153 4129 430 4197 holocausta
458 4144 694 4199 oblatio
722 4143 896 4198 fuerit
944 4144 1208 4209 Domino,
1259 4145 1329 4198 de
1377 4144 1730 4209 turturibus,

152 4229 218 4275 aut
242 4228 393 4295 pullis
424 4231 962 4299 columbae,oll'erat
991 4247 1117 4286 eam
1144 4233 1413 4287 sacerdos
1435 4233 1504 4287 ad
1529 4232 1732 4299 altare,

154 4315 188 4359 et
210 4320 386 4373 retorto
417 4322 489 4374 ad
524 4321 755 4377 collum
789 4320 999 4389 capite,
1034 4338 1097 4375 ac
1116 4327 1286 4392 rupto
1306 4321 1566 4376 vulneris
1589 4321 1734 4386 loco,

155 4397 387 4462 decurrere
399 4409 580 4465 faciet
599 4411 950 4480 sanguinem
969 4424 1147 4480 super
1164 4409 1521 4480 crepidinem
1537 4412 1738 4464 altaris

152 4492 420 4552 testiculum
437 4515 579 4554 vero
593 4498 883 4570 gutturis,
901 4501 958 4552 et
977 4499 1204 4567 plumas
1219 4498 1484 4569 projiciet
1508 4504 1742 4570 propter

150 4572 272 4634 mare
295 4585 359 4638 ad
391 4585 755 4642 orientalem
787 4584 1043 4657 plagam,
1066 4586 1125 4641 in
1147 4585 1272 4641 loco
1294 4586 1352 4640 in
1378 4603 1493 4657 quo
1516 4587 1739 4641 cineres

195 4737 203 4767 ‘
231 4735 481 4815 Undecim
523 4760 685 4799 mss.
719 4744 971 4810 codices,
1006 4760 1153 4814 quos
1187 4744 1245 4798 in
1273 4743 1387 4815 hoc
1419 4745 1738 4815 operead-

145 4813 366 4888 :mussim
389 4815 798 4888 contulimus,
817 4813 1473 4888 duobusmodislegugnt—
1497 4815 1590 4888 hic
1607 4814 1737 4870 loci.

145 4870 282 4956 Egon
313 4886 480 4940 Hebr.
537 4885 744 4952 verit.,
785 4870 1112 4942 'Bibliorum
1164 4870 1356 4941 code;
1392 4886 1629 4956 Regius,
1680 4903 1736 4940 n.

143 4941 254 5016 3553,
280 4961 329 5008 et
357 4957 453 5011 alii
513 4941 790 5028 quatuor
823 4958 880 5011 S.
915 4957 1208 5021 Germani,
1243 4957 1327 5012 vel
1369 4941 1740 5012 Corbeieiisis

142 5028 437 5100 Ponasterii,
472 5029 566 5084 sic
603 5029 873 5083 habent:
910 5028 1060 5096 Quod
1090 5030 1142 5082 si
1165 5029 1229 5084 de
1255 5029 1543 5100 pecoribus
1591 5029 1739 5082 obla—

139 5087 189 5138 ti”
223 5099 327 5170 ρει.
373 5087 440 5154 de
501 5101 738 5165 ovibus,
797 5087 1035 5153 sivev'de
1091 5087 1272 5170 capris
1323 5101 1738 5168 holocaustum,

139 5164 395 5242 f‘ﬂiqulum
427 5181 479 5226 et
514 5164 738 5242 absque
758 5170 982 5225 macula
1022 5164 1229 5240 offeret.
1263 5171 1603 5226 Colbertinze
1634 5164 1739 5226 aui-

143 5235 216 5284 tam
243 5237 602 5298 bibliotheca
637 5235 792 5296 inse.
827 5247 965 5312 tres,
997 5235 1205 5312 nempe
1232 5243 1325 5306 74,
1359 5243 1483 5312 157,
1515 5249 1572 5297 et
1617 5243 1747 5310 181,

145 5313 229 5379 (ξω
257 5326 357 5368 uno
378 5316 555 5370 Corb.
597 5330 666 5368 n.
707 5316 756 5379 t,
807 5316 866 5366 et
916 5311 1097 5367 altero
1129 5311 1186 5370 S.
1247 5316 1440 5368 Germ.
1489 5330 1653 5368 num.
1683 5315 1737 5366 7.

213 5386 656 5455 praecedentium
696 5374 998 5438 lectionem
1023 5385 1267 5453 addunt,
1299 5388 1532 5455 Agnum,
1555 5385 1609 5439 id
1629 5389 1740 5449 est,

154 5454 284 5530 ἔαρι
312 5453 414 5511 hoc
446 5458 668 5530 modo,
693 5469 894 5524 agnum
913 5455 1244 5530 anniculam
1263 5461 1316 5510 et
1335 5453 1531 5527 absque
1551 5472 1738 5530 macu-

157 5521 368 5596 θῆναι.
393 5531 478 5582 Ad
518 5521 814 5582 Hebraeus
848 5543 954 5580 nec
983 5543 1185 5596 agnum
1218 5527 1413 5594 habet,
1435 5521 1540 5582 nec
1571 5529 1740 5580 anni-

160 5589 296 5668 (sum,
322 5599 397 5652 ibi
431 5601 602 5654 enim
665 5596 916 5668 legimus
975 5589 1038 5651 υἱ
1092 5598 1149 5652 in
1207 5589 1408 5667 editis,
1456 5609 1624 5657 omn
1655 5610 1746 5656 n2":

164 5659 305 5750 '3“?
347 5670 584 5729 Zachar
638 5659 881 5724 thaumim
924 5669 1268 5741 iacrz'bennu,
1321 5659 1474 5742 quod
1525 5669 1748 5740 signiﬁ-

1861 1569 2246 1636 secabit,.nec
2267 1571 2420 1626 ferro
2452 1571 2674 1628 dividet
2725 1588 2876 1640 eam,
2925 1579 2981 1627 et
3019 1573 3275 1629 adolebit
3324 1591 3500 1646 super

1857 1655 2063 1724 altare,
2101 1657 2279 1729 lignis
2313 1659 2446 1729 igne
2480 1662 2804 1732 supposito.
2860 1661 3274 1717 Holocaustum
3325 1667 3415 1718 est
3445 1669 3503 1718 et

1853 1745 2075 1800 oblatio
2109 1747 2445 1803 suavissimi
2479 1749 2674 1804 odoris
2703 1750 2971 1806 Domino.

1924 1835 2080 1906 (Cap.
2121 1836 2214 1904 II.)
2242 1837 2452 1892 Anima
2490 1853 2621 1892 cum
2672 1838 2949 1893 obtulerit
3000 1839 3354 1896 oblationem
3404 1842 3486 1908 (b.

1851 1924 2120 1994 munera)
2145 1925 2451 1980 sacrificiis
2467 1927 2728 1994 Domino,
2755 1926 2950 1982 simila
2970 1927 3079 1982 erit
3097 1928 3226 1998 ejus
3248 1929 3484 1996 oblatio,

1849 2013 2172 2082 fundetque
2206 2030 2385 2085 super
2415 2031 2543 2069 eam
2577 2015 2792 2080 oleum,
2825 2020 2881 2071 et
2911 2021 3086 2086 ponet
3107 2017 3266 2085 thus,
3296 2034 3361 2073 ac
3387 2019 3489 2073 de-

1847 2101 1990 2156 feret
2013 2101 2083 2155 ad
2119 2101 2269 2156 ﬁlios
2284 2105 2473 2158 Aaron
2497 2105 2847 2174 sacerdotes,
2870 2120 3119 2176 quorum
3145 2121 3299 2160 unus
3323 2105 3489 2162 tollet

1847 2188 2134 2259 pugillum
2173 2189 2410 2261 plenum
2445 2192 2653 2247 similae
2685 2197 2741 2247 et
2770 2193 2902 2257 olei,
2935 2209 3000 2248 ac
3028 2197 3219 2248 totum
3246 2195 3406 2261 thus,
3431 2200 3488 2250 et

1845 2282 2022 2349 ponet
2047 2279 2384 2334 memoriale
2415 2297 2592 2352 super
2617 2281 2820 2350 altare,
2852 2282 2909 2336 in
2943 2283 3176 2337 odorem
3203 2282 3485 2339 suavissi-

1845 2383 2005 2421 mum
2040 2368 2282 2422 Domino
2311 2385 2322 2421 :
2348 2370 2500 2438 quod
2535 2376 2732 2425 autem
2767 2370 3019 2441 reliqum
3053 2372 3229 2427 fuerit
3275 2372 3347 2428 de
3391 2389 3486 2428 sa-

1843 2455 2082 2524 criticio,
2116 2456 2228 2510 erit
2256 2461 2448 2512 Aaron
2481 2464 2536 2512 et
2567 2459 2822 2515 filiorum
2855 2461 3006 2529 ejus,
3035 2465 3304 2515 sanctum
3347 2478 3482 2517 san-

1843 2549 2068 2599 ctorum
2087 2545 2157 2599 de
2178 2545 2579 2601 oblationibus
2609 2547 2857 2602 Domini.
2878 2552 3018 2602 Cum
3040 2553 3233 2604 autem
3259 2550 3486 2606 obtule-

1842 2632 1924 2687 ris
1961 2632 2312 2688 sacrificium
2347 2640 2576 2689 coctum
2609 2635 2667 2690 in
2701 2635 2952 2702 clibano,
2975 2637 3046 2691 de
3067 2636 3284 2704 simila,
3305 2654 3486 2708 panes

1843 2720 2069 2776 scilicet
2100 2722 2325 2792 absque
2355 2723 2662 2787 fermento,
2695 2741 3045 2796 conspersos
3073 2725 3217 2792 oleo,
3251 2731 3308 2780 et
3329 2726 3485 2798 laga-

1844 2825 1916 2863 na
1951 2826 2152 2881 azyma
2174 2810 2298 2866 oleo
2332 2810 2435 2866 lita
2467 2829 2480 2867 :
2510 2813 2558 2866 si
2593 2812 2815 2868 oblatio
2843 2818 2942 2868 tua
2973 2813 3149 2870 fuerit
3177 2815 3248 2869 de
3295 2820 3486 2870 sarta-

1840 2898 1997 2968 gine,
2031 2897 2240 2952 similae
2273 2915 2604 2970 conspersa
2658 2900 2786 2956 oleo
2823 2905 2878 2956 et
2908 2901 3127 2971 absque
3174 2902 3482 2973 fermento,

1836 2987 2062 3042 divides
2123 3003 2250 3042 eam
2313 2988 2684 3052 minutatim,
2745 2995 2804 3044 et
2861 2990 3071 3046 fundes
3117 3007 3297 3063 super
3351 3007 3481 3047 eam

1836 3074 2048 3130 oleum.
2079 3076 2177 3131 Sin
2212 3082 2407 3132 autem
2442 3079 2512 3132 de
2537 3077 2816 3134 craticula
2864 3079 3038 3134 fuerit
3084 3080 3477 3136 sacriﬁcium:

1836 3180 1998 3235 mque
2042 3163 2239 3220 simila
2288 3165 2414 3220 oleo
2460 3171 2902 3238 conspergetur,
2936 3183 3114 3238 quam
3141 3169 3347 3225 offeres
3369 3173 3482 3225 Do-

1843 3255 2022 3320 mino,
2052 3254 2290 3308 tradens
2323 3255 2600 3311 manibus
2631 3257 2973 3313 sacerdotis.
3007 3257 3113 3323 Qui
3145 3273 3280 3312 cum
3310 3258 3484 3314 obtu-

1836 3340 1972 3396 lerit
1999 3357 2156 3409 eam,
2189 3342 2347 3398 tollet
2383 3343 2722 3400 memoriale
2739 3346 2810 3400 de
2843 3347 3214 3414 sacrificio,et
3231 3346 3486 3402 adolebit

1838 3446 2017 3499 super
2040 3430 2242 3500 altare,
2257 3431 2317 3486 in
2335 3432 2566 3487 odorem
2585 3433 2892 3488 suavitatis
2915 3435 3178 3504 Domino;
3196 3434 3482 3507 quidquid

1850 3527 2042 3573 autem
2077 3519 2368 3591 reliquum
2411 3525 2519 3588 est,
2571 3523 2684 3576 erit
2727 3524 2917 3578 Aaron
2949 3528 3008 3578 et
3049 3523 3303 3580 ﬁliorum
3336 3525 3486 3594 ejus,

1850 3611 2118 3662 sanctum
2151 3614 2491 3663 sanctorum
2515 3609 2585 3664 de
2606 3608 2999 3666 oblationibus
3021 3611 3487 3667 Domini.0mnis

1838 3695 2076 3763 oblatio,
2102 3713 2229 3767 quae
2253 3697 2494 3752 offertur
2523 3698 2793 3764 Domino,
2817 3699 3039 3769 absque
3058 3699 3342 3755 fermento
3365 3701 3483 3766 ﬁet,

1838 3799 1944 3838 nec
1978 3783 2292 3855 quidquam
2326 3785 2594 3841 fermenti
2619 3803 2685 3840 ac
2721 3787 2911 3842 mellis
2941 3787 3276 3843 adolehitur
3304 3788 3364 3842 in
3387 3805 3484 3844 sa-

1838 3871 2122 3926 criﬁcium
2142 3874 2408 3929 Domino.
2439 3874 2732 3930 Primitias
2750 3879 2980 3930 tantum
3007 3891 3209 3931 eorum
3232 3876 3486 3931 offeretis

1839 3977 1904 4015 ac
1961 3977 2227 4016 munera:
2281 3978 2458 4033 super
2511 3963 2696 4020 altare
2741 3980 2874 4018 vero
2919 3980 3034 4019 non
3086 3970 3380 4035 ponentur
3427 3965 3484 4020 in

1839 4049 2076 4104 od'rrem
2139 4051 2464 4106 suavitatis.
2525 4050 2817 4122 Quidquid
2864 4051 3144 4107 obtuleris
3189 4052 3484 4118 sacriﬁcii,

1842 4139 1964 4193 sale
1995 4139 2255 4204 condies,
2292 4156 2396 4194 nec
2426 4141 2654 4194 auferes
2705 4139 2792 4195 sal
2846 4140 3080 4196 fmderis
3132 4141 3231 4197 Dei
3283 4142 3367 4196 tui
3416 4143 3488 4196 de

1848 4227 2134 4282 sacriﬁcio
2161 4233 2281 4282 tuo.
2315 4228 2375 4281 In
2403 4229 2560 4283 omni
2599 4227 2894 4284 oblatione
2949 4230 3136 4300 (Vulg.
3181 4231 3310 4296 add.
3363 4231 3486 4302 tua)

1847 4316 2053 4371 offeres
2067 4316 2172 4370 sal.
2194 4316 2292 4371 Sin
2317 4321 2510 4372 autem
2537 4316 2820 4373 obtuleris
2846 4335 3066 4374 munus
3091 4319 3488 4390 primitiarum

1848 4404 2084 4475 frugum
2116 4410 2356 4459 tuarum
2387 4404 2631 4459 Domino
2665 4407 2734 4459 de
2785 4406 2964 4476 spicis
3009 4406 3202 4461 adhuc
3248 4407 3489 4463 virenti-

1847 4493 1981 4559 bus,
2012 4493 2265 4548 torrebis
2295 4509 2393 4548 eas
2425 4493 2620 4564 (Vulg.
2656 4500 2765 4548 (ac.
2799 4494 2917 4564 eas)
2949 4495 3091 4565 igni,
3125 4500 3182 4550 et
3231 4495 3490 4551 confrin-

1848 4598 1950 4653 ges
1977 4581 2036 4635 in
2070 4597 2293 4636 morem
2325 4581 2520 4651 farris,
2547 4585 2605 4636 et
2636 4581 2718 4636 sic
2748 4582 2955 4638 offeres
3005 4583 3297 4654 primitias
3350 4588 3486 4640 tuas

1848 4745 1962 4815 eat:
1993 4740 2300 4815 masculum
2351 4737 2776 4815 immaculatum
2823 4740 3070 4815 adducet,
3121 4741 3273 4815 sive,
3304 4745 3490 4815 oﬂ‘cret

1851 4813 2030 4866 illum.
2060 4811 2206 4886 Huic
2238 4811 2469 4886 lectioni
2504 4811 2880 4886 consentiunt
2930 4812 3069 4866 LXX
3118 4811 3488 4886 interpretes,

1849 4887 2133 4958 etteatus
2164 4882 2740 4958 Samaritanusised
2788 4882 3016 4958 diversa
3068 4882 3492 4958 consequenter

1851 4953 2222 5019 addiderunt,
2255 4958 2448 5008 textus
2494 4953 2728 5024 quidem
2784 4954 2941 5010 Sam.
2993 4955 3127 5020 ista,
3171 4953 3487 5012 (td—ostium

1850 5027 2196 5115 tabernaculi
2223 5025 2460 5115 adducet,
2480 5041 2625 5113 eum,
2659 5031 2766 5079 etc.
2801 5025 3186 5115 septuaginta
3214 5044 3369 5115 yero,
3399 5025 3488 5115 uel

1849 5095 2094 5164 ἐπιθήσει
2125 5097 2224 5164 τὴν
2252 5100 2414 5170 χεῖρα
2445 5093 2531 5148 ἐπὶ
2559 5101 2656 5163 τῆν
2690 5093 2936 5166 κτφαλῆν
2978 5093 3164 5170 euinci},
3214 5099 3323 5155 hoc
3373 5105 3484 5164 est,

1851 5179 1902 5224 et
1934 5171 2172 5238 imponet
2206 5169 2434 5223 manum
2463 5184 2625 5237 super
2652 5173 2811 5238 caput
2847 5170 2983 5236 eius.
3017 5169 3300 5225 Caeterum
3331 5185 3492 5224 error

1851 5240 2201 5295 manifestus
2233 5245 2324 5294 est
2353 5241 2410 5294 in
2435 5238 2711 5294 omnibus
2742 5238 2959 5294 Latinis
2997 5241 3296 5297 codicibus
3344 5256 3486 5296 mss.

1854 5310 1949 5366 ubi
1979 5311 2364 5381 exscriptores
2396 5327 2599 5379 agnum
2621 5314 2678 5382 et
2691 5311 3014 5366 anniculam
3039 5315 3360 5382 posuerunt
3385 5327 3487 5382 pro

1850 5383 2092 5437 masculo
2119 5383 2240 5436 sive
2267 5383 2593 5436 masculum.
2631 5381 2816 5435 MART.

1925 5485 1992 5492 —
2023 5453 2216 5508 Nostri
2246 5470 2384 5508 mss.
2417 5458 2472 5506 et
2502 5452 2719 5522 quibus
2753 5469 2894 5506 usus
2925 5457 3014 5507 est
3063 5452 3327 5508 Martian.
3379 5452 3495 5506 fere

1861 5541 2062 5578 omnes
2121 5525 2319 5590 legunt
2371 5523 2779 5587 holocaustum,
2838 5523 3159 5577 anniculum
3207 5528 3260 5578 et
3297 5523 3499 5594 absque

1863 5597 2082 5650 macula
2115 5613 2126 5650 :
2163 5595 2261 5650 alii
2291 5612 2500 5662 agnum
2539 5595 2887 5658 anniculam,
2947 5600 3056 5648 etc.
3109 5595 3380 5651 Hebraeus
3424 5595 3498 5651 ad

1863 5665 2118 5722 litteram
2153 5667 2462 5722 masculum
2494 5664 2911 5721 immaculatum
2939 5665 3130 5736 offeret
3172 5666 3356 5724 illum.
