2040 3093
183 177 237 205 339
715 180 744 205 s.
766 177 968 211 HIERQNYMI
987 179 1016 204 n1

1072 178 1114 204 NA
1132 178 1381 206 BIBLIOTHECA.
1832 178 1886 206 340

186 239 321 272 Domino,
334 240 460 268 fundens
475 232 563 274 supra
578 239 685 272 oleum,
702 242 729 267 et
744 239 812 266 thus
839 238 1005 274 imponens,
1023 240 1048 272 Α
1064 238 1157 266 causti
1174 239 1203 266 in
1220 239 1341 267 introitu
1356 239 1549 268 tabernaculi.
1564 240 1599 268 Et
1609 240 1725 275 adipem
1736 240 1822 268 vituli
1835 249 1886 268 au~

190 284 259 319 quia
270 283 378 312 oblatio
393 283 508 311 Domini
524 286 568 311 est
581 292 587 311 :
604 284 640 311 de
656 292 714 320 qua
729 283 857 311 adolebit
872 283 1007 311 sacerdos

191 329 221 356 in
237 329 408 357 memoriam
424 329 565 362 muneris,
576 331 686 365 partem
698 329 783 357 farris
795 329 892 361 fracti,
904 330 932 356 et
942 328 1008 361 olei,

192 380 225 400 ac
238 374 332 400 totum
349 373 429 400 thus.

227 426 305 461 (Cap.
322 426 382 461 IlI.)
394 426 473 458 Quod
492 426 516 453 si
529 426 624 454 hostia
639 426 826 461 paciﬁcorum
844 426 930 454 fuerit
946 426 1010 461 ejus

192 470 310 505 oblatio,
326 472 355 498 et
365 471 400 497 de
413 471 506 498 bobus
531 471 653 498 voluerit
680 472 793 505 offerre,
817 479 925 499 marem
952 470 1011 498 sive

192 514 342 549 feminam,
360 515 550 542 immaculata
561 516 661 543 offeret
676 523 773 543 coram
794 516 929 543 Domino.
955 517 1009 542 Po-

193 561 300 594 netque
323 567 442 586 manum
472 568 561 595 super
576 562 663 595 caput
691 560 813 587 victimae
844 568 914 593 suae,
946 567 1011 595 quae

192 603 394 630 immolabitur
422 603 451 630 in
476 603 595 631 introitu
626 604 806 632 tabernaculi
838 604 1010 637 testimonii,

193 647 376 682 fundentque
393 647 444 674 lilii
459 649 553 675 Aaron
569 649 735 676 sacerdotes
763 648 936 684 sanguinem
962 656 1012 684 per

193 691 346 719 circuitum
364 691 473 719 altaris.
491 692 525 719 Et
542 692 706 719 oil'erentdc
719 693 815 720 hostia
826 693 1011 727 pacificorum

194 736 223 762 in
240 736 416 763 oblationem
430 737 563 767 Domino.
581 738 694 772 adipem
712 738 760 772 qui
788 738 880 772 operit
904 737 1011 769 vitalia,

195 782 223 807 et
239 780 361 815 quiquid
380 781 566 816 pinguedinis
583 781 760 809 intrinsecus
785 784 842 808 est:
868 782 941 808 duoa
968 790 1013 807 re-

196 832 247 851 nes
264 833 328 851 eum
346 825 430 860 adipe
445 834 502 860 qua
518 828 656 860 teguntur
678 826 736 860 ilia,
753 831 778 852 el
796 825 1012 860 reticulum‘je-

195 869 271 896 coris
301 877 366 895 cum
397 870 566 896 renunculis
593 880 598 897 2
627 871 843 904 adolebuntquc
872 879 905 897 ea
929 878 1015 905 super

196 913 287 940 altare
303 913 333 940 in
350 913 563 941 holocaustum.
589 914 677 949 lignis
701 915 768 949 igne
794 915 956 949 supposito,
983 915 1011 941 in
1032 924 1053 956 Β

196 957 373 985 oblationem
391 959 558 985 suavissimi
576 959 672 986 odoris
691 959 820 986 Domino.
838 959 866 986 Si
892 967 957 985 vero
980 960 1014 987 de

195 1001 297 1030 ovibus
309 1002 393 1029 fuerit
406 1003 469 1037 ejus
479 1002 597 1035 oblatio,
610 1005 637 1029 et
649 1003 835 1037 pacificorum
845 1003 1014 1035 bostia,sive

195 1046 580 1080 musculum,sivefeminum
589 1047 1015 1079 obtulerit,immaculataerunt

194 1090 222 1116 Si
240 1098 349 1126 agnum
362 1091 502 1118 obtulerit
518 1100 614 1119 coram
631 1092 763 1124 Domino,
783 1094 869 1127 ponet
895 1100 1014 1119 manum

196 1143 280 1162 suam
291 1143 381 1170 super
396 1138 482 1170 caput
497 1135 622 1162 victimae
639 1145 708 1168 suae,
726 1144 789 1170 quae
814 1136 1016 1163 immolabitur

195 1178 225 1205 in
240 1178 385 1206 vestibulo
399 1179 575 1206 tabernaculi
592 1180 761 1212 testimonii,
775 1180 955 1215 l‘undentque
965 1180 1014 1207 filii

196 1223 292 1250 Aaron
309 1223 483 1258 sanguinem
500 1225 563 1258 ejus
589 1232 637 1259 per
661 1224 761 1251 altaris
789 1224 956 1251 circuitum.
983 1225 1016 1251 Et

196 1267 318 1294 offerent
334 1268 368 1294 de
380 1267 567 1302 paciﬁcorum
584 1268 679 1295 hostia
694 1268 868 1295 sacrificium
883 1269 1013 1296 Domino:

199 1311 314 1346 adipem
331 1314 359 1338 et
372 1313 494 1339 caudam
512 1314 602 1339 totam
615 1321 681 1339 cum
698 1313 828 1345 renibus,
848 1315 876 1340 et
892 1314 1015 1348 pingue-

197 1355 294 1383 dinem
312 1364 373 1390 qua:
389 1356 481 1391 operit
497 1359 626 1384 ventrem
643 1362 728 1391 atque
744 1357 878 1384 universa
904 1358 1014 1391 vitalia,

195 1402 223 1427 et
236 1402 394 1435 utrumque
409 1401 603 1428 renunculum
616 1409 682 1428 cum
708 1401 793 1436 adipe
809 1402 857 1436 qui
879 1402 1016 1436 estjuxta

200 1443 259 1478 ilia,
278 1445 607 1480 reticulumquejecoris
618 1454 684 1472 cum
702 1446 881 1473 renunculis:
900 1449 927 1473 et
947 1447 1016 1473 adu—

198 1488 272 1516 lebit
287 1497 320 1515 ea
333 1490 467 1516 sacerdos
483 1498 571 1525 super
586 1490 686 1521 altare,
704 1490 732 1516 in
752 1491 891 1525 pabulum
902 1490 977 1525 ignis
989 1493 1017 1517 et

198 1532 353 1560 oblationis
369 1533 495 1560 Domini.
512 1533 539 1560 Si
554 1542 641 1568 capra
667 1534 752 1560 fixerit
770 1535 834 1569 ejus
858 1534 976 1567 oblatio,
990 1539 1017 1562 et

195 1577 335 1604 obtulerit
349 1586 412 1605 eam
430 1579 562 1610 Domino,
580 1581 666 1613 ponet
682 1587 800 1605 manum
824 1588 906 1606 suam
928 1587 1017 1614 super

196 1623 284 1657 caput
300 1622 373 1657 ejus:
393 1607 616 1657 immolabitqiie
630 1631 693 1649 eam
711 1623 738 1649 in
756 1623 873 1650 introitu
885 1607 1019 1650 taberiia-
1036 1607 1056 1640 Ο

197 1666 255 1693 culi
269 1666 445 1694 testimonii.
461 1667 494 1694 Et
517 1667 640 1694 fundent
656 1668 707 1694 filii
725 1670 819 1694 Aaron
847 1669 1020 1703 sanguinem

198 1711 262 1746 ejus
290 1719 341 1746 per
371 1711 473 1738 altaris
499 1711 665 1738 circuitum.
694 1713 859 1747 Tollentque
887 1720 919 1739 ex
940 1712 1020 1739 eain

199 1757 315 1789 pastum
334 1755 410 1790 ignis
422 1755 575 1790 Dominici,
589 1756 703 1791 adipem
713 1756 759 1790 qui
773 1756 863 1791 operit
877 1758 1019 1786 ventrem,

198 1802 226 1826 et
249 1799 299 1834 qui
331 1799 402 1835 tegit
432 1799 567 1826 universa
595 1800 705 1833 vitalia,
733 1801 807 1827 duos
832 1800 1020 1833 renunculos,

197 1852 262 1871 cum
277 1843 399 1871 reticulo
415 1845 491 1879 quod
510 1847 553 1871 est
567 1853 656 1879 super
671 1853 719 1871 eos
732 1846 817 1879 juxta
833 1845 904 1878 illia,
921 1848 948 1872 ct
975 1854 1019 1872 ar-

199 1890 297 1917 vinam
307 1889 416 1924 jecoris
432 1898 498 1917 cum
516 1890 708 1923 renunculits,
726 1890 910 1925 adolehitque
927 1899 960 1917 ea
977 1899 1021 1918 sa-

196 1934 298 1961 cerdos
314 1943 403 1970 super
416 1934 517 1969 altare,
528 1935 556 1961 in
565 1934 736 1962 alimoniam
749 1934 825 1970 ignis
837 1938 865 1962 et
876 1935 1020 1962 suavissi-

195 1979 234 2005 mi
250 1978 357 2006 odoris.
376 1979 477 2007 Omnis
492 1980 592 2014 adeps,
611 1979 722 2006 Domini
739 1979 869 2013 eritjure
882 1983 1021 2014 perpetuo

196 2023 225 2051 in
250 2023 487 2059 generationibus
512 2027 539 2051 et
564 2024 676 2051 cunctis
700 2023 879 2051 habitaculis
905 2026 1018 2053 vestris,

199 2076 250 2095 nec
266 2068 392 2103 adipem,
410 2076 462 2095 nec
478 2068 652 2103 sanguinem
669 2069 789 2095 omnino
806 2070 977 2096 comedetis.

227 2121 272 2155 (Τ.
287 2121 322 2154 ΙΙ,
340 2121 369 2147 Β.
388 2122 423 2154 li,
446 2121 476 2148 C.
507 2121 538 2154 ll,
570 2121 635 2157 Cap.
666 2121 723 2156 IV.)
756 2124 942 2157 Locutusquc
978 2125 1022 2150 est

195 2165 335 2192 Dominus
352 2166 385 2192 ad
402 2166 511 2199 Mosen,
528 2165 638 2193 dicens:
663 2166 789 2201 Loquere
813 2167 880 2193 {iliis
908 2167 995 2194 Israel
1013 2176 1019 2194 :

195 2209 480 2244 Anima,cum(Vulg.
494 2210 566 2245 qure]
577 2211 737 2245 peccaverit
748 2219 797 2246 per
818 2211 1013 2245 ignorantiam

195 2256 223 2281 et
238 2254 273 2280 de
289 2253 432 2281 universis
450 2255 597 2282 mandatis
610 2255 738 2288 Domini,
754 2264 817 2290 qua;
836 2256 1020 2291 praecepit,ut

195 2306 250 2324 non
267 2298 379 2329 ﬁerent,
396 2298 548 2333 quidpiam
565 2299 673 2325 fecerit:
691 2299 714 2325 si
734 2300 880 2332 sacerdos,
899 2300 946 2334 qui
974 2302 1019 2326 est

196 2344 315 2374 unctus,
324 2342 667 2378 peccaverit,dclinquere
676 2343 786 2371 faciens
795 2343 1021 2379 populum,of1‘o-

196 2389 240 2413 ret
256 2394 307 2421 pro
319 2389 435 2421 peccato
446 2395 499 2414 suo
511 2387 634 2414 vitulum
648 2388 871 2415 immaculatum
884 2388 1019 2422 Domino,

196 2433 225 2457 et
241 2431 363 2458 adducet
380 2430 463 2458 illum
483 2432 516 2458 ad
535 2432 645 2458 ostium
663 2432 843 2459 tabernaculi
860 2432 1023 2460 testimonii

195 2482 293 2501 coram
322 2474 465 2502 Domino:
494 2478 639 2510 pouetque
666 2484 787 2503 manum
818 2484 906 2511 super
933 2478 1022 2511 caput

195 2518 269 2554 ejus,
286 2521 315 2546 et
330 2519 494 2546 immolabit
511 2527 578 2546 eum
594 2520 728 2547 Domino.
757 2520 877 2547 Hauriet
905 2528 1024 2555 quoque

196 2564 232 2590 de
247 2563 390 2598 sanguine
406 2563 500 2597 vituli,
518 2564 645 2592 inferens
662 2565 743 2592 illum
758 2565 787 2592 in
800 2564 1024 2592 tabernaculum

199 2607 370 2635 testimonii.
389 2608 678 2644 Cumqueintinxerit
690 2609 814 2643 digitum
828 2609 855 2636 in
870 2609 1024 2644 sanguine,

199 2656 336 2688 asperget
352 2660 385 2679 eo
402 2653 509 2688 septies
531 2661 628 2681 coram
657 2654 778 2681 Domino
803 2656 905 2680 contra
930 2653 1024 2680 velum

199 2696 381 2724 sanctuarii:
412 2699 558 2732 ponetquc
583 2698 619 2723 de
642 2697 743 2724 eodem
773 2697 913 2732 sanguine
938 2705 1027 2732 super

203 2748 312 2768 cornua
341 2741 442 2768 altaris
473 2740 675 2777 thymiamatis
705 2740 865 2776 gratissimi
891 2740 1026 2775 Domino,

208 2785 283 2819 quod
299 2787 343 2811 est
358 2785 385 2812 in
401 2785 590 2812 tabernaculo
608 2784 783 2816 testimonii;
802 2793 914 2811 omnem
929 2788 1026 2812 autem

206 2828 348 2861 reliquum
366 2830 541 2865 sanguinem
559 2829 659 2856 fundet
675 2828 704 2856 in
722 2828 814 2856 basim
831 2829 932 2857 altaris
945 2829 1027 2857 bolo-

1065 283 1137 310 feret
1152 283 1192 319 [1].
1207 285 1235 311 et
1249 292 1365 311 omnem
1381 285 1495 319 adipem
1522 284 1607 312 vituli
1629 285 1737 320 peccati
1760 285 1884 321 auferet]

1065 335 1117 362 pro
1133 330 1260 363 peccato,
1276 330 1335 355 tam
1352 336 1419 355 eum
1435 328 1587 364 quioperit
1595 328 1706 362 vitalia,
1719 337 1808 364 quam
1822 338 1886 357 om-

1065 371 1114 398 nia
1129 380 1190 407 quas
1206 371 1384 400 intrinsecus
1398 376 1477 401 sunt:
1492 373 1566 401 duos
1582 373 1771 407 renunculos,
1792 376 1821 401 et
1839 382 1886 402 re-

1066 415 1198 450 ticulum,
1216 416 1293 451 quod
1308 419 1354 444 est
1368 424 1457 452 super
1471 425 1520 444 eos
1533 417 1617 451 juxta
1630 416 1693 452 ilia,
1718 421 1744 445 et
1768 418 1885 453 adipem

1062 460 1170 495 jecoris
1194 469 1261 488 cum
1282 461 1547 497 renunculis,sicut
1557 462 1886 490 auferturdevituloho-

1067 504 1128 532 stite
1144 505 1344 541 paciﬁcorum,
1360 508 1388 533 et
1403 506 1531 534 adolebit
1546 514 1579 533 ea
1595 515 1685 541 super
1696 506 1787 534 altare
1802 506 1886 535 holo-

1066 550 1170 576 oausti.
1187 549 1294 577 Pellem
1310 558 1387 585 vero,
1403 552 1431 578 et
1446 559 1549 578 omnes
1571 559 1674 579 carnes
1699 559 1766 579 cum
1792 551 1887 587 capite

1067 595 1096 621 et
1111 593 1234 628 pedibus
1249 596 1277 622 et
1292 594 1439 623 intestinis
1453 603 1470 622 a
1485 595 1563 628 timo,
1585 597 1613 622 et
1632 595 1744 631 reliquo
1767 603 1888 631 corpore

1068 638 1173 665 ell'eret
1188 640 1268 665 extra
1283 641 1379 666 castra
1393 639 1423 666 in
1439 639 1535 667 locum
1553 640 1709 673 mundum,
1728 640 1778 667 ubi
1806 640 1889 668 ciue-

1068 690 1112 709 res
1128 682 1236 710 effundi
1251 683 1357 710 solent:
1374 683 1568 719 incendetque
1584 692 1618 711 ea
1633 692 1723 720 super
1739 684 1886 720 lignorum

1068 729 1191 761 struem,
1207 735 1270 761 qua;
1296 727 1325 754 in
1350 727 1412 755 loco
1436 728 1595 755 eﬂusorum
1621 728 1752 756 cinerum
1778 736 1890 757 crema-

1068 770 1189 798 buntur.
1206 771 1286 804 Quod
1299 771 1325 799 si
1347 771 1443 799 omnis
1467 772 1555 799 turba
1579 772 1668 800 Israel
1697 773 1887 809 iguoraverit,

1068 817 1097 843 et
1112 824 1163 851 per
1178 815 1356 851 imperitiam
1372 816 1473 844 fecerit
1488 817 1564 852 quod
1590 819 1693 844 contra
1717 817 1888 845 mandatum

1071 859 1183 887 Domini
1198 861 1252 893 est,
1267 862 1296 887 et
1310 862 1412 896 postea
1427 859 1601 888 intellexerit
1617 863 1767 896 peccatum
1789 869 1889 896 suum,

1069 908 1169 936 olI‘eret
1182 908 1307 936 vitulum
1322 917 1372 944 pro
1388 911 1504 944 peccato
1520 909 1609 945 (Vulg.
1625 909 1688 938 add.
1705 912 1779 943 suo],
1800 910 1892 937 addu-

1069 955 1172 988 cetque
1187 961 1253 981 eum
1271 954 1306 981 ad
1322 953 1430 981 ostium
1449 953 1642 982 tabernaculi.
1658 954 1692 981 Et
1719 957 1827 990 ponent
1845 963 1890 982 se-

1070 997 1166 1025 niores
1181 997 1281 1033 populi
1296 1006 1403 1025 manus
1410 1006 1498 1033 super
1507 1001 1596 1035 caput
1606 998 1668 1034 ejus
1679 1006 1777 1026 eoram
1791 999 1891 1027 Domi-

1071 1050 1118 1069 no.
1136 1042 1346 1078 lmmolatoque
1361 1042 1451 1070 vitulo
1467 1042 1496 1069 in
1522 1045 1679 1079 conspectu
1701 1043 1826 1077 Domini,
1844 1043 1891 1070 in-

1070 1086 1143 1114 feret
1157 1087 1303 1121 sacerdos,
1320 1086 1370 1122 qui
1386 1089 1494 1114 unctus
1516 1090 1569 1121 est,
1596 1087 1631 1115 de
1653 1087 1798 1123 sanguine
1827 1088 1891 1123 ejus

1071 1130 1100 1158 in
1116 1131 1337 1159 tabernaculum
1359 1131 1529 1164 testimonii,
1555 1131 1647 1159 tincto
1671 1132 1764 1168 digito
1789 1140 1890 1167 asper-

1070 1183 1143 1211 gens
1158 1175 1266 1211 septies
1283 1177 1385 1203 contra
1412 1175 1521 1204 velum.
1552 1176 1699 1211 Pocetque
1728 1176 1763 1203 de
1789 1177 1890 1204 eodem

1070 1220 1213 1256 sanguine
1242 1220 1270 1247 in
1299 1220 1437 1248 cornibus
1462 1219 1658 1256 altaris,quod
1670 1222 1820 1248 estcoram
1833 1220 1891 1248 Do-

1072 1264 1151 1292 mino
1166 1264 1195 1291 in
1207 1264 1392 1292 tabernaculo
1408 1264 1569 1292 testimonii
1587 1274 1594 1299 ;
1620 1264 1767 1300 reliquum
1786 1267 1889 1292 autem

1070 1309 1243 1344 sanguinem
1260 1309 1362 1336 fundet
1373 1309 1456 1344 juxta
1471 1309 1566 1337 basim
1582 1309 1682 1337 altaris
1708 1309 1892 1337 holocausto-

1071 1361 1146 1387 rum,
1171 1354 1247 1389 quod
1271 1355 1315 1381 est
1343 1353 1372 1380 in
1403 1353 1477 1381 ostio
1507 1353 1688 1381 tabernaculi
1719 1354 1890 1382 testimonii.

1070 1404 1252 1438 Omnemque
1267 1403 1330 1438 ejus
1346 1402 1461 1438 adipem
1489 1401 1581 1436 tollet,
1609 1405 1637 1430 et
1657 1402 1785 1430 adolebit
1804 1411 1894 1439 super

1071 1447 1161 1474 altare
1175 1455 1181 1474 :
1199 1447 1240 1474 sic
1257 1447 1366 1474 faciens
1381 1448 1409 1474 et
1424 1447 1460 1474 de
1477 1446 1531 1475 hoc
1547 1445 1637 1474 vitulo
1662 1447 1807 1482 quomodo
1828 1447 1895 1475 fecit

1071 1494 1099 1518 et
1115 1491 1207 1527 prius,
1223 1494 1252 1518 et
1280 1493 1399 1527 rogante
1416 1499 1467 1527 pro
1494 1493 1536 1519 eis
1562 1491 1725 1525 sacerdote,
1750 1491 1895 1527 propitius

1071 1536 1126 1563 erit
1147 1535 1188 1562 eis
1205 1535 1355 1563 Dominus.
1373 1535 1474 1571 Ipsum
1503 1537 1602 1563 autem
1632 1535 1759 1563 vitulum
1792 1536 1894 1564 eﬁ'eret

1074 1582 1155 1607 extra
1170 1583 1275 1615 castra,
1306 1582 1392 1615 atque
1421 1580 1584 1614 comburat,
1615 1580 1695 1608 sicut
1709 1582 1738 1607 et
1767 1580 1894 1616 priorem

1074 1624 1211 1659 vitulum,
1228 1625 1297 1660 quia
1312 1632 1363 1660 pro
1379 1626 1495 1660 peccato
1507 1627 1552 1652 est
1568 1624 1780 1652 multitudinis.
1792 1625 1821 1652 Si
1832 1633 1896 1660 pec-

1075 1668 1182 1696 caverit
1198 1668 1343 1705 princeps,
1361 1671 1390 1696 et
1414 1668 1515 1696 fecerit
1538 1677 1631 1696 unum
1652 1677 1667 1696 e
1693 1669 1828 1705 pluribus
1845 1677 1897 1704 per

1076 1713 1284 1749 ignorantiam,
1303 1713 1380 1749 quod
1397 1713 1512 1740 Domini
1536 1713 1575 1749 (h.
1603 1713 1681 1749 quod
1703 1713 1819 1741 Domini
1844 1713 1896 1741 Dei

1076 1757 1122 1785 sui
1146 1757 1219 1793 lege)
1234 1756 1297 1793 lege
1326 1757 1508 1793 prohibetur,
1536 1759 1564 1785 et
1592 1760 1693 1793 postea
1720 1757 1897 1785 intellexerit

1074 1804 1226 1838 peccatum
1241 1810 1339 1833 suum.
1350 1802 1449 1829 offeret
1460 1801 1587 1829 hostiam
1600 1801 1850 1837 Domino,bircum
1860 1802 1896 1829 de

1075 1846 1170 1882 capris
1196 1845 1439 1874 immaculatum.
1470 1848 1620 1881 Ponetque
1654 1854 1775 1873 manum
1809 1854 1894 1874 suam

1076 1899 1165 1926 super
1179 1892 1266 1926 caput
1278 1891 1343 1925 ejus
1359 1899 1486 1926 cumque
1497 1890 1768 1918 immolaveritcum
1782 1890 1896 1924 inloco,

1077 1935 1125 1962 ubi
1148 1934 1222 1962 solet
1247 1934 1372 1963 mactari
1402 1934 1604 1962 holocaustum
1634 1943 1731 1963 coram
1758 1935 1896 1968 Domino,

1076 1984 1145 2019 quia
1158 1992 1209 2019 pro
1225 1985 1344 2019 peccato
1359 1988 1413 2019 est,
1436 1983 1528 2020 tinget
1558 1984 1695 2012 sacerdos
1717 1983 1842 2020 digitum
1868 1984 1897 2011 in

1064 2028 1220 2064 sanguine
1231 2028 1336 2056 hostiae
1352 2037 1404 2064 pro
1419 2031 1548 2064 peccato,
1562 2031 1687 2064 tangens
1702 2036 1814 2063 cornua
1824 2028 1900 2056 alta-

1076 2072 1116 2100 ris
1131 2072 1305 2108 bolocausti,
1329 2074 1358 2100 et
1388 2072 1533 2108 reliquum
1557 2073 1651 2108 (Vulg.
1681 2073 1748 2101 add.
1778 2073 1898 2109 sangui-

1077 2117 1157 2152 nem)
1172 2117 1297 2144 fundens
1312 2116 1347 2144 ad
1365 2117 1457 2145 basim
1473 2117 1548 2152 ejus.
1565 2117 1684 2153 Adipem
1707 2125 1773 2145 vero
1798 2117 1897 2145 adole-

1077 2161 1121 2189 bit
1136 2169 1235 2196 supra,
1253 2161 1329 2189 sicut
1344 2161 1372 2188 in
1389 2161 1515 2189 victimis
1531 2160 1721 2197 paciﬁcorum
1739 2161 1800 2189 ﬁeri
1815 2161 1901 2189 solet:

1078 2207 1249 2242 rogabitque
1276 2214 1327 2241 pro
1350 2214 1383 2234 eo
1399 2206 1550 2240 sacerdos,
1581 2209 1609 2234 et
1623 2215 1675 2242 pro
1691 2208 1808 2242 peccato
1824 2206 1902 2241 ejus,

1078 2259 1111 2278 ac
1128 2251 1294 2278 dimittetur
1308 2250 1344 2278 ei.
1374 2250 1454 2282 Quod
1482 2251 1506 2279 si
1534 2251 1698 2286 peccaverit
1723 2251 1824 2278 anima
1851 2259 1904 2286 per

1074 2295 1282 2330 ignorantiam,
1297 2295 1333 2322 de
1348 2295 1454 2331 populo
1470 2297 1563 2329 terrae,
1581 2298 1613 2322 ut
1630 2295 1716 2323 faciat
1738 2295 1902 2330 quidquam

1076 2347 1111 2366 ex
1125 2338 1161 2366 iis
1177 2347 1239 2375 qum
1254 2338 1371 2366 Domini
1398 2339 1461 2375 lege
1476 2339 1678 2374 prohibentur,
1705 2341 1793 2374 atque
1808 2338 1902 2366 delin-

1077 2385 1158 2418 quat,
1171 2387 1198 2410 el
1210 2383 1379 2419 cognoverit
1394 2387 1546 2419 peccatum
1560 2392 1660 2418 suum,
1672 2383 1773 2411 olferet
1782 2391 1903 2419 capram

1078 2427 1422 2463 immaculatam.Ponetq
1428 2436 1462 2455 ue
1470 2436 1587 2455 manum
1599 2436 1688 2463 super
1695 2429 1783 2463 caput
1790 2427 1904 2460 hostis,

1078 2484 1141 2511 quae
1158 2484 1209 2511 pro
1234 2478 1351 2511 peccato
1376 2479 1420 2504 est
1446 2478 1474 2503 et
1496 2475 1661 2503 immolabit
1685 2469 1749 2503 eain
1781 2475 1810 2502 in
1840 2475 1905 2503 loco

1079 2520 1251 2547 holocausti.
1268 2519 1420 2555 Tolletque
1435 2520 1573 2548 sacerdos
1588 2520 1624 2547 dc
1640 2519 1784 2556 sanguine
1808 2519 1837 2547 in
1859 2519 1905 2547 di-

1079 2564 1139 2600 gito
1157 2573 1219 2595 suo.
1247 2566 1371 2599 tangens
1397 2572 1506 2592 cornua
1535 2564 1636 2591 altaris
1659 2563 1835 2597 holocausti,
1858 2572 1906 2592 re-

1080 2608 1194 2644 liquum
1225 2607 1327 2635 fundet
1355 2608 1391 2635 ad
1422 2608 1514 2635 basim
1545 2609 1627 2643 ejus.
1651 2609 1775 2636 Omnem
1806 2610 1905 2636 autem

1081 2653 1196 2688 adipem
1214 2653 1362 2685 auferens,
1388 2652 1465 2680 sicut
1485 2652 1593 2680 auferri
1620 2652 1694 2681 solet
1718 2653 1754 2681 de
1778 2652 1906 2680 victimis

1081 2697 1278 2733 paciﬁcorum,
1295 2696 1424 2725 adolebit
1439 2705 1529 2733 super
1543 2696 1635 2725 altare
1648 2697 1677 2724 in
1694 2697 1813 2726 odorem
1832 2704 1904 2724 sua-

1081 2741 1179 2769 vitatis
1199 2741 1336 2775 Domino,
1358 2742 1532 2778 rogabitque
1552 2750 1603 2777 pro
1625 2750 1669 2774 eo,
1691 2744 1720 2770 et
1741 2741 1905 2769 dimittetur

1081 2786 1117 2814 ei.
1134 2786 1183 2813 Sin
1200 2789 1296 2813 autem
1310 2786 1345 2813 de
1361 2787 1515 2821 pecoribus
1531 2785 1670 2814 obtulerit
1680 2786 1830 2814 victimam
1850 2793 1904 2821 pro

1081 2832 1209 2866 peccato,
1218 2837 1299 2859 ovem
1312 2830 1421 2858 scilicet
1440 2829 1672 2864 immaculatum,
1684 2832 1902 2867 ponetmanum

2005 2642 2017 2765 ίρ

2004 2773 2016 2858 l

2004 2858 2015 3070 i
