  <div class='ocr_page' id='page_1' title='image "/cluster/home/n/w/nwhite01/storage/ocr_20150623/28/hvd.32044052824265/190.png"; bbox 0 0 4080 6186; ppageno 0'>
   <div class='ocr_carea' id='block_1_1' title="bbox 189 391 1800 453">
    <p class='ocr_par' dir='ltr' id='par_1_1' title="bbox 189 391 1800 448">
     <span class='ocr_line' id='line_1_1' title="bbox 189 391 1800 448; baseline 0.002 -4"><span class='ocrx_word' id='word_1_1' title='bbox 189 391 258 445; x_wconf 76' lang='grc'>341</span> <span class='ocrx_word' id='word_1_2' title='bbox 1510 395 1723 448; x_wconf 79' lang='lat' dir='ltr'>LIBER</span> <span class='ocrx_word' id='word_1_3' title='bbox 1761 395 1800 447; x_wconf 86' lang='lat' dir='ltr'><strong>L</strong></span> 
     </span>
    </p>
   </div>
   <div class='ocr_carea' id='block_1_2' title="bbox 1950 391 3561 453">
    <p class='ocr_par' dir='ltr' id='par_1_2' title="bbox 1950 394 3561 453">
     <span class='ocr_line' id='line_1_2' title="bbox 1950 394 3561 453; baseline 0.004 -7"><span class='ocrx_word' id='word_1_4' title='bbox 1950 394 2092 449; x_wconf 85' lang='lat' dir='ltr'>l‘ICI.</span> <span class='ocrx_word' id='word_1_5' title='bbox 3401 396 3511 453; x_wconf 77' lang='grc'>342</span> <span class='ocrx_word' id='word_1_6' title='bbox 3560 407 3561 410; x_wconf 71' lang='grc'><em>“</em></span> 
     </span>
    </p>
   </div>
   <div class='ocr_carea' id='block_1_3' title="bbox 185 512 3498 588">
    <p class='ocr_par' dir='ltr' id='par_1_3' title="bbox 185 512 3498 588">
     <span class='ocr_line' id='line_1_3' title="bbox 185 512 3498 588; baseline 0.002 -16"><span class='ocrx_word' id='word_1_7' title='bbox 185 531 314 587; x_wconf 80' lang='lat' dir='ltr'>super</span> <span class='ocrx_word' id='word_1_8' title='bbox 337 517 489 584; x_wconf 86' lang='lat' dir='ltr'>caput</span> <span class='ocrx_word' id='word_1_9' title='bbox 528 513 674 583; x_wconf 84' lang='lat' dir='ltr'><strong>ejus,</strong></span> <span class='ocrx_word' id='word_1_10' title='bbox 707 516 765 568; x_wconf 90' lang='lat' dir='ltr'>et</span> <span class='ocrx_word' id='word_1_11' title='bbox 795 512 1129 569; x_wconf 91' lang='lat' dir='ltr'>immolabit</span> <span class='ocrx_word' id='word_1_12' title='bbox 1175 530 1302 570; x_wconf 90' lang='lat' dir='ltr'>eam</span> <span class='ocrx_word' id='word_1_13' title='bbox 1352 516 1409 572; x_wconf 90' lang='lat' dir='ltr'>in</span> <span class='ocrx_word' id='word_1_14' title='bbox 1467 515 1589 572; x_wconf 89' lang='lat' dir='ltr'>loco</span> <span class='ocrx_word' id='word_1_15' title='bbox 1638 516 1734 571; x_wconf 91' lang='lat' dir='ltr'>ubi</span> <span class='ocrx_word' id='word_1_16' title='bbox 1766 518 1818 582; x_wconf 85' lang='grc' dir='ltr'><strong>Α</strong></span> <span class='ocrx_word' id='word_1_17' title='bbox 1853 515 2080 587; x_wconf 78' lang='lat' dir='ltr'>rogabit</span> <span class='ocrx_word' id='word_1_18' title='bbox 2139 533 2239 588; x_wconf 91' lang='lat' dir='ltr'>pro</span> <span class='ocrx_word' id='word_1_19' title='bbox 2297 533 2362 572; x_wconf 94' lang='lat' dir='ltr'>eo</span> <span class='ocrx_word' id='word_1_20' title='bbox 2393 517 2641 572; x_wconf 74' lang='lat' dir='ltr'>offerens</span> <span class='ocrx_word' id='word_1_21' title='bbox 2671 517 2936 587; x_wconf 78' lang='lat' dir='ltr'>arietem,</span> <span class='ocrx_word' id='word_1_22' title='bbox 2967 523 3023 574; x_wconf 91' lang='lat' dir='ltr'>et</span> <span class='ocrx_word' id='word_1_23' title='bbox 3065 519 3396 576; x_wconf 79' lang='lat' dir='ltr'>dimittetur</span> <span class='ocrx_word' id='word_1_24' title='bbox 3424 523 3498 578; x_wconf 66' lang='lat' dir='ltr'>ei.</span> 
     </span>
    </p>
   </div>
   <div class='ocr_carea' id='block_1_4' title="bbox 182 600 3496 680">
    <p class='ocr_par' dir='ltr' id='par_1_4' title="bbox 182 600 3496 680">
     <span class='ocr_line' id='line_1_4' title="bbox 182 600 3496 680; baseline 0.002 -21"><span class='ocrx_word' id='word_1_25' title='bbox 182 600 789 660; x_wconf 84' lang='lat' dir='ltr'>solentholocaustorum</span> <span class='ocrx_word' id='word_1_26' title='bbox 823 603 963 656; x_wconf 61' lang='lat' dir='ltr'>credi</span> <span class='ocrx_word' id='word_1_27' title='bbox 1006 602 1238 660; x_wconf 78' lang='lat' dir='ltr'>hostias.</span> <span class='ocrx_word' id='word_1_28' title='bbox 1271 606 1590 678; x_wconf 89' lang='lat' dir='ltr'>Sumetque</span> <span class='ocrx_word' id='word_1_29' title='bbox 1639 623 1734 660; x_wconf 87' lang='lat' dir='ltr'>sa-</span> <span class='ocrx_word' id='word_1_30' title='bbox 1845 605 2051 659; x_wconf 89' lang='lat' dir='ltr'>Anima</span> <span class='ocrx_word' id='word_1_31' title='bbox 2087 607 2134 659; x_wconf 87' lang='lat' dir='ltr'>si</span> <span class='ocrx_word' id='word_1_32' title='bbox 2195 606 2516 676; x_wconf 82' lang='lat' dir='ltr'>peccaverit</span> <span class='ocrx_word' id='word_1_33' title='bbox 2572 623 2672 676; x_wconf 89' lang='lat' dir='ltr'>per</span> <span class='ocrx_word' id='word_1_34' title='bbox 2729 606 3142 678; x_wconf 82' lang='lat' dir='ltr'>ignorantiam,</span> <span class='ocrx_word' id='word_1_35' title='bbox 3179 609 3496 680; x_wconf 82' lang='lat' dir='ltr'>feceritque</span> 
     </span>
    </p>
   </div>
   <div class='ocr_carea' id='block_1_5' title="bbox 181 689 3488 768">
    <p class='ocr_par' dir='ltr' id='par_1_5' title="bbox 181 689 3488 768">
     <span class='ocr_line' id='line_1_5' title="bbox 181 689 3488 768; baseline 0.002 -19"><span class='ocrx_word' id='word_1_36' title='bbox 181 694 328 749; x_wconf 85' lang='lat' dir='ltr'>cerdos</span> <span class='ocrx_word' id='word_1_37' title='bbox 353 692 412 746; x_wconf 90' lang='lat' dir='ltr'>de</span> <span class='ocrx_word' id='word_1_38' title='bbox 466 689 746 760; x_wconf 89' lang='lat' dir='ltr'>sanguine</span> <span class='ocrx_word' id='word_1_39' title='bbox 801 692 932 760; x_wconf 85' lang='lat' dir='ltr'>ejus</span> <span class='ocrx_word' id='word_1_40' title='bbox 989 692 1174 764; x_wconf 84' lang='lat' dir='ltr'>digito</span> <span class='ocrx_word' id='word_1_41' title='bbox 1233 710 1362 762; x_wconf 83' lang='lat' dir='ltr'>suo,</span> <span class='ocrx_word' id='word_1_42' title='bbox 1391 699 1448 748; x_wconf 91' lang='lat' dir='ltr'>et</span> <span class='ocrx_word' id='word_1_43' title='bbox 1493 699 1736 763; x_wconf 82' lang='lat' dir='ltr'>tangens</span> <span class='ocrx_word' id='word_1_44' title='bbox 1845 709 2028 747; x_wconf 90' lang='lat' dir='ltr'>unum</span> <span class='ocrx_word' id='word_1_45' title='bbox 2065 711 2132 748; x_wconf 85' lang='lat' dir='ltr'>ex</span> <span class='ocrx_word' id='word_1_46' title='bbox 2163 695 2234 749; x_wconf 88' lang='lat' dir='ltr'>iis</span> <span class='ocrx_word' id='word_1_47' title='bbox 2265 710 2394 764; x_wconf 85' lang='lat' dir='ltr'>quae</span> <span class='ocrx_word' id='word_1_48' title='bbox 2424 695 2654 749; x_wconf 86' lang='lat' dir='ltr'>Domini</span> <span class='ocrx_word' id='word_1_49' title='bbox 2689 694 2813 766; x_wconf 90' lang='lat' dir='ltr'>lege</span> <span class='ocrx_word' id='word_1_50' title='bbox 2843 696 3247 767; x_wconf 83' lang='lat' dir='ltr'>prohibentur,</span> <span class='ocrx_word' id='word_1_51' title='bbox 3271 703 3326 753; x_wconf 89' lang='lat' dir='ltr'>et</span> <span class='ocrx_word' id='word_1_52' title='bbox 3357 714 3488 768; x_wconf 87' lang='lat' dir='ltr'>pec-</span> 
     </span>
    </p>
   </div>
   <div class='ocr_carea' id='block_1_6' title="bbox 181 777 3487 851">
    <p class='ocr_par' dir='ltr' id='par_1_6' title="bbox 181 777 3487 851">
     <span class='ocr_line' id='line_1_6' title="bbox 181 777 3487 851; baseline 0.001 -14"><span class='ocrx_word' id='word_1_53' title='bbox 181 797 338 837; x_wconf 83' lang='lat' dir='ltr'>coruua</span> <span class='ocrx_word' id='word_1_54' title='bbox 361 778 540 833; x_wconf 86' lang='lat' dir='ltr'>altaris</span> <span class='ocrx_word' id='word_1_55' title='bbox 582 777 932 848; x_wconf 87' lang='lat' dir='ltr'>holocausti,</span> <span class='ocrx_word' id='word_1_56' title='bbox 957 781 1247 851; x_wconf 88' lang='lat' dir='ltr'>reliquum</span> <span class='ocrx_word' id='word_1_57' title='bbox 1281 783 1502 850; x_wconf 88' lang='lat' dir='ltr'>fundet,</span> <span class='ocrx_word' id='word_1_58' title='bbox 1529 783 1596 836; x_wconf 93' lang='lat' dir='ltr'>ad</span> <span class='ocrx_word' id='word_1_59' title='bbox 1639 782 1733 837; x_wconf 91' lang='lat' dir='ltr'>ba-</span> <span class='ocrx_word' id='word_1_60' title='bbox 1844 779 1954 832; x_wconf 83' lang='lat' dir='ltr'>cati</span> <span class='ocrx_word' id='word_1_61' title='bbox 1988 795 2084 834; x_wconf 89' lang='lat' dir='ltr'>rea</span> <span class='ocrx_word' id='word_1_62' title='bbox 2115 778 2463 834; x_wconf 80' lang='lat' dir='ltr'>intellexerit</span> <span class='ocrx_word' id='word_1_63' title='bbox 2490 779 2859 851; x_wconf 82' lang='lat' dir='ltr'>iniquitatem</span> <span class='ocrx_word' id='word_1_64' title='bbox 2893 799 3084 850; x_wconf 90' lang='lat' dir='ltr'>suam,</span> <span class='ocrx_word' id='word_1_65' title='bbox 3110 783 3308 840; x_wconf 79' lang='lat' dir='ltr'>oﬂ&#39;eret</span> <span class='ocrx_word' id='word_1_66' title='bbox 3336 785 3487 841; x_wconf 89' lang='lat' dir='ltr'>arie-</span> 
     </span>
    </p>
   </div>
   <div class='ocr_carea' id='block_1_7' title="bbox 182 867 3485 944">
    <p class='ocr_par' dir='ltr' id='par_1_7' title="bbox 182 867 3485 944">
     <span class='ocr_line' id='line_1_7' title="bbox 182 867 3485 944; baseline 0.002 -20"><span class='ocrx_word' id='word_1_67' title='bbox 182 870 255 924; x_wconf 86' lang='lat' dir='ltr'>sim</span> <span class='ocrx_word' id='word_1_68' title='bbox 281 869 402 938; x_wconf 93' lang='lat' dir='ltr'>ejus.</span> <span class='ocrx_word' id='word_1_69' title='bbox 432 867 664 921; x_wconf 89' lang='lat' dir='ltr'>Omnem</span> <span class='ocrx_word' id='word_1_70' title='bbox 699 883 935 938; x_wconf 91' lang='lat' dir='ltr'>quoque</span> <span class='ocrx_word' id='word_1_71' title='bbox 986 869 1258 923; x_wconf 84' lang='lat' dir='ltr'>auferens</span> <span class='ocrx_word' id='word_1_72' title='bbox 1296 870 1547 940; x_wconf 81' lang='lat' dir='ltr'>adipem,</span> <span class='ocrx_word' id='word_1_73' title='bbox 1579 870 1733 925; x_wconf 85' lang='lat' dir='ltr'>sicut</span> <span class='ocrx_word' id='word_1_74' title='bbox 1840 869 1955 921; x_wconf 89' lang='lat' dir='ltr'>tem</span> <span class='ocrx_word' id='word_1_75' title='bbox 2013 867 2460 922; x_wconf 84' lang='lat' dir='ltr'>immaculatum</span> <span class='ocrx_word' id='word_1_76' title='bbox 2522 869 2592 923; x_wconf 88' lang='lat' dir='ltr'>de</span> <span class='ocrx_word' id='word_1_77' title='bbox 2649 870 2929 940; x_wconf 85' lang='lat' dir='ltr'>gregibus</span> <span class='ocrx_word' id='word_1_78' title='bbox 2987 871 3272 928; x_wconf 86' lang='lat' dir='ltr'>sacerdoti</span> <span class='ocrx_word' id='word_1_79' title='bbox 3311 873 3485 944; x_wconf 82' lang='lat' dir='ltr'>juxta</span> 
     </span>
    </p>
   </div>
   <div class='ocr_carea' id='block_1_8' title="bbox 179 955 3482 1031">
    <p class='ocr_par' dir='ltr' id='par_1_8' title="bbox 179 955 3482 1031">
     <span class='ocr_line' id='line_1_8' title="bbox 179 955 3482 1031; baseline 0.002 -21"><span class='ocrx_word' id='word_1_80' title='bbox 179 957 332 1011; x_wconf 78' lang='lat' dir='ltr'>auferri</span> <span class='ocrx_word' id='word_1_81' title='bbox 359 955 488 1010; x_wconf 86' lang='lat' dir='ltr'>solet</span> <span class='ocrx_word' id='word_1_82' title='bbox 512 955 689 1025; x_wconf 90' lang='lat' dir='ltr'>adeps</span> <span class='ocrx_word' id='word_1_83' title='bbox 715 955 914 1010; x_wconf 86' lang='lat' dir='ltr'>arietis</span> <span class='ocrx_word' id='word_1_84' title='bbox 944 956 1044 1026; x_wconf 88' lang='lat' dir='ltr'>qui</span> <span class='ocrx_word' id='word_1_85' title='bbox 1074 955 1420 1012; x_wconf 86' lang='lat' dir='ltr'>immolatur</span> <span class='ocrx_word' id='word_1_86' title='bbox 1440 974 1541 1030; x_wconf 91' lang='lat' dir='ltr'>pro</span> <span class='ocrx_word' id='word_1_87' title='bbox 1575 959 1732 1029; x_wconf 86' lang='lat' dir='ltr'>paci-</span> <span class='ocrx_word' id='word_1_88' title='bbox 1841 971 2176 1010; x_wconf 88' lang='lat' dir='ltr'>mensuram</span> <span class='ocrx_word' id='word_1_89' title='bbox 2227 955 2794 1028; x_wconf 71' lang='lat' dir='ltr'>aestimationemque</span> <span class='ocrx_word' id='word_1_90' title='bbox 2844 959 3105 1029; x_wconf 88' lang='lat' dir='ltr'>peccati:</span> <span class='ocrx_word' id='word_1_91' title='bbox 3144 961 3242 1031; x_wconf 90' lang='lat' dir='ltr'>qui</span> <span class='ocrx_word' id='word_1_92' title='bbox 3293 961 3482 1017; x_wconf 88' lang='lat' dir='ltr'>orabit</span> 
     </span>
    </p>
   </div>
   <div class='ocr_carea' id='block_1_9' title="bbox 172 1043 3483 1120">
    <p class='ocr_par' dir='ltr' id='par_1_9' title="bbox 172 1043 3483 1120">
     <span class='ocr_line' id='line_1_9' title="bbox 172 1043 3483 1120; baseline 0.002 -21"><span class='ocrx_word' id='word_1_93' title='bbox 172 1046 276 1109; x_wconf 84' lang='lat' dir='ltr'>ﬁcis,</span> <span class='ocrx_word' id='word_1_94' title='bbox 297 1043 547 1099; x_wconf 86' lang='lat' dir='ltr'>cremabit</span> <span class='ocrx_word' id='word_1_95' title='bbox 603 1059 783 1113; x_wconf 85' lang='lat' dir='ltr'>super</span> <span class='ocrx_word' id='word_1_96' title='bbox 813 1043 996 1099; x_wconf 89' lang='lat' dir='ltr'>altare</span> <span class='ocrx_word' id='word_1_97' title='bbox 1041 1045 1098 1098; x_wconf 92' lang='lat' dir='ltr'>in</span> <span class='ocrx_word' id='word_1_98' title='bbox 1133 1045 1440 1101; x_wconf 90' lang='lat' dir='ltr'>incensum</span> <span class='ocrx_word' id='word_1_99' title='bbox 1471 1046 1726 1117; x_wconf 89' lang='lat' dir='ltr'>Domini,</span> <span class='ocrx_word' id='word_1_100' title='bbox 1837 1060 1940 1115; x_wconf 91' lang='lat' dir='ltr'>pro</span> <span class='ocrx_word' id='word_1_101' title='bbox 1971 1061 2058 1109; x_wconf 93' lang='lat' dir='ltr'>eo,</span> <span class='ocrx_word' id='word_1_102' title='bbox 2091 1045 2228 1115; x_wconf 85' lang='lat' dir='ltr'>quia</span> <span class='ocrx_word' id='word_1_103' title='bbox 2258 1044 2524 1100; x_wconf 89' lang='lat' dir='ltr'>nesciens</span> <span class='ocrx_word' id='word_1_104' title='bbox 2554 1047 2772 1116; x_wconf 83' lang='lat' dir='ltr'>fecerit,</span> <span class='ocrx_word' id='word_1_105' title='bbox 2806 1050 2862 1102; x_wconf 93' lang='lat' dir='ltr'>et</span> <span class='ocrx_word' id='word_1_106' title='bbox 2892 1047 3218 1104; x_wconf 82' lang='lat' dir='ltr'>dimittetur</span> <span class='ocrx_word' id='word_1_107' title='bbox 3246 1049 3299 1106; x_wconf 88' lang='lat' dir='ltr'>ei</span> <span class='ocrx_word' id='word_1_108' title='bbox 3342 1050 3483 1120; x_wconf 85' lang='lat' dir='ltr'>quia</span> 
     </span>
    </p>
   </div>
   <div class='ocr_carea' id='block_1_10' title="bbox 173 1132 2955 1205">
    <p class='ocr_par' dir='ltr' id='par_1_10' title="bbox 173 1132 2955 1205">
     <span class='ocr_line' id='line_1_10' title="bbox 173 1132 2955 1205; baseline 0.001 -17"><span class='ocrx_word' id='word_1_109' title='bbox 173 1134 431 1205; x_wconf 80' lang='lat' dir='ltr'>rogabitque</span> <span class='ocrx_word' id='word_1_110' title='bbox 460 1147 558 1204; x_wconf 89' lang='lat' dir='ltr'>pro</span> <span class='ocrx_word' id='word_1_111' title='bbox 588 1147 656 1186; x_wconf 92' lang='lat' dir='ltr'>eo</span> <span class='ocrx_word' id='word_1_112' title='bbox 685 1135 745 1186; x_wconf 88' lang='lat' dir='ltr'>et</span> <span class='ocrx_word' id='word_1_113' title='bbox 772 1148 876 1202; x_wconf 88' lang='lat' dir='ltr'>pro</span> <span class='ocrx_word' id='word_1_114' title='bbox 907 1137 1146 1203; x_wconf 85' lang='lat' dir='ltr'>peccato</span> <span class='ocrx_word' id='word_1_115' title='bbox 1176 1135 1327 1204; x_wconf 89' lang='lat' dir='ltr'>ejus,</span> <span class='ocrx_word' id='word_1_116' title='bbox 1359 1138 1418 1189; x_wconf 89' lang='lat' dir='ltr'>et</span> <span class='ocrx_word' id='word_1_117' title='bbox 1463 1135 1723 1190; x_wconf 90' lang='lat' dir='ltr'>dimitte-</span> <span class='ocrx_word' id='word_1_118' title='bbox 1837 1148 1940 1202; x_wconf 89' lang='lat' dir='ltr'>per</span> <span class='ocrx_word' id='word_1_119' title='bbox 1967 1150 2220 1188; x_wconf 90' lang='lat' dir='ltr'>errorem</span> <span class='ocrx_word' id='word_1_120' title='bbox 2253 1132 2499 1204; x_wconf 89' lang='lat' dir='ltr'>deliquit</span> <span class='ocrx_word' id='word_1_121' title='bbox 2527 1133 2584 1188; x_wconf 95' lang='lat' dir='ltr'>in</span> <span class='ocrx_word' id='word_1_122' title='bbox 2616 1134 2955 1192; x_wconf 91' lang='lat' dir='ltr'>Dominum.</span> 
     </span>
    </p>
   </div>
   <div class='ocr_carea' id='block_1_11' title="bbox 170 1221 3477 1298">
    <p class='ocr_par' dir='ltr' id='par_1_11' title="bbox 170 1221 3477 1298">
     <span class='ocr_line' id='line_1_11' title="bbox 170 1221 3477 1298; baseline 0.002 -23"><span class='ocrx_word' id='word_1_123' title='bbox 170 1228 234 1275; x_wconf 84' lang='lat' dir='ltr'>tur</span> <span class='ocrx_word' id='word_1_124' title='bbox 255 1221 311 1276; x_wconf 87' lang='lat' dir='ltr'>ei.</span> <span class='ocrx_word' id='word_1_125' title='bbox 1909 1222 1990 1291; x_wconf 77' lang='grc' dir='ltr'>[Ο.</span> <span class='ocrx_word' id='word_1_126' title='bbox 2019 1222 2114 1290; x_wconf 88' lang='lat' dir='ltr'>IV,</span> <span class='ocrx_word' id='word_1_127' title='bbox 2146 1223 2276 1292; x_wconf 82' lang='lat' dir='ltr'>Cap.</span> <span class='ocrx_word' id='word_1_128' title='bbox 2303 1222 2420 1294; x_wconf 87' lang='lat' dir='ltr'>VI.]</span> <span class='ocrx_word' id='word_1_129' title='bbox 2446 1224 2699 1278; x_wconf 88' lang='lat' dir='ltr'>Locutus</span> <span class='ocrx_word' id='word_1_130' title='bbox 2717 1228 2807 1278; x_wconf 85' lang='lat' dir='ltr'>est</span> <span class='ocrx_word' id='word_1_131' title='bbox 2837 1223 3121 1280; x_wconf 89' lang='lat' dir='ltr'>Dominus</span> <span class='ocrx_word' id='word_1_132' title='bbox 3145 1225 3216 1280; x_wconf 89' lang='lat' dir='ltr'>ad</span> <span class='ocrx_word' id='word_1_133' title='bbox 3252 1225 3477 1298; x_wconf 85' lang='lat' dir='ltr'>Mosen,</span> 
     </span>
    </p>
   </div>
   <div class='ocr_carea' id='block_1_12' title="bbox 216 1307 3471 1385">
    <p class='ocr_par' dir='ltr' id='par_1_12' title="bbox 216 1307 3471 1385">
     <span class='ocr_line' id='line_1_12' title="bbox 216 1307 3471 1385; baseline 0.002 -22"><span class='ocrx_word' id='word_1_134' title='bbox 216 1309 381 1379; x_wconf 71' lang='lat'>[0.111,</span> <span class='ocrx_word' id='word_1_135' title='bbox 409 1308 528 1378; x_wconf 83' lang='lat' dir='ltr'>Cap.</span> <span class='ocrx_word' id='word_1_136' title='bbox 561 1308 657 1379; x_wconf 85' lang='lat' dir='ltr'>V.]</span> <span class='ocrx_word' id='word_1_137' title='bbox 693 1307 752 1363; x_wconf 91' lang='lat' dir='ltr'>Si</span> <span class='ocrx_word' id='word_1_138' title='bbox 789 1309 1113 1378; x_wconf 85' lang='lat' dir='ltr'>peccaverit</span> <span class='ocrx_word' id='word_1_139' title='bbox 1163 1309 1383 1376; x_wconf 90' lang='lat' dir='ltr'>anima,</span> <span class='ocrx_word' id='word_1_140' title='bbox 1419 1319 1473 1365; x_wconf 84' lang='lat' dir='ltr'>et</span> <span class='ocrx_word' id='word_1_141' title='bbox 1523 1309 1724 1365; x_wconf 91' lang='lat' dir='ltr'>audie-</span> <span class='ocrx_word' id='word_1_142' title='bbox 1833 1309 2069 1364; x_wconf 89' lang='lat' dir='ltr'>dicens:</span> <span class='ocrx_word' id='word_1_143' title='bbox 2103 1312 2315 1366; x_wconf 90' lang='lat' dir='ltr'>Anima</span> <span class='ocrx_word' id='word_1_144' title='bbox 2347 1328 2472 1382; x_wconf 66' lang='lat' dir='ltr'>qum</span> <span class='ocrx_word' id='word_1_145' title='bbox 2506 1312 2848 1382; x_wconf 87' lang='lat' dir='ltr'>peccaverit,</span> <span class='ocrx_word' id='word_1_146' title='bbox 2880 1317 2936 1368; x_wconf 90' lang='lat' dir='ltr'>et</span> <span class='ocrx_word' id='word_1_147' title='bbox 2965 1314 3322 1385; x_wconf 88' lang='lat' dir='ltr'>comtemplo</span> <span class='ocrx_word' id='word_1_148' title='bbox 3353 1315 3471 1371; x_wconf 87' lang='lat' dir='ltr'>Do-</span> 
     </span>
    </p>
   </div>
   <div class='ocr_carea' id='block_1_13' title="bbox 164 1396 3474 1473">
    <p class='ocr_par' dir='ltr' id='par_1_13' title="bbox 164 1396 3474 1473">
     <span class='ocr_line' id='line_1_13' title="bbox 164 1396 3474 1473; baseline 0.002 -21"><span class='ocrx_word' id='word_1_149' title='bbox 164 1399 213 1452; x_wconf 81' lang='lat' dir='ltr'>rit</span> <span class='ocrx_word' id='word_1_150' title='bbox 237 1414 393 1453; x_wconf 81' lang='lat' dir='ltr'>vocem</span> <span class='ocrx_word' id='word_1_151' title='bbox 420 1396 761 1467; x_wconf 87' lang='lat' dir='ltr'>adjurantis,</span> <span class='ocrx_word' id='word_1_152' title='bbox 788 1398 1070 1467; x_wconf 87' lang='lat' dir='ltr'>testisque</span> <span class='ocrx_word' id='word_1_153' title='bbox 1095 1398 1269 1453; x_wconf 85' lang='lat' dir='ltr'>fuerit</span> <span class='ocrx_word' id='word_1_154' title='bbox 1294 1400 1448 1470; x_wconf 91' lang='lat' dir='ltr'>quod</span> <span class='ocrx_word' id='word_1_155' title='bbox 1474 1403 1575 1454; x_wconf 89' lang='lat' dir='ltr'>aut</span> <span class='ocrx_word' id='word_1_156' title='bbox 1597 1400 1722 1470; x_wconf 90' lang='lat' dir='ltr'>ipse</span> <span class='ocrx_word' id='word_1_157' title='bbox 1832 1401 2011 1467; x_wconf 86' lang='lat' dir='ltr'>mino,</span> <span class='ocrx_word' id='word_1_158' title='bbox 2031 1400 2325 1470; x_wconf 85' lang='lat' dir='ltr'>negaverit</span> <span class='ocrx_word' id='word_1_159' title='bbox 2351 1401 2680 1472; x_wconf 82' lang='lat' dir='ltr'>depositum</span> <span class='ocrx_word' id='word_1_160' title='bbox 2710 1401 2973 1473; x_wconf 84' lang='lat' dir='ltr'>proximo</span> <span class='ocrx_word' id='word_1_161' title='bbox 2997 1419 3124 1469; x_wconf 90' lang='lat' dir='ltr'>suo,</span> <span class='ocrx_word' id='word_1_162' title='bbox 3153 1404 3305 1472; x_wconf 90' lang='lat' dir='ltr'>quod</span> <span class='ocrx_word' id='word_1_163' title='bbox 3339 1404 3474 1459; x_wconf 87' lang='lat' dir='ltr'>ﬁdei</span> 
     </span>
    </p>
   </div>
   <div class='ocr_carea' id='block_1_14' title="bbox 163 1485 3475 1560">
    <p class='ocr_par' dir='ltr' id='par_1_14' title="bbox 163 1485 3475 1560">
     <span class='ocr_line' id='line_1_14' title="bbox 163 1485 3475 1560; baseline 0.003 -21"><span class='ocrx_word' id='word_1_164' title='bbox 163 1488 261 1540; x_wconf 82' lang='lat' dir='ltr'>vidit</span> <span class='ocrx_word' id='word_1_165' title='bbox 305 1491 392 1541; x_wconf 88' lang='lat' dir='ltr'>aut</span> <span class='ocrx_word' id='word_1_166' title='bbox 441 1486 708 1541; x_wconf 89' lang='lat' dir='ltr'>conscius</span> <span class='ocrx_word' id='word_1_167' title='bbox 740 1490 863 1540; x_wconf 89' lang='lat' dir='ltr'>est:</span> <span class='ocrx_word' id='word_1_168' title='bbox 899 1485 1010 1541; x_wconf 90' lang='lat' dir='ltr'>nisi</span> <span class='ocrx_word' id='word_1_169' title='bbox 1069 1486 1431 1557; x_wconf 86' lang='lat' dir='ltr'>indicaverit,</span> <span class='ocrx_word' id='word_1_170' title='bbox 1465 1489 1720 1558; x_wconf 87' lang='lat' dir='ltr'>portabit</span> <span class='ocrx_word' id='word_1_171' title='bbox 1829 1488 1955 1556; x_wconf 85' lang='lat' dir='ltr'>ejus</span> <span class='ocrx_word' id='word_1_172' title='bbox 1977 1488 2260 1544; x_wconf 88' lang='lat' dir='ltr'>creditum</span> <span class='ocrx_word' id='word_1_173' title='bbox 2284 1491 2470 1544; x_wconf 83' lang='lat' dir='ltr'>fuerat</span> <span class='ocrx_word' id='word_1_174' title='bbox 2500 1488 2689 1560; x_wconf 91' lang='lat' dir='ltr'>[b.aut</span> <span class='ocrx_word' id='word_1_175' title='bbox 2712 1488 2766 1543; x_wconf 92' lang='lat' dir='ltr'>id</span> <span class='ocrx_word' id='word_1_176' title='bbox 2802 1491 2957 1560; x_wconf 92' lang='lat' dir='ltr'>quod</span> <span class='ocrx_word' id='word_1_177' title='bbox 2977 1491 3108 1546; x_wconf 85' lang='lat' dir='ltr'>ﬁdei</span> <span class='ocrx_word' id='word_1_178' title='bbox 3131 1492 3259 1560; x_wconf 85' lang='lat' dir='ltr'>ejus</span> <span class='ocrx_word' id='word_1_179' title='bbox 3281 1493 3475 1548; x_wconf 88' lang='lat' dir='ltr'>credi-</span> 
     </span>
    </p>
   </div>
   <div class='ocr_carea' id='block_1_15' title="bbox 158 1573 3468 1648">
    <p class='ocr_par' dir='ltr' id='par_1_15' title="bbox 158 1573 3468 1648">
     <span class='ocr_line' id='line_1_15' title="bbox 158 1573 3468 1648; baseline 0.002 -18"><span class='ocrx_word' id='word_1_180' title='bbox 158 1575 446 1645; x_wconf 85' lang='lat' dir='ltr'>iuiquitatem</span> <span class='ocrx_word' id='word_1_181' title='bbox 503 1573 936 1630; x_wconf 86' lang='lat' dir='ltr'>suam.Anima</span> <span class='ocrx_word' id='word_1_182' title='bbox 996 1591 1122 1646; x_wconf 75' lang='lat' dir='ltr'>quae</span> <span class='ocrx_word' id='word_1_183' title='bbox 1181 1577 1438 1648; x_wconf 88' lang='lat' dir='ltr'>tetigerit</span> <span class='ocrx_word' id='word_1_184' title='bbox 1492 1576 1714 1648; x_wconf 86' lang='lat' dir='ltr'>aliquid</span> <span class='ocrx_word' id='word_1_185' title='bbox 1828 1576 2304 1648; x_wconf 87' lang='lat' dir='ltr'>tumfuerat],vel</span> <span class='ocrx_word' id='word_1_186' title='bbox 2330 1577 2381 1631; x_wconf 89' lang='lat' dir='ltr'>vi</span> <span class='ocrx_word' id='word_1_187' title='bbox 2406 1576 3468 1648; x_wconf 87' lang='lat' dir='ltr'>aliquidextorserit,autcalumniam</span> 
     </span>
    </p>
   </div>
   <div class='ocr_carea' id='block_1_16' title="bbox 155 1663 3468 1736">
    <p class='ocr_par' dir='ltr' id='par_1_16' title="bbox 155 1663 3468 1736">
     <span class='ocr_line' id='line_1_16' title="bbox 155 1663 3468 1736; baseline 0.002 -18"><span class='ocrx_word' id='word_1_188' title='bbox 155 1664 468 1732; x_wconf 88' lang='lat' dir='ltr'>immundum,</span> <span class='ocrx_word' id='word_1_189' title='bbox 500 1663 618 1718; x_wconf 87' lang='lat' dir='ltr'>sive</span> <span class='ocrx_word' id='word_1_190' title='bbox 652 1663 807 1734; x_wconf 91' lang='lat' dir='ltr'>quod</span> <span class='ocrx_word' id='word_1_191' title='bbox 857 1664 1120 1720; x_wconf 86' lang='lat' dir='ltr'>occisum</span> <span class='ocrx_word' id='word_1_192' title='bbox 1149 1681 1184 1720; x_wconf 88' lang='lat' dir='ltr'>a</span> <span class='ocrx_word' id='word_1_193' title='bbox 1233 1665 1422 1720; x_wconf 88' lang='lat' dir='ltr'>bestia</span> <span class='ocrx_word' id='word_1_194' title='bbox 1474 1670 1582 1734; x_wconf 91' lang='lat' dir='ltr'>est,</span> <span class='ocrx_word' id='word_1_195' title='bbox 1617 1671 1717 1720; x_wconf 90' lang='lat' dir='ltr'>aut</span> <span class='ocrx_word' id='word_1_196' title='bbox 1827 1664 2046 1732; x_wconf 83' lang='lat' dir='ltr'>fecerit,</span> <span class='ocrx_word' id='word_1_197' title='bbox 2079 1666 2198 1720; x_wconf 86' lang='lat' dir='ltr'>sive</span> <span class='ocrx_word' id='word_1_198' title='bbox 2241 1682 2361 1720; x_wconf 91' lang='lat' dir='ltr'>rem</span> <span class='ocrx_word' id='word_1_199' title='bbox 2415 1667 2702 1736; x_wconf 87' lang='lat' dir='ltr'>perditam</span> <span class='ocrx_word' id='word_1_200' title='bbox 2754 1666 3062 1732; x_wconf 89' lang='lat' dir='ltr'>invenerit,</span> <span class='ocrx_word' id='word_1_201' title='bbox 3094 1671 3151 1722; x_wconf 89' lang='lat' dir='ltr'>et</span> <span class='ocrx_word' id='word_1_202' title='bbox 3199 1667 3468 1725; x_wconf 75' lang='lat' dir='ltr'>inliciens</span> 
     </span>
    </p>
   </div>
   <div class='ocr_carea' id='block_1_17' title="bbox 156 1751 3465 1828">
    <p class='ocr_par' dir='ltr' id='par_1_17' title="bbox 156 1751 3465 1828">
     <span class='ocr_line' id='line_1_17' title="bbox 156 1751 3465 1828; baseline 0.002 -22"><span class='ocrx_word' id='word_1_203' title='bbox 156 1769 224 1823; x_wconf 86' lang='lat' dir='ltr'>per</span> <span class='ocrx_word' id='word_1_204' title='bbox 244 1768 291 1807; x_wconf 88' lang='lat' dir='ltr'>se</span> <span class='ocrx_word' id='word_1_205' title='bbox 337 1756 643 1822; x_wconf 88' lang='lat' dir='ltr'>mortuum,</span> <span class='ocrx_word' id='word_1_206' title='bbox 674 1751 763 1807; x_wconf 88' lang='lat' dir='ltr'>vel</span> <span class='ocrx_word' id='word_1_207' title='bbox 824 1751 1127 1823; x_wconf 87' lang='lat' dir='ltr'>quodlibet</span> <span class='ocrx_word' id='word_1_208' title='bbox 1185 1752 1343 1808; x_wconf 90' lang='lat' dir='ltr'>aliud</span> <span class='ocrx_word' id='word_1_209' title='bbox 1403 1753 1626 1824; x_wconf 83' lang='lat' dir='ltr'>reptile,</span> <span class='ocrx_word' id='word_1_210' title='bbox 1659 1760 1715 1809; x_wconf 93' lang='lat' dir='ltr'>et</span> <span class='ocrx_word' id='word_1_211' title='bbox 1823 1752 2064 1824; x_wconf 91' lang='lat' dir='ltr'>insuper</span> <span class='ocrx_word' id='word_1_212' title='bbox 2093 1755 2453 1823; x_wconf 86' lang='lat' dir='ltr'>pejeraverit,</span> <span class='ocrx_word' id='word_1_213' title='bbox 2487 1759 2544 1808; x_wconf 88' lang='lat' dir='ltr'>et</span> <span class='ocrx_word' id='word_1_214' title='bbox 2573 1753 2876 1825; x_wconf 90' lang='lat' dir='ltr'>quodlibet</span> <span class='ocrx_word' id='word_1_215' title='bbox 2905 1753 3064 1810; x_wconf 89' lang='lat' dir='ltr'>aliud</span> <span class='ocrx_word' id='word_1_216' title='bbox 3096 1772 3166 1810; x_wconf 84' lang='lat' dir='ltr'>ex</span> <span class='ocrx_word' id='word_1_217' title='bbox 3197 1755 3465 1828; x_wconf 86' lang='lat' dir='ltr'>pluribus</span> 
     </span>
    </p>
   </div>
   <div class='ocr_carea' id='block_1_18' title="bbox 156 1839 3469 1942">
    <p class='ocr_par' dir='ltr' id='par_1_18' title="bbox 156 1839 3469 1942">
     <span class='ocr_line' id='line_1_18' title="bbox 156 1839 3469 1942; baseline 0.003 -50"><span class='ocrx_word' id='word_1_218' title='bbox 156 1839 276 1894; x_wconf 83' lang='lat' dir='ltr'>oblita</span> <span class='ocrx_word' id='word_1_219' title='bbox 295 1841 446 1895; x_wconf 86' lang='lat' dir='ltr'>fuerit</span> <span class='ocrx_word' id='word_1_220' title='bbox 468 1841 545 1911; x_wconf 85' lang='lat' dir='ltr'>[h.</span> <span class='ocrx_word' id='word_1_221' title='bbox 571 1840 771 1894; x_wconf 88' lang='lat' dir='ltr'>anima</span> <span class='ocrx_word' id='word_1_222' title='bbox 789 1856 919 1911; x_wconf 59' lang='lat' dir='ltr'>quas</span> <span class='ocrx_word' id='word_1_223' title='bbox 942 1840 1196 1912; x_wconf 88' lang='lat' dir='ltr'>tetigerit</span> <span class='ocrx_word' id='word_1_224' title='bbox 1218 1841 1438 1912; x_wconf 90' lang='lat' dir='ltr'>aliquid</span> <span class='ocrx_word' id='word_1_225' title='bbox 1463 1842 1712 1897; x_wconf 90' lang='lat' dir='ltr'>immun-</span> <span class='ocrx_word' id='word_1_226' title='bbox 1744 1879 1789 1942; x_wconf 79' lang='grc' dir='ltr'>Β</span> <span class='ocrx_word' id='word_1_227' title='bbox 1822 1840 2040 1907; x_wconf 84' lang='lat' dir='ltr'>fecerit,</span> <span class='ocrx_word' id='word_1_228' title='bbox 2066 1842 2121 1896; x_wconf 92' lang='lat' dir='ltr'>in</span> <span class='ocrx_word' id='word_1_229' title='bbox 2156 1844 2368 1912; x_wconf 91' lang='lat' dir='ltr'>quibus</span> <span class='ocrx_word' id='word_1_230' title='bbox 2402 1859 2640 1913; x_wconf 89' lang='lat' dir='ltr'>peccare</span> <span class='ocrx_word' id='word_1_231' title='bbox 2671 1842 2860 1898; x_wconf 87' lang='lat' dir='ltr'>solent</span> <span class='ocrx_word' id='word_1_232' title='bbox 2889 1843 3179 1912; x_wconf 90' lang='lat' dir='ltr'>homines,</span> <span class='ocrx_word' id='word_1_233' title='bbox 3205 1847 3469 1902; x_wconf 89' lang='lat' dir='ltr'>convicta</span> 
     </span>
    </p>
   </div>
   <div class='ocr_carea' id='block_1_19' title="bbox 164 1927 3464 2000">
    <p class='ocr_par' dir='ltr' id='par_1_19' title="bbox 164 1927 3464 2000">
     <span class='ocr_line' id='line_1_19' title="bbox 164 1927 3464 2000; baseline 0.003 -20"><span class='ocrx_word' id='word_1_234' title='bbox 164 1927 269 1994; x_wconf 85' lang='lat' dir='ltr'>dum,</span> <span class='ocrx_word' id='word_1_235' title='bbox 296 1935 384 1983; x_wconf 87' lang='lat' dir='ltr'>aut</span> <span class='ocrx_word' id='word_1_236' title='bbox 410 1929 650 1984; x_wconf 86' lang='lat' dir='ltr'>cadaver</span> <span class='ocrx_word' id='word_1_237' title='bbox 679 1929 876 1984; x_wconf 74' lang='lat' dir='ltr'>bestiae</span> <span class='ocrx_word' id='word_1_238' title='bbox 909 1930 1230 1985; x_wconf 78' lang='lat' dir='ltr'>immundae</span> <span class='ocrx_word' id='word_1_239' title='bbox 1278 1929 1365 1984; x_wconf 90' lang='lat' dir='ltr'>vel</span> <span class='ocrx_word' id='word_1_240' title='bbox 1395 1929 1712 2000; x_wconf 88' lang='lat' dir='ltr'>cujuslibet</span> <span class='ocrx_word' id='word_1_241' title='bbox 1744 1927 1789 1942; x_wconf 74' lang='lat'><strong><em>&quot;</em></strong></span> <span class='ocrx_word' id='word_1_242' title='bbox 1821 1929 2035 1995; x_wconf 89' lang='lat' dir='ltr'>delicti,</span> <span class='ocrx_word' id='word_1_243' title='bbox 2061 1931 2261 1985; x_wconf 83' lang='lat' dir='ltr'>reddet</span> <span class='ocrx_word' id='word_1_244' title='bbox 2294 1933 2512 1996; x_wconf 88' lang='lat' dir='ltr'>omnia,</span> <span class='ocrx_word' id='word_1_245' title='bbox 2538 1947 2665 2000; x_wconf 76' lang='lat' dir='ltr'>quas</span> <span class='ocrx_word' id='word_1_246' title='bbox 2699 1947 2799 2000; x_wconf 91' lang='lat' dir='ltr'>per</span> <span class='ocrx_word' id='word_1_247' title='bbox 2817 1932 3080 1986; x_wconf 90' lang='lat' dir='ltr'>fraudem</span> <span class='ocrx_word' id='word_1_248' title='bbox 3117 1932 3464 1989; x_wconf 84' lang='lat' dir='ltr'>voluitobti-</span> 
     </span>
    </p>
   </div>
   <div class='ocr_carea' id='block_1_20' title="bbox 158 2017 3466 2092">
    <p class='ocr_par' dir='ltr' id='par_1_20' title="bbox 158 2017 3466 2092">
     <span class='ocr_line' id='line_1_20' title="bbox 158 2017 3466 2092; baseline 0.003 -23"><span class='ocrx_word' id='word_1_249' title='bbox 158 2018 472 2088; x_wconf 81' lang='lat' dir='ltr'>quadrupedis</span> <span class='ocrx_word' id='word_1_250' title='bbox 501 2017 590 2072; x_wconf 89' lang='lat' dir='ltr'>vel</span> <span class='ocrx_word' id='word_1_251' title='bbox 651 2017 883 2089; x_wconf 87' lang='lat' dir='ltr'>reptilis</span> <span class='ocrx_word' id='word_1_252' title='bbox 939 2018 1256 2073; x_wconf 88' lang='lat' dir='ltr'>animantis</span> <span class='ocrx_word' id='word_1_253' title='bbox 1288 2019 1621 2086; x_wconf 86' lang='lat' dir='ltr'>immundi,</span> <span class='ocrx_word' id='word_1_254' title='bbox 1657 2024 1712 2074; x_wconf 90' lang='lat' dir='ltr'>et</span> <span class='ocrx_word' id='word_1_255' title='bbox 1820 2034 1977 2087; x_wconf 90' lang='lat' dir='ltr'>nere,</span> <span class='ocrx_word' id='word_1_256' title='bbox 2012 2018 2260 2089; x_wconf 90' lang='lat' dir='ltr'>integra,</span> <span class='ocrx_word' id='word_1_257' title='bbox 2293 2025 2350 2074; x_wconf 90' lang='lat' dir='ltr'>et</span> <span class='ocrx_word' id='word_1_258' title='bbox 2381 2019 2648 2090; x_wconf 87' lang='lat' dir='ltr'>quintam</span> <span class='ocrx_word' id='word_1_259' title='bbox 2685 2019 2923 2090; x_wconf 89' lang='lat' dir='ltr'>insuper</span> <span class='ocrx_word' id='word_1_260' title='bbox 2951 2027 3174 2092; x_wconf 90' lang='lat' dir='ltr'>partem</span> <span class='ocrx_word' id='word_1_261' title='bbox 3207 2023 3466 2091; x_wconf 90' lang='lat' dir='ltr'>domino,</span> 
     </span>
    </p>
   </div>
   <div class='ocr_carea' id='block_1_21' title="bbox 154 2105 3472 2179">
    <p class='ocr_par' dir='ltr' id='par_1_21' title="bbox 154 2105 3472 2179">
     <span class='ocr_line' id='line_1_21' title="bbox 154 2105 3472 2179; baseline 0.003 -23"><span class='ocrx_word' id='word_1_262' title='bbox 154 2105 276 2159; x_wconf 80' lang='lat' dir='ltr'>oblita</span> <span class='ocrx_word' id='word_1_263' title='bbox 297 2105 468 2177; x_wconf 85' lang='lat' dir='ltr'>fuerit]</span> <span class='ocrx_word' id='word_1_264' title='bbox 503 2106 897 2161; x_wconf 77' lang='lat' dir='ltr'>immunditiae</span> <span class='ocrx_word' id='word_1_265' title='bbox 929 2123 1072 2173; x_wconf 69' lang='lat' dir='ltr'>suae,</span> <span class='ocrx_word' id='word_1_266' title='bbox 1097 2123 1194 2162; x_wconf 91' lang='lat' dir='ltr'>rea</span> <span class='ocrx_word' id='word_1_267' title='bbox 1225 2112 1334 2176; x_wconf 89' lang='lat' dir='ltr'>est,</span> <span class='ocrx_word' id='word_1_268' title='bbox 1355 2112 1410 2162; x_wconf 92' lang='lat' dir='ltr'>et</span> <span class='ocrx_word' id='word_1_269' title='bbox 1440 2108 1705 2179; x_wconf 88' lang='lat' dir='ltr'>deliquit:</span> <span class='ocrx_word' id='word_1_270' title='bbox 1819 2107 1911 2160; x_wconf 91' lang='lat' dir='ltr'>cui</span> <span class='ocrx_word' id='word_1_271' title='bbox 1938 2108 2218 2161; x_wconf 88' lang='lat' dir='ltr'>damnum</span> <span class='ocrx_word' id='word_1_272' title='bbox 2242 2106 2538 2161; x_wconf 89' lang='lat' dir='ltr'>intulerat.</span> <span class='ocrx_word' id='word_1_273' title='bbox 2565 2106 2672 2162; x_wconf 92' lang='lat' dir='ltr'>Pro</span> <span class='ocrx_word' id='word_1_274' title='bbox 2686 2113 2924 2178; x_wconf 87' lang='lat' dir='ltr'>peccato</span> <span class='ocrx_word' id='word_1_275' title='bbox 2939 2114 3136 2164; x_wconf 91' lang='lat' dir='ltr'>autem</span> <span class='ocrx_word' id='word_1_276' title='bbox 3155 2126 3259 2165; x_wconf 92' lang='lat' dir='ltr'>suo</span> <span class='ocrx_word' id='word_1_277' title='bbox 3273 2110 3472 2165; x_wconf 73' lang='lat' dir='ltr'>offeret</span> 
     </span>
    </p>
   </div>
   <div class='ocr_carea' id='block_1_22' title="bbox 147 2192 3467 2266">
    <p class='ocr_par' dir='ltr' id='par_1_22' title="bbox 147 2192 3467 2266">
     <span class='ocr_line' id='line_1_22' title="bbox 147 2192 3467 2266; baseline 0.003 -23"><span class='ocrx_word' id='word_1_278' title='bbox 147 2192 444 2265; x_wconf 77' lang='lat' dir='ltr'>etsitetigerit</span> <span class='ocrx_word' id='word_1_279' title='bbox 464 2195 751 2264; x_wconf 85' lang='lat' dir='ltr'>quidnam</span> <span class='ocrx_word' id='word_1_280' title='bbox 768 2195 837 2249; x_wconf 91' lang='lat' dir='ltr'>de</span> <span class='ocrx_word' id='word_1_281' title='bbox 858 2192 1236 2249; x_wconf 88' lang='lat' dir='ltr'>immunditia</span> <span class='ocrx_word' id='word_1_282' title='bbox 1263 2194 1708 2265; x_wconf 82' lang='lat' dir='ltr'>hominisjuxta</span> <span class='ocrx_word' id='word_1_283' title='bbox 1819 2195 2056 2250; x_wconf 74' lang='lat' dir='ltr'>arietem</span> <span class='ocrx_word' id='word_1_284' title='bbox 2086 2194 2532 2250; x_wconf 86' lang='lat' dir='ltr'>immaculatum</span> <span class='ocrx_word' id='word_1_285' title='bbox 2555 2195 2626 2250; x_wconf 92' lang='lat' dir='ltr'>de</span> <span class='ocrx_word' id='word_1_286' title='bbox 2647 2211 2843 2266; x_wconf 90' lang='lat' dir='ltr'>grege,</span> <span class='ocrx_word' id='word_1_287' title='bbox 2860 2199 2916 2251; x_wconf 88' lang='lat' dir='ltr'>et</span> <span class='ocrx_word' id='word_1_288' title='bbox 2938 2196 3100 2252; x_wconf 89' lang='lat' dir='ltr'>dabit</span> <span class='ocrx_word' id='word_1_289' title='bbox 3122 2213 3253 2252; x_wconf 90' lang='lat' dir='ltr'>eum</span> <span class='ocrx_word' id='word_1_290' title='bbox 3277 2214 3467 2253; x_wconf 89' lang='lat' dir='ltr'>sacer-</span> 
     </span>
    </p>
   </div>
   <div class='ocr_carea' id='block_1_23' title="bbox 148 2281 3465 2356">
    <p class='ocr_par' dir='ltr' id='par_1_23' title="bbox 148 2281 3465 2356">
     <span class='ocr_line' id='line_1_23' title="bbox 148 2281 3465 2356; baseline 0.002 -24"><span class='ocrx_word' id='word_1_291' title='bbox 148 2295 310 2335; x_wconf 84' lang='lat' dir='ltr'>omnem</span> <span class='ocrx_word' id='word_1_292' title='bbox 339 2282 730 2354; x_wconf 88' lang='lat' dir='ltr'>impuritatem</span> <span class='ocrx_word' id='word_1_293' title='bbox 758 2299 874 2353; x_wconf 90' lang='lat' dir='ltr'>qua</span> <span class='ocrx_word' id='word_1_294' title='bbox 898 2281 1077 2354; x_wconf 91' lang='lat' dir='ltr'>pollui</span> <span class='ocrx_word' id='word_1_295' title='bbox 1102 2282 1268 2353; x_wconf 89' lang='lat' dir='ltr'>solet,</span> <span class='ocrx_word' id='word_1_296' title='bbox 1294 2283 1592 2354; x_wconf 89' lang='lat' dir='ltr'>oblitaque</span> <span class='ocrx_word' id='word_1_297' title='bbox 1613 2301 1704 2339; x_wconf 90' lang='lat' dir='ltr'>co-</span> <span class='ocrx_word' id='word_1_298' title='bbox 1819 2283 2138 2352; x_wconf 86' lang='lat' dir='ltr'>doti,juxta</span> <span class='ocrx_word' id='word_1_299' title='bbox 2161 2283 2616 2338; x_wconf 54' lang='lat' dir='ltr'>aestimationem</span> <span class='ocrx_word' id='word_1_300' title='bbox 2651 2299 3114 2354; x_wconf 84' lang='lat' dir='ltr'>mensuramque</span> <span class='ocrx_word' id='word_1_301' title='bbox 3135 2284 3465 2356; x_wconf 88' lang='lat' dir='ltr'>delicti,qui</span> 
     </span>
    </p>
   </div>
   <div class='ocr_carea' id='block_1_24' title="bbox 148 2369 3466 2445">
    <p class='ocr_par' dir='ltr' id='par_1_24' title="bbox 148 2369 3466 2445">
     <span class='ocr_line' id='line_1_24' title="bbox 148 2369 3466 2445; baseline 0.003 -26"><span class='ocrx_word' id='word_1_302' title='bbox 148 2369 331 2438; x_wconf 80' lang='lat' dir='ltr'>guoverit</span> <span class='ocrx_word' id='word_1_303' title='bbox 356 2376 566 2443; x_wconf 86' lang='lat' dir='ltr'>postea,</span> <span class='ocrx_word' id='word_1_304' title='bbox 592 2371 925 2440; x_wconf 89' lang='lat' dir='ltr'>subjacebit</span> <span class='ocrx_word' id='word_1_305' title='bbox 953 2371 1187 2426; x_wconf 89' lang='lat' dir='ltr'>delicto.</span> <span class='ocrx_word' id='word_1_306' title='bbox 1210 2371 1421 2427; x_wconf 91' lang='lat' dir='ltr'>Anima</span> <span class='ocrx_word' id='word_1_307' title='bbox 1451 2389 1577 2442; x_wconf 85' lang='lat' dir='ltr'>quae</span> <span class='ocrx_word' id='word_1_308' title='bbox 1605 2373 1703 2442; x_wconf 87' lang='lat' dir='ltr'>ju—</span> <span class='ocrx_word' id='word_1_309' title='bbox 1817 2373 2044 2441; x_wconf 82' lang='lat' dir='ltr'>rogabit</span> <span class='ocrx_word' id='word_1_310' title='bbox 2078 2389 2180 2442; x_wconf 91' lang='lat' dir='ltr'>pro</span> <span class='ocrx_word' id='word_1_311' title='bbox 2213 2389 2278 2428; x_wconf 92' lang='lat' dir='ltr'>eo</span> <span class='ocrx_word' id='word_1_312' title='bbox 2303 2389 2496 2426; x_wconf 86' lang='lat' dir='ltr'>coram</span> <span class='ocrx_word' id='word_1_313' title='bbox 2528 2371 2796 2437; x_wconf 84' lang='lat' dir='ltr'>Domino,</span> <span class='ocrx_word' id='word_1_314' title='bbox 2821 2378 2880 2427; x_wconf 92' lang='lat' dir='ltr'>et</span> <span class='ocrx_word' id='word_1_315' title='bbox 2906 2372 3334 2428; x_wconf 88' lang='lat' dir='ltr'>dimitteturilli</span> <span class='ocrx_word' id='word_1_316' title='bbox 3361 2390 3466 2445; x_wconf 90' lang='lat' dir='ltr'>pro</span> 
     </span>
    </p>
   </div>
   <div class='ocr_carea' id='block_1_25' title="bbox 146 2459 3464 2534">
    <p class='ocr_par' dir='ltr' id='par_1_25' title="bbox 146 2459 3464 2534">
     <span class='ocr_line' id='line_1_25' title="bbox 146 2459 3464 2534; baseline 0.003 -24"><span class='ocrx_word' id='word_1_317' title='bbox 146 2459 293 2511; x_wconf 80' lang='lat' dir='ltr'>raverit</span> <span class='ocrx_word' id='word_1_318' title='bbox 315 2465 364 2512; x_wconf 88' lang='lat' dir='ltr'>et</span> <span class='ocrx_word' id='word_1_319' title='bbox 390 2460 694 2529; x_wconf 89' lang='lat' dir='ltr'>protulerit</span> <span class='ocrx_word' id='word_1_320' title='bbox 742 2459 916 2515; x_wconf 89' lang='lat' dir='ltr'>labiis</span> <span class='ocrx_word' id='word_1_321' title='bbox 945 2461 1090 2528; x_wconf 89' lang='lat' dir='ltr'>suis,</span> <span class='ocrx_word' id='word_1_322' title='bbox 1126 2465 1191 2515; x_wconf 91' lang='lat' dir='ltr'>ut</span> <span class='ocrx_word' id='word_1_323' title='bbox 1222 2461 1308 2516; x_wconf 90' lang='lat' dir='ltr'>vel</span> <span class='ocrx_word' id='word_1_324' title='bbox 1362 2461 1513 2516; x_wconf 91' lang='lat' dir='ltr'>male</span> <span class='ocrx_word' id='word_1_325' title='bbox 1565 2462 1702 2533; x_wconf 92' lang='lat' dir='ltr'>quid</span> <span class='ocrx_word' id='word_1_326' title='bbox 1817 2460 2090 2530; x_wconf 89' lang='lat' dir='ltr'>singulis,</span> <span class='ocrx_word' id='word_1_327' title='bbox 2144 2478 2269 2529; x_wconf 64' lang='lat' dir='ltr'>quas</span> <span class='ocrx_word' id='word_1_328' title='bbox 2328 2461 2591 2516; x_wconf 88' lang='lat' dir='ltr'>faciendo</span> <span class='ocrx_word' id='word_1_329' title='bbox 2652 2463 2929 2532; x_wconf 82' lang='lat' dir='ltr'>peccavit.</span> <span class='ocrx_word' id='word_1_330' title='bbox 2986 2461 3069 2532; x_wconf 89' lang='grc' dir='ltr'>[Β.</span> <span class='ocrx_word' id='word_1_331' title='bbox 3117 2461 3211 2531; x_wconf 91' lang='lat' dir='ltr'>III,</span> <span class='ocrx_word' id='word_1_332' title='bbox 3263 2462 3322 2518; x_wconf 76' lang='grc' dir='ltr'><strong>Ο.</strong></span> <span class='ocrx_word' id='word_1_333' title='bbox 3379 2463 3464 2534; x_wconf 83' lang='grc' dir='ltr'>ν.]</span> 
     </span>
    </p>
   </div>
   <div class='ocr_carea' id='block_1_26' title="bbox 143 2545 3463 2622">
    <p class='ocr_par' dir='ltr' id='par_1_26' title="bbox 143 2545 3463 2622">
     <span class='ocr_line' id='line_1_26' title="bbox 143 2545 3463 2622; baseline 0.003 -26"><span class='ocrx_word' id='word_1_334' title='bbox 143 2545 291 2601; x_wconf 81' lang='lat' dir='ltr'>faceret</span> <span class='ocrx_word' id='word_1_335' title='bbox 312 2547 388 2602; x_wconf 89' lang='lat' dir='ltr'>vel</span> <span class='ocrx_word' id='word_1_336' title='bbox 417 2550 583 2614; x_wconf 86' lang='lat' dir='ltr'>bene,</span> <span class='ocrx_word' id='word_1_337' title='bbox 615 2553 675 2604; x_wconf 87' lang='lat' dir='ltr'>et</span> <span class='ocrx_word' id='word_1_338' title='bbox 703 2548 962 2620; x_wconf 89' lang='lat' dir='ltr'>idipsum</span> <span class='ocrx_word' id='word_1_339' title='bbox 983 2551 1322 2619; x_wconf 89' lang='lat' dir='ltr'>juramento</span> <span class='ocrx_word' id='word_1_340' title='bbox 1353 2555 1409 2605; x_wconf 88' lang='lat' dir='ltr'>et</span> <span class='ocrx_word' id='word_1_341' title='bbox 1438 2567 1705 2606; x_wconf 90' lang='lat' dir='ltr'>sermone</span> <span class='ocrx_word' id='word_1_342' title='bbox 1818 2549 2065 2604; x_wconf 85' lang='lat' dir='ltr'>Locutus</span> <span class='ocrx_word' id='word_1_343' title='bbox 2098 2554 2187 2603; x_wconf 90' lang='lat' dir='ltr'>est</span> <span class='ocrx_word' id='word_1_344' title='bbox 2229 2549 2519 2622; x_wconf 88' lang='lat' dir='ltr'>Dominus</span> <span class='ocrx_word' id='word_1_345' title='bbox 2549 2549 2619 2603; x_wconf 90' lang='lat' dir='ltr'>ad</span> <span class='ocrx_word' id='word_1_346' title='bbox 2674 2549 2899 2618; x_wconf 88' lang='lat' dir='ltr'>Mosen,</span> <span class='ocrx_word' id='word_1_347' title='bbox 2931 2550 3133 2605; x_wconf 89' lang='lat' dir='ltr'>dicens</span> <span class='ocrx_word' id='word_1_348' title='bbox 3161 2569 3173 2606; x_wconf 91' lang='lat'>:</span> <span class='ocrx_word' id='word_1_349' title='bbox 3207 2550 3463 2622; x_wconf 68' lang='lat' dir='ltr'>Priecipe</span> 
     </span>
    </p>
   </div>
   <div class='ocr_carea' id='block_1_27' title="bbox 143 2632 3462 2710">
    <p class='ocr_par' dir='ltr' id='par_1_27' title="bbox 143 2632 3462 2710">
     <span class='ocr_line' id='line_1_27' title="bbox 143 2632 3462 2710; baseline 0.003 -26"><span class='ocrx_word' id='word_1_350' title='bbox 143 2632 398 2703; x_wconf 80' lang='lat' dir='ltr'>firmaverit,</span> <span class='ocrx_word' id='word_1_351' title='bbox 438 2637 742 2709; x_wconf 88' lang='lat' dir='ltr'>oblitaque</span> <span class='ocrx_word' id='word_1_352' title='bbox 794 2641 995 2710; x_wconf 89' lang='lat' dir='ltr'>postea</span> <span class='ocrx_word' id='word_1_353' title='bbox 1037 2637 1388 2693; x_wconf 85' lang='lat' dir='ltr'>intellexerit</span> <span class='ocrx_word' id='word_1_354' title='bbox 1416 2638 1694 2695; x_wconf 88' lang='lat' dir='ltr'>delictum</span> <span class='ocrx_word' id='word_1_355' title='bbox 1813 2642 2007 2692; x_wconf 82' lang='lat' dir='ltr'>Aaron</span> <span class='ocrx_word' id='word_1_356' title='bbox 2030 2643 2087 2692; x_wconf 92' lang='lat' dir='ltr'>et</span> <span class='ocrx_word' id='word_1_357' title='bbox 2106 2637 2244 2692; x_wconf 84' lang='lat' dir='ltr'>filiis</span> <span class='ocrx_word' id='word_1_358' title='bbox 2271 2638 2400 2708; x_wconf 87' lang='lat' dir='ltr'>ejus</span> <span class='ocrx_word' id='word_1_359' title='bbox 2423 2655 2435 2691; x_wconf 93' lang='lat'>:</span> <span class='ocrx_word' id='word_1_360' title='bbox 2464 2639 2588 2692; x_wconf 66' lang='lat' dir='ltr'>Haec</span> <span class='ocrx_word' id='word_1_361' title='bbox 2609 2643 2695 2692; x_wconf 87' lang='lat' dir='ltr'>est</span> <span class='ocrx_word' id='word_1_362' title='bbox 2721 2637 2810 2691; x_wconf 87' lang='lat' dir='ltr'>lex</span> <span class='ocrx_word' id='word_1_363' title='bbox 2834 2637 3159 2694; x_wconf 90' lang='lat' dir='ltr'>holocausti</span> <span class='ocrx_word' id='word_1_364' title='bbox 3186 2653 3200 2693; x_wconf 89' lang='lat'>:</span> <span class='ocrx_word' id='word_1_365' title='bbox 3225 2641 3462 2695; x_wconf 91' lang='lat' dir='ltr'>Crema-</span> 
     </span>
    </p>
   </div>
   <div class='ocr_carea' id='block_1_28' title="bbox 137 2726 3460 2799">
    <p class='ocr_par' dir='ltr' id='par_1_28' title="bbox 137 2726 3460 2799">
     <span class='ocr_line' id='line_1_28' title="bbox 137 2726 3460 2799; baseline 0.003 -26"><span class='ocrx_word' id='word_1_366' title='bbox 137 2727 797 2797; x_wconf 73' lang='lat' dir='ltr'>iuum,agatp(enitentiam</span> <span class='ocrx_word' id='word_1_367' title='bbox 815 2743 916 2798; x_wconf 94' lang='lat' dir='ltr'>pro</span> <span class='ocrx_word' id='word_1_368' title='bbox 936 2727 1467 2797; x_wconf 78' lang='lat' dir='ltr'>peccato,etofferet</span> <span class='ocrx_word' id='word_1_369' title='bbox 1483 2743 1694 2799; x_wconf 88' lang='lat' dir='ltr'>agnam</span> <span class='ocrx_word' id='word_1_370' title='bbox 1814 2727 1972 2782; x_wconf 89' lang='lat' dir='ltr'>bitur</span> <span class='ocrx_word' id='word_1_371' title='bbox 2003 2727 2060 2781; x_wconf 93' lang='lat' dir='ltr'>in</span> <span class='ocrx_word' id='word_1_372' title='bbox 2095 2726 2266 2782; x_wconf 81' lang='lat' dir='ltr'>altari</span> <span class='ocrx_word' id='word_1_373' title='bbox 2293 2731 2412 2781; x_wconf 86' lang='lat' dir='ltr'>tota</span> <span class='ocrx_word' id='word_1_374' title='bbox 2435 2730 2601 2781; x_wconf 85' lang='lat' dir='ltr'>nocte</span> <span class='ocrx_word' id='word_1_375' title='bbox 2635 2741 2822 2798; x_wconf 82' lang='lat' dir='ltr'>usque</span> <span class='ocrx_word' id='word_1_376' title='bbox 2855 2742 3059 2782; x_wconf 90' lang='lat' dir='ltr'>mane:</span> <span class='ocrx_word' id='word_1_377' title='bbox 3090 2727 3244 2798; x_wconf 89' lang='lat' dir='ltr'>ignis</span> <span class='ocrx_word' id='word_1_378' title='bbox 3267 2745 3333 2784; x_wconf 83' lang='lat' dir='ltr'>ex</span> <span class='ocrx_word' id='word_1_379' title='bbox 3365 2745 3460 2784; x_wconf 89' lang='lat' dir='ltr'>eo-</span> 
     </span>
    </p>
   </div>
   <div class='ocr_carea' id='block_1_29' title="bbox 137 2809 3460 2887">
    <p class='ocr_par' dir='ltr' id='par_1_29' title="bbox 137 2809 3460 2887">
     <span class='ocr_line' id='line_1_29' title="bbox 137 2809 3460 2887; baseline 0.003 -24"><span class='ocrx_word' id='word_1_380' title='bbox 137 2809 182 2863; x_wconf 87' lang='lat' dir='ltr'>de</span> <span class='ocrx_word' id='word_1_381' title='bbox 202 2815 448 2884; x_wconf 83' lang='lat' dir='ltr'>gregibus,</span> <span class='ocrx_word' id='word_1_382' title='bbox 481 2815 600 2871; x_wconf 86' lang='lat' dir='ltr'>sive</span> <span class='ocrx_word' id='word_1_383' title='bbox 633 2832 892 2887; x_wconf 87' lang='lat' dir='ltr'>capram,</span> <span class='ocrx_word' id='word_1_384' title='bbox 925 2816 1236 2886; x_wconf 88' lang='lat' dir='ltr'>orabitque</span> <span class='ocrx_word' id='word_1_385' title='bbox 1268 2834 1368 2887; x_wconf 91' lang='lat' dir='ltr'>pro</span> <span class='ocrx_word' id='word_1_386' title='bbox 1401 2833 1467 2872; x_wconf 91' lang='lat' dir='ltr'>ea</span> <span class='ocrx_word' id='word_1_387' title='bbox 1497 2833 1691 2872; x_wconf 84' lang='lat' dir='ltr'>sacer-</span> <span class='ocrx_word' id='word_1_388' title='bbox 1820 2817 1945 2870; x_wconf 91' lang='lat' dir='ltr'>dem</span> <span class='ocrx_word' id='word_1_389' title='bbox 1979 2815 2149 2871; x_wconf 90' lang='lat' dir='ltr'>altari</span> <span class='ocrx_word' id='word_1_390' title='bbox 2181 2815 2309 2870; x_wconf 90' lang='lat' dir='ltr'>erit.</span> <span class='ocrx_word' id='word_1_391' title='bbox 2343 2815 2640 2870; x_wconf 89' lang='lat' dir='ltr'>Vestietur</span> <span class='ocrx_word' id='word_1_392' title='bbox 2670 2815 2943 2870; x_wconf 89' lang='lat' dir='ltr'>sacerdos</span> <span class='ocrx_word' id='word_1_393' title='bbox 2975 2815 3173 2870; x_wconf 87' lang='lat' dir='ltr'>tunica</span> <span class='ocrx_word' id='word_1_394' title='bbox 3201 2821 3260 2872; x_wconf 91' lang='lat' dir='ltr'>et</span> <span class='ocrx_word' id='word_1_395' title='bbox 3290 2817 3460 2872; x_wconf 85' lang='lat' dir='ltr'>femi-</span> 
     </span>
    </p>
   </div>
   <div class='ocr_carea' id='block_1_30' title="bbox 141 2898 3458 2977">
    <p class='ocr_par' dir='ltr' id='par_1_30' title="bbox 141 2898 3458 2977">
     <span class='ocr_line' id='line_1_30' title="bbox 141 2898 3458 2977; baseline 0.003 -25"><span class='ocrx_word' id='word_1_396' title='bbox 141 2898 210 2955; x_wconf 84' lang='lat' dir='ltr'>dos</span> <span class='ocrx_word' id='word_1_397' title='bbox 231 2907 274 2957; x_wconf 91' lang='lat' dir='ltr'>et</span> <span class='ocrx_word' id='word_1_398' title='bbox 300 2919 387 2973; x_wconf 86' lang='lat' dir='ltr'>pro</span> <span class='ocrx_word' id='word_1_399' title='bbox 417 2909 652 2976; x_wconf 89' lang='lat' dir='ltr'>peccato</span> <span class='ocrx_word' id='word_1_400' title='bbox 682 2905 852 2976; x_wconf 87' lang='lat' dir='ltr'>ejus:</span> <span class='ocrx_word' id='word_1_401' title='bbox 887 2905 978 2960; x_wconf 89' lang='lat' dir='ltr'>ein</span> <span class='ocrx_word' id='word_1_402' title='bbox 1027 2911 1222 2960; x_wconf 88' lang='lat' dir='ltr'>autem</span> <span class='ocrx_word' id='word_1_403' title='bbox 1273 2922 1389 2960; x_wconf 91' lang='lat' dir='ltr'>non</span> <span class='ocrx_word' id='word_1_404' title='bbox 1437 2908 1692 2977; x_wconf 89' lang='lat' dir='ltr'>potuerit</span> <span class='ocrx_word' id='word_1_405' title='bbox 1815 2905 2052 2960; x_wconf 89' lang='lat' dir='ltr'>nalibus</span> <span class='ocrx_word' id='word_1_406' title='bbox 2085 2903 2253 2959; x_wconf 91' lang='lat' dir='ltr'>lineis</span> <span class='ocrx_word' id='word_1_407' title='bbox 2280 2921 2292 2959; x_wconf 90' lang='lat'>:</span> <span class='ocrx_word' id='word_1_408' title='bbox 2320 2903 2602 2975; x_wconf 87' lang='lat' dir='ltr'>tolletque</span> <span class='ocrx_word' id='word_1_409' title='bbox 2633 2903 2858 2960; x_wconf 88' lang='lat' dir='ltr'>cineres</span> <span class='ocrx_word' id='word_1_410' title='bbox 2887 2920 3036 2975; x_wconf 89' lang='lat' dir='ltr'>quos</span> <span class='ocrx_word' id='word_1_411' title='bbox 3064 2921 3275 2960; x_wconf 91' lang='lat' dir='ltr'>vorans</span> <span class='ocrx_word' id='word_1_412' title='bbox 3305 2905 3458 2977; x_wconf 86' lang='lat' dir='ltr'>ignis</span> 
     </span>
    </p>
   </div>
   <div class='ocr_carea' id='block_1_31' title="bbox 140 2988 3461 3066">
    <p class='ocr_par' dir='ltr' id='par_1_31' title="bbox 140 2988 3461 3066">
     <span class='ocr_line' id='line_1_31' title="bbox 140 2988 3461 3066; baseline 0.003 -26"><span class='ocrx_word' id='word_1_413' title='bbox 140 2988 281 3045; x_wconf 71' lang='lat' dir='ltr'>offerre</span> <span class='ocrx_word' id='word_1_414' title='bbox 305 2993 708 3061; x_wconf 78' lang='lat' dir='ltr'>pecus,oﬁ‘eral</span> <span class='ocrx_word' id='word_1_415' title='bbox 731 2994 879 3048; x_wconf 90' lang='lat' dir='ltr'>duos</span> <span class='ocrx_word' id='word_1_416' title='bbox 901 2998 1184 3058; x_wconf 89' lang='lat' dir='ltr'>turtures,</span> <span class='ocrx_word' id='word_1_417' title='bbox 1206 2993 1293 3048; x_wconf 90' lang='lat' dir='ltr'>vel</span> <span class='ocrx_word' id='word_1_418' title='bbox 1325 2995 1473 3049; x_wconf 90' lang='lat' dir='ltr'>duos</span> <span class='ocrx_word' id='word_1_419' title='bbox 1503 2994 1696 3066; x_wconf 89' lang='lat' dir='ltr'>pullos</span> <span class='ocrx_word' id='word_1_420' title='bbox 1813 2994 2093 3059; x_wconf 79' lang='lat' dir='ltr'>excussit,</span> <span class='ocrx_word' id='word_1_421' title='bbox 2119 2998 2176 3048; x_wconf 92' lang='lat' dir='ltr'>et</span> <span class='ocrx_word' id='word_1_422' title='bbox 2207 3009 2427 3064; x_wconf 90' lang='lat' dir='ltr'>ponens</span> <span class='ocrx_word' id='word_1_423' title='bbox 2454 2993 2626 3063; x_wconf 86' lang='lat' dir='ltr'>juxta</span> <span class='ocrx_word' id='word_1_424' title='bbox 2657 2991 2856 3061; x_wconf 88' lang='lat' dir='ltr'>altare,</span> <span class='ocrx_word' id='word_1_425' title='bbox 2883 2991 3232 3064; x_wconf 89' lang='lat' dir='ltr'>spoliabitur</span> <span class='ocrx_word' id='word_1_426' title='bbox 3254 2993 3461 3066; x_wconf 86' lang='lat' dir='ltr'>priori-</span> 
     </span>
    </p>
   </div>
   <div class='ocr_carea' id='block_1_32' title="bbox 143 3076 3464 3153">
    <p class='ocr_par' dir='ltr' id='par_1_32' title="bbox 143 3076 3464 3153">
     <span class='ocr_line' id='line_1_32' title="bbox 143 3076 3464 3153; baseline 0.003 -25"><span class='ocrx_word' id='word_1_427' title='bbox 143 3076 463 3137; x_wconf 86' lang='lat' dir='ltr'>columbarum</span> <span class='ocrx_word' id='word_1_428' title='bbox 495 3082 770 3151; x_wconf 91' lang='lat' dir='ltr'>Domino,</span> <span class='ocrx_word' id='word_1_429' title='bbox 800 3098 982 3136; x_wconf 84' lang='lat' dir='ltr'>unum</span> <span class='ocrx_word' id='word_1_430' title='bbox 1017 3099 1119 3152; x_wconf 89' lang='lat' dir='ltr'>pro</span> <span class='ocrx_word' id='word_1_431' title='bbox 1161 3085 1416 3153; x_wconf 82' lang='lat' dir='ltr'>peccato,</span> <span class='ocrx_word' id='word_1_432' title='bbox 1450 3090 1505 3137; x_wconf 87' lang='lat' dir='ltr'>et</span> <span class='ocrx_word' id='word_1_433' title='bbox 1558 3083 1691 3137; x_wconf 86' lang='lat' dir='ltr'>alte-</span> <span class='ocrx_word' id='word_1_434' title='bbox 1812 3081 1924 3136; x_wconf 90' lang='lat' dir='ltr'>bus</span> <span class='ocrx_word' id='word_1_435' title='bbox 1956 3081 2727 3152; x_wconf 87' lang='lat' dir='ltr'>vestimentis,indutusque</span> <span class='ocrx_word' id='word_1_436' title='bbox 2757 3079 2909 3149; x_wconf 89' lang='lat' dir='ltr'>aliis,</span> <span class='ocrx_word' id='word_1_437' title='bbox 2944 3081 3140 3136; x_wconf 72' lang='lat' dir='ltr'>efferet</span> <span class='ocrx_word' id='word_1_438' title='bbox 3173 3098 3271 3136; x_wconf 90' lang='lat' dir='ltr'>eos</span> <span class='ocrx_word' id='word_1_439' title='bbox 3300 3085 3464 3138; x_wconf 88' lang='lat' dir='ltr'>extra</span> 
     </span>
    </p>
   </div>
   <div class='ocr_carea' id='block_1_33' title="bbox 141 3167 3460 3243">
    <p class='ocr_par' dir='ltr' id='par_1_33' title="bbox 141 3167 3460 3243">
     <span class='ocr_line' id='line_1_33' title="bbox 141 3167 3460 3243; baseline 0.004 -28"><span class='ocrx_word' id='word_1_440' title='bbox 141 3180 225 3219; x_wconf 77' lang='lat' dir='ltr'>rum</span> <span class='ocrx_word' id='word_1_441' title='bbox 249 3167 297 3222; x_wconf 92' lang='lat' dir='ltr'>in</span> <span class='ocrx_word' id='word_1_442' title='bbox 325 3169 752 3235; x_wconf 87' lang='lat' dir='ltr'>holocaustum,</span> <span class='ocrx_word' id='word_1_443' title='bbox 784 3171 1063 3242; x_wconf 87' lang='lat' dir='ltr'>dabitque</span> <span class='ocrx_word' id='word_1_444' title='bbox 1112 3187 1209 3226; x_wconf 90' lang='lat' dir='ltr'>eos</span> <span class='ocrx_word' id='word_1_445' title='bbox 1259 3171 1566 3238; x_wconf 84' lang='lat' dir='ltr'>sacerdoti,</span> <span class='ocrx_word' id='word_1_446' title='bbox 1603 3171 1703 3243; x_wconf 90' lang='lat' dir='ltr'>qui</span> <span class='ocrx_word' id='word_1_447' title='bbox 1746 3239 1773 3243; x_wconf 35' lang='grc' dir='ltr'><strong><em>μ</em></strong></span> <span class='ocrx_word' id='word_1_448' title='bbox 1811 3175 2002 3225; x_wconf 84' lang='lat' dir='ltr'>castra</span> <span class='ocrx_word' id='word_1_449' title='bbox 2031 3174 2086 3225; x_wconf 91' lang='lat' dir='ltr'>et</span> <span class='ocrx_word' id='word_1_450' title='bbox 2118 3170 2177 3224; x_wconf 92' lang='lat' dir='ltr'>in</span> <span class='ocrx_word' id='word_1_451' title='bbox 2210 3169 2334 3225; x_wconf 92' lang='lat' dir='ltr'>loco</span> <span class='ocrx_word' id='word_1_452' title='bbox 2373 3169 2766 3224; x_wconf 86' lang='lat' dir='ltr'>mundissimo</span> <span class='ocrx_word' id='word_1_453' title='bbox 2793 3168 2876 3240; x_wconf 92' lang='lat' dir='ltr'>[h.</span> <span class='ocrx_word' id='word_1_454' title='bbox 2900 3185 3016 3224; x_wconf 90' lang='lat' dir='ltr'>non</span> <span class='ocrx_word' id='word_1_455' title='bbox 3049 3169 3244 3241; x_wconf 89' lang='lat' dir='ltr'>habet,</span> <span class='ocrx_word' id='word_1_456' title='bbox 3269 3187 3460 3242; x_wconf 88' lang='lat' dir='ltr'>usque</span> 
     </span>
    </p>
   </div>
   <div class='ocr_carea' id='block_1_34' title="bbox 139 3239 3460 3331">
    <p class='ocr_par' dir='ltr' id='par_1_34' title="bbox 139 3239 3460 3331">
     <span class='ocr_line' id='line_1_34' title="bbox 139 3239 3460 3331; baseline 0.003 -25"><span class='ocrx_word' id='word_1_457' title='bbox 139 3253 318 3320; x_wconf 87' lang='lat' dir='ltr'>primum</span> <span class='ocrx_word' id='word_1_458' title='bbox 353 3259 597 3314; x_wconf 72' lang='lat' dir='ltr'>offerens</span> <span class='ocrx_word' id='word_1_459' title='bbox 655 3276 756 3330; x_wconf 90' lang='lat' dir='ltr'>pro</span> <span class='ocrx_word' id='word_1_460' title='bbox 815 3239 1072 3330; x_wconf 79' lang='lat' dir='ltr'>peccato,</span> <span class='ocrx_word' id='word_1_461' title='bbox 1105 3260 1472 3331; x_wconf 89' lang='lat' dir='ltr'>retorquebit</span> <span class='ocrx_word' id='word_1_462' title='bbox 1528 3239 1704 3330; x_wconf 77' lang='lat' dir='ltr'>caput</span> <span class='ocrx_word' id='word_1_463' title='bbox 1733 3239 1775 3305; x_wconf 76' lang='lat' dir='ltr'><strong>C</strong></span> <span class='ocrx_word' id='word_1_464' title='bbox 1815 3260 1882 3313; x_wconf 88' lang='lat' dir='ltr'>ad</span> <span class='ocrx_word' id='word_1_465' title='bbox 1920 3257 2177 3313; x_wconf 83' lang='lat' dir='ltr'>favillam</span> <span class='ocrx_word' id='word_1_466' title='bbox 2210 3257 2475 3313; x_wconf 88' lang='lat' dir='ltr'>consumi</span> <span class='ocrx_word' id='word_1_467' title='bbox 2503 3257 2689 3324; x_wconf 89' lang='lat' dir='ltr'>faciet]</span> <span class='ocrx_word' id='word_1_468' title='bbox 2716 3239 2903 3328; x_wconf 86' lang='lat' dir='ltr'>usque</span> <span class='ocrx_word' id='word_1_469' title='bbox 2924 3257 2994 3312; x_wconf 91' lang='lat' dir='ltr'>ad</span> <span class='ocrx_word' id='word_1_470' title='bbox 3031 3239 3287 3314; x_wconf 88' lang='lat' dir='ltr'>favillam</span> <span class='ocrx_word' id='word_1_471' title='bbox 3319 3239 3460 3316; x_wconf 80' lang='lat' dir='ltr'>con-</span> 
     </span>
    </p>
   </div>
   <div class='ocr_carea' id='block_1_35' title="bbox 140 3343 3456 3420">
    <p class='ocr_par' dir='ltr' id='par_1_35' title="bbox 140 3343 3456 3420">
     <span class='ocr_line' id='line_1_35' title="bbox 140 3343 3456 3420; baseline 0.003 -27"><span class='ocrx_word' id='word_1_472' title='bbox 140 3343 222 3408; x_wconf 80' lang='lat' dir='ltr'>ejus</span> <span class='ocrx_word' id='word_1_473' title='bbox 239 3347 294 3400; x_wconf 82' lang='lat' dir='ltr'>ad</span> <span class='ocrx_word' id='word_1_474' title='bbox 321 3347 584 3418; x_wconf 89' lang='lat' dir='ltr'>pinnulas</span> <span class='ocrx_word' id='word_1_475' title='bbox 620 3348 702 3418; x_wconf 90' lang='lat' dir='ltr'>[h.</span> <span class='ocrx_word' id='word_1_476' title='bbox 735 3347 1064 3418; x_wconf 88' lang='lat' dir='ltr'>cervicem],</span> <span class='ocrx_word' id='word_1_477' title='bbox 1087 3348 1169 3403; x_wconf 88' lang='lat' dir='ltr'>ita</span> <span class='ocrx_word' id='word_1_478' title='bbox 1200 3351 1263 3403; x_wconf 89' lang='lat' dir='ltr'>ut</span> <span class='ocrx_word' id='word_1_479' title='bbox 1292 3348 1438 3404; x_wconf 86' lang='lat' dir='ltr'>collo</span> <span class='ocrx_word' id='word_1_480' title='bbox 1471 3349 1703 3420; x_wconf 67' lang='lat' dir='ltr'>haereat,</span> <span class='ocrx_word' id='word_1_481' title='bbox 1813 3347 1966 3403; x_wconf 89' lang='lat' dir='ltr'>sumi</span> <span class='ocrx_word' id='word_1_482' title='bbox 2003 3347 2192 3402; x_wconf 89' lang='lat' dir='ltr'>faciet.</span> <span class='ocrx_word' id='word_1_483' title='bbox 2229 3347 2386 3418; x_wconf 85' lang='lat' dir='ltr'>Ignis</span> <span class='ocrx_word' id='word_1_484' title='bbox 2421 3351 2616 3401; x_wconf 91' lang='lat' dir='ltr'>autem</span> <span class='ocrx_word' id='word_1_485' title='bbox 2652 3345 2707 3400; x_wconf 91' lang='lat' dir='ltr'>in</span> <span class='ocrx_word' id='word_1_486' title='bbox 2744 3345 2910 3402; x_wconf 87' lang='lat' dir='ltr'>altari</span> <span class='ocrx_word' id='word_1_487' title='bbox 2943 3361 3178 3418; x_wconf 88' lang='lat' dir='ltr'>semper</span> <span class='ocrx_word' id='word_1_488' title='bbox 3206 3347 3456 3418; x_wconf 88' lang='lat' dir='ltr'>ardebit,</span> 
     </span>
    </p>
   </div>
   <div class='ocr_carea' id='block_1_36' title="bbox 143 3433 3460 3508">
    <p class='ocr_par' dir='ltr' id='par_1_36' title="bbox 143 3433 3460 3508">
     <span class='ocr_line' id='line_1_36' title="bbox 143 3433 3460 3508; baseline 0.003 -24"><span class='ocrx_word' id='word_1_489' title='bbox 143 3434 277 3487; x_wconf 78' lang='lat' dir='ltr'>etnon</span> <span class='ocrx_word' id='word_1_490' title='bbox 304 3436 522 3506; x_wconf 87' lang='lat' dir='ltr'>penitus</span> <span class='ocrx_word' id='word_1_491' title='bbox 553 3437 968 3508; x_wconf 87' lang='lat' dir='ltr'>abrumpatur.</span> <span class='ocrx_word' id='word_1_492' title='bbox 1006 3437 1074 3491; x_wconf 87' lang='lat' dir='ltr'>Et</span> <span class='ocrx_word' id='word_1_493' title='bbox 1122 3440 1394 3508; x_wconf 87' lang='lat' dir='ltr'>asperget</span> <span class='ocrx_word' id='word_1_494' title='bbox 1443 3437 1512 3491; x_wconf 90' lang='lat' dir='ltr'>de</span> <span class='ocrx_word' id='word_1_495' title='bbox 1563 3453 1704 3492; x_wconf 84' lang='lat' dir='ltr'>san—</span> <span class='ocrx_word' id='word_1_496' title='bbox 1815 3452 1986 3506; x_wconf 88' lang='lat' dir='ltr'>quem</span> <span class='ocrx_word' id='word_1_497' title='bbox 2018 3435 2236 3490; x_wconf 90' lang='lat' dir='ltr'>nutriet</span> <span class='ocrx_word' id='word_1_498' title='bbox 2267 3435 2540 3491; x_wconf 89' lang='lat' dir='ltr'>sacerdos</span> <span class='ocrx_word' id='word_1_499' title='bbox 2571 3433 2890 3505; x_wconf 81' lang='lat' dir='ltr'>subjiciens</span> <span class='ocrx_word' id='word_1_500' title='bbox 2919 3433 3084 3507; x_wconf 89' lang='lat' dir='ltr'>ligna</span> <span class='ocrx_word' id='word_1_501' title='bbox 3133 3450 3306 3492; x_wconf 89' lang='lat' dir='ltr'>mane</span> <span class='ocrx_word' id='word_1_502' title='bbox 3354 3453 3460 3508; x_wconf 89' lang='lat' dir='ltr'>per</span> 
     </span>
    </p>
   </div>
   <div class='ocr_carea' id='block_1_37' title="bbox 141 3519 3456 3597">
    <p class='ocr_par' dir='ltr' id='par_1_37' title="bbox 141 3519 3456 3597">
     <span class='ocr_line' id='line_1_37' title="bbox 141 3519 3456 3597; baseline 0.003 -26"><span class='ocrx_word' id='word_1_503' title='bbox 141 3519 257 3585; x_wconf 76' lang='lat' dir='ltr'>guiue</span> <span class='ocrx_word' id='word_1_504' title='bbox 281 3525 391 3592; x_wconf 87' lang='lat' dir='ltr'>ejus</span> <span class='ocrx_word' id='word_1_505' title='bbox 421 3525 705 3596; x_wconf 81' lang='lat' dir='ltr'>parietem</span> <span class='ocrx_word' id='word_1_506' title='bbox 756 3524 994 3580; x_wconf 87' lang='lat' dir='ltr'>altaris:</span> <span class='ocrx_word' id='word_1_507' title='bbox 1028 3524 1275 3595; x_wconf 90' lang='lat' dir='ltr'>quiquid</span> <span class='ocrx_word' id='word_1_508' title='bbox 1326 3530 1521 3580; x_wconf 86' lang='lat' dir='ltr'>autem</span> <span class='ocrx_word' id='word_1_509' title='bbox 1573 3524 1706 3579; x_wconf 89' lang='lat' dir='ltr'>reli-</span> <span class='ocrx_word' id='word_1_510' title='bbox 1815 3524 2076 3594; x_wconf 83' lang='lat' dir='ltr'>singulos</span> <span class='ocrx_word' id='word_1_511' title='bbox 2096 3524 2315 3591; x_wconf 75' lang='lat' dir='ltr'>dies,et</span> <span class='ocrx_word' id='word_1_512' title='bbox 2336 3523 2610 3594; x_wconf 89' lang='lat' dir='ltr'>imposito</span> <span class='ocrx_word' id='word_1_513' title='bbox 2631 3522 3298 3597; x_wconf 88' lang='lat' dir='ltr'>holauoausto,desuper</span> <span class='ocrx_word' id='word_1_514' title='bbox 3318 3527 3456 3582; x_wconf 88' lang='lat' dir='ltr'>ado-</span> 
     </span>
    </p>
   </div>
   <div class='ocr_carea' id='block_1_38' title="bbox 145 3610 3456 3686">
    <p class='ocr_par' dir='ltr' id='par_1_38' title="bbox 145 3610 3456 3686">
     <span class='ocr_line' id='line_1_38' title="bbox 145 3610 3456 3686; baseline 0.004 -28"><span class='ocrx_word' id='word_1_515' title='bbox 145 3621 262 3674; x_wconf 75' lang='lat' dir='ltr'>quum</span> <span class='ocrx_word' id='word_1_516' title='bbox 287 3610 462 3679; x_wconf 82' lang='lat' dir='ltr'>fuerit,</span> <span class='ocrx_word' id='word_1_517' title='bbox 487 3614 664 3669; x_wconf 82' lang='lat' dir='ltr'>faciet</span> <span class='ocrx_word' id='word_1_518' title='bbox 687 3613 974 3668; x_wconf 88' lang='lat' dir='ltr'>distillare</span> <span class='ocrx_word' id='word_1_519' title='bbox 997 3613 1068 3668; x_wconf 90' lang='lat' dir='ltr'>ad</span> <span class='ocrx_word' id='word_1_520' title='bbox 1091 3614 1533 3668; x_wconf 88' lang='lat' dir='ltr'>fundamentum</span> <span class='ocrx_word' id='word_1_521' title='bbox 1557 3615 1706 3684; x_wconf 89' lang='lat' dir='ltr'>ejus,</span> <span class='ocrx_word' id='word_1_522' title='bbox 1813 3614 1956 3669; x_wconf 90' lang='lat' dir='ltr'>lebit</span> <span class='ocrx_word' id='word_1_523' title='bbox 1982 3613 2183 3684; x_wconf 88' lang='lat' dir='ltr'>adipes</span> <span class='ocrx_word' id='word_1_524' title='bbox 2215 3611 2614 3684; x_wconf 85' lang='lat' dir='ltr'>paciﬁcorum.</span> <span class='ocrx_word' id='word_1_525' title='bbox 2650 3612 2807 3683; x_wconf 89' lang='lat' dir='ltr'>Ignis</span> <span class='ocrx_word' id='word_1_526' title='bbox 2838 3615 2928 3667; x_wconf 88' lang='lat' dir='ltr'>est</span> <span class='ocrx_word' id='word_1_527' title='bbox 2957 3612 3079 3684; x_wconf 90' lang='lat' dir='ltr'>ipse</span> <span class='ocrx_word' id='word_1_528' title='bbox 3112 3618 3456 3686; x_wconf 89' lang='lat' dir='ltr'>perpetuus,</span> 
     </span>
    </p>
   </div>
   <div class='ocr_carea' id='block_1_39' title="bbox 143 3699 3461 3774">
    <p class='ocr_par' dir='ltr' id='par_1_39' title="bbox 143 3699 3461 3774">
     <span class='ocr_line' id='line_1_39' title="bbox 143 3699 3461 3774; baseline 0.004 -27"><span class='ocrx_word' id='word_1_529' title='bbox 143 3699 232 3763; x_wconf 81' lang='lat' dir='ltr'>quia</span> <span class='ocrx_word' id='word_1_530' title='bbox 255 3717 337 3770; x_wconf 90' lang='lat' dir='ltr'>pro</span> <span class='ocrx_word' id='word_1_531' title='bbox 365 3708 603 3769; x_wconf 88' lang='lat' dir='ltr'>peccato</span> <span class='ocrx_word' id='word_1_532' title='bbox 635 3707 743 3758; x_wconf 90' lang='lat' dir='ltr'>est.</span> <span class='ocrx_word' id='word_1_533' title='bbox 776 3701 1043 3756; x_wconf 85' lang='lat' dir='ltr'>Alterum</span> <span class='ocrx_word' id='word_1_534' title='bbox 1075 3718 1210 3756; x_wconf 91' lang='lat' dir='ltr'>vero</span> <span class='ocrx_word' id='word_1_535' title='bbox 1258 3700 1515 3758; x_wconf 89' lang='lat' dir='ltr'>adolebit</span> <span class='ocrx_word' id='word_1_536' title='bbox 1547 3701 1708 3758; x_wconf 91' lang='lat' dir='ltr'>holo-</span> <span class='ocrx_word' id='word_1_537' title='bbox 1817 3703 1914 3774; x_wconf 91' lang='lat' dir='ltr'>qui</span> <span class='ocrx_word' id='word_1_538' title='bbox 1948 3718 2247 3773; x_wconf 89' lang='lat' dir='ltr'>nunquam</span> <span class='ocrx_word' id='word_1_539' title='bbox 2267 3701 2495 3756; x_wconf 87' lang='lat' dir='ltr'>deﬁciet</span> <span class='ocrx_word' id='word_1_540' title='bbox 2518 3701 2577 3757; x_wconf 92' lang='lat' dir='ltr'>in</span> <span class='ocrx_word' id='word_1_541' title='bbox 2601 3701 2790 3756; x_wconf 86' lang='lat' dir='ltr'>altari.</span> <span class='ocrx_word' id='word_1_542' title='bbox 2817 3705 2946 3756; x_wconf 62' lang='lat' dir='ltr'>Haec</span> <span class='ocrx_word' id='word_1_543' title='bbox 2967 3706 3058 3757; x_wconf 91' lang='lat' dir='ltr'>est</span> <span class='ocrx_word' id='word_1_544' title='bbox 3077 3701 3167 3758; x_wconf 82' lang='lat' dir='ltr'>lex</span> <span class='ocrx_word' id='word_1_545' title='bbox 3189 3702 3461 3759; x_wconf 83' lang='lat' dir='ltr'>sacrificii</span> 
     </span>
    </p>
   </div>
   <div class='ocr_carea' id='block_1_40' title="bbox 146 3787 3466 3861">
    <p class='ocr_par' dir='ltr' id='par_1_40' title="bbox 146 3787 3466 3861">
     <span class='ocr_line' id='line_1_40' title="bbox 146 3787 3466 3861; baseline 0.004 -27"><span class='ocrx_word' id='word_1_546' title='bbox 146 3793 361 3856; x_wconf 78' lang='lat' dir='ltr'>causium,</span> <span class='ocrx_word' id='word_1_547' title='bbox 381 3796 442 3845; x_wconf 92' lang='lat' dir='ltr'>ut</span> <span class='ocrx_word' id='word_1_548' title='bbox 470 3791 600 3846; x_wconf 87' lang='lat' dir='ltr'>ﬁeri</span> <span class='ocrx_word' id='word_1_549' title='bbox 636 3790 782 3845; x_wconf 88' lang='lat' dir='ltr'>solet</span> <span class='ocrx_word' id='word_1_550' title='bbox 809 3807 821 3844; x_wconf 92' lang='lat'>:</span> <span class='ocrx_word' id='word_1_551' title='bbox 849 3790 1190 3861; x_wconf 88' lang='lat' dir='ltr'>rogabitque</span> <span class='ocrx_word' id='word_1_552' title='bbox 1219 3806 1318 3860; x_wconf 92' lang='lat' dir='ltr'>pro</span> <span class='ocrx_word' id='word_1_553' title='bbox 1348 3805 1414 3844; x_wconf 92' lang='lat' dir='ltr'>eo</span> <span class='ocrx_word' id='word_1_554' title='bbox 1438 3791 1709 3846; x_wconf 88' lang='lat' dir='ltr'>sacerdos</span> <span class='ocrx_word' id='word_1_555' title='bbox 1817 3796 1873 3846; x_wconf 89' lang='lat' dir='ltr'>et</span> <span class='ocrx_word' id='word_1_556' title='bbox 1896 3790 2375 3854; x_wconf 88' lang='lat' dir='ltr'>libamentorum,</span> <span class='ocrx_word' id='word_1_557' title='bbox 2393 3807 2519 3861; x_wconf 69' lang='lat' dir='ltr'>quae</span> <span class='ocrx_word' id='word_1_558' title='bbox 2542 3790 2787 3844; x_wconf 76' lang='lat' dir='ltr'>offerent</span> <span class='ocrx_word' id='word_1_559' title='bbox 2810 3787 2911 3843; x_wconf 86' lang='lat' dir='ltr'>filii</span> <span class='ocrx_word' id='word_1_560' title='bbox 2937 3791 3121 3844; x_wconf 89' lang='lat' dir='ltr'>Aaron</span> <span class='ocrx_word' id='word_1_561' title='bbox 3139 3807 3332 3846; x_wconf 91' lang='lat' dir='ltr'>coram</span> <span class='ocrx_word' id='word_1_562' title='bbox 3358 3791 3466 3847; x_wconf 87' lang='lat' dir='ltr'>Do-</span> 
     </span>
    </p>
   </div>
   <div class='ocr_carea' id='block_1_41' title="bbox 147 3877 3462 3951">
    <p class='ocr_par' dir='ltr' id='par_1_41' title="bbox 147 3877 3462 3951">
     <span class='ocr_line' id='line_1_41' title="bbox 147 3877 3462 3951; baseline 0.001 -21"><span class='ocrx_word' id='word_1_563' title='bbox 147 3880 180 3923; x_wconf 73' lang='lat' dir='ltr'>et</span> <span class='ocrx_word' id='word_1_564' title='bbox 202 3890 275 3943; x_wconf 86' lang='lat' dir='ltr'>pro</span> <span class='ocrx_word' id='word_1_565' title='bbox 294 3883 514 3948; x_wconf 86' lang='lat' dir='ltr'>peccato</span> <span class='ocrx_word' id='word_1_566' title='bbox 538 3880 672 3950; x_wconf 89' lang='lat' dir='ltr'>ejus</span> <span class='ocrx_word' id='word_1_567' title='bbox 696 3878 770 3950; x_wconf 90' lang='lat' dir='ltr'>[h.</span> <span class='ocrx_word' id='word_1_568' title='bbox 801 3878 1058 3950; x_wconf 88' lang='lat' dir='ltr'>expiabit</span> <span class='ocrx_word' id='word_1_569' title='bbox 1077 3893 1256 3950; x_wconf 90' lang='lat' dir='ltr'>super</span> <span class='ocrx_word' id='word_1_570' title='bbox 1280 3893 1412 3933; x_wconf 88' lang='lat' dir='ltr'>eum</span> <span class='ocrx_word' id='word_1_571' title='bbox 1437 3880 1710 3934; x_wconf 89' lang='lat' dir='ltr'>sacerdos</span> <span class='ocrx_word' id='word_1_572' title='bbox 1819 3879 1999 3946; x_wconf 90' lang='lat' dir='ltr'>mino,</span> <span class='ocrx_word' id='word_1_573' title='bbox 2029 3881 2086 3933; x_wconf 92' lang='lat' dir='ltr'>et</span> <span class='ocrx_word' id='word_1_574' title='bbox 2115 3894 2308 3934; x_wconf 90' lang='lat' dir='ltr'>coram</span> <span class='ocrx_word' id='word_1_575' title='bbox 2342 3877 2511 3932; x_wconf 87' lang='lat' dir='ltr'>altari</span> <span class='ocrx_word' id='word_1_576' title='bbox 2543 3877 2623 3946; x_wconf 92' lang='lat' dir='ltr'>[h.</span> <span class='ocrx_word' id='word_1_577' title='bbox 2650 3893 2845 3932; x_wconf 90' lang='lat' dir='ltr'>coram</span> <span class='ocrx_word' id='word_1_578' title='bbox 2877 3877 3122 3933; x_wconf 89' lang='lat' dir='ltr'>Domino</span> <span class='ocrx_word' id='word_1_579' title='bbox 3153 3877 3210 3932; x_wconf 94' lang='lat' dir='ltr'>in</span> <span class='ocrx_word' id='word_1_580' title='bbox 3247 3879 3462 3951; x_wconf 84' lang='lat' dir='ltr'>altari].</span> 
     </span>
    </p>
   </div>
   <div class='ocr_carea' id='block_1_42' title="bbox 149 3964 3466 4039">
    <p class='ocr_par' dir='ltr' id='par_1_42' title="bbox 149 3964 3466 4039">
     <span class='ocr_line' id='line_1_42' title="bbox 149 3964 3466 4039; baseline 0.002 -24"><span class='ocrx_word' id='word_1_581' title='bbox 149 3975 215 4028; x_wconf 85' lang='lat' dir='ltr'>pro</span> <span class='ocrx_word' id='word_1_582' title='bbox 237 3972 438 4032; x_wconf 87' lang='lat' dir='ltr'>peccato</span> <span class='ocrx_word' id='word_1_583' title='bbox 483 3968 662 4039; x_wconf 88' lang='lat' dir='ltr'>ejus],</span> <span class='ocrx_word' id='word_1_584' title='bbox 695 3971 750 4022; x_wconf 93' lang='lat' dir='ltr'>et</span> <span class='ocrx_word' id='word_1_585' title='bbox 797 3967 1128 4022; x_wconf 88' lang='lat' dir='ltr'>dimittetur</span> <span class='ocrx_word' id='word_1_586' title='bbox 1174 3967 1247 4021; x_wconf 91' lang='lat' dir='ltr'>ei.</span> <span class='ocrx_word' id='word_1_587' title='bbox 1281 3967 1443 4030; x_wconf 89' lang='lat' dir='ltr'>Quod</span> <span class='ocrx_word' id='word_1_588' title='bbox 1497 3968 1545 4024; x_wconf 89' lang='lat' dir='ltr'>si</span> <span class='ocrx_word' id='word_1_589' title='bbox 1595 3985 1709 4023; x_wconf 87' lang='lat' dir='ltr'>non</span> <span class='ocrx_word' id='word_1_590' title='bbox 1818 3967 2007 4023; x_wconf 90' lang='lat' dir='ltr'>Tollet</span> <span class='ocrx_word' id='word_1_591' title='bbox 2035 3967 2308 4021; x_wconf 85' lang='lat' dir='ltr'>sacerdos</span> <span class='ocrx_word' id='word_1_592' title='bbox 2333 3964 2623 4036; x_wconf 90' lang='lat' dir='ltr'>pugillum</span> <span class='ocrx_word' id='word_1_593' title='bbox 2657 3964 3020 4036; x_wconf 70' lang='lat' dir='ltr'>similaa,quie</span> <span class='ocrx_word' id='word_1_594' title='bbox 3039 3982 3356 4038; x_wconf 87' lang='lat' dir='ltr'>conspersa</span> <span class='ocrx_word' id='word_1_595' title='bbox 3375 3973 3466 4023; x_wconf 89' lang='lat' dir='ltr'>est</span> 
     </span>
    </p>
   </div>
   <div class='ocr_carea' id='block_1_43' title="bbox 145 4051 3464 4127">
    <p class='ocr_par' dir='ltr' id='par_1_43' title="bbox 145 4051 3464 4127">
     <span class='ocr_line' id='line_1_43' title="bbox 145 4051 3464 4127; baseline 0.002 -23"><span class='ocrx_word' id='word_1_596' title='bbox 145 4051 536 4117; x_wconf 82' lang='lat' dir='ltr'>quiveritmanus</span> <span class='ocrx_word' id='word_1_597' title='bbox 567 4057 696 4127; x_wconf 87' lang='lat' dir='ltr'>ejus</span> <span class='ocrx_word' id='word_1_598' title='bbox 727 4055 932 4111; x_wconf 75' lang='lat' dir='ltr'>offerre</span> <span class='ocrx_word' id='word_1_599' title='bbox 963 4057 1111 4110; x_wconf 91' lang='lat' dir='ltr'>duos</span> <span class='ocrx_word' id='word_1_600' title='bbox 1142 4059 1420 4125; x_wconf 83' lang='lat' dir='ltr'>turtures,</span> <span class='ocrx_word' id='word_1_601' title='bbox 1442 4055 1528 4110; x_wconf 87' lang='lat' dir='ltr'>vel</span> <span class='ocrx_word' id='word_1_602' title='bbox 1563 4057 1710 4112; x_wconf 90' lang='lat' dir='ltr'>duos</span> <span class='ocrx_word' id='word_1_603' title='bbox 1819 4057 1963 4122; x_wconf 89' lang='lat' dir='ltr'>oleo,</span> <span class='ocrx_word' id='word_1_604' title='bbox 1997 4059 2053 4111; x_wconf 89' lang='lat' dir='ltr'>et</span> <span class='ocrx_word' id='word_1_605' title='bbox 2082 4059 2270 4110; x_wconf 87' lang='lat' dir='ltr'>totum</span> <span class='ocrx_word' id='word_1_606' title='bbox 2306 4054 2467 4122; x_wconf 87' lang='lat' dir='ltr'>thus,</span> <span class='ocrx_word' id='word_1_607' title='bbox 2500 4055 2652 4124; x_wconf 90' lang='lat' dir='ltr'>quod</span> <span class='ocrx_word' id='word_1_608' title='bbox 2687 4070 2865 4125; x_wconf 91' lang='lat' dir='ltr'>super</span> <span class='ocrx_word' id='word_1_609' title='bbox 2901 4053 3156 4109; x_wconf 84' lang='lat' dir='ltr'>similam</span> <span class='ocrx_word' id='word_1_610' title='bbox 3207 4055 3464 4126; x_wconf 90' lang='lat' dir='ltr'>positum</span> 
     </span>
    </p>
   </div>
   <div class='ocr_carea' id='block_1_44' title="bbox 149 4137 3464 4215">
    <p class='ocr_par' dir='ltr' id='par_1_44' title="bbox 149 4137 3464 4215">
     <span class='ocr_line' id='line_1_44' title="bbox 149 4137 3464 4215; baseline 0.004 -27"><span class='ocrx_word' id='word_1_611' title='bbox 149 4137 281 4203; x_wconf 84' lang='lat' dir='ltr'>pullos</span> <span class='ocrx_word' id='word_1_612' title='bbox 305 4142 807 4210; x_wconf 68' lang='lat' dir='ltr'>columbaa,oﬁ&#39;eret</span> <span class='ocrx_word' id='word_1_613' title='bbox 840 4159 942 4212; x_wconf 87' lang='lat' dir='ltr'>pro</span> <span class='ocrx_word' id='word_1_614' title='bbox 974 4146 1209 4214; x_wconf 90' lang='lat' dir='ltr'>peccato</span> <span class='ocrx_word' id='word_1_615' title='bbox 1240 4142 1514 4213; x_wconf 88' lang='lat' dir='ltr'>similam,</span> <span class='ocrx_word' id='word_1_616' title='bbox 1573 4161 1712 4215; x_wconf 86' lang='lat' dir='ltr'>par-</span> <span class='ocrx_word' id='word_1_617' title='bbox 1819 4151 1943 4199; x_wconf 89' lang='lat' dir='ltr'>est:</span> <span class='ocrx_word' id='word_1_618' title='bbox 1977 4143 2343 4212; x_wconf 88' lang='lat' dir='ltr'>adolebitque</span> <span class='ocrx_word' id='word_1_619' title='bbox 2373 4141 2518 4196; x_wconf 89' lang='lat' dir='ltr'>illud</span> <span class='ocrx_word' id='word_1_620' title='bbox 2565 4142 2622 4195; x_wconf 90' lang='lat' dir='ltr'>in</span> <span class='ocrx_word' id='word_1_621' title='bbox 2672 4141 2865 4212; x_wconf 90' lang='lat' dir='ltr'>altari,</span> <span class='ocrx_word' id='word_1_622' title='bbox 2901 4141 2961 4196; x_wconf 90' lang='lat' dir='ltr'>in</span> <span class='ocrx_word' id='word_1_623' title='bbox 3013 4148 3464 4200; x_wconf 88' lang='lat' dir='ltr'>monumentum</span> 
     </span>
    </p>
   </div>
   <div class='ocr_carea' id='block_1_45' title="bbox 148 4228 3466 4303">
    <p class='ocr_par' dir='ltr' id='par_1_45' title="bbox 148 4228 3466 4303">
     <span class='ocr_line' id='line_1_45' title="bbox 148 4228 3466 4303; baseline 0.002 -23"><span class='ocrx_word' id='word_1_624' title='bbox 148 4229 222 4280; x_wconf 70' lang='lat' dir='ltr'>tem</span> <span class='ocrx_word' id='word_1_625' title='bbox 243 4229 368 4301; x_wconf 86' lang='lat' dir='ltr'>epba</span> <span class='ocrx_word' id='word_1_626' title='bbox 390 4231 702 4301; x_wconf 88' lang='lat' dir='ltr'>decimam,</span> <span class='ocrx_word' id='word_1_627' title='bbox 735 4248 849 4286; x_wconf 92' lang='lat' dir='ltr'>non</span> <span class='ocrx_word' id='word_1_628' title='bbox 882 4230 1074 4285; x_wconf 89' lang='lat' dir='ltr'>mittet</span> <span class='ocrx_word' id='word_1_629' title='bbox 1102 4230 1162 4286; x_wconf 92' lang='lat' dir='ltr'>in</span> <span class='ocrx_word' id='word_1_630' title='bbox 1193 4247 1323 4287; x_wconf 91' lang='lat' dir='ltr'>eam</span> <span class='ocrx_word' id='word_1_631' title='bbox 1358 4231 1571 4298; x_wconf 90' lang='lat' dir='ltr'>oleum,</span> <span class='ocrx_word' id='word_1_632' title='bbox 1607 4249 1712 4287; x_wconf 91' lang='lat' dir='ltr'>nec</span> <span class='ocrx_word' id='word_1_633' title='bbox 1821 4233 2014 4288; x_wconf 90' lang='lat' dir='ltr'>odoris</span> <span class='ocrx_word' id='word_1_634' title='bbox 2045 4230 2382 4286; x_wconf 89' lang='lat' dir='ltr'>suavissimi</span> <span class='ocrx_word' id='word_1_635' title='bbox 2411 4228 2658 4284; x_wconf 91' lang='lat' dir='ltr'>Domino</span> <span class='ocrx_word' id='word_1_636' title='bbox 2682 4247 2695 4284; x_wconf 93' lang='lat'>:</span> <span class='ocrx_word' id='word_1_637' title='bbox 2717 4228 3003 4300; x_wconf 91' lang='lat' dir='ltr'>reliquam</span> <span class='ocrx_word' id='word_1_638' title='bbox 3028 4235 3221 4287; x_wconf 86' lang='lat' dir='ltr'>autem</span> <span class='ocrx_word' id='word_1_639' title='bbox 3241 4235 3466 4303; x_wconf 90' lang='lat' dir='ltr'>partem</span> 
     </span>
    </p>
   </div>
   <div class='ocr_carea' id='block_1_46' title="bbox 148 4311 3466 4392">
    <p class='ocr_par' dir='ltr' id='par_1_46' title="bbox 148 4311 3466 4392">
     <span class='ocr_line' id='line_1_46' title="bbox 148 4311 3466 4392; baseline 0.003 -27"><span class='ocrx_word' id='word_1_640' title='bbox 148 4311 281 4371; x_wconf 78' lang='lat' dir='ltr'>thuris</span> <span class='ocrx_word' id='word_1_641' title='bbox 307 4319 513 4390; x_wconf 86' lang='lat' dir='ltr'>aliquid</span> <span class='ocrx_word' id='word_1_642' title='bbox 550 4323 836 4392; x_wconf 87' lang='lat' dir='ltr'>imponet,</span> <span class='ocrx_word' id='word_1_643' title='bbox 867 4319 1006 4390; x_wconf 90' lang='lat' dir='ltr'>quia</span> <span class='ocrx_word' id='word_1_644' title='bbox 1036 4336 1139 4391; x_wconf 90' lang='lat' dir='ltr'>pro</span> <span class='ocrx_word' id='word_1_645' title='bbox 1172 4326 1410 4392; x_wconf 89' lang='lat' dir='ltr'>peccato</span> <span class='ocrx_word' id='word_1_646' title='bbox 1440 4327 1564 4389; x_wconf 84' lang='lat' dir='ltr'>est;</span> <span class='ocrx_word' id='word_1_647' title='bbox 1594 4326 1712 4376; x_wconf 90' lang='lat' dir='ltr'>tra-</span> <span class='ocrx_word' id='word_1_648' title='bbox 1821 4320 2028 4377; x_wconf 63' lang='lat' dir='ltr'>similae</span> <span class='ocrx_word' id='word_1_649' title='bbox 2083 4319 2347 4375; x_wconf 89' lang='lat' dir='ltr'>comedat</span> <span class='ocrx_word' id='word_1_650' title='bbox 2375 4321 2566 4374; x_wconf 90' lang='lat' dir='ltr'>Aaron</span> <span class='ocrx_word' id='word_1_651' title='bbox 2597 4334 2730 4372; x_wconf 92' lang='lat' dir='ltr'>cum</span> <span class='ocrx_word' id='word_1_652' title='bbox 2766 4317 2903 4373; x_wconf 83' lang='lat' dir='ltr'>ﬁliis</span> <span class='ocrx_word' id='word_1_653' title='bbox 2932 4317 3078 4383; x_wconf 89' lang='lat' dir='ltr'>suis,</span> <span class='ocrx_word' id='word_1_654' title='bbox 3112 4319 3333 4391; x_wconf 85' lang='lat' dir='ltr'>absque</span> <span class='ocrx_word' id='word_1_655' title='bbox 3363 4321 3466 4376; x_wconf 85' lang='lat' dir='ltr'>fer-</span> 
     </span>
    </p>
   </div>
   <div class='ocr_carea' id='block_1_47' title="bbox 147 4400 3463 4481">
    <p class='ocr_par' dir='ltr' id='par_1_47' title="bbox 147 4400 3463 4481">
     <span class='ocr_line' id='line_1_47' title="bbox 147 4400 3463 4481; baseline 0.002 -23"><span class='ocrx_word' id='word_1_656' title='bbox 147 4400 294 4473; x_wconf 77' lang='lat' dir='ltr'>detque</span> <span class='ocrx_word' id='word_1_657' title='bbox 319 4423 434 4463; x_wconf 89' lang='lat' dir='ltr'>eam</span> <span class='ocrx_word' id='word_1_658' title='bbox 468 4409 787 4476; x_wconf 87' lang='lat' dir='ltr'>sacerdoti,</span> <span class='ocrx_word' id='word_1_659' title='bbox 819 4408 916 4480; x_wconf 90' lang='lat' dir='ltr'>qui</span> <span class='ocrx_word' id='word_1_660' title='bbox 952 4407 1189 4480; x_wconf 89' lang='lat' dir='ltr'>plenum</span> <span class='ocrx_word' id='word_1_661' title='bbox 1220 4426 1288 4464; x_wconf 84' lang='lat' dir='ltr'>ex</span> <span class='ocrx_word' id='word_1_662' title='bbox 1319 4426 1384 4464; x_wconf 91' lang='lat' dir='ltr'>ea</span> <span class='ocrx_word' id='word_1_663' title='bbox 1425 4409 1712 4481; x_wconf 89' lang='lat' dir='ltr'>pugillum</span> <span class='ocrx_word' id='word_1_664' title='bbox 1821 4414 2044 4473; x_wconf 89' lang='lat' dir='ltr'>mento,</span> <span class='ocrx_word' id='word_1_665' title='bbox 2069 4413 2125 4463; x_wconf 92' lang='lat' dir='ltr'>et</span> <span class='ocrx_word' id='word_1_666' title='bbox 2155 4409 2412 4463; x_wconf 88' lang='lat' dir='ltr'>comedet</span> <span class='ocrx_word' id='word_1_667' title='bbox 2437 4407 2496 4461; x_wconf 92' lang='lat' dir='ltr'>in</span> <span class='ocrx_word' id='word_1_668' title='bbox 2531 4407 2656 4462; x_wconf 92' lang='lat' dir='ltr'>loco</span> <span class='ocrx_word' id='word_1_669' title='bbox 2681 4413 2883 4462; x_wconf 85' lang='lat' dir='ltr'>sancto</span> <span class='ocrx_word' id='word_1_670' title='bbox 2914 4407 3047 4462; x_wconf 90' lang='lat' dir='ltr'>atrii</span> <span class='ocrx_word' id='word_1_671' title='bbox 3079 4408 3463 4465; x_wconf 89' lang='lat' dir='ltr'>tabernaculi.</span> 
     </span>
    </p>
   </div>
   <div class='ocr_carea' id='block_1_48' title="bbox 147 4487 3464 4569">
    <p class='ocr_par' dir='ltr' id='par_1_48' title="bbox 147 4487 3464 4569">
     <span class='ocr_line' id='line_1_48' title="bbox 147 4487 3464 4569; baseline 0.003 -25"><span class='ocrx_word' id='word_1_672' title='bbox 147 4487 414 4562; x_wconf 70' lang='lat' dir='ltr'>hauriens‘,</span> <span class='ocrx_word' id='word_1_673' title='bbox 437 4497 728 4554; x_wconf 86' lang='lat' dir='ltr'>cremabit</span> <span class='ocrx_word' id='word_1_674' title='bbox 756 4514 935 4569; x_wconf 89' lang='lat' dir='ltr'>super</span> <span class='ocrx_word' id='word_1_675' title='bbox 965 4497 1145 4553; x_wconf 90' lang='lat' dir='ltr'>altare</span> <span class='ocrx_word' id='word_1_676' title='bbox 1177 4498 1235 4552; x_wconf 90' lang='lat' dir='ltr'>in</span> <span class='ocrx_word' id='word_1_677' title='bbox 1266 4503 1711 4554; x_wconf 89' lang='lat' dir='ltr'>monumentum</span> <span class='ocrx_word' id='word_1_678' title='bbox 1823 4499 1956 4553; x_wconf 83' lang='lat' dir='ltr'>Ideo</span> <span class='ocrx_word' id='word_1_679' title='bbox 1987 4501 2180 4552; x_wconf 90' lang='lat' dir='ltr'>autem</span> <span class='ocrx_word' id='word_1_680' title='bbox 2221 4513 2336 4550; x_wconf 88' lang='lat' dir='ltr'>non</span> <span class='ocrx_word' id='word_1_681' title='bbox 2370 4495 2841 4562; x_wconf 83' lang='lat' dir='ltr'>fermentabitur,</span> <span class='ocrx_word' id='word_1_682' title='bbox 2873 4495 3014 4566; x_wconf 92' lang='lat' dir='ltr'>quia</span> <span class='ocrx_word' id='word_1_683' title='bbox 3062 4513 3198 4568; x_wconf 89' lang='lat' dir='ltr'>pars</span> <span class='ocrx_word' id='word_1_684' title='bbox 3246 4498 3375 4568; x_wconf 88' lang='lat' dir='ltr'>ejus</span> <span class='ocrx_word' id='word_1_685' title='bbox 3404 4497 3464 4554; x_wconf 92' lang='lat' dir='ltr'>in</span> 
     </span>
    </p>
   </div>
   <div class='ocr_carea' id='block_1_49' title="bbox 145 4577 3464 4672">
    <p class='ocr_par' dir='ltr' id='par_1_49' title="bbox 145 4577 3464 4672">
     <span class='ocr_line' id='line_1_49' title="bbox 145 4577 3464 4672; baseline 0.002 -36"><span class='ocrx_word' id='word_1_686' title='bbox 145 4577 245 4672; x_wconf 69' lang='lat' dir='ltr'>ejus,</span> <span class='ocrx_word' id='word_1_687' title='bbox 286 4585 371 4655; x_wconf 91' lang='lat' dir='ltr'>qui</span> <span class='ocrx_word' id='word_1_688' title='bbox 426 4586 665 4653; x_wconf 90' lang='lat' dir='ltr'>obtulit,</span> <span class='ocrx_word' id='word_1_689' title='bbox 719 4601 935 4656; x_wconf 89' lang='lat' dir='ltr'>rogans</span> <span class='ocrx_word' id='word_1_690' title='bbox 993 4603 1098 4658; x_wconf 90' lang='lat' dir='ltr'>pro</span> <span class='ocrx_word' id='word_1_691' title='bbox 1164 4585 1285 4655; x_wconf 91' lang='lat' dir='ltr'>illo,</span> <span class='ocrx_word' id='word_1_692' title='bbox 1336 4591 1392 4641; x_wconf 91' lang='lat' dir='ltr'>et</span> <span class='ocrx_word' id='word_1_693' title='bbox 1448 4584 3464 4672; x_wconf 78' lang='lat' dir='ltr'>expians,DDominooﬁ&#39;erturincensum.Sanctumsanctorumerit,</span> 
     </span>
    </p>
   </div>
   <div class='ocr_carea' id='block_1_50' title="bbox 148 4667 3467 4748">
    <p class='ocr_par' dir='ltr' id='par_1_50' title="bbox 148 4667 3467 4748">
     <span class='ocr_line' id='line_1_50' title="bbox 148 4667 3467 4748; baseline 0.004 -29"><span class='ocrx_word' id='word_1_694' title='bbox 148 4667 365 4740; x_wconf 78' lang='lat' dir='ltr'>reliquam</span> <span class='ocrx_word' id='word_1_695' title='bbox 393 4691 526 4730; x_wconf 88' lang='lat' dir='ltr'>vero</span> <span class='ocrx_word' id='word_1_696' title='bbox 588 4679 816 4746; x_wconf 87' lang='lat' dir='ltr'>partem</span> <span class='ocrx_word' id='word_1_697' title='bbox 877 4675 1002 4745; x_wconf 90' lang='lat' dir='ltr'>ipse</span> <span class='ocrx_word' id='word_1_698' title='bbox 1059 4674 1299 4729; x_wconf 90' lang='lat' dir='ltr'>habebit</span> <span class='ocrx_word' id='word_1_699' title='bbox 1355 4675 1414 4729; x_wconf 89' lang='lat' dir='ltr'>in</span> <span class='ocrx_word' id='word_1_700' title='bbox 1449 4691 1709 4731; x_wconf 91' lang='lat' dir='ltr'>munere.</span> <span class='ocrx_word' id='word_1_701' title='bbox 1744 4667 1779 4672; x_wconf 50' lang='grc'>⁷⁷</span> <span class='ocrx_word' id='word_1_702' title='bbox 1822 4677 1977 4731; x_wconf 89' lang='lat' dir='ltr'>sicut</span> <span class='ocrx_word' id='word_1_703' title='bbox 2000 4690 2101 4746; x_wconf 91' lang='lat' dir='ltr'>pro</span> <span class='ocrx_word' id='word_1_704' title='bbox 2123 4678 2362 4745; x_wconf 91' lang='lat' dir='ltr'>peccato</span> <span class='ocrx_word' id='word_1_705' title='bbox 2379 4673 3001 4744; x_wconf 82' lang='lat' dir='ltr'>atquedelicto.Mares</span> <span class='ocrx_word' id='word_1_706' title='bbox 3022 4677 3250 4729; x_wconf 88' lang='lat' dir='ltr'>tantum</span> <span class='ocrx_word' id='word_1_707' title='bbox 3266 4674 3467 4748; x_wconf 88' lang='lat' dir='ltr'>stirpis</span> 
     </span>
    </p>
   </div>
   <div class='ocr_carea' id='block_1_51' title="bbox 146 4752 3464 4834">
    <p class='ocr_par' dir='ltr' id='par_1_51' title="bbox 146 4752 3464 4834">
     <span class='ocr_line' id='line_1_51' title="bbox 146 4752 3464 4834; baseline 0.002 -22"><span class='ocrx_word' id='word_1_708' title='bbox 146 4752 202 4821; x_wconf 64' lang='grc' dir='ltr'><strong>ῘΤ.</strong></span> <span class='ocrx_word' id='word_1_709' title='bbox 223 4759 316 4831; x_wconf 82' lang='lat' dir='ltr'>Ill].</span> <span class='ocrx_word' id='word_1_710' title='bbox 339 4763 711 4834; x_wconf 87' lang='lat' dir='ltr'>Locutusque</span> <span class='ocrx_word' id='word_1_711' title='bbox 732 4769 817 4818; x_wconf 84' lang='lat' dir='ltr'>est</span> <span class='ocrx_word' id='word_1_712' title='bbox 851 4762 1133 4818; x_wconf 88' lang='lat' dir='ltr'>Dominus</span> <span class='ocrx_word' id='word_1_713' title='bbox 1156 4764 1224 4818; x_wconf 91' lang='lat' dir='ltr'>ad</span> <span class='ocrx_word' id='word_1_714' title='bbox 1249 4766 1465 4831; x_wconf 86' lang='lat' dir='ltr'>Mosen,</span> <span class='ocrx_word' id='word_1_715' title='bbox 1490 4764 1714 4822; x_wconf 90' lang='lat' dir='ltr'>dicens:</span> <span class='ocrx_word' id='word_1_716' title='bbox 1823 4769 2007 4820; x_wconf 80' lang='lat' dir='ltr'>Aaron</span> <span class='ocrx_word' id='word_1_717' title='bbox 2037 4763 2346 4818; x_wconf 88' lang='lat' dir='ltr'>comedent</span> <span class='ocrx_word' id='word_1_718' title='bbox 2375 4761 2540 4818; x_wconf 89' lang='lat' dir='ltr'>illud.</span> <span class='ocrx_word' id='word_1_719' title='bbox 2569 4761 2916 4834; x_wconf 89' lang='lat' dir='ltr'>Legitimum</span> <span class='ocrx_word' id='word_1_720' title='bbox 2949 4779 3014 4818; x_wconf 94' lang='lat' dir='ltr'>ac</span> <span class='ocrx_word' id='word_1_721' title='bbox 3037 4763 3464 4834; x_wconf 88' lang='lat' dir='ltr'>sempiternum</span> 
     </span>
    </p>
   </div>
   <div class='ocr_carea' id='block_1_52' title="bbox 145 4844 3466 4924">
    <p class='ocr_par' dir='ltr' id='par_1_52' title="bbox 145 4844 3466 4924">
     <span class='ocr_line' id='line_1_52' title="bbox 145 4844 3466 4924; baseline 0.004 -29"><span class='ocrx_word' id='word_1_722' title='bbox 145 4844 294 4903; x_wconf 75' lang='lat' dir='ltr'>Anima</span> <span class='ocrx_word' id='word_1_723' title='bbox 328 4853 372 4905; x_wconf 90' lang='lat' dir='ltr'>si</span> <span class='ocrx_word' id='word_1_724' title='bbox 428 4852 818 4923; x_wconf 78' lang='lat' dir='ltr'>praevaricans</span> <span class='ocrx_word' id='word_1_725' title='bbox 875 4852 1270 4920; x_wconf 58' lang='lat' dir='ltr'>caremonias,</span> <span class='ocrx_word' id='word_1_726' title='bbox 1308 4867 1410 4924; x_wconf 89' lang='lat' dir='ltr'>per</span> <span class='ocrx_word' id='word_1_727' title='bbox 1463 4869 1717 4908; x_wconf 91' lang='lat' dir='ltr'>errorem</span> <span class='ocrx_word' id='word_1_728' title='bbox 1823 4857 1913 4908; x_wconf 89' lang='lat' dir='ltr'>est</span> <span class='ocrx_word' id='word_1_729' title='bbox 1945 4853 2123 4922; x_wconf 85' lang='lat' dir='ltr'>[Vulg.</span> <span class='ocrx_word' id='word_1_730' title='bbox 2155 4851 2286 4920; x_wconf 89' lang='lat' dir='ltr'>erit]</span> <span class='ocrx_word' id='word_1_731' title='bbox 2319 4850 2378 4906; x_wconf 92' lang='lat' dir='ltr'>in</span> <span class='ocrx_word' id='word_1_732' title='bbox 2410 4850 2891 4923; x_wconf 86' lang='lat' dir='ltr'>generationibus</span> <span class='ocrx_word' id='word_1_733' title='bbox 2920 4851 3128 4906; x_wconf 89' lang='lat' dir='ltr'>vestris</span> <span class='ocrx_word' id='word_1_734' title='bbox 3159 4852 3230 4907; x_wconf 88' lang='lat' dir='ltr'>de</span> <span class='ocrx_word' id='word_1_735' title='bbox 3270 4853 3466 4908; x_wconf 80' lang='lat' dir='ltr'>sarifi-</span> 
     </span>
    </p>
   </div>
   <div class='ocr_carea' id='block_1_53' title="bbox 146 4930 3461 5014">
    <p class='ocr_par' dir='ltr' id='par_1_53' title="bbox 146 4930 3461 5014">
     <span class='ocr_line' id='line_1_53' title="bbox 146 4930 3461 5014; baseline 0.001 -22"><span class='ocrx_word' id='word_1_736' title='bbox 146 4930 196 4998; x_wconf 23' lang='lat' dir='ltr'>1h.</span> <span class='ocrx_word' id='word_1_737' title='bbox 215 4951 295 5006; x_wconf 90' lang='lat' dir='ltr'>per</span> <span class='ocrx_word' id='word_1_738' title='bbox 319 4940 761 5014; x_wconf 89' lang='lat' dir='ltr'>ignorantiam],</span> <span class='ocrx_word' id='word_1_739' title='bbox 785 4941 841 4996; x_wconf 94' lang='lat' dir='ltr'>in</span> <span class='ocrx_word' id='word_1_740' title='bbox 876 4940 969 5005; x_wconf 85' lang='lat' dir='ltr'>his</span> <span class='ocrx_word' id='word_1_741' title='bbox 997 4958 1124 5012; x_wconf 84' lang='lat' dir='ltr'>quae</span> <span class='ocrx_word' id='word_1_742' title='bbox 1157 4941 1403 4998; x_wconf 88' lang='lat' dir='ltr'>Domino</span> <span class='ocrx_word' id='word_1_743' title='bbox 1423 4946 1561 4998; x_wconf 89' lang='lat' dir='ltr'>sunt</span> <span class='ocrx_word' id='word_1_744' title='bbox 1582 4959 1716 4998; x_wconf 87' lang='lat' dir='ltr'>san-</span> <span class='ocrx_word' id='word_1_745' title='bbox 1825 4938 2416 4996; x_wconf 81' lang='lat' dir='ltr'>ciisDomini.Omnis</span> <span class='ocrx_word' id='word_1_746' title='bbox 2447 4938 2549 5010; x_wconf 87' lang='lat' dir='ltr'>qui</span> <span class='ocrx_word' id='word_1_747' title='bbox 2578 4937 3461 5010; x_wconf 85' lang='lat' dir='ltr'>tetigeritilla,sanctiﬁcabitur.</span> 
     </span>
    </p>
   </div>
   <div class='ocr_carea' id='block_1_54' title="bbox 141 5023 3464 5100">
    <p class='ocr_par' dir='ltr' id='par_1_54' title="bbox 141 5023 3464 5100">
     <span class='ocr_line' id='line_1_54' title="bbox 141 5023 3464 5100; baseline 0.003 -28"><span class='ocrx_word' id='word_1_748' title='bbox 141 5023 346 5096; x_wconf 79' lang='lat' dir='ltr'>ctilicata,</span> <span class='ocrx_word' id='word_1_749' title='bbox 376 5031 715 5100; x_wconf 89' lang='lat' dir='ltr'>peccaverit,</span> <span class='ocrx_word' id='word_1_750' title='bbox 750 5030 952 5086; x_wconf 74' lang='lat' dir='ltr'>offeret</span> <span class='ocrx_word' id='word_1_751' title='bbox 1001 5046 1101 5100; x_wconf 92' lang='lat' dir='ltr'>pro</span> <span class='ocrx_word' id='word_1_752' title='bbox 1150 5029 1360 5086; x_wconf 90' lang='lat' dir='ltr'>dilecto</span> <span class='ocrx_word' id='word_1_753' title='bbox 1411 5048 1516 5086; x_wconf 90' lang='lat' dir='ltr'>suo</span> <span class='ocrx_word' id='word_1_754' title='bbox 1565 5031 1712 5086; x_wconf 88' lang='lat' dir='ltr'>arie-</span> <span class='ocrx_word' id='word_1_755' title='bbox 1826 5030 1910 5099; x_wconf 92' lang='lat' dir='ltr'>[T.</span> <span class='ocrx_word' id='word_1_756' title='bbox 1942 5033 2036 5099; x_wconf 83' lang='lat' dir='ltr'>IV,</span> <span class='ocrx_word' id='word_1_757' title='bbox 2073 5032 2129 5082; x_wconf 90' lang='lat' dir='ltr'>C.</span> <span class='ocrx_word' id='word_1_758' title='bbox 2164 5027 2281 5099; x_wconf 90' lang='lat' dir='ltr'>VI.]</span> <span class='ocrx_word' id='word_1_759' title='bbox 2314 5031 2385 5083; x_wconf 83' lang='lat' dir='ltr'>Et</span> <span class='ocrx_word' id='word_1_760' title='bbox 2419 5027 2649 5082; x_wconf 88' lang='lat' dir='ltr'>locutus</span> <span class='ocrx_word' id='word_1_761' title='bbox 2681 5031 2771 5082; x_wconf 90' lang='lat' dir='ltr'>est</span> <span class='ocrx_word' id='word_1_762' title='bbox 2801 5027 3084 5082; x_wconf 89' lang='lat' dir='ltr'>Dominus</span> <span class='ocrx_word' id='word_1_763' title='bbox 3115 5029 3185 5083; x_wconf 93' lang='lat' dir='ltr'>ad</span> <span class='ocrx_word' id='word_1_764' title='bbox 3240 5023 3464 5097; x_wconf 87' lang='lat' dir='ltr'>Mosen,</span> 
     </span>
    </p>
   </div>
   <div class='ocr_carea' id='block_1_55' title="bbox 144 5114 3464 5190">
    <p class='ocr_par' dir='ltr' id='par_1_55' title="bbox 144 5114 3464 5190">
     <span class='ocr_line' id='line_1_55' title="bbox 144 5114 3464 5190; baseline 0.001 -21"><span class='ocrx_word' id='word_1_765' title='bbox 144 5115 217 5165; x_wconf 60' lang='lat' dir='ltr'>lam</span> <span class='ocrx_word' id='word_1_766' title='bbox 265 5116 695 5174; x_wconf 85' lang='lat' dir='ltr'>immaculatum</span> <span class='ocrx_word' id='word_1_767' title='bbox 747 5119 818 5173; x_wconf 91' lang='lat' dir='ltr'>de</span> <span class='ocrx_word' id='word_1_768' title='bbox 867 5119 1169 5190; x_wconf 87' lang='lat' dir='ltr'>gregibus,</span> <span class='ocrx_word' id='word_1_769' title='bbox 1201 5118 1298 5189; x_wconf 92' lang='lat' dir='ltr'>qui</span> <span class='ocrx_word' id='word_1_770' title='bbox 1355 5119 1470 5174; x_wconf 89' lang='lat' dir='ltr'>emi</span> <span class='ocrx_word' id='word_1_771' title='bbox 1529 5123 1718 5190; x_wconf 90' lang='lat' dir='ltr'>potest</span> <span class='ocrx_word' id='word_1_772' title='bbox 1825 5119 2064 5173; x_wconf 89' lang='lat' dir='ltr'>dicens:</span> <span class='ocrx_word' id='word_1_773' title='bbox 2096 5117 2229 5173; x_wconf 73' lang='lat' dir='ltr'>Haac</span> <span class='ocrx_word' id='word_1_774' title='bbox 2275 5122 2366 5172; x_wconf 91' lang='lat' dir='ltr'>est</span> <span class='ocrx_word' id='word_1_775' title='bbox 2413 5116 2628 5172; x_wconf 87' lang='lat' dir='ltr'>oblatio</span> <span class='ocrx_word' id='word_1_776' title='bbox 2676 5122 2869 5172; x_wconf 81' lang='lat' dir='ltr'>Aaron</span> <span class='ocrx_word' id='word_1_777' title='bbox 2902 5121 2960 5171; x_wconf 90' lang='lat' dir='ltr'>et</span> <span class='ocrx_word' id='word_1_778' title='bbox 3016 5114 3270 5171; x_wconf 87' lang='lat' dir='ltr'>ﬁliorum</span> <span class='ocrx_word' id='word_1_779' title='bbox 3315 5118 3464 5187; x_wconf 89' lang='lat' dir='ltr'>ejus,</span> 
     </span>
    </p>
   </div>
   <div class='ocr_carea' id='block_1_56' title="bbox 142 5198 3464 5279">
    <p class='ocr_par' dir='ltr' id='par_1_56' title="bbox 142 5198 3464 5279">
     <span class='ocr_line' id='line_1_56' title="bbox 142 5198 3464 5279; baseline 0.002 -25"><span class='ocrx_word' id='word_1_780' title='bbox 142 5198 310 5259; x_wconf 78' lang='lat' dir='ltr'>duobus</span> <span class='ocrx_word' id='word_1_781' title='bbox 339 5209 496 5264; x_wconf 88' lang='lat' dir='ltr'>siclis</span> <span class='ocrx_word' id='word_1_782' title='bbox 521 5210 696 5279; x_wconf 83' lang='lat' dir='ltr'>juxta</span> <span class='ocrx_word' id='word_1_783' title='bbox 724 5207 955 5279; x_wconf 89' lang='lat' dir='ltr'>pondus</span> <span class='ocrx_word' id='word_1_784' title='bbox 1009 5208 1370 5264; x_wconf 87' lang='lat' dir='ltr'>sanctuarii:</span> <span class='ocrx_word' id='word_1_785' title='bbox 1403 5208 1717 5279; x_wconf 91' lang='lat' dir='ltr'>ipsumque</span> <span class='ocrx_word' id='word_1_786' title='bbox 1825 5223 2002 5277; x_wconf 91' lang='lat' dir='ltr'>quam</span> <span class='ocrx_word' id='word_1_787' title='bbox 2036 5205 2209 5261; x_wconf 79' lang='lat' dir='ltr'>offere</span> <span class='ocrx_word' id='word_1_788' title='bbox 2240 5205 2452 5260; x_wconf 89' lang='lat' dir='ltr'>debent</span> <span class='ocrx_word' id='word_1_789' title='bbox 2501 5205 2743 5260; x_wconf 86' lang='lat' dir='ltr'>Domino</span> <span class='ocrx_word' id='word_1_790' title='bbox 2771 5203 2831 5259; x_wconf 92' lang='lat' dir='ltr'>in</span> <span class='ocrx_word' id='word_1_791' title='bbox 2883 5205 2975 5260; x_wconf 89' lang='lat' dir='ltr'>die</span> <span class='ocrx_word' id='word_1_792' title='bbox 3007 5204 3299 5262; x_wconf 88' lang='lat' dir='ltr'>unctionis</span> <span class='ocrx_word' id='word_1_793' title='bbox 3325 5222 3464 5260; x_wconf 74' lang='lat' dir='ltr'>suae.</span> 
     </span>
    </p>
   </div>
   <div class='ocr_carea' id='block_1_57' title="bbox 146 5291 3465 5368">
    <p class='ocr_par' dir='ltr' id='par_1_57' title="bbox 146 5291 3465 5368">
     <span class='ocr_line' id='line_1_57' title="bbox 146 5291 3465 5368; baseline 0.001 -24"><span class='ocrx_word' id='word_1_794' title='bbox 146 5291 246 5354; x_wconf 57' lang='lat' dir='ltr'>Quod</span> <span class='ocrx_word' id='word_1_795' title='bbox 276 5294 395 5350; x_wconf 88' lang='lat' dir='ltr'>tulit</span> <span class='ocrx_word' id='word_1_796' title='bbox 424 5298 598 5352; x_wconf 87' lang='lat' dir='ltr'>damn</span> <span class='ocrx_word' id='word_1_797' title='bbox 630 5298 710 5368; x_wconf 86' lang='lat' dir='ltr'>[h.</span> <span class='ocrx_word' id='word_1_798' title='bbox 743 5313 857 5352; x_wconf 84' lang='lat' dir='ltr'>non</span> <span class='ocrx_word' id='word_1_799' title='bbox 908 5296 1105 5368; x_wconf 87' lang='lat' dir='ltr'>habet]</span> <span class='ocrx_word' id='word_1_800' title='bbox 1139 5297 1424 5365; x_wconf 87' lang='lat' dir='ltr'>restituet,</span> <span class='ocrx_word' id='word_1_801' title='bbox 1455 5302 1510 5350; x_wconf 94' lang='lat' dir='ltr'>et</span> <span class='ocrx_word' id='word_1_802' title='bbox 1539 5298 1715 5368; x_wconf 90' lang='lat' dir='ltr'>quin-</span> <span class='ocrx_word' id='word_1_803' title='bbox 1827 5295 2118 5350; x_wconf 90' lang='lat' dir='ltr'>Decimam</span> <span class='ocrx_word' id='word_1_804' title='bbox 2157 5299 2376 5364; x_wconf 87' lang='lat' dir='ltr'>partem</span> <span class='ocrx_word' id='word_1_805' title='bbox 2412 5292 2563 5364; x_wconf 88' lang='lat' dir='ltr'>epba</span> <span class='ocrx_word' id='word_1_806' title='bbox 2593 5294 2834 5349; x_wconf 77' lang='lat' dir='ltr'>offerent</span> <span class='ocrx_word' id='word_1_807' title='bbox 2855 5291 3064 5349; x_wconf 70' lang='lat' dir='ltr'>similae</span> <span class='ocrx_word' id='word_1_808' title='bbox 3097 5293 3155 5347; x_wconf 92' lang='lat' dir='ltr'>in</span> <span class='ocrx_word' id='word_1_809' title='bbox 3178 5291 3465 5348; x_wconf 87' lang='lat' dir='ltr'>sacriﬁcio</span> 
     </span>
    </p>
   </div>
   <div class='ocr_carea' id='block_1_58' title="bbox 145 5379 3466 5458">
    <p class='ocr_par' dir='ltr' id='par_1_58' title="bbox 145 5379 3466 5458">
     <span class='ocr_line' id='line_1_58' title="bbox 145 5379 3466 5458; baseline 0 -22"><span class='ocrx_word' id='word_1_810' title='bbox 145 5379 222 5431; x_wconf 61' lang='lat' dir='ltr'>iam</span> <span class='ocrx_word' id='word_1_811' title='bbox 246 5388 444 5450; x_wconf 84' lang='lat' dir='ltr'>partem</span> <span class='ocrx_word' id='word_1_812' title='bbox 499 5390 676 5458; x_wconf 89' lang='lat' dir='ltr'>ponet</span> <span class='ocrx_word' id='word_1_813' title='bbox 736 5401 937 5456; x_wconf 89' lang='lat' dir='ltr'>supra,</span> <span class='ocrx_word' id='word_1_814' title='bbox 971 5385 1208 5439; x_wconf 88' lang='lat' dir='ltr'>tradens</span> <span class='ocrx_word' id='word_1_815' title='bbox 1268 5384 1582 5455; x_wconf 88' lang='lat' dir='ltr'>sacerdoti,</span> <span class='ocrx_word' id='word_1_816' title='bbox 1615 5384 1713 5456; x_wconf 91' lang='lat' dir='ltr'>qui</span> <span class='ocrx_word' id='word_1_817' title='bbox 1825 5383 2206 5454; x_wconf 90' lang='lat' dir='ltr'>sempiterno,</span> <span class='ocrx_word' id='word_1_818' title='bbox 2243 5383 2503 5438; x_wconf 90' lang='lat' dir='ltr'>medium</span> <span class='ocrx_word' id='word_1_819' title='bbox 2535 5382 2663 5450; x_wconf 88' lang='lat' dir='ltr'>ejus</span> <span class='ocrx_word' id='word_1_820' title='bbox 2697 5397 2888 5451; x_wconf 87' lang='lat' dir='ltr'>mane,</span> <span class='ocrx_word' id='word_1_821' title='bbox 2919 5387 2977 5437; x_wconf 88' lang='lat' dir='ltr'>et</span> <span class='ocrx_word' id='word_1_822' title='bbox 3026 5381 3284 5437; x_wconf 90' lang='lat' dir='ltr'>medium</span> <span class='ocrx_word' id='word_1_823' title='bbox 3337 5383 3466 5451; x_wconf 88' lang='lat' dir='ltr'>ejus</span> 
     </span>
    </p>
   </div>
   <div class='ocr_carea' id='block_1_59' title="bbox 191 5539 2686 5613">
    <p class='ocr_par' dir='ltr' id='par_1_59' title="bbox 191 5539 2686 5613">
     <span class='ocr_line' id='line_1_59' title="bbox 191 5539 2686 5613; baseline 0.001 -21"><span class='ocrx_word' id='word_1_824' title='bbox 191 5539 377 5595; x_wconf 79' lang='lat' dir='ltr'>‘Aliter</span> <span class='ocrx_word' id='word_1_825' title='bbox 408 5545 591 5599; x_wconf 85' lang='lat' dir='ltr'>codex</span> <span class='ocrx_word' id='word_1_826' title='bbox 615 5544 828 5613; x_wconf 80' lang='lat' dir='ltr'>Regius</span> <span class='ocrx_word' id='word_1_827' title='bbox 852 5558 962 5598; x_wconf 90' lang='lat' dir='ltr'>ms.</span> <span class='ocrx_word' id='word_1_828' title='bbox 986 5540 1334 5607; x_wconf 91' lang='lat' dir='ltr'>Bibliorum,</span> <span class='ocrx_word' id='word_1_829' title='bbox 1358 5559 1512 5597; x_wconf 91' lang='lat' dir='ltr'>unus</span> <span class='ocrx_word' id='word_1_830' title='bbox 1542 5543 1712 5598; x_wconf 89' lang='lat' dir='ltr'>Corb.</span> <span class='ocrx_word' id='word_1_831' title='bbox 1826 5559 1959 5597; x_wconf 77' lang='lat' dir='ltr'>num</span> <span class='ocrx_word' id='word_1_832' title='bbox 1991 5558 2059 5596; x_wconf 73' lang='lat' dir='ltr'>ea;</span> <span class='ocrx_word' id='word_1_833' title='bbox 2085 5557 2150 5596; x_wconf 81' lang='lat' dir='ltr'>ea</span> <span class='ocrx_word' id='word_1_834' title='bbox 2177 5542 2473 5611; x_wconf 81' lang='lat' dir='ltr'>pugillum.</span> <span class='ocrx_word' id='word_1_835' title='bbox 2506 5541 2686 5594; x_wconf 62' lang='lat' dir='ltr'>lVlAR&#39;l‘.</span> 
     </span>
    </p>
   </div>
   <div class='ocr_carea' id='block_1_60' title="bbox 157 5611 3468 5684">
    <p class='ocr_par' dir='ltr' id='par_1_60' title="bbox 157 5611 3468 5684">
     <span class='ocr_line' id='line_1_60' title="bbox 157 5611 3468 5684; baseline 0.002 -24"><span class='ocrx_word' id='word_1_836' title='bbox 157 5613 352 5684; x_wconf 33' lang='lat' dir='ltr'>Etleauon</span> <span class='ocrx_word' id='word_1_837' title='bbox 382 5617 558 5669; x_wconf 82' lang='lat' dir='ltr'>Hebr.</span> <span class='ocrx_word' id='word_1_838' title='bbox 585 5611 745 5669; x_wconf 77' lang='lat' dir='ltr'>verit.</span> <span class='ocrx_word' id='word_1_839' title='bbox 774 5614 870 5684; x_wconf 93' lang='lat' dir='ltr'>qui</span> <span class='ocrx_word' id='word_1_840' title='bbox 903 5615 1124 5684; x_wconf 90' lang='lat' dir='ltr'>legunt,</span> <span class='ocrx_word' id='word_1_841' title='bbox 1148 5614 1368 5682; x_wconf 83' lang='lat' dir='ltr'>plenum</span> <span class='ocrx_word' id='word_1_842' title='bbox 1387 5632 1460 5669; x_wconf 74' lang='lat' dir='ltr'>ex</span> <span class='ocrx_word' id='word_1_843' title='bbox 1490 5619 1595 5669; x_wconf 73' lang='lat' dir='ltr'>toto</span> <span class='ocrx_word' id='word_1_844' title='bbox 1615 5632 1718 5684; x_wconf 87' lang='lat' dir='ltr'>pu-</span> <span class='ocrx_word' id='word_1_845' title='bbox 1898 5643 1966 5652; x_wconf 91' lang='lat'>——</span> <span class='ocrx_word' id='word_1_846' title='bbox 1997 5615 2238 5668; x_wconf 82' lang='lat' dir='ltr'>Palatin.</span> <span class='ocrx_word' id='word_1_847' title='bbox 2273 5618 2330 5668; x_wconf 87' lang='lat' dir='ltr'>et</span> <span class='ocrx_word' id='word_1_848' title='bbox 2361 5612 2608 5668; x_wconf 81' lang='lat' dir='ltr'>Urbinas</span> <span class='ocrx_word' id='word_1_849' title='bbox 2643 5627 2808 5678; x_wconf 87' lang='lat' dir='ltr'>mss.,</span> <span class='ocrx_word' id='word_1_850' title='bbox 2829 5611 3059 5684; x_wconf 66' lang='lat' dir='ltr'>plenum</span> <span class='ocrx_word' id='word_1_851' title='bbox 3088 5625 3158 5665; x_wconf 74' lang='lat' dir='ltr'>ex</span> <span class='ocrx_word' id='word_1_852' title='bbox 3184 5625 3243 5666; x_wconf 87' lang='lat' dir='ltr'>eo</span> <span class='ocrx_word' id='word_1_853' title='bbox 3269 5611 3468 5684; x_wconf 82' lang='lat' dir='ltr'>pugil-</span> 
     </span>
    </p>
   </div>
   <div class='ocr_carea' id='block_1_61' title="bbox 160 5677 3466 5757">
    <p class='ocr_par' dir='ltr' id='par_1_61' title="bbox 160 5677 3466 5757">
     <span class='ocr_line' id='line_1_61' title="bbox 160 5677 3466 5757; baseline 0 -17"><span class='ocrx_word' id='word_1_854' title='bbox 160 5677 418 5740; x_wconf 75' lang='lat' dir='ltr'>iiiium.Sed</span> <span class='ocrx_word' id='word_1_855' title='bbox 455 5685 669 5742; x_wconf 77' lang='lat' dir='ltr'>melius</span> <span class='ocrx_word' id='word_1_856' title='bbox 701 5691 764 5742; x_wconf 91' lang='lat' dir='ltr'>ut</span> <span class='ocrx_word' id='word_1_857' title='bbox 793 5677 849 5740; x_wconf 85' lang='lat' dir='ltr'>in</span> <span class='ocrx_word' id='word_1_858' title='bbox 876 5677 1232 5753; x_wconf 59' lang='lat' dir='ltr'>ediiisjuata</span> <span class='ocrx_word' id='word_1_859' title='bbox 1254 5686 1578 5753; x_wconf 68' lang='lat' dir='ltr'>Hebraeum,</span> <span class='ocrx_word' id='word_1_860' title='bbox 1603 5677 1716 5757; x_wconf 66' lang='lat' dir='ltr'>ple-</span> <span class='ocrx_word' id='word_1_861' title='bbox 1831 5687 1944 5741; x_wconf 80' lang='lat' dir='ltr'>lum</span> <span class='ocrx_word' id='word_1_862' title='bbox 1973 5702 1985 5739; x_wconf 88' lang='lat'>:</span> <span class='ocrx_word' id='word_1_863' title='bbox 2021 5685 2116 5740; x_wconf 90' lang='lat' dir='ltr'>alii</span> <span class='ocrx_word' id='word_1_864' title='bbox 2150 5700 2329 5756; x_wconf 76' lang='lat' dir='ltr'>penes</span> <span class='ocrx_word' id='word_1_865' title='bbox 2359 5684 2648 5754; x_wconf 85' lang='lat' dir='ltr'>Martian.,</span> <span class='ocrx_word' id='word_1_866' title='bbox 2679 5699 2752 5737; x_wconf 74' lang='lat' dir='ltr'>ea:</span> <span class='ocrx_word' id='word_1_867' title='bbox 2781 5677 2892 5738; x_wconf 73' lang='lat' dir='ltr'>toto</span> <span class='ocrx_word' id='word_1_868' title='bbox 2921 5682 3125 5753; x_wconf 86' lang='lat' dir='ltr'>legunt</span> <span class='ocrx_word' id='word_1_869' title='bbox 3154 5677 3369 5753; x_wconf 53' lang='lat' dir='ltr'>proca?</span> <span class='ocrx_word' id='word_1_870' title='bbox 3385 5700 3466 5742; x_wconf 84' lang='lat' dir='ltr'>eo.</span> 
     </span>
    </p>
   </div>
  </div>
