4080 6186
329 183 435 240 343

1373 188 1432 240 8.
1474 185 1880 241 HIERONYMI
1917 188 2175 242 DIVINA
2213 186 2713 242 BIBLIOTHECA.

3632 175 3737 232 344

323 326 563 384 vespere
588 327 600 366 :
627 329 753 384 quas
785 312 841 366 in
876 311 1172 382 sartagine
1198 310 1323 366 oleo
1352 326 1671 381 conspersa
1701 311 1969 381 frigetur.
2006 314 2056 380 Α
2089 313 2372 379 mundus,
2395 320 2662 367 vescatur
2689 326 2775 365 ea.
2800 307 3010 364 Anima
3031 306 3274 380 polluta,
3301 322 3428 378 quae
3460 302 3649 360 ederit
3670 304 3742 359 de

331 401 546 458 Oﬁerat
561 409 755 457 autem
777 417 904 456 eam
924 400 1192 464 calidam,
1210 401 1269 453 in
1293 401 1529 454 odorem
1551 400 1978 454 suavissimum

333 491 604 559 Domino,
625 492 892 546 sacerdos
918 490 1015 560 qui
1044 488 1194 559 patri
1217 490 1350 559 jure
1371 488 1722 543 successerit
1745 505 1757 542 :
1785 492 1841 543 et
1865 493 1986 543 tota

333 580 694 635 cremabitur
725 581 782 633 in
815 577 1004 633 altari.
1029 577 1212 632 Omne
1229 577 1380 631 enim
1411 577 1768 632 sacriﬁcium
1795 593 1987 632 sacer-

334 670 537 724 dotum
572 669 705 739 igne
735 672 1131 732 consumatur,
1157 682 1260 721 nec
1295 668 1608 737 quisquam
1634 667 1989 721 comedetex

333 773 422 813 eo.
449 758 531 828 [C.
559 757 702 824 VII.]
730 757 980 810 Locutus
1012 761 1101 833 est
1131 761 1326 811 autem
1359 755 1646 810 Dominus
1670 757 1738 810 ad
1766 756 1985 812 Mosen,

333 847 572 900 dicens:
599 845 860 915 Loquere
891 845 962 898 ad
994 845 1185 900 Aaron
1211 850 1267 899 et
1297 845 1368 899 ad
1395 843 1543 900 ﬁlios
1574 847 1736 912 ejus:
1764 845 1883 898 Ista
1903 853 1992 903 est

338 933 434 987 lex
459 933 664 988 hostiae
697 949 798 1004 pro
832 939 1070 1004 peccato
1097 951 1109 988 :
1145 934 1206 988 In
1239 932 1364 988 loco
1401 933 1504 986 ubi
1554 933 1796 988 oii'ertur
1827 931 1994 987 holo-

339 1026 632 1089 caustum,
648 1021 1054 1076 immolabitur
1071 1038 1265 1076 coram
1286 1020 1844 1076 Domino.Sanctum
1863 1038 1994 1076 san-

334 1113 560 1164 ctorum
595 1112 702 1165 est.
731 1111 1033 1178 Sacerdos,
1062 1111 1159 1180 qui
1194 1111 1393 1165 otl‘eret
1425 1111 1598 1181 [Vulg.
1639 1111 1872 1180 oiTert.],
1898 1127 1994 1165 co-

342 1198 537 1253 medet
568 1214 696 1252 eam
725 1198 783 1252 in
845 1197 970 1253 loco
1032 1205 1256 1268 sancto,
1291 1199 1348 1253 in
1408 1200 1554 1254 atrio
1612 1197 1992 1254 tabernaculi.

338 1286 594 1357 Quiquid
627 1285 708 1358 [h.
735 1287 991 1358 quiquis]
1026 1288 1284 1358 tetigerit
1316 1303 1521 1344 carnes
1553 1287 1601 1357 ej
1616 1305 1706 1352 us,
1734 1287 1992 1342 sanctiﬁ-

347 1376 602 1431 cabitur.
627 1376 687 1430 Si
719 1376 789 1430 de
815 1377 1101 1447 sanguine
1133 1376 1292 1431 illius
1327 1377 1504 1432 vestis
1529 1377 1704 1432 fuerit
1733 1392 1994 1444 aspersa,

353 1465 646 1520 lavabitur
677 1465 735 1518 in
769 1464 893 1519 loco
925 1469 1149 1520 sancto.
1182 1465 1298 1520 Vas
1329 1470 1526 1521 autem
1559 1465 1755 1532 ﬁctile,
1789 1465 1847 1519 in
1880 1481 1994 1535 quo

342 1559 503 1609 cocta
531 1560 640 1624 est,
670 1553 1078 1624 confringatur
1108 1570 1119 1609 :
1147 1556 1301 1624 quod
1339 1555 1386 1609 si
1417 1571 1518 1610 vas
1540 1571 1766 1610 aeneum
1801 1554 1994 1618 fuerit,

341 1642 743 1709 defricabitur,
771 1647 827 1696 et
853 1641 1149 1742 lavabitur
1171 1660 1344 1714 aqua.
1369 1643 1568 1698 Omnis
1602 1642 1904 1698 masculus
1924 1643 1994 1698 de
2030 1678 2074 1742 Β

342 1747 554 1803 genere
580 1729 926 1787 sacerdotali
951 1737 1216 1786 vescatur
1239 1733 1516 1787 carnibus
1540 1732 1689 1802 ejus,
1709 1733 1847 1802 quia
1866 1748 1998 1786 san-

343 1827 503 1875 ctum
539 1824 880 1874 sanctorum
911 1828 1019 1874 est.
1057 1820 1261 1875 Hostia
1291 1820 1445 1876 enim
1471 1837 1596 1890 quae
1627 1821 1867 1875 caeditur
1897 1837 1997 1891 pro

340 1915 597 1981 peccato,
629 1910 800 1978 cujus
832 1909 1144 1980 sanguinis
1178 1909 1432 1964 infertur
1465 1909 1522 1964 in
1557 1909 1998 1964 tabernaculum

342 1997 671 2053 testimonii
705 1997 775 2052 ad
797 1997 1153 2068 expiandum
1188 1997 1245 2051 in
1279 1997 1776 2065 sanotuario,non
1811 2013 1999 2053 come-

359 2087 551 2154 detur,
586 2087 686 2142 sed
719 2087 1097 2142 comburetur
1126 2086 1268 2158 igni.

429 2210 589 2282 [Cap.
609 2210 756 2280 VII.]
783 2215 916 2264 Haec
935 2225 1170 2281 quoque
1191 2215 1280 2265 est
1305 2210 1395 2264 lex
1416 2210 1619 2265 hostiis
1643 2227 1747 2282 pro
1770 2209 2001 2279 delicto,

365 2304 568 2352 sancta
598 2303 934 2352 sanctorum
958 2302 1082 2353 est:
1108 2298 1324 2353 idcirco
1347 2299 1445 2353 ubi
1479 2298 1874 2354 immolabitur
1901 2298 2004 2352 ho-

361 2385 712 2452 locaustum,
734 2386 1084 2440 mactabitur
1112 2392 1168 2440 et
1196 2386 1431 2441 victima
1462 2403 1564 2458 pro
1596 2385 1842 2441 delicto:
1871 2403 2004 2441 san-

369 2476 501 2547 guis
532 2476 661 2545 ejus
694 2490 795 2546 per
809 2491 1015 2546 gyrum
1046 2475 1321 2530 fundetur
1351 2475 1844 2531 altaris.()ﬁ'erent
1860 2491 1928 2529 ex
1943 2491 2010 2529 ea

371 2564 618 2619 caudam
653 2568 710 2619 et
741 2565 995 2634 adipem,
1028 2563 1128 2634 qui
1159 2563 1345 2635 operit
1375 2563 1591 2619 vitalia.
1615 2563 1771 2618 Duos
1793 2580 2006 2618 renun—

368 2652 552 2719 culos,
570 2658 626 2708 et
651 2653 1064 2724 pinguedinem
1093 2653 1520 2723 quaejuxtailia
1540 2658 1648 2723 est,
1665 2652 2010 2708 reticulum-

376 2741 720 2812 quejecoris
742 2757 873 2795 cum
905 2740 1262 2796 ranunculis.
1291 2742 1354 2796 Et
1375 2741 1630 2796 adolebit
1650 2757 1716 2796 ea
1739 2742 2008 2796 sacerdos

370 2847 548 2901 super
569 2829 753 2884 altare
781 2847 794 2883 :
824 2829 1128 2884 incensum
1153 2834 1241 2885 est
1264 2830 1488 2884 Domini
1514 2847 1618 2901 pro
1638 2829 2008 2884 delicto.Om-

367 2921 458 2973 nis
493 2918 794 2974 masculus
825 2920 896 2974 de
927 2918 1272 2973 sacerdotali
1305 2935 1536 2990 genere,
1562 2920 1621 2974 in
1656 2919 1776 2973 loco
1808 2923 2008 2973 sancto

364 3011 629 3063 vescatur
658 3007 752 3062 his
783 3007 1079 3075 carnibus,
1099 3008 1238 3078 quia
1268 3008 1496 3078 sancta[
1525 3008 1676 3078 Vulg.
1713 3006 2005 3080 sanctum]
2037 3041 2080 3106 C

366 3101 704 3152 sanctorum
736 3102 844 3150 est.
869 3097 1030 3150 Sicut
1061 3112 1164 3166 pro
1193 3100 1423 3166 peccato
1441 3096 1908 3166 oﬁ‘erturbostia,
1927 3096 2008 3150 ita

372 3190 428 3239 et
460 3200 563 3255 pro
597 3184 846 3239 delicto:
881 3185 1190 3255 utriusque
1238 3183 1446 3239 hostiae
1495 3184 1581 3239 lex
1613 3201 1730 3240 una
1759 3185 1905 3252 erit;
1939 3186 2006 3238 ad

372 3273 755 3338 sacerdotem,
777 3274 912 3342 quia
927 3288 1051 3327 eam
1069 3272 1366 3338 obtulerit,
1381 3273 1710 3343 pertinebit.
1733 3274 2013 3328 Sacerdos

370 3362 471 3432 qui
494 3362 662 3415 oﬁ‘ert
690 3360 1012 3415 holocausti
1039 3361 1354 3427 victimam,
1381 3361 1617 3416 habebit
1635 3361 1838 3432 pellem
1860 3363 2006 3431 ejus.

370 3450 440 3527 Et
470 3466 640 3504 omne
672 3449 1024 3504 sacriﬁcium
1058 3449 1288 3516 similae,
1322 3451 1474 3520 quod
1507 3451 1776 3522 coquitur
1800 3451 1857 3504 in
1899 3449 2010 3504 cli-

372 3539 544 3605 bano,
568 3538 855 3609 quidquid
881 3542 936 3592 et
958 3538 1013 3591 in
1048 3537 1327 3593 craticula
1348 3537 1435 3593 vel
1466 3540 1520 3593 in
1546 3539 1840 3610 sartagine
1865 3555 1980 3610 pra:
1998 3568 2010 3580 -

373 3631 637 3697 paratur,
662 3628 790 3697 ejus
821 3627 930 3681 erit
959 3627 1282 3681 sacerdotis
1313 3645 1343 3681 a
1375 3643 1490 3698 quo
1523 3629 1799 3683 offertur:
1826 3629 1906 3698 (b.
1931 3632 2009 3699 et)

372 3715 493 3770 sive
524 3714 650 3769 oleo
667 3703 1012 3786 conspersa,
1046 3714 1166 3770 sive
1198 3715 1358 3770 arida
1389 3715 1584 3785 fuerit,
1616 3716 1842 3772 cunctis
1875 3717 2011 3771 ﬁliis

370 3808 562 3858 Aaron
597 3818 876 3858 mensura
907 3819 1074 3874 aequa
1105 3819 1204 3873 per
1234 3803 1500 3875 singulos
1525 3804 1845 3862 devirletur.
1882 3805 2011 3861 Haec

373 3896 464 3947 est
493 3891 585 3946 lex
614 3891 816 3946 hostiae
841 3891 1215 3962 paciﬁcorum
1240 3909 1367 3963 quae
1399 3892 1638 3947 oﬁ‘ertur
1663 3894 1924 3948 Domino.
1951 3894 2008 3949 Si

373 3997 475 4051 pro
497 3981 818 4052 gratiarum
851 3982 1079 4036 actione
1099 3980 1271 4035 fuerit
1295 3981 1534 4049 oblatio,
1561 3982 1802 4037 offerent
1833 3999 2010 4053 panes

370 4069 592 4140 absque
619 4069 901 4124 fermento
931 4085 1277 4141 conspersos
1307 4069 1455 4138 oleo,
1485 4075 1542 4126 et
1572 4069 1783 4141 lagana
1813 4088 2013 4143 azyma

373 4162 550 4212 uncta
579 4157 724 4226 oleo,
748 4163 1092 4229 coctamque
1139 4157 1420 4225 similam,
1469 4164 1528 4213 et
1552 4158 1864 4229 collyridas
1903 4158 2011 4215 olei

371 4243 716 4301 admistione
737 4261 1086 4318 conspersae
1111 4263 1123 4301 :
1151 4263 1331 4318 panes
1355 4263 1587 4317 quoque
1610 4248 2012 4315 fermentatos,

373 4351 502 4389 cum
543 4335 734 4390 hostia
761 4335 1081 4406 gratiarum
1097 4334 1604 4405 ,quaaimmolatur
1617 4352 1719 4406 pro
1733 4337 2010 4406 paciﬁcis:

2097 401 2374 457 carnibus
2406 399 2609 456 hostias
2643 399 3034 470 paciﬁcorum,
3070 414 3198 469 quae
3249 396 3444 451 oblata
3492 400 3582 449 est
3633 393 3741 448 Do-

2097 490 2278 554 mino,
2315 489 2526 560 peribit
2555 489 2625 543 de
2657 486 2889 558 populis
2920 486 3064 542 suis.
3091 486 3156 540 Et
3179 501 3306 556 quae
3342 481 3600 554 tetigerit
3629 481 3741 536 im-

2100 578 2450 632 munditiam
2502 575 2778 644 hominis,
2809 575 2896 631 vel
2936 573 3216 645 jumenti,
3249 574 3370 628 sive
3415 570 3610 626 omnis
3659 568 3741 624 rei

2099 683 2226 738 quae
2263 666 2520 738 polluere
2549 671 2762 738 potest,
2791 670 2849 720 et.
2877 663 3196 720 comederit
3226 663 3296 717 de
3327 657 3741 732 hujuscemodi

2099 757 2392 823 carnibus,
2418 755 2680 810 interibit
2709 755 2778 808 de
2810 752 3042 824 populis
3073 751 3217 806 suis.
3244 751 3622 820 Locutusque
3651 751 3745 802 est

2097 845 2386 901 Dominus
2415 847 2485 899 ad
2516 844 2734 911 Mosen,
2766 843 3004 897 dicens:
3040 845 3299 912 Loquere
3351 837 3490 893 ﬁliis
3523 834 3700 892 Israel
3727 851 3741 888 :

2099 935 2339 1003 Adipem
2389 933 2532 998 ovis,
2566 937 2623 988 et
2669 931 2854 999 b0vis,
2899 935 2956 986 et
3004 946 3212 1000 capras,
3258 945 3374 984 non
3426 925 3745 982 comedetis

2101 1023 2350 1092 Adipem
2381 1021 2678 1077 cadaveris
2703 1018 3019 1084 morticini,
3045 1023 3102 1072 et
3130 1017 3259 1087 ejus
3289 1013 3563 1071 animalis
3587 1011 3744 1084 quod

2102 1129 2137 1167 a
2167 1110 2354 1166 bestia
2386 1115 2622 1181 captum
2671 1113 2780 1175 est,
2815 1107 3107 1164 habebitis
3141 1105 3198 1160 in
3253 1120 3397 1159 usus
3445 1102 3656 1157 varios.
3688 1099 3748 1154 Si

2105 1201 2238 1273 quis
2269 1202 2522 1272 adipem,
2557 1199 2658 1268 qui
2691 1198 2888 1254 oﬁ'erri
2939 1197 3112 1252 debet
3143 1196 3202 1249 in
3235 1195 3543 1249 incensum
3577 1190 3659 1262 (b.
3691 1189 3751 1243 Si

2104 1289 2234 1360 quis
2265 1289 2496 1359 adipem
2528 1286 2872 1343 animalium
2901 1301 3029 1355 quae
3059 1282 3249 1355 θίγεν-νί
3268 1282 3461 1337 debent
3483 1280 3539 1335 in
3572 1277 3750 1334 sacri-

2106 1377 2340 1448 ﬁcium)
2362 1375 2618 1439 Domini,
2651 1373 2991 1438 comederit,
3026 1371 3239 1444 peribit
3270 1372 3342 1426 de
3374 1367 3587 1441 populo
3617 1382 3747 1422 suo.

2105 1466 2465 1537 Sanguinem
2497 1480 2730 1534 quoque
2753 1462 2946 1518 omnis
2968 1459 3242 1516 animalis
3274 1475 3389 1513 non
3420 1455 3666 1513 sumetis
3688 1455 3747 1510 in

2105 1554 2255 1620 cibo,
2289 1559 2408 1609 tam
2441 1555 2512 1608 de
2551 1553 2758 1608 avibus
2787 1567 2963 1620 quam
3010 1551 3082 1605 de
3137 1547 3447 1620 pecoribus
3511 1544 3594 1612 (h.
3627 1559 3747 1599 non

2107 1625 2431 1700 sumetis‘m
2447 1643 2582 1710 cibo,
2604 1642 2664 1698 in
2693 1641 2904 1696 cunctis
2930 1640 3259 1696 habitaculis
3285 1637 3514 1706 vestris).
3540 1633 3747 1689 Omnis

2107 1733 2326 1798 anima,
2359 1748 2486 1803 qua:
2517 1731 2702 1786 ederit
2732 1728 3102 1800 sanguinem,
3135 1727 3350 1798 peribit
3398 1727 3469 1780 de
3517 1721 3749 1794 populis

2105 1823 2253 1877 suis.
2286 1822 2369 1882 (C.
2402 1820 2493 1890 IX)
2527 1821 2903 1889 Locutusque
2946 1823 3036 1874 est
3079 1815 3362 1872 Dominus
3406 1831 3479 1870 an
3529 1816 3749 1878 Mosen,

2109 1911 2349 1966 dicens:
2382 1910 2640 1980 Loquere
2689 1907 2826 1963 ﬁliis
2883 1905 3060 1963 Israel
3121 1905 3274 1975 (Vulg
3321 1903 3448 1959 add.
3484 1901 3749 1971 dicens):

2109 1999 2217 2062 Qui
2261 1999 2429 2054 oﬁ‘ert
2474 1999 2773 2053 victimam
2826 1997 3202 2067 paciﬁcorum
3253 1995 3521 2056 Domino,
3554 1990 3757 2044 offerat

2111 2085 2289 2144 simul
2319 2091 2376 2142 et
2407 2086 2784 2154 sacriﬁcium,
2808 2086 2864 2140 id
2895 2090 3005 2152 est,
3030 2088 3088 2139 et
3114 2082 3440 2138 libamenta
3467 2081 3622 2149 eius.
3646 2082 3753 2132 Te-

2113 2177 2274 2232 nebit
2319 2175 2593 2230 manibus
2647 2175 2879 2244 adipem
2931 2172 3158 2242 hostiae,
3191 2175 3248 2226 et
3303 2166 3754 2240 pectusculum:

2113 2280 2365 2334 cumque
2384 2265 2559 2319 ambo
2591 2262 2787 2318 oblata
2817 2261 3064 2316 Domino
3094 2256 3543 2321 consecraverit,
3569 2255 3757 2309 tradet

2114 2352 2423 2418 sacerdoti,
2455 2351 2555 2422 qui
2610 2350 2867 2406 adolebit
2909 2349 3138 2420 adipem
3186 2363 3364 2417 super
3412 2343 3616 2411 altare,
3649 2358 3754 2414 pe-

2116 2444 2316 2496 ctuscu
2331 2444 2454 2495 lum
2479 2444 2675 2495 autem
2694 2439 2804 2493 erit
2823 2441 3014 2493 Aaron
3030 2441 3086 2491 et
3108 2434 3363 2490 ﬁliorum
3379 2433 3753 2503 ejus.Armus

2116 2545 2348 2600 quoque
2365 2529 2566 2584 dexter
2581 2528 2652 2583 de
2675 2523 3272 2598 paciﬁcorumhostiis
3293 2522 3456 2577 cedet
3476 2520 3532 2574 in
3555 2517 3757 2590 primi-

2115 2619 2229 2674 tias
2253 2617 2594 2674 sacerdotis.
2613 2616 2720 2681 Qui
2747 2614 3024 2671 obtulerit
3045 2612 3393 2684 sanguinem
3420 2613 3478 2664 et
3502 2607 3756 2679 adipem,

2117 2706 2371 2762 ﬁliorum
2405 2709 2610 2770 Aaron,
2645 2705 2770 2776 ipse
2813 2703 3053 2760 habebit
3099 2715 3328 2757 armum
3377 2699 3642 2754 dextrum
3695 2695 3754 2750 in

2116 2793 2380 2867 portione
2410 2810 2536 2849 sua.
2571 2792 2984 2849 Pectusculum
3012 2789 3169 2846 enim
3200 2786 3542 2844 elevationis
3576 2789 3633 2838 et
3660 2800 3757 2838 ar-

2117 2901 2275 2940 mum
2294 2883 2677 2954 separationis
2702 2881 2807 2936 tuli
2829 2899 2860 2936 a
2876 2880 3014 2935 ﬁliis
3033 2877 3208 2934 Israel
3230 2877 3300 2932 de
3322 2875 3532 2932 hostiis
3553 2888 3758 2929 eorum

2117 2973 2397 3044 paciﬁcis,
2428 2977 2486 3028 et
2534 2970 2666 3026 dedi
2727 2976 2915 3024 Aaron
2972 2967 3259 3024 sacerdoti
3317 2981 3383 3020 ac
3433 2963 3573 3018 ﬁliis
3601 2962 3756 3031 ejus,

2118 3061 2243 3131 lege
2274 3065 2571 3132 perpetua,
2605 3061 2675 3115 ab
2706 3059 2859 3115 omni
2891 3058 3108 3130 populo
3142 3053 3442 3123 Israel.(T.
3463 3051 3609 3119 V,B.
3636 3049 3760 3117 IV.)

2122 3153 2249 3206 Haec
2279 3156 2369 3206 est
2401 3149 2596 3205 unctio
2625 3152 2780 3203 Aron
2808 3153 2866 3203 et
2897 3147 3149 3203 ﬁliorum
3199 3145 3331 3216 ejus
3380 3143 3438 3198 in
3486 3154 3764 3196 ceremo-

2120 3239 2235 3294 niis
2264 3238 2519 3307 Domini,
2553 3238 2646 3293 die
2677 3254 2792 3308 qua
2823 3234 3037 3292 obtulit
3067 3251 3167 3290 eos
3217 3234 3435 3300 Moses,
3469 3234 3533 3285 ut
3578 3243 3771 3284 sacer-

2119 3330 2277 3384 dotio
2313 3330 2715 3398 fungerentur,
2747 3331 2803 3381 et
2834 3342 2958 3396 quis
2989 3323 3264 3396 praecepit
3292 3319 3420 3377 dari
3452 3319 3538 3374 eis
3568 3316 3651 3374 Do
3668 3315 3777 3370 mi-

2119 3434 2230 3472 nus
2253 3434 2286 3472 a
2315 3416 2452 3471 ﬁliis
2475 3415 2652 3471 Israel
2687 3413 2966 3486 religione
2993 3416 3277 3484 perpetua
3297 3410 3354 3464 in
3379 3405 3676 3480 generatio
3689 3403 3779 3459 ni—

2119 3505 2230 3562 bus
2266 3506 2412 3560 suis.
2434 3507 2553 3560 Ista
2573 3504 2664 3559 lex
2681 3503 3008 3558 holocausti
3031 3507 3088 3556 et
3109 3498 3382 3556 sacriﬁcii
3407 3513 3510 3569 pro
3533 3498 3782 3567 peccato

2121 3598 2294 3664 atque
2324 3593 2560 3661 delicto,
2593 3597 2649 3649 et
2680 3609 2783 3664 pro
2814 3589 3253 3647 consecratione
3282 3594 3340 3643 et
3389 3584 3774 3658 paciﬁcorum

2116 3681 2411 3750 victimis;
2465 3698 2610 3751 quas
2659 3680 2838 3752 (Vulg.
2876 3680 3076 3751 quam)
3125 3677 3432 3734 constituit
3479 3670 3782 3730 Dominus

2121 3770 2264 3826 Mosi
2328 3770 2386 3824 in
2454 3775 2652 3825 monte
2710 3768 2892 3839 Sinai,
2951 3769 3189 3839 quando
3257 3765 3561 3822 mandavit
3633 3757 3776 3816 ﬁliis

2119 3853 2299 3914 Israel
2318 3864 2380 3913 ut
2401 3859 2675 3914 oﬁ‘errsnt
2698 3856 3023 3913 oblationes
3035 3873 3174 3912 suas
3196 3854 3444 3912 Domino
3466 3854 3525 3910 in
3546 3853 3781 3908 deserto

2120 3947 2304 4004 Sinai.

2197 4073 2277 4141 (C.
2309 4071 2376 4137 X,
2411 4070 2542 4142 Cap.
2575 4071 2755 4142 VIII.)
2790 4071 3165 4142 Locutusque
3213 4074 3304 4125 est
3351 4068 3632 4124 Dominus
3682 4066 3753 4120 ad

2123 4160 2348 4228 Mosen,
2379 4160 2619 4216 dicens:
2655 4159 2816 4215 Tolle
2848 4167 3036 4214 Aaron
3070 4174 3201 4214 cum
3237 4157 3372 4214 ﬁliis
3404 4158 3528 4213 suis
3569 4160 3764 4212 vestes

2124 4265 2346 4316 eorum,
2376 4255 2434 4304 et
2465 4248 2761 4304 unctionis
2809 4249 3025 4317 oleum,
3055 4248 3304 4302 vitulum
3357 4263 3460 4318 pro
3511 4249 3773 4316 peccato,

2127 4337 2275 4391 duos
2307 4339 2539 4402 arietes,
2571 4343 2628 4392 et
2654 4339 2974 4392 canistrum
3007 4353 3140 4392 cum
3173 4335 3416 4408 azymis,
3441 4341 3499 4390 et
3527 4348 3772 4405 congre-

373 4437 442 4477 ex
475 4421 691 4493 quibus
726 4399 881 4477 unus
915 4439 1016 4493 pro
1049 4399 1332 4493 primittis
1363 4399 1637 4478 offeretur
1669 4399 1933 4494 Domino,
1964 4430 2021 4480 et
2052 4399 2098 4463 ι)
2137 4425 2304 4497 gabis
2321 4399 2554 4480 omnem
2573 4431 2783 4481 coetum
2804 4427 2873 4481 ad
2903 4426 3122 4480 ostium
3149 4399 3534 4480 tabernaculi.
3558 4399 3781 4493 (0.3(1.)

374 4511 485 4567 erit
509 4510 826 4566 sacerdotis
859 4511 958 4581 qui
993 4511 1196 4566 fundet
1216 4511 1421 4566 hostiae
1447 4514 1820 4584 sanguinem.
1847 4516 2024 4583 Cujus

375 4617 588 4656 carnes
612 4601 812 4655 eadem
839 4601 1219 4655 comedentur
1249 4601 1476 4665 die,nec
1504 4602 1820 4656 remanebit
1852 4619 1919 4656 ex
1943 4603 2025 4658 eis

373 4689 696 4760 quidquam
723 4705 908 4759 usque
929 4705 1120 4742 mane.
1137 4689 1344 4742 Sivoto
1367 4688 1452 4743 vel
1475 4694 1681 4759 sponte
1704 4691 2020 4762 quisquam

371 4777 647 4834 obtulerit
684 4778 953 4844 hostiam,
994 4778 1195 4832 eadem
1229 4776 1502 4832 similiter
1530 4779 1737 4833 edetur
1765 4780 1893 4834 die:
1920 4781 2018 4836 sed

369 4872 428 4922 et
457 4868 506 4922 si
538 4867 678 4938 quid
719 4867 776 4921 in
827 4866 1154 4921 crastinum
1205 4869 1575 4935 remanserit,
1611 4868 1760 4922 vesci
1792 4867 2018 4924 licitum

366 4961 474 5012 est:
493 4956 780 5027 quidquid
814 4961 1008 5010 autem
1033 4955 1242 5010 tertius
1269 4955 1557 5010 invenerit
1577 4956 1727 5024 dies,
1749 4958 1904 5027 ignis
1927 4959 2022 5011 ab-

366 5050 580 5101 sumet.
600 5045 875 5112 (C.VIII.)
915 5043 1044 5098 Etsi
1070 5043 1203 5114 quis
1230 5045 1300 5097 de
1322 5045 1600 5098 carnibus
1649 5044 1894 5099 victima:
1917 5063 2020 5117 pa-

367 5135 666 5190 ciﬁcorum
699 5133 793 5189 die
823 5133 992 5187 tertio
1030 5131 1379 5196 comederit,
1414 5131 1580 5186 irrita
1630 5133 1729 5187 ﬁet
1775 5134 2016 5189 oblatio.

367 5240 472 5278 nec
537 5222 795 5294 proderit
863 5221 1126 5276 oil‘erenti
1159 5236 1171 5274 :
1207 5218 1346 5289 quin
1405 5225 1604 5290 potius
1656 5237 2019 5292 quaecunque

369 5311 569 5365 anima
599 5310 699 5364 tali
732 5326 794 5364 se
825 5309 1019 5364 edulio
1053 5308 1566 5374 contaminaverit,
1601 5311 2018 5372 praevaricatio-

372 5401 573 5454 nisrea
595 5401 726 5454 erit.
746 5401 913 5461 Caro,
939 5414 1064 5468 qua:
1093 5395 1310 5465 aliquid
1338 5397 1596 5466 tetigerit
1619 5399 2015 5466 immundum,

374 5504 486 5543 non
538 5489 896 5555 comedetur,
931 5486 1030 5541 sed
1091 5483 1470 5538 comburetur
1518 5484 1634 5554 igni
1669 5499 1680 5540 :
1715 5486 1811 5556 qui
1846 5486 2018 5542 fuerit

2142 4514 2292 4568 Fecit
2327 4515 2516 4570 Moses
2549 4519 2614 4568 ut
2642 4514 3352 4584 Dominusimperaverat.
3378 4512 3780 4583 Congregata-

2135 4618 2245 4673 que
2273 4604 2431 4657 omni
2462 4603 2632 4658 turba
2654 4608 2788 4657 ante
2817 4604 2969 4656 fores
2994 4601 3382 4668 tabernaculi,
3402 4601 3483 4657 ait
3509 4618 3522 4656 :
3552 4602 3664 4655 Iste
3685 4603 3776 4653 est

2133 4707 2346 4761 sermo,
2367 4691 2732 4761 quemjussit
2750 4692 3033 4746 Dominus
3051 4689 3194 4745 ﬁeri.
3213 4689 3539 4761 Statimque
3559 4687 3781 4742 obtulit

2134 4783 2320 4835 Aaron
2355 4785 2411 4834 et
2439 4780 2589 4834 ﬁlios
2619 4780 2767 4850 ejus.
2801 4783 3060 4850 Cumque
3108 4778 3345 4834 lavisset
3395 4794 3511 4842 eos,
3545 4774 3784 4831 vestivit

2132 4869 2466 4939 pontiﬁcem
2492 4867 2779 4924 subucula
2802 4869 2974 4933 linea,
2992 4868 3305 4939 accingeris
3328 4883 3462 4922 eum
3488 4865 3783 4932 balteo,et

2133 4957 2384 5011 induens
2441 4959 2624 5028 (Vulg.
2652 4957 2776 5012 add.
2812 4958 2966 5026 eum)
3022 4957 3223 5011 tunica
3282 4954 3694 5025 byacinthyna,
3721 4962 3784 5007 et

2129 5045 2384 5115 desuper
2416 5045 2716 5101 humerale
2747 5045 3049 5116 imposuit,
3082 5045 3238 5115 quod
3289 5044 3622 5114 astringens
3653 5041 3779 5096 cin-

2129 5133 2287 5204 gulo,
2320 5134 2542 5203 aptavit
2573 5134 2864 5200 rationali,
2898 5135 2957 5188 in
2991 5149 3105 5204 quo
3137 5137 3263 5188 erat
3289 5132 3563 5188 Doctrina
3593 5136 3650 5186 et
3671 5130 3778 5186 Ve-

2127 5222 2292 5278 ritas.
2317 5223 2505 5277 Cidari
2531 5239 2766 5294 quoque
2794 5223 2933 5278 texit
2953 5229 3128 5292 caput
3153 5239 3166 5275 :
3200 5227 3258 5276 et
3275 5237 3452 5290 super
3478 5236 3606 5276 eam
3631 5235 3775 5274 con-

2126 5315 2216 5365 tra
2249 5312 2519 5378 frontem,
2556 5313 2753 5382 posuit
2783 5311 3059 5366 laminam
3089 5325 3325 5364 auream
3361 5311 3762 5363 consecratam

2127 5400 2184 5453 in
2221 5399 2704 5465 sanctiﬁcatione,
2736 5401 2889 5455 sicut
2947 5403 3298 5471 praeceperat
3351 5399 3403 5452 ei
3458 5396 3763 5451 Dominus.

2126 5487 2286 5544 Tulit
2308 5494 2364 5542 et
2397 5489 2692 5544 unctionis
2725 5489 2942 5558 oleum,
2966 5503 3081 5560 quo
3104 5487 3296 5543 linivit
3320 5483 3759 5542 tabernaculum
