4080 6186
275 179 351 235 345
1600 174 1813 229 LIBER
1850 175 2190 230 LEVITICI.

3489 167 3596 226 346

271 316 365 358 eum
403 296 532 354 omni
575 295 917 368 supellectili
962 313 1091 351 sua.
1139 296 1404 367 Cumque
1448 295 1824 351 sanctificans
1855 296 1906 361 Α
1937 312 2040 351 nes
2072 302 2204 353 ante
2237 300 2387 356 fores
2428 299 2787 355 tabernaculi
2812 298 2895 369 (h.
2930 294 3293 353 tabernaculi
3320 294 3590 349 testimo-

268 385 722 461 aspersissetaltare
740 392 963 457 septem
988 386 1235 451 vicibus,
1264 386 1427 440 unxit
1449 386 1615 450 illud,
1638 390 1832 439 etom-

270 481 339 534 nia
361 493 468 531 vasa
486 476 620 545 ejus,
657 475 1007 546 labrumque
1041 491 1173 529 cum
1212 476 1335 530 basi
1369 476 1450 545 (h.
1487 474 1705 545 fistula)
1726 490 1833 528 sua

268 563 573 623 sanctiﬁcavit
597 562 739 617 oleo.
762 563 921 626 Quod
950 564 1198 618 fundens
1215 580 1391 634 super
1417 567 1593 634 caput
1616 567 1829 617 Aaron.

268 656 390 710 unxit
414 669 526 707 eum
548 657 600 706 et
631 652 1026 719 consecravit;
1061 652 1213 706 filios
1251 668 1482 723 quoque
1512 653 1640 722 ejus
1671 652 1834 707 obla-

269 751 332 799 tos
355 742 544 796 vestivit
572 740 992 808 tunicislineis,
1024 740 1278 795 etcinxit
1300 740 1489 796 balteo
1514 741 1687 811 (Vulg.
1716 739 1832 795 bal-

267 830 759 901 teis),imposuitque
784 829 1007 896 mitras,
1035 831 1366 899 utjusserat
1390 831 1688 885 Dominus.
1719 830 1831 884 Ob-

267 919 366 973 tulit
382 924 427 973 et
447 917 678 973 vitulum
713 935 816 989 pro
848 923 1099 989 peccato.
1135 919 1396 988 Cumque
1429 934 1607 990 super
1658 922 1835 989 caput

262 1010 355 1078 ejus
380 1007 734 1077 imposuisset
767 1013 981 1076 Aaron,
1008 1013 1066 1062 et
1106 1007 1207 1062 filii
1241 1008 1371 1078 ejus
1412 1024 1623 1063 manus
1673 1023 1832 1070 suas,

264 1095 523 1150 immolavit
564 1112 721 1158 eum,
757 1094 1034 1151 hauriens
1066 1096 1517 1167 sanguinem,fet
1539 1096 1720 1151 tincto
1742 1096 1832 1149 di-

258 1183 361 1255 gito.
389 1183 556 1255 tetigit
584 1200 806 1239 cornua
837 1184 1036 1239 altaris
1069 1201 1169 1254 per
1196 1201 1421 1255 gyrum.
1455 1186 1577 1248 Quo
1608 1184 1833 1255 expiato

258 1277 296 1327 et
312 1273 650 1343 sanctiﬁcata,
676 1273 828 1327 fudit
849 1273 1139 1344 reliquum
1165 1273 1508 1344 sanguinem
1527 1274 1598 1329 ad
1621 1272 1836 1327 funda-

254 1366 406 1415 menta
423 1363 557 1429 ejus.
584 1361 830 1432 Adipem
856 1369 1048 1416 autem
1070 1363 1168 1432 qui
1188 1368 1312 1417 erat
1340 1378 1515 1433 super
1537 1363 1755 1429 vitalia,
1780 1368 1833 1416 et

253 1450 445 1503 reticum
470 1450 693 1519 jecoris,
729 1451 994 1521 duosque
1025 1451 1377 1506 renunculos
1408 1468 1541 1507 cum
1600 1451 1835 1505 arvinu-

250 1535 303 1589 lis
326 1537 450 1606 suis,
479 1537 725 1593 adolevit
756 1555 933 1609 super
963 1539 1147 1593 altare
1173 1556 1185 1593 :
1219 1538 1456 1594 vitulum
1491 1556 1625 1595 cum
1666 1539 1833 1610 pelle,

250 1626 496 1691 carnibus,
524 1632 578 1681 et
608 1628 769 1695 fimo,
802 1644 1069 1681 cremans
1100 1634 1260 1682 extra
1291 1634 1500 1691 castra,
1525 1628 1833 1699 sicutprae-
1868 1659 1912 1723 Β

250 1719 431 1782 ceperat
444 1715 736 1770 Dominus.
756 1715 977 1771 Obtulit
990 1723 1046 1770 et
1059 1717 1301 1772 arietem
1318 1717 1373 1771 in
1399 1716 1806 1772 holocaustum
1819 1757 1832 1780 ,

249 1818 385 1871 super
411 1804 571 1871 cujus
604 1810 782 1875 caput
812 1822 945 1860 cum
977 1804 1397 1875 imposuissent
1427 1808 1609 1860 Aaron
1643 1810 1700 1860 et
1732 1804 1832 1859 ﬁlii

250 1890 341 1958 ejus
368 1907 557 1945 manus
587 1909 753 1960 suas,
789 1893 1115 1949 immolavit
1143 1910 1303 1960 eum,
1334 1898 1392 1948 et
1423 1894 1832 1965 fuditsangui-

244 1995 340 2034 nem
355 1981 465 2050 ejus
490 1999 669 2053 super
683 1984 863 2039 altare
885 2001 987 2055 per
1031 1984 1339 2039 circuitum
1366 1986 1545 2055 (Vulg.
1600 2000 1702 2054 per
1721 1985 1832 2038 cir-

246 2068 415 2123 cuitum
445 2070 689 2139 altaris).
718 2076 1036 2142 Ipsumque
1066 2074 1306 2128 arietem
1339 2075 1397 2127 in
1432 2074 1617 2127 frusta
1648 2072 1835 2128 conci-

242 2155 369 2222 dens,
389 2165 553 2229 caput
583 2162 735 2230 ejus,
769 2166 825 2216 et
854 2166 1035 2228 artus,
1069 2171 1121 2217 et
1153 2161 1384 2233 adipem
1418 2161 1667 2217 adolevit
1688 2162 1831 2233 igni,

243 2241 343 2298 lotis
370 2247 518 2317 prius
544 2250 848 2305 intestinis
879 2255 935 2304 et
982 2251 1250 2320 pedibus,
1306 2255 1615 2321 totumque
1655 2251 1833 2306 simul

242 2334 432 2389 arietem
460 2336 723 2393 incendit
753 2355 931 2409 super
960 2339 1161 2405 altare,
1196 2355 1260 2393 eo
1292 2340 1445 2410 quod
1487 2344 1640 2395 esset
1670 2340 1832 2395 bolo-

241 2428 455 2478 caestum
488 2426 828 2481 suavissimi
862 2427 1058 2482 odoris
1090 2427 1356 2497 Domino,
1374 2427 1527 2483 sicut
1549 2445 1832 2500 praecepe-

237 2516 304 2563 rat
327 2512 388 2565 ei.
411 2513 631 2569 Obtulit
662 2520 720 2570 et
747 2517 984 2571 arietem
1017 2512 1363 2584 secundum,
1414 2518 1471 2572 in
1529 2534 1833 2574 consecra-

242 2596 364 2653 tione
376 2603 769 2668 sacerdotum,
790 2609 1265 2675 possueruntque
1287 2610 1650 2675 supercaput
1676 2604 1833 2659 illius

236 2687 388 2743 Aaron
420 2694 473 2745 et
504 2691 611 2745 filii
625 2694 757 2763 ejus
775 2709 981 2747 manus
1000 2710 1152 2748 suas.
1178 2693 1359 2755 Quem
1375 2709 1505 2748 cum
1531 2695 1834 2750 immolas-

238 2780 498 2849 setMoses,
517 2798 768 2837 sumens
790 2783 860 2836 de
874 2782 1178 2853 sanguine,
1196 2783 1715 2854 Ietigitextremum
1731 2800 1834 2839 au-

237 2865 398 2921 riculae
425 2869 642 2925 dextra
676 2878 894 2939 Aaron,
925 2874 981 2926 et
1010 2870 1275 2942 pollicem
1308 2889 1520 2927 manus
1550 2873 1677 2942 ejus
1709 2873 1839 2927 dex-

236 2956 330 3019 trae,
358 2957 625 3015 similiter
645 2965 705 3015 et
726 2960 911 3031 pedis.
936 2960 1161 3016 Obtulit
1182 2965 1237 3015 et
1258 2960 1408 3015 ﬁlios
1424 2963 1635 3017 Aaron.
1658 2963 1836 3018 Cum-

1942 388 2135 451 nii),et
2164 388 2576 459 ibijcomedetis
2596 406 2718 445 eas.
2741 384 3171 458 Panesquoque
3194 383 3594 440 consecratio-

1941 476 2035 530 nis
2065 478 2218 531 edite
2248 479 2347 549 qui
2380 479 2548 548 positi
2584 478 2801 534 suntin
2833 478 3112 544 canistro,
3136 473 3287 529 sicut
3311 472 3589 543 praecepit

1942 564 2088 619 mihi
2123 567 2423 633 Dominus,
2451 568 2688 622 dicens:
2716 573 2905 621 Aaron
2929 570 2981 619 et
3004 563 3251 634 ﬁliiejus
3277 561 3591 616 comedent

1940 669 2072 709 eos:
2097 654 2381 725 quidquid
2395 660 2589 711 autem
2606 655 2900 725 reliquum
2926 654 3102 709 fuerit
3122 652 3193 707 de
3214 666 3387 705 carne
3408 653 3464 703 et
3491 666 3589 721 pa-

1942 742 2137 809 nibus,
2170 744 2323 815 ignis
2357 745 2646 799 absumet.
2680 744 2761 799 De
2790 743 2937 799 ostio
2961 757 3195 814 quoque
3219 740 3587 798 tabernaculi

1942 849 2058 887 non
2088 833 2321 889 exibitis
2349 839 2571 906 septem
2603 834 2830 903 diebus,
2885 849 3073 904 usque
3122 833 3194 888 ad
3253 832 3408 887 diem
3468 847 3585 902 quo

1942 921 2334 993 complebitur
2362 929 2594 994 tempus
2624 920 3082 979 consecrationis
3112 925 3334 977 vestrae.
3351 923 3581 992 Septem

1942 1013 2099 1065 enim
2122 1011 2329 1067 diebus
2354 1012 2555 1067 {initur
2573 1011 2966 1067 consecratio:
2993 1008 3144 1065 sicut
3165 1012 3224 1063 et
3240 1008 3585 1079 impraesen-

1941 1100 2158 1155 tiarum
2199 1102 2415 1157 factum
2448 1106 2555 1169 est,
2590 1105 2656 1157 ut
2686 1099 2835 1156 ritus
2886 1097 3161 1154 sacrificii
3220 1097 3587 1167 compleatur

1944 1190 2137 1260 (Vulg.
2162 1206 2289 1245 com
2297 1190 2699 1261 pleretur).Die
2720 1204 2785 1244 ac
2802 1192 2968 1244 nocte
2990 1184 3301 1241 manebitis
3317 1184 3377 1238 in
3396 1183 3587 1238 taber-

1943 1278 2154 1335 naculo
2184 1280 2563 1335 observantes
2594 1278 2894 1335 custodias
2924 1275 3179 1340 Domini,
3239 1290 3310 1328 ne
3369 1270 3585 1326 moria-

1945 1368 2087 1423 mini
2116 1385 2128 1422 :
2162 1369 2245 1423 sic
2265 1368 2421 1423 enim
2455 1368 2598 1422 mihi
2632 1371 2984 1439 praaceptum
3028 1368 3133 1419 est.
3187 1365 3589 1430 Feceruntquc

1940 1463 2137 1511 Aaron
2169 1461 2226 1512 et
2258 1457 2359 1512 ﬁlii
2381 1459 2510 1528 ejus
2542 1464 2750 1512 cuncta
2782 1472 2910 1526 quae
2935 1454 3171 1509 locutus
3193 1455 3282 1507 est
3307 1449 3589 1504 Dominus

1945 1562 2049 1617 per
2070 1562 2309 1600 manum
2346 1546 2512 1602 Mosi.

2018 1636 2178 1706 ((‘ap.
2209 1636 2332 1705 IX.)
2361 1636 2531 1690 Facto
2565 1638 2759 1689 autem
2788 1637 2990 1689 octavo
3014 1631 3129 1697 die,
3151 1627 3374 1685 vocavit
3396 1626 3587 1681 Moses

1940 1725 2131 1779 Aaron
2163 1730 2221 1779 et
2251 1723 2402 1779 filios
2433 1726 2581 1794 ejus,
2616 1739 2679 1777 ac
2712 1722 2962 1788 majores
2992 1724 3132 1774 natu
3168 1716 3365 1783 Israel,
3416 1713 3585 1768 dixit-

1942 1828 2055 1883 que
2086 1814 2156 1867 ad
2189 1815 2380 1868 Aaron
2403 1828 2421 1865 :
2451 1811 2609 1867 Tolle
2647 1813 2716 1867 de
2746 1814 3014 1866 armento
3046 1805 3295 1862 vitulum
3327 1820 3429 1875 pro
3449 1818 3582 1873 pec-

1943 1907 2093 1967 cato,
2146 1906 2202 1956 et
2248 1902 2489 1957 arietem
2521 1902 2578 1955 in
2614 1900 3036 1965 holocaustum,
3098 1901 3415 1965 utrumque
3473 1892 3583 1945 im-

1944 1990 2327 2057 maculatum,
2362 1996 2418 2045 et
2475 1990 2617 2046 offer
2672 1989 2806 2044 illos
2863 2002 3059 2043 coram
3096 1984 3364 2039 Domino.
3397 1981 3465 2035 Et
3510 1979 3583 2034 ad

1942 2078 2096 2133 filios
2127 2078 2301 2132 Israel
2335 2076 2589 2148 loqueris
2617 2092 2629 2130 :
2664 2075 2875 2131 Tollite
2906 2074 3133 2129 hircum
3165 2086 3268 2142 pro
3321 2071 3577 2141 peccato,

1942 2172 1998 2222 et
2028 2166 2274 2221 vitulum
2307 2171 2482 2236 atque
2505 2181 2720 2238 agnum
2748 2162 3076 2226 anniculos,
3108 2166 3166 2215 et
3181 2159 3307 2214 sine
3330 2154 3587 2222 macula,

1942 2255 2000 2310 in
2035 2255 2466 2323 holocaustum,
2500 2255 2703 2309 bovem
2745 2258 2802 2308 et
2850 2252 3090 2307 arietem
3126 2264 3229 2321 pro
3276 2244 3536 2318 pacificis
3568 2259 3584 2309 ;

1942 2350 1999 2399 et
2028 2343 2328 2399 immolata
2357 2360 2456 2399 eos
2514 2358 2711 2398 coram
2741 2340 3007 2409 Domino,
3041 2340 3100 2394 in
3132 2335 3421 2393 sacriﬁcio
3463 2334 3590 2389 sin-

1941 2432 2211 2502 gulorum
2243 2432 2500 2487 similam
2520 2431 2645 2487 oleo
2666 2444 3041 2501 conspersum
3058 2427 3385 2483 offerentes.
3403 2422 3587 2479 Hodie

1943 2520 2388 2577 enimDominus
2402 2520 2708 2591 apparebit
2725 2516 3350 2584 vobis.Tuleruntergo
3371 2514 3587 2567 cuncta

1944 2626 2075 2682 quas
2097 2610 2360 2679 jusserat
2398 2613 2584 2663 Moses
2644 2609 2715 2662 ad
2776 2607 2993 2661 ostium
3032 2600 3435 2667 tabernaculi,
3483 2598 3584 2653 ubi

1944 2715 2077 2754 cum
2112 2699 2301 2754 omnis
2333 2702 2549 2753 astaret
2578 2696 2916 2762 multitudo,
2950 2694 3028 2749 ait
3058 2693 3284 2749 Moses:
3350 2690 3466 2744 Iste
3497 2690 3586 2742 est

1945 2803 2159 2857 sermo,
2191 2802 2367 2858 quem
2402 2787 2672 2857 praecepit
2701 2783 3023 2839 Dominus:
3054 2781 3244 2847 facite,
3287 2783 3346 2834 et
3400 2791 3583 2847 appa-

1946 2877 2095 2933 rebit
2122 2876 2285 2932 vobis
2316 2875 2501 2946 gloria
2532 2876 2680 2946 ejus.
2710 2873 2982 2943 Dixitque
3013 2871 3083 2927 ad
3109 2872 3298 2925 Aaron
3326 2884 3339 2922 :
3365 2864 3586 2920 Accede

1950 2968 2021 3023 ad
2056 2966 2257 3033 altare,
2289 2970 2346 3019 et
2376 2963 2617 3019 immola
2648 2979 2746 3033 pro
2777 2966 3012 3034 peccato
3042 2965 3142 3015 tuo
3169 2974 3182 3012 :
3218 2957 3361 3014 offer
3417 2952 3584 3009 holo-

230 3016 393 3111 querde
408 3016 1834 3120 sanguinearietisimmolatiteligissetextremum
1868 3016 1911 3084 α
1951 3016 2672 3123 cauetur—11,,
2700 3016 2803 3121 pro
2832 3016 2975 3105 teet
3007 3064 3108 3119 pro
3142 3045 3375 3119 papulo.
3408 3044 3584 3099 Cum-

235 3135 469 3190 suriculaa
492 3136 875 3210 singulorum
908 3138 1145 3207 dextrae,
1175 3143 1231 3193 et
1264 3138 1501 3208 pollices
1532 3156 1738 3194 manus
1769 3156 1835 3194 ac

228 3222 361 3290 pedis
380 3225 585 3296 dextri,
613 3226 910 3297 reliquum
948 3227 1095 3282 fudit
1112 3243 1288 3298 super
1310 3228 1489 3283 altare
1512 3245 1613 3299 per
1634 3228 1838 3283 circui-

226 3313 322 3364 tum
346 3329 357 3367 :
388 3315 619 3385 adipem
648 3331 804 3382 vero,
831 3317 1513 3388 etcaudam,on:nemque
1537 3318 1836 3388 pinguedi-

229 3412 328 3454 nem
356 3417 476 3472 quaz
507 3404 1007 3476 operitintestina
1037 3405 1472 3477 reticulumque
1511 3407 1748 3477 jecoris,
1782 3414 1838 3462 et

228 3486 338 3544 duos
366 3508 528 3547 renes
560 3510 704 3548 cum
733 3494 1007 3565 adipibus
1037 3495 1163 3550 suis
1194 3504 1245 3550 et
1277 3512 1440 3550 armo
1456 3496 1654 3550 dextro
1668 3512 1838 3567 sepa-

233 3577 347 3633 ravit
395 3581 628 3637 Tollcns
664 3589 863 3637 autem
894 3584 965 3637 de
996 3584 1249 3638 canistro
1274 3601 1633 3656 azymorum,
1679 3587 1830 3656 quod

226 3673 315 3720 erat
339 3685 523 3725 coram
560 3671 842 3740 Domino,
875 3689 1084 3742 panem
1144 3674 1361 3744 absque
1418 3678 1725 3743 t'ermento,
1782 3681 1839 3731 et

228 3754 522 3828 collyridam
538 3777 927 3832 consparsam
943 3761 1089 3826 oleo,
1113 3762 1424 3834 laganumq
1436 3780 1506 3818 ue
1518 3764 1715 3833 posuit
1738 3781 1835 3819 su-

225 3857 299 3910 per
324 3847 599 3918 adipesjet
622 3865 859 3904 armum
876 3850 1170 3919 dextrum,
1192 3852 1430 3907 tradens
1451 3852 1625 3907 simul
1643 3854 1839 3907 omnia

223 3932 371 3989 Aaron
402 3943 454 3991 et
484 3939 631 3993 {iiiis
667 3940 822 4008 ejus.
864 3939 971 4003 Qui
1016 3944 1326 4010 postquam
1378 3940 1715 3997 levaverunt
1772 3958 1839 3997 ea

221 4035 376 4079 coram
408 4027 665 4082 Domino
700 4029 741 4091 ¹,
776 4043 1012 4082 rursum
1035 4032 1310 4099 suscepta
1340 4029 1410 4083 de
1435 4030 1709 4084 manibus
1740 4047 1837 4086 eo-

222 4124 341 4181 rum,
382 4116 639 4171 adolevit
690 4133 866 4187 super
908 4116 1090 4171 altare
1150 4118 1495 4188 holocausti,
1556 4134 1621 4173 eo
1682 4120 1835 4189 quod

219 4207 646 4262 consecrationis
680 4211 835 4261 esset
865 4206 1102 4273 oblatio,
1146 4209 1205 4262 in
1238 4208 1474 4263 odorem
1534 4209 1839 4264 suavitatis

221 4294 443 4349 sacriﬁcii
480 4298 759 4352 Domino.
808 4295 963 4350 'I‘ulit
1022 4302 1078 4352 et
1126 4297 1557 4368 pectusculum,
1603 4298 1837 4354 elevans

1945 3160 2056 3216 que
2089 3142 2431 3198 mactaveris
2454 3141 2709 3197 hostiam
2742 3138 2967 3211 populi,
2998 3154 3099 3193 ora
3149 3152 3252 3207 pro
3284 3150 3372 3202 eo,
3431 3131 3586 3186 sicut

1942 3232 2216 3304 praecepit
2236 3232 2539 3287 Dominus.
2571 3230 2898 3299 Statimque
2929 3229 3117 3282 Aaron
3169 3223 3451 3280 accedens
3511 3219 3583 3273 ad

1944 3322 2146 3387 altare,
2174 3318 2564 3375 immmolavit
2584 3317 2832 3372 vitulum
2853 3333 2955 3387 pro
2986 3318 3223 3387 peccato
3245 3328 3351 3367 suo
3375 3330 3391 3378 ;
3414 3309 3587 3380 cujus

1946 3410 2294 3481 sanguinem
2326 3407 2664 3463 obtulerunt
2693 3408 2752 3461 ei-
2777 3406 2882 3460 filii
2912 3406 3006 3461 sui
3033 3422 3047 3470 ;
3080 3404 3139 3457 in
3185 3418 3299 3473 quo
3353 3398 3589 3470 tingens

1946 3499 2218 3570 digitum,
2252 3497 2441 3567 tetigit
2469 3513 2687 3552 cornua
2716 3494 2941 3561 altaris,
2972 3499 3031 3548 et
3080 3491 3231 3547 fudit
3287 3488 3587 3545 residuum

1947 3589 2017 3645 ad
2050 3587 2235 3643 basim
2263 3587 2412 3655 ejus.
2472 3585 2838 3656 Adipemque
2884 3586 2941 3637 et
2998 3579 3351 3636 renunculos
3382 3593 3447 3632 ac
3496 3591 3586 3629 re-

1946 3678 2190 3733 ticulum
2217 3676 2451 3746 jecoris,
2502 3691 2629 3746 quae
2686 3678 2827 3727 sunt
2871 3686 2973 3743 pro
3032 3673 3289 3741 peccato,
3341 3662 3590 3720 adolevit

1946 3784 2124 3839 super
2154 3766 2355 3830 altare,
2389 3765 2542 3819 sicut
2571 3765 2922 3835 praeceperat
2943 3758 3227 3815 Dominus
3252 3753 3397 3810 Mosi
3424 3767 3585 3820 ;car-

1948 3873 2049 3911 nes
2084 3871 2214 3910 vero
2247 3852 2521 3924 etpellem
2548 3853 2675 3921 ejus
2698 3854 2858 3905 extra
2880 3853 3072 3904 castra
3094 3844 3418 3899 combussit
3440 3839 3585 3910 igni.

1945 3943 2275 4000 Immolavit
2300 3946 2355 3997 et
2385 3939 2708 3995 holocausti
2765 3937 3088 4004 victimam,
3130 3930 3587 3998 obtuleruntque

1948 4033 1997 4088 ei
2032 4033 2133 4087 ﬁlii
2168 4031 2257 4086 sui
2282 4030 2628 4101 sanguinem
2658 4028 2807 4097 ejus,
2831 4039 3005 4096 quem
3039 4022 3189 4076 fudit
3233 4035 3331 4089 per
3385 4016 3587 4071 altaris

1945 4122 2276 4177 circuitum.
2311 4121 2495 4189 Ipsam
2528 4116 2702 4171 etiam
2747 4114 2996 4169 hostiam
3026 4112 3086 4165 in
3145 4112 3334 4164 frusta
3390 4104 3582 4160 conci-

1947 4227 2096 4267 sam.
2130 4225 2262 4265 cum
2296 4208 2486 4278 capite
2518 4211 2576 4261 et
2603 4203 2887 4259 membris
2937 4198 3189 4271 singulis
3219 4196 3585 4252 obtulerunt.

1946 4302 2081 4365 Quae
2113 4297 2308 4353 omnia
2339 4312 2515 4366 super
2544 4293 2722 4348 altare
2750 4289 3011 4346 cremavit
3036 4286 3155 4359 igni
3181 4286 3262 4356 (h.
3314 4300 3429 4339 non
3489 4282 3588 4365 ba-

216 4377 326 4436 illud
356 4401 550 4441 coram
593 4385 870 4449 Domino,
915 4386 985 4439 de
1033 4362 1211 4441 ariete
1262 4362 1718 4442 consecrationis
1776 4388 1837 4443 in
1868 4374 1913 4438 D
1947 4362 2084 4459 bet),
2118 4387 2253 4442 lotis
2284 4362 2448 4456 prius
2480 4399 2633 4453 aqua
2662 4380 2959 4436 intestinis
2984 4383 3041 4433 et
3071 4376 3339 4447 pedibus.
3386 4373 3455 4426 Et
3485 4362 3587 4442 pro

217 4478 403 4533 partem
433 4491 613 4529 suam
678 4473 763 4544 (h.
817 4473 875 4527 in
920 4478 1141 4544 partem
1195 4491 1361 4529 suam
1395 4476 1629 4547 Moses),
1684 4475 1839 4531 sicut

216 4570 531 4632 praeceperat
552 4562 609 4618 ei
642 4562 949 4616 Dominus.
982 4565 1427 4634 Assumensque
1468 4570 1836 4635 unguentum

215 4652 619 4721 etsanguinem
657 4651 758 4720 qui
795 4656 919 4705 erat
950 4667 1129 4722 super
1159 4651 1342 4706 altare
1386 4653 1567 4719 (Vulg.
1622 4652 1838 4721 altari),

213 4738 420 4806 aspersit
451 4756 645 4812 super
678 4742 867 4793 Aaron
899 4744 955 4793 et
985 4738 1333 4794 vestimenta
1379 4741 1531 4811 ejus,
1563 4746 1620 4795 et
1666 4758 1842 4811 super

214 4822 332 4879 ﬁlios
361 4828 519 4883 illius
554 4844 630 4884 ac
668 4833 860 4882 vestes
888 4842 1111 4883 eorum.
1139 4830 1399 4900 Cumque
1415 4829 1840 4885 sanctiﬁcasset

214 4927 288 4969 eos
314 4916 366 4969 in
399 4918 626 4971 vestitu
665 4932 776 4970 suo
799 4915 881 4985 (h.
906 4914 1169 4987 Cumque
1190 4916 1647 4972 sanctiﬁcassset
1664 4933 1763 4973 eos
1786 4922 1842 4972 et

214 5010 364 5059 vestes
394 5006 664 5074 eorum),
700 5004 973 5075 praecepit
1003 5004 1108 5072 eis,
1142 5004 1378 5061 dicens:
1412 5006 1653 5077 Coquite
1712 5023 1839 5061 car-

266 5185 277 5213 ¹
306 5182 421 5237 Non
457 5184 801 5253 incongrua
834 5198 1009 5238 sensu
1043 5183 1261 5237 habent
1290 5182 1385 5238 hic
1420 5200 1629 5251 canon,
1671 5189 1728 5238 et
1780 5189 1837 5238 S.

217 5248 453 5310 Germani
488 5272 609 5310 ms.
649 5248 849 5320 codex,
898 5270 1061 5308 num.
1095 5254 1147 5325 3,
1195 5260 1483 5325 postquam
1532 5248 1842 5311 libaverant

216 5338 257 5374 ea
276 5341 439 5381 coram
472 5328 741 5390 Domino,
776 5325 961 5378 Mam.

270 5424 326 5435 -
352 5400 607 5462 Quidam
648 5411 830 5469 pones
863 5394 1302 5469 Martianums,
1354 5396 1685 5463 libaverant,
1739 5412 1841 5469 pro

218 5464 518 5537 tumuerunt,
556 5464 720 5525 satis
744 5467 1011 5534 absurde,
1060 5467 1347 5538 quidquid
1399 5470 1508 5539 ipsi
1554 5464 1839 5537 videat-ur,

1948 4481 2181 4548 peccato
2213 4473 2412 4546 populi
2433 4472 2681 4528 offerens
2713 4468 2989 4525 mactavit
3021 4466 3287 4520 hircum:
3323 4462 3587 4548 expiato-

1950 4547 2063 4638 que
2096 4564 2263 4619 altari
2298 4563 2379 4635 (h.
2418 4578 2531 4632 quo
2562 4560 2676 4616 loto
2716 4565 2892 4629 atque
2939 4555 3177 4624 oblato),
3236 4552 3373 4606 fecit
3421 4547 3586 4605 holo-

1947 4658 2246 4718 caustum,
2305 4651 2527 4705 addens
2582 4649 2643 4703 in
2696 4646 2980 4703 sacriﬁcio
3040 4644 3385 4705 libamenta,
3458 4656 3587 4709 quae

1949 4744 2168 4815 pariter
2197 4741 2539 4805 offeruntur,
2572 4743 2629 4792 et
2659 4736 2896 4792 adolens
2928 4750 2996 4789 ea
3025 4747 3201 4802 super
3228 4728 3431 4794 altare,
3454 4727 3588 4782 abs-

1949 4848 2063 4903 que
2101 4829 2459 4885 cazrcmoniis
2518 4824 2841 4881 holocausti
2903 4821 3195 4877 matutini.
3259 4815 3591 4903 Immolavit

1948 4902 2006 4976 et
2034 4921 2239 4975 bovem
2274 4921 2449 4988 atque
2478 4914 2739 4983 arietem,
2773 4912 2995 4967 hostias
3026 4909 3298 4980 paciﬁcas
3350 4902 3543 4975 populi
3575 4918 3589 4969 ;

1949 5006 2404 5077 obtuleruntque
2433 5004 2481 5059 ei
2523 5003 2627 5057 ﬁlii
2659 5002 2749 5058 sui
2798 4999 3170 5071 sanguinem,
3217 5010 3391 5067 quem
3443 4990 3594 5046 fudit

1950 5202 2138 5257 neque
2156 5177 3130 5257 enimdegustareHebrwislicebat
3151 5192 3278 5257 quae
3296 5173 3592 5251 otl'errent:

1952 5249 2292 5313 Latinorum
2324 5255 2375 5309 is
2398 5249 2485 5309 est
2516 5253 2889 5307 librariorum
2942 5249 3223 5323 solemnis
3270 5259 3449 5323 error,
3487 5249 3587 5323 qui

1950 5329 2173 5384 litteras
2206 5328 2226 5381 Ι
2260 5343 2360 5397 pro
2391 5331 2458 5393 E,
2502 5331 2558 5381 ct
2590 5326 2628 5380 Β
2661 5342 2763 5396 pro
2795 5326 2854 5391 V,
2880 5340 2948 5378 ex
2978 5321 3135 5391 vulgi
3167 5318 3589 5389 pronuntiatio-

1952 5417 2023 5456 ne
2044 5398 2476 5454 substitununt.
