4080 6186
334 358 444 418 347
1367 368 1428 420 S.
1470 365 1880 421 HIBRONYMI
1923 365 2174 420 DIVINA
2211 363 2710 420 BIBIJUTHECA.

3635 362 3750 418 348

335 491 708 562 superaltare
728 493 788 549 in
819 492 1308 564 circuitu.Adipes
1323 496 1517 548 autem
1555 491 1740 557 bovis,
1777 494 1982 545 etcau-
2017 495 2066 560 Α
2099 487 2236 544 ﬁliis
2270 488 2388 544 tuis
2417 489 2489 543 de
2509 487 2906 544 oblationibus
2936 487 3189 553 Domini,
3223 486 3745 560 sicutpraeceptum

338 580 472 634 dam
505 582 706 637 arietis
731 582 813 653 (h.
849 582 1086 653 Adipem
1119 585 1315 636 autem
1353 579 1515 636 bovis
1559 585 1616 634 et
1645 578 1866 646 arietis,
1927 582 1984 632 et

335 669 581 725 caudam
614 670 832 740 arietis)
863 669 1338 740 renunculosque
1373 684 1504 723 cum
1540 667 1812 738 adipibus
1833 668 1981 737 suis,

337 762 394 811 et
417 757 722 813 reticulum
747 757 964 829 jecoris
983 761 1307 829 posuerunt
1330 773 1506 828 super
1535 761 1789 826 pectora.
1805 754 1980 810 Cum-

335 860 448 914 que
478 846 719 900 cremati
751 853 951 902 essent
981 847 1181 917 adipes
1200 846 1256 900 in
1282 844 1476 914 altari,
1497 849 1730 916 pectora
1752 859 1978 912 eorum,

331 940 386 988 et
415 950 610 991 armos
640 937 872 993 dextros
904 937 1198 1008 separavit
1242 937 1448 1001 Aaron,
1505 935 1736 990 elevans
1783 951 1978 990 coram

334 1023 598 1091 Domino,
633 1023 786 1080 sicut
815 1029 1171 1096 praeceperat
1202 1024 1417 1080 Moses.
1453 1025 1522 1078 Et
1542 1025 1788 1078 tendens
1846 1039 1979 1076 ma-

331 1127 472 1166 num
505 1119 707 1168 contra
737 1114 1020 1185 populum
1054 1117 1095 1179 1,
1130 1114 1428 1169 benedixit
1458 1113 1527 1168 ei.
1563 1112 1774 1190 Sicque
1821 1128 1979 1165 com-

330 1199 500 1270 pletis
527 1201 738 1258 hostiis
770 1219 872 1274 pro
897 1207 1152 1273 peccato,
1185 1208 1243 1257 et
1276 1200 1658 1270 holocaustis,
1693 1206 1750 1255 et
1781 1200 1978 1271 paciﬁ-

330 1288 436 1357 cis,
473 1290 796 1346 descendit.
828 1290 1084 1362 Ingressi
1117 1296 1312 1346 autem
1345 1297 1404 1345 et
1433 1291 1623 1345 Moses
1683 1293 1740 1344 et
1784 1295 1976 1345 Aaron

327 1378 770 1433 tabernaculum
795 1379 1142 1444 testimonii,
1175 1385 1233 1434 et
1263 1379 1546 1449 deinceps
1584 1378 1828 1450 egressi,
1885 1377 1979 1432 be-

327 1466 678 1522 nedixerunt
711 1468 944 1539 populo.
977 1469 1065 1535 (B.
1097 1467 1192 1538 V.)
1225 1468 1626 1539 Apparuitque
1654 1466 1836 1538 gloria
1866 1466 1975 1520 De-

332 1554 473 1608 mini
495 1557 651 1610 omni
687 1557 1074 1617 multitudini.
1107 1562 1165 1611 et
1186 1572 1319 1611 ecce
1346 1571 1619 1628 egressus
1641 1554 1795 1628 ignis
1817 1572 1849 1610 a
1869 1554 1975 1609 Do-

331 1643 511 1711 mino,
539 1646 829 1700 devoravit
858 1645 1294 1711 holocaustum,
1329 1650 1385 1700 et
1417 1645 1620 1716 adipes
1659 1645 1759 1716 qui
1807 1649 1976 1700 erant

329 1747 508 1802 super
535 1733 737 1788 altare.
775 1735 936 1798 Quod
970 1751 1104 1789 cum
1125 1735 1414 1790 vidissent
1454 1734 1659 1800 turbae,
1701 1734 1973 1789 laudave-

329 1827 468 1875 runt
499 1821 837 1892 Dominum,
868 1827 1106 1878 ruentes
1126 1824 1185 1878 in
1220 1822 1397 1878 facies
1421 1839 1579 1878 suas.

400 1909 479 1977 (C.
513 1912 644 1966 XII.
682 1913 808 1980 Cap.
843 1910 941 1982 X.)
962 1911 1348 1982 Arreptisque
1367 1911 1571 1967 Nadab
1603 1914 1659 1965 et
1685 1910 1835 1965 Abiu
1866 1909 1969 1964 ﬁlii

331 1999 514 2054 Aaron
532 1999 875 2062 thuribulis,
923 2006 1246 2071 posuerunt
1263 1999 1456 2072 ignem
1480 1999 1856 2054 etincensum
1878 1999 1974 2053 de-

327 2103 525 2159 super,
557 2091 864 2145 oti‘erentes
896 2105 1090 2144 coram
1131 2089 1382 2144 Domino
1427 2088 1626 2160 ignem
1667 2087 1928 2142 alienum
1951 2105 1971 2142 :

326 2177 481 2247 quod
514 2177 599 2232 eis
622 2183 973 2248 praeceptum
1012 2195 1128 2233 non
1155 2182 1297 2233 erat.
1335 2177 1728 2247 Egressusque
1761 2174 1916 2245 ignis
1937 2192 1970 2230 a

327 2263 598 2331 Domino,
622 2265 920 2321 devoravit
949 2283 1069 2332 eos,
1103 2271 1161 2320 et
1192 2268 1408 2320 mortui
1442 2269 1579 2320 sunt
1609 2279 1806 2318 coram
1861 2270 1968 2318 Uo-

326 2351 508 2407 mino.
531 2353 687 2407 Dixit
715 2353 904 2409 Moses
936 2357 1007 2409 ad
1039 2357 1226 2410 Aaron
1253 2346 1280 2408 :'
1301 2354 1418 2408 Hoc
1447 2358 1538 2409 est
1566 2353 1719 2423 quod
1740 2351 1970 2406 locutus

323 2440 700 2496 estDominus
730 2442 1175 2499 :Sanctiﬁcabor
1206 2443 1264 2497 in
1288 2443 1474 2513 iisqui
1493 2441 1969 2514 appropinquant

323 2529 490 2596 mihi,
524 2533 580 2584 et
612 2532 671 2584 in
707 2536 1021 2602 conspectu
1071 2530 1266 2586 omnis
1315 2529 1513 2602 populi
1574 2529 1965 2601 glorifiuabor.

321 2617 484 2680 Quod
511 2618 758 2675 audiens
780 2620 964 2675 tacuit
993 2625 1210 2676 Aaron.
1241 2619 1474 2675 Vocatis
1538 2625 1731 2674 autem
1779 2621 1966 2673 Moses

321 2704 559 2760 Misaele
590 2711 648 2761 et
680 2706 992 2778 Elsapban,
1025 2706 1127 2760 ﬁlii
1153 2706 1329 2772 Oziel,
1366 2705 1560 2777 patrui
1607 2713 1821 2770 Aaron,
1885 2704 1967 2759 ait

326 2795 396 2848 ad
419 2810 557 2850 eos:
595 2795 677 2850 Ite
707 2804 762 2851 et
798 2795 986 2851 tollite
1025 2799 1232 2852 fratres
1280 2799 1502 2850 vestros
1546 2795 1618 2849 de
1649 2799 1962 2864 conspectu

321 2883 666 2952 sanctuarii,
694 2890 751 2939 et
781 2888 1076 2956 asportate
1107 2891 1266 2939 extra
1287 2888 1497 2940 castra.
1528 2882 1965 2952 Confestimque

317 2979 646 3043 pergentes,
697 2973 963 3029 tulerunt
1014 2990 1113 3029 eos
1171 2975 1326 3028 sicut
1364 2973 1659 3043 jacebant,
1718 2972 1962 3027 vestitos

316 3060 488 3116 lineis
513 3060 752 3126 tunicis,
779 3067 836 3117 et
865 3062 1158 3130 ejecerunt
1185 3063 1338 3116 foras
1395 3061 1478 3132 (h.
1539 3059 1962 3130 confestimque

315 3153 623 3220 pergentes
654 3149 916 3205 tulerunt
939 3167 1038 3205 eos
1071 3150 1129 3204 in
1153 3150 1374 3204 tunicis
1405 3149 1551 3214 suis,
1583 3155 1641 3203 et
1667 3149 1964 3219 ejecerunt

2092 583 2182 632 est
2211 576 2375 632 mihi.
2399 575 2812 632 Pectusculum
2844 593 3078 648 quoque
3110 577 3263 647 quod
3306 575 3570 632 oblatum
3630 581 3738 644 est,

2092 669 2149 720 et
2177 682 2404 721 armum
2439 664 2538 736 qui
2571 669 2876 736 separatus
2905 670 3014 730 est,
3046 666 3229 720 edetis
3260 666 3320 720 in
3373 665 3496 722 loco
3550 682 3729 722 mun-

2092 753 2338 810 dissimo
2371 758 2431 808 tu
2465 758 2521 809 et
2551 753 2655 808 ﬁlii
2689 755 2796 821 tui,
2849 771 2915 809 ac
2971 753 3103 808 ﬁlias
3162 758 3276 810 tum
3327 759 3543 810 tecum.
3605 754 3734 811 Tibi

2090 843 2246 898 enim
2279 859 2343 898 ac
2376 843 2578 898 liberis
2610 843 2726 898 tuis
2759 842 3013 914 reposita
3044 847 3186 898 sunt
3213 844 3286 899 de
3322 843 3532 899 hostiis
3575 843 3735 899 salu-

2092 932 2317 987 taribus
2350 931 2603 987 ﬁliorum
2633 931 2809 987 Israel
2846 949 2948 988 :eo
2979 932 3132 1002 quod
3165 948 3393 987 armum
3426 936 3481 987 et
3512 937 3734 1004 pectus,

2089 1027 2146 1074 et
2191 1021 2390 1091 adipes
2449 1021 2549 1091 qui
2609 1025 2943 1075 cremantur
3003 1021 3062 1075 in
3121 1020 3314 1090 altari,
3370 1019 3737 1076 elevaverunt

2087 1125 2283 1164 coram
2316 1109 2583 1176 Domino,
2619 1114 2674 1164 et
2724 1109 3054 1180 pertineant
3111 1111 3183 1165 ad
3233 1114 3310 1179 te,
3345 1117 3400 1165 et
3461 1111 3531 1165 ad
3580 1110 3732 1165 ﬁlios

2087 1201 2243 1263 tuos,
2275 1197 2401 1269 lege
2433 1204 2730 1270 perpetua,
2763 1198 2918 1253 sicut
2948 1198 3220 1270 praecepit
3234 1199 3542 1255 Dominus.
3574 1203 3734 1256 Inter

2087 1287 2206 1342 haec
2238 1286 2491 1354 hircum,
2526 1287 2625 1358 qui
2659 1286 2892 1342 oblatus
2923 1287 3114 1343 fuerat
3141 1305 3244 1359 pro
3277 1293 3536 1360 peccato,
3595 1305 3731 1344 cum

2085 1382 2370 1447 quaereret
2397 1375 2609 1441 Moses,
2636 1381 2908 1432 exustum
2941 1376 3173 1447 reperit,
3206 1378 3511 1448 iratusque
3529 1382 3733 1433 contra

2086 1465 2320 1520 Eleazar
2345 1469 2401 1519 et
2430 1463 2710 1530 Ithamar,
2743 1464 2893 1520 ﬁlios
2922 1467 3136 1533 Aaron,
3169 1465 3270 1536 qui
3301 1471 3726 1534 remanserant,

2081 1553 2195 1609 ait:
2226 1553 2484 1623 Cur;non
2517 1553 2856 1608 comedistie
2901 1553 3152 1609 hostiam
3211 1572 3314 1627 pro
3375 1559 3607 1626 peccato
3668 1554 3726 1610 in

2082 1640 2207 1697 loco
2232 1646 2454 1707 sancto,
2493 1658 2621 1713 quae
2663 1647 2866 1697 sancta
2910 1648 3248 1698 sanctorum
3307 1649 3420 1712 est,
3474 1648 3532 1698 et
3587 1644 3725 1699 data

2079 1731 2242 1785 vobis
2274 1736 2340 1786 ut
2366 1731 2609 1801 portatis
2639 1729 3008 1802 iniquitatem
3036 1730 3457 1800 multitudinis,
3482 1736 3540 1787 et
3568 1748 3725 1801 roge-

2079 1818 2154 1874 tis
2185 1835 2288 1890 pro
2319 1835 2385 1874 ea
2417 1819 2476 1873 in
2508 1825 2824 1890 conspectu
2863 1820 3112 1888 Domini,
3148 1821 3476 1893 praesertim
3504 1837 3637 1875 cum
3653 1822 3722 1876 de

2080 1907 2368 1979 sanguine
2412 1906 2572 1963 illius
2622 1925 2738 1963 non
2790 1909 2868 1964 sit
2915 1907 3143 1964 illatum
3200 1913 3354 1965 intra
3395 1915 3616 1979 sancta,
3667 1914 3724 1965 et

2076 1996 2381 2051 comedere
2409 2011 2536 2051 eam
2571 1996 2911 2052 debueritus
2943 1997 3003 2052 in
3027 1998 3383 2064 sanctuario,
3412 1997 3563 2053 sicut
3587 2015 3725 2068 prie-

2075 2088 2310 2154 ceptum
2341 2089 2432 2139 est
2461 2083 2656 2139 mihi?
2714 2085 3031 2155 Respondit
3083 2087 3315 2141 Aaron:
3374 2085 3582 2142 Oblata
3632 2091 3724 2143 est

2074 2173 2246 2228 hodie
2276 2173 2512 2229 victima
2543 2191 2645 2245 pro
2678 2180 2933 2244 peccato,
2968 2179 3026 2229 et
3068 2173 3472 2231 holocaustum
3524 2192 3720 2230 coram

2073 2261 2355 2317 Domino:
2393 2260 2766 2318 mihiautem
2817 2263 3049 2327 accidit,
3111 2264 3266 2334 quod
3326 2264 3509 2320 vides.
3570 2266 3721 2329 Quo-

2073 2351 2246 2406 modo
2277 2351 2440 2422 potui
2470 2354 2772 2407 comedere
2820 2368 2972 2416 eam,
3033 2358 3136 2408 aut
3192 2351 3419 2425 placere
3477 2353 3720 2409 Domino

2072 2438 2134 2494 in
2163 2439 2547 2505 caeremoniis,
2574 2445 2767 2496 mente
2795 2440 3081 2511 lugubri?
3111 2442 3276 2508 Quod
3295 2458 3429 2497 cum
3454 2442 3721 2499 audisset

2070 2526 2283 2596 Moses,
2317 2527 2539 2599 recepit
2561 2529 3036 2584 satisfactionem.

2139 2617 2220 2687 (Β.
2253 2616 2347 2686 VI,
2382 2620 2440 2672 C.
2501 2616 2619 2682 XV,
2655 2619 2794 2689 Cap.
2829 2618 2954 2686 XI.)
2988 2619 3245 2674 Locutus
3279 2624 3367 2675 est
3423 2619 3714 2678 Dominus

2068 2707 2139 2761 ad
2174 2706 2373 2762 Mosen
2407 2710 2465 2761 et
2509 2708 2700 2762 Aaron
2761 2707 2993 2763 dicens:
3049 2707 3235 2764 Dicite
3291 2708 3430 2764 ﬁliis
3489 2709 3710 2766 Israel:

2068 2794 2197 2850 Haec
2225 2803 2362 2850 sunt
2391 2795 2670 2851 animalia
2700 2813 2829 2868 quae
2861 2797 3164 2853 comedere
3194 2797 3418 2854 debetis
3464 2800 3535 2854 de
3567 2815 3716 2854 cun-

2067 2883 2176 2938 etis
2207 2885 2610 2940 animantibus
2640 2885 2722 2955 (h.
2759 2885 3266 2958 quadrupedibus)
3298 2894 3497 2942 terrae:
3533 2886 3718 2943 Omne

2067 2971 2220 3041 quod
2254 2970 2434 3026 habet
2464 2971 2713 3026 divisam
2748 2971 3054 3042 ungulam,
3089 2977 3146 3028 et
3166 2973 3426 3029 ruminat
3455 2976 3513 3029 in
3548 2992 3716 3046 peco-

2066 3057 2249 3126 ribus,
2283 3059 2623 3114 comedetis.
2647 3059 2937 3131 Quidquid
2963 3066 3159 3137 autem
3178 3061 3716 3135 ruminatquidem,

2066 3152 2123 3202 et
2146 3147 2321 3203 habet
2353 3147 2661 3220 ungulam,
2694 3149 2794 3203 sed
2828 3165 2943 3204 non
2975 3149 3185 3205 dividit
3213 3166 3363 3216 eam,
3407 3150 3562 3206 sicut
3613 3169 3714 3209 ca-

311 3238 511 3306 foras),
535 3244 603 3292 ut
626 3237 738 3293 sibi
771 3238 958 3293 fuerat
980 3239 1356 3310 imperatum.
1385 3238 1456 3292 Et
1486 3237 1631 3292 dixat
1660 3243 1849 3292 Moses
1881 3237 1951 3291 ad
1985 3222 2027 3288 C
2068 3237 2256 3292 melus
2284 3241 2341 3292 et
2398 3242 2624 3305 caetera,
2685 3254 2800 3292 non
2859 3238 3176 3294 comedetis
3233 3238 3401 3307 illud,
3458 3246 3516 3296 et
3565 3241 3717 3296 inter

307 3331 501 3380 Aaron
530 3335 585 3381 et
615 3328 687 3382 ad
722 3327 971 3394 Eleazar,
1026 3333 1202 3398 atque
1260 3326 1536 3390 Ithamar,
1596 3326 1747 3381 ﬁlios
1798 3327 1947 3395 ejus,

306 3413 508 3484 Capita
551 3418 742 3469 vestra
775 3413 954 3470 nolite
985 3416 1228 3482 nudare,
1262 3420 1320 3468 et
1366 3415 1717 3469 vestimenta
1773 3414 1949 3469 nolite

305 3503 590 3568 scindere,
634 3519 706 3558 ne
745 3504 891 3558 forte
951 3503 1312 3566 moriemini,
1371 3509 1429 3558 et
1487 3519 1662 3574 super
1713 3518 1949 3557 omnem

306 3595 521 3646 emtum
545 3591 767 3647 oriatur
797 3591 1149 3663 indignatio.
1181 3592 1414 3646 Fratres
1459 3607 1692 3662 quoque
1748 3592 1946 3658 vestri,

309 3679 502 3735 omnis
533 3681 746 3736 domus
799 3681 997 3746 Israel,
1059 3680 1339 3751 plangant
1394 3679 1732 3734 incendium
1794 3680 1948 3750 quod

306 3767 595 3824 Dominus
624 3769 1094 3825 suscitavitzvos
1137 3774 1336 3824 autem
1396 3785 1511 3824 non
1570 3768 1950 3838 egrediemini

304 3857 457 3912 fores
482 3857 867 3923 tabernaculi,
899 3853 1170 3928 alioquin
1190 3857 1458 3929 peribitis
1479 3872 1493 3910 :
1517 3857 1710 3912 oleum
1732 3856 1950 3928 quippe

303 3950 517 4001 sanctae
550 3946 844 4002 unctionis
875 3951 964 4001 est
993 3962 1172 4018 super
1193 3963 1315 4001 vos.
1359 3945 1462 4009 Qui
1515 3946 1773 4000 fecerunt
1817 3961 1942 4000 om-

302 4033 400 4089 nia
418 4036 584 4104 juxta
618 4039 972 4106 praaceptum
998 4034 1161 4090 Mosi.
1197 4034 1281 4103 (Τ.
1333 4033 1429 4089 Vl.
1481 4037 1539 4089 Ο.
1588 4034 1938 4106 XIII.)Dixit

306 4137 538 4194 qucque
569 4123 858 4179 Dominus
889 4124 962 4178 ad
1005 4127 1233 4178 Aaron:
1286 4123 1502 4177 Vinum
1557 4138 1731 4177 omne
1791 4123 1945 4192 quod

305 4210 595 4267 inebriare
625 4217 837 4280 potest,
871 4228 987 4266 non
1020 4212 1233 4266 bibetis
1263 4215 1323 4266 tu
1360 4215 1418 4266 et
1446 4210 1550 4266 ﬁlii
1574 4211 1682 4281 tui,
1715 4213 1947 4282 quando

302 4297 534 4354 intretis
561 4299 619 4352 in
643 4299 1086 4355 tabernaculum
1115 4299 1456 4369 testimonii,
1481 4316 1552 4355 ne
1574 4299 1903 4356 morianimi
1930 4319 1944 4369 ;

305 4390 446 4458 quia
470 4387 552 4455 (h.
589 4404 702 4442 non
727 4389 920 4454 habet)
946 4393 1300 4460 praeceptum
1329 4389 1753 4460 sempiternum
1776 4389 1950 4445 estin

306 4477 714 4548 generationes
742 4484 986 4534 vestras.
1020 4479 1092 4533 Et
1123 4483 1187 4532 ut
1209 4477 1470 4532 habeatis
1502 4477 1810 4532 scientiam
1834 4477 1949 4533 dis-

295 4563 569 4620 cernendi
604 4566 755 4621 inter
775 4570 1045 4621 sanctum
1069 4572 1126 4620 et
1145 4566 1636 4636 profanum,inter
1657 4564 1945 4636 pollutum
1984 4589 2026 4653 υ

291 4658 350 4709 et
381 4655 1248 4726 mundum,doceatisqueﬁlios
1273 4654 1452 4710 Israel
1475 4655 1672 4710 omnia
1685 4655 1946 4726 legitima

293 4758 425 4798 mea
471 4758 601 4814 quas
631 4742 864 4798 locutus
895 4748 984 4800 est
1015 4745 1298 4798 Dominus
1331 4745 1401 4798 ad
1437 4760 1536 4800 eos
1568 4761 1670 4814 per
1701 4760 1941 4798 manum

295 4833 462 4889 Mosi.
497 4835 578 4904 (C.
611 4833 780 4904 XIV.)
824 4834 1198 4905 Locutusq'ie
1228 4839 1318 4889 est
1367 4839 1556 4889 Moses
1609 4836 1679 4889 ad
1728 4839 1940 4900 Aaron,

292 4926 351 4978 et
380 4923 452 4978 ad
481 4923 741 4991 Eleazar,
773 4928 831 4976 et
855 4957 860 4962 -
881 4924 1139 4978 Ithamar
1195 4923 1346 4978 ﬁlios
1401 4925 1528 4993 ejus
1589 4922 1689 4993 qui
1722 4923 1941 4978 residui

288 5016 456 5067 erant
483 5029 495 5067 :
530 5010 738 5067 Tollite
772 5012 1149 5079 sacriﬁcium,
1172 5013 1327 5082 quod
1354 5012 1637 5068 remansit
1662 5013 1732 5066 de
1783 5012 1940 5067 obla-

288 5101 449 5156 tione
480 5100 738 5169 Domini,
768 5105 826 5156 et
855 5102 1136 5156 comedite
1172 5101 1316 5156 illud
1377 5103 1601 5171 absque
1656 5101 1940 5157 fermento

280 5191 451 5261 juxta
474 5189 682 5254 altare,
718 5190 858 5260 quia
892 5194 1164 5245 sanctum
1197 5195 1537 5246 sanctorum
1585 5195 1692 5245 est.
1733 5192 1940 5245 Come-

284 5276 438 5332 detis
469 5283 666 5333 autem
699 5277 758 5332 in
788 5277 913 5333 loco
946 5282 1176 5344 sancto,
1198 5277 1350 5347 quod
1385 5277 1587 5332 datum
1621 5283 1709 5332 est
1746 5277 1854 5333 tibi
1884 5283 1942 5333 et

359 5440 376 5474 ¹
412 5436 664 5493 Diversa!
696 5441 1015 5493 occurrunt
1047 5435 1264 5492 voculae
1288 5436 1396 5493 hoc
1427 5435 1552 5493 loco
1585 5437 1644 5492 in
1702 5437 1938 5494 Hebraeo

284 5529 343 5580 et
372 5525 742 5580 Samaritana
799 5531 980 5581 textu.
1043 5525 1321 5579 Hebraeus
1367 5525 1509 5596 legit
1564 5537 1690 5589 mm
1739 5511 1838 5594 ΒΝ,
1889 5527 1940 5582 ει

288 5611 474 5679 haam,
509 5615 564 5667 id
597 5619 684 5668 est
716 5614 785 5667 ad
811 5613 1080 5683 populum
1111 5629 1124 5667 :
1155 5613 1564 5668 Samaritanus
1587 5625 1714 5678 cum
1746 5600 1838 5682 5V,
1880 5616 1936 5670 al

286 5683 476 5752 haam,
505 5699 674 5756 super
697 5684 789 5740 vel
819 5689 1014 5741 contra
1039 5685 1328 5757 populum.
1362 5689 1542 5741 MART.

310 5913 386 5967 1
419 5989 430 5999 ι

446 6021 476 6058 ἰζ

2057 3325 2365 3381 immunda
2395 3325 2767 3397 reputabitis.
2801 3326 3256 3400 Cboerogryllius
3289 3328 3388 3400 qui
3422 3330 3710 3400 ruminat,

2056 3415 2458 3487 ungulamque
2492 3431 2606 3470 non
2659 3414 2888 3483 dividit,
2935 3415 3280 3472 immundus
3329 3421 3470 3473 est:
3533 3417 3705 3490 lepus

2055 3520 2307 3575 quoque,
2343 3520 2477 3558 nam
2509 3509 2568 3559 et
2598 3504 2724 3574 ipse
2772 3504 3050 3571 ruminat,
3098 3506 3199 3560 sed
3253 3505 3536 3578 ungulam
3584 3524 3699 3563 non

2053 3592 2278 3647 dividit.
2315 3597 2379 3646 Et
2409 3609 2532 3660 sus,
2566 3592 2661 3662 qui
2698 3609 2828 3648 cum
2865 3593 3143 3665 ungulam
3175 3595 3415 3661 dividat,
3448 3613 3564 3650 non
3597 3613 3692 3650 ru-

2057 3681 2258 3736 minat.
2292 3681 2510 3736 Horum
2544 3681 2820 3737 carnibus
2853 3698 2966 3738 non
2996 3683 3334 3748 vescemini,
3369 3700 3475 3740 nec
3523 3685 3693 3740 cada-

2055 3787 2192 3826 vera
2220 3771 2597 3841 contingetis,
2630 3771 2772 3842 quia
2800 3769 3110 3826 immunda
3137 3772 3324 3828 vobis.
3385 3773 3464 3843 (C.
3526 3773 3695 3845 XVI.)

2053 3863 2186 3914 Haec
2244 3864 2384 3912 sunt
2437 3858 2613 3912 etiam
2671 3874 2798 3928 quas
2873 3859 3200 3930 gignuntur
3256 3859 3316 3914 in
3372 3860 3562 3932 aquis,
3639 3865 3697 3917 et

2052 3946 2206 4002 vesci
2237 3946 2465 4000 licitum
2496 3950 2607 4001 est.
2639 3946 2824 4002 Omne
2867 3947 3022 4018 quod
3074 3946 3251 4004 habet
3309 3948 3586 4020 pinnulas
3643 3955 3699 4005 et

2055 4050 2357 4106 squamas,
2391 4039 2512 4089 tam
2544 4034 2602 4088 in
2636 4035 2783 4090 mari
2818 4051 2994 4106 quam
3024 4035 3082 4090 in
3114 4036 3464 4094 ﬂuminibus
3493 4043 3551 4093 et
3581 4045 3698 4094 sta-

2051 4123 2185 4196 gnis
2208 4122 2290 4195 (h.
2317 4140 2432 4179 non
2455 4123 2648 4191 habet,
2672 4128 2729 4180 et
2757 4124 3697 4198 stagnis),comedetis.Quidquid

2054 4217 2251 4268 autem
2293 4213 2570 4285 pinnulas
2622 4217 2680 4268 et
2737 4230 3018 4284 squamas
3071 4231 3186 4270 non
3240 4214 3412 4273 habet
3471 4233 3696 4280 eorum,

2055 4316 2182 4372 quis
2213 4301 2270 4355 in
2319 4303 2490 4372 aquis
2550 4307 2859 4357 moventur
2914 4307 2972 4358 et
3025 4303 3246 4370 vivunt,
3309 4305 3700 4360 abominabile

2054 4387 2218 4444 vobis
2248 4394 2305 4444 et
2335 4390 2752 4446 exsecrandum
2783 4390 2913 4458 erit,
2949 4407 3150 4448 carnes
3189 4409 3391 4448 eorum
3436 4411 3553 4449 non
3611 4411 3700 4449 co-

2055 4477 2323 4543 medetis,
2357 4482 2414 4532 et
2463 4477 2773 4551 morticina
2829 4479 3102 4535 vitabitis.
3167 4480 3387 4536 Cuncta
3415 4498 3537 4552 quae
3581 4499 3698 4537 non

2059 4564 2278 4620 habent
2328 4565 2602 4637 pinnulas
2657 4572 2714 4622 ct
2762 4584 3044 4639 squamas
3100 4567 3159 4623 in
3221 4569 3416 4640 aquis,
3477 4571 3700 4642 polluta

2058 4659 2248 4709 erunt.
2329 4653 2413 4726 (C.
2501 4656 2702 4726 XVII.)
2772 4660 2903 4712 Haec
2975 4660 3115 4712 sunt
3184 4673 3312 4729 qure
3369 4659 3440 4713 de
3493 4660 3699 4714 avibus

2053 4743 2358 4798 comedere
2389 4759 2501 4798 non
2534 4745 2776 4810 debetis,
2811 4749 2868 4800 et
2899 4744 3290 4802 vitandasunt
3307 4748 3470 4803 vobis
3495 4764 3508 4802 :
3534 4749 3698 4819 aqui-

2051 4830 2166 4886 lam
2197 4835 2253 4886 et
2281 4831 2586 4904 gryphem,
2620 4837 2678 4889 et
2731 4833 3083 4902 baliaeetum,
3144 4835 3386 4890 milvum
3448 4853 3513 4891 ac
3569 4835 3698 4891 vul—

2051 4923 2241 4975 turem
2266 4921 2437 4991 juxta
2466 4938 2652 4993 genus
2684 4939 2882 4992 suum,
2915 4927 2972 4978 et
2999 4938 3172 4978 omne
3203 4923 3421 4980 cervini
3464 4925 3698 4997 generis

2049 5008 2108 5064 in
2141 5008 2588 5066 similitudinem
2623 5027 2812 5079 suam,
2865 5012 3224 5080 strutionem,
3274 5016 3350 5084 [et
3397 5019 3692 5080 noctuam,

2051 5103 2107 5153 et
2136 5097 2350 5168 larum,
2383 5104 2440 5154 et
2469 5100 2809 5171 accipitrem
2835 5103 3008 5171 juxta
3037 5117 3220 5173 genus
3253 5119 3432 5158 suum
3461 5118 3474 5156 :
3505 5102 3694 5160 bubo-

2054 5203 2206 5250 nem,
2224 5187 2623 5259 etmergulum
2637 5233 2648 5254 ,
2663 5188 2877 5254 etibin,
2894 5205 3168 5261 cygnum,
3187 5194 3245 5245 et
3265 5190 3694 5259 onocrotalum,

2050 5279 2107 5329 et
2138 5275 2607 5347 porphyrionem,
2642 5276 3016 5332 herodionem
3048 5283 3105 5333 et
3136 5277 3481 5335 cbaradrion
3524 5282 3698 5352 juxta

2119 5465 2187 5476 —-
2219 5435 2472 5491 Urbinas
2502 5440 2559 5492 et
2589 5435 2834 5492 Palatin.
2873 5454 3037 5495 mss..
3073 5439 3405 5496 extendens:
3443 5445 3566 5498 tum
3595 5441 3693 5500 ille

2049 5524 2514 5605 paulopressius
2545 5526 2804 5605 Hebraeo,
2838 5529 2915 5582 ad
2959 5529 3242 5599 populum,
3300 5540 3427 5595 cum
3479 5516 3576 5601 ΒΝ,
3635 5539 3694 5587 et

2047 5597 2331 5652 benedixit
2360 5598 2431 5662 ei,
2466 5614 2567 5667 pro
2597 5600 2695 5653 eis.

2116 5684 2137 5718 ¹
2168 5683 2361 5740 Nostri
2397 5701 2535 5754 ms.,
2567 5687 2630 5742 Et
2658 5686 2861 5756 omnis,
2893 5689 3003 5743 etc.
