4080 6186
249 375 330 431 349

247 510 394 566 genus
417 508 597 559 suum,
648 508 904 564 upupam
958 509 1208 564 quoque,
1243 498 1298 547 et
1325 492 1824 564 vespertilionem.
1857 497 1907 559 Α

248 583 311 654 (C.
338 581 539 651 XVIII.)
567 581 747 636 Omne
773 583 844 636 de
877 581 1217 636 volucribus
1250 583 1402 653 quod
1443 581 1706 654 graditur
1735 599 1831 636 su-

248 689 326 744 per
341 677 560 743 quatuor
577 670 772 741 pedes,
793 671 1188 726 abominabile
1208 672 1316 726 erit
1334 671 1516 727 vobis.
1537 671 1830 743 Quidquid

249 767 401 815 autem
432 759 681 814 ambulat
720 760 953 831 quidem
994 777 1170 832 super
1210 763 1460 831 quatuor
1501 761 1698 831 pedes,
1733 760 1832 815 sed

250 850 384 905 habet
414 848 664 918 longiora
702 855 856 903 retro
889 865 1074 912 crura,
1135 866 1235 920 per
1263 865 1391 920 qua:
1441 849 1576 904 salit
1625 865 1832 918 super-

248 944 438 1005 terram,
458 938 752 992 comedere
777 938 1026 1004 debetis,
1053 943 1115 992 ut
1132 943 1221 993 est
1259 937 1516 996 bruchus
1536 937 1593 991 in
1626 953 1835 1008 genere

247 1044 344 1095 suo,
384 1030 434 1081 et
462 1032 682 1082 attacus
743 1032 916 1097 atque
977 1027 1420 1096 opbiomachus,
1474 1043 1536 1081 ac
1585 1026 1830 1096 locusta,

247 1114 434 1186 singula
454 1115 616 1184 juxta
637 1131 825 1185 genus
853 1131 1048 1169 suum.
1083 1115 1377 1186 Quidquid
1411 1121 1604 1170 autem
1639 1132 1705 1169 ex
1734 1132 1835 1169 vo-

245 1203 457 1258 lucribus
485 1208 734 1274 quatuor
764 1208 994 1258 tantum
1033 1204 1206 1259 habet
1252 1205 1448 1275 pedes,
1482 1203 1835 1259 exsecrabile

242 1293 325 1347 erit
341 1292 504 1360 vobis,
523 1297 576 1346 et
599 1293 962 1363 quicumque
986 1292 1295 1347 morticina
1331 1309 1532 1347 eorum
1555 1293 1832 1364 tetigerit,

241 1379 506 1452 polluetur,
537 1385 592 1434 et
623 1381 734 1435 erit
774 1381 1119 1436 immundus
1151 1398 1338 1452 usque
1381 1383 1452 1436 ad
1502 1398 1832 1452 vesperum,

238 1468 337 1522 etsi
365 1483 585 1524 necesse
615 1469 793 1524 fuerit
824 1475 888 1524 ut
937 1475 1126 1541 portet
1170 1470 1466 1542 quippiam
1500 1470 1709 1525 horum
1750 1470 1832 1540 (h.

239 1562 280 1610 et
304 1557 386 1628 qui
416 1558 721 1628 portaverit
743 1559 1046 1630 quippiam
1078 1559 1309 1629 horum)
1335 1565 1653 1629 mortuum,
1686 1558 1838 1614 lava-

238 1645 303 1699 bit
325 1646 654 1701 vestimenta
709 1664 837 1714 sua,
895 1653 953 1702 et
1011 1647 1356 1703 immundus
1406 1648 1516 1703 erit
1545 1665 1731 1718 usque
1764 1648 1832 1702 ad

241 1750 456 1788 occasum
505 1735 662 1790 solis.
697 1737 880 1792 Omne
937 1737 1154 1792 animal
1205 1739 1357 1810 quod
1394 1737 1569 1793 habet
1599 1737 1830 1808 quidem

239 1823 496 1894 ungulam,
531 1826 632 1880 sed
687 1842 802 1880 non
847 1825 1057 1881 dividit
1085 1843 1235 1897 eam,
1269 1843 1372 1882 nec
1413 1827 1693 1892 ruminat,
1726 1827 1834 1880 im-
1871 1863 1914 1926 Β

241 1913 478 1967 mundum
497 1914 628 1982 erit,
655 1918 710 1969 et
732 1914 832 1984 qui
855 1915 1108 1987 tetigerit
1127 1915 1295 1985 illud,
1319 1914 1834 1970 contaminabitur.

238 2010 363 2074 Quod
389 2011 648 2065 ambulat
686 2028 866 2084 super
896 2029 1129 2081 manus,
1162 2030 1229 2068 ex
1260 2013 1489 2069 cunctis
1520 2011 1834 2068 animanti-

239 2097 339 2162 bus,
363 2114 478 2169 qum
501 2100 828 2155 incendunt
850 2101 1274 2173 quadrupedis,
1299 2101 1672 2157 immundum
1697 2102 1833 2156 erit:

239 2187 312 2256 qui
342 2188 581 2260 tetigerit
613 2189 922 2244 morticina
955 2206 1177 2257 eorum,
1214 2191 1508 2262 polluetur
1539 2207 1728 2262 usque
1767 2192 1838 2244 ad

238 2291 521 2347 vesperum.
550 2278 625 2332 Et
647 2281 743 2348 qui
767 2280 1082 2350 portaverit
1105 2279 1511 2350 hujuscemodi
1536 2281 1838 2345 cadavera,

238 2362 413 2420 levabit
430 2366 781 2422 vestimenta
811 2384 939 2434 sua,
972 2374 1029 2423 et
1054 2370 1398 2424 immundus
1430 2369 1743 2439 eritusque
1767 2368 1836 2422 ad

236 2467 518 2523 vesperum,
553 2456 698 2526 quia
747 2456 945 2511 omnia
975 2456 1095 2512 hac
1127 2456 1431 2514 immunda
1479 2463 1620 2513 sunt
1651 2459 1836 2517 vobis.

237 2543 334 2596 Hac
361 2559 579 2614 quoque
613 2544 771 2600 inter
791 2544 1008 2617 polluta
1030 2547 1462 2616 reputabuntur
1491 2550 1560 2602 de
1591 2549 1684 2606 his
1714 2568 1840 2623 quae

237 2636 498 2687 moventur
523 2633 582 2687 in
617 2637 798 2702 terra,
849 2634 1104 2690 mustela
1134 2639 1192 2690 et
1237 2651 1369 2690 mus
1401 2641 1457 2691 et
1486 2640 1839 2707 crocoditus,

235 2717 430 2789 singula
452 2722 620 2789 juxta
652 2737 840 2792 genus
870 2738 1066 2785 suum,
1093 2723 1342 2795 mygale,
1378 2728 1434 2778 et
1463 2724 1839 2795 chamaeleon,

234 2824 275 2870 et
302 2817 490 2884 stellio,
524 2824 582 2874 et
608 2818 848 2887 lacerta,
881 2824 938 2874 et
962 2819 1138 2891 talpa,
1164 2821 1359 2876 omnia
1389 2821 1510 2878 haec
1537 2824 1846 2882 immunda

230 2913 373 2974 sunt;
419 2907 512 2976 qui
559 2909 821 2979 tetigerit
866 2909 1175 2964 morticina
1224 2927 1448 2980 eorum,
1497 2913 1842 2974 immundus

229 2994 314 3047 erit
341 3011 512 3067 usque
558 2998 637 3052 ad
687 3013 1018 3068 vesperum,
1055 3004 1112 3052 et
1167 3015 1345 3070 super
1389 3002 1542 3071 quod
1575 3005 1846 3062 ceciderit

229 3082 500 3153 quidquam
533 3086 606 3142 de
635 3085 960 3141 morticinis
981 3103 1205 3157 eorum,
1239 3087 1555 3159 polluetur,
1591 3097 1708 3148 tam
1741 3113 1843 3151 vas

228 3169 440 3238 ligneum
473 3179 529 3229 et
559 3174 1000 3240 vestimentum,
1027 3193 1202 3247 quam
1236 3177 1416 3247 pelles
1447 3185 1503 3234 et
1533 3181 1744 3246 cilicia,
1790 3190 1847 3240 et

233 3259 275 3313 in
310 3278 645 3334 quocunque
669 3263 734 3316 fit
773 3280 919 3335 opus
952 3264 1322 3335 intingentur
1349 3273 1593 3338 aqua,et
1623 3269 1846 3339 polluta

231 3357 367 3404 erunt
390 3369 572 3423 usque
595 3353 672 3408 ad
697 3369 1028 3423 vesperum,
1056 3359 1113 3408 et
1131 3353 1212 3409 sic
1245 3359 1447 3427 postea
1466 3360 1845 3414 mundabun-

234 3441 321 3492 tur.
344 3439 448 3495 Vas
478 3447 677 3496 autem
715 3441 908 3510 fictile,
960 3441 1021 3496 in
1067 3444 1218 3513 quod
1274 3443 1482 3499 horum
1518 3447 1842 3518 quidquam

233 3525 352 3583 intro
395 3529 688 3596 ceciderit,
737 3529 1051 3601 polluetur,
1085 3537 1142 3586 et
1187 3532 1402 3588 idcirco
1454 3536 1842 3607 frangendum

234 3619 534 3674 est.()muis
566 3619 740 3674 cibus
774 3635 944 3690 quem
997 3622 1330 3689 comedetis,
1382 3623 1427 3676 si
1485 3625 1612 3678 fusa
1673 3627 1847 3680 fuerit

233 3720 517 3776 sapereum
547 3725 728 3779 aqua,
762 3709 1108 3764 immundus
1140 3711 1286 3766 erit:
1321 3716 1378 3766 et
1420 3729 1592 3767 omne
1617 3715 1845 3783 liquens

234 3797 352 3862 quod
382 3797 602 3852 bibitur
631 3798 701 3852 de
733 3797 1002 3852 universo
1033 3815 1190 3869 vase,
1217 3799 1592 3856 immundum
1622 3804 1750 3858 erit.
1776 3805 1846 3858 Et

232 3884 472 3956 quidquid
521 3887 595 3941 de
634 3886 959 3940 morticinis
990 3886 1327 3943 istiusmodi
1361 3890 1636 3945 ceciderit
1667 3909 1845 3963 super

234 3970 365 4038 illud,
394 3975 770 4030 immundum
796 3975 926 4045 erit,
960 3975 1079 4030 sive
1115 3974 1352 4045 clibani,
1381 3978 1500 4033 sive
1532 3979 1840 4051 chytropo-

233 4059 328 4128 des,
378 4063 757 4119 destruentur
806 4071 862 4118 et
890 4065 1177 4119 immundi
1221 4073 1410 4122 erunt.
1467 4068 1678 4123 Fontes
1705 4086 1842 4126 vero

233 4151 548 4222 etcisternaa,
577 4157 641 4208 et
660 4153 854 4207 omnis
893 4169 1176 4223 aquarum
1215 4157 1587 4227 congregatio
1624 4160 1843 4213 munde

233 4247 331 4302 erit.
360 4249 457 4312 Qui
486 4250 870 4305 morticinum
904 4266 1103 4305 eorum
1129 4251 1408 4322 tetigerit,
1442 4253 1754 4324 polluetur.
1781 4257 1838 4311 Si

235 4336 506 4392 ceciderint
538 4354 722 4409 super
760 4343 1105 4406 sementem,
1149 4357 1264 4394 non
1315 4341 1576 4412 polluent
1605 4360 1754 4398 eam.
1784 4345 1840 4400 Si

235 4429 391 4480 autem
439 4427 735 4498 quispiam
797 4443 946 4496 aqua
987 4418 1326 4484 sementem
1387 4431 1726 4500 perfuderit,
1785 4438 1842 4488 et

235 4519 400 4580 postea
430 4516 759 4571 morticinis
790 4521 944 4572 tacta
989 4518 1181 4582 fuerit,
1225 4517 1378 4574 illico
1438 4518 1748 4590 polluetur.
1782 4521 1839 4575 Si

1593 376 1810 429 LIBER
1846 377 2175 430 LEVITICI.

3479 369 3586 426 350

1943 493 2151 563 reptili,
2183 495 2336 565 quod
2373 497 2635 549 movetur
2664 509 2842 566 super
2867 497 3072 548 teram.
3105 496 3220 563 Ego
3252 490 3409 546 enim
3449 506 3581 546 sum

1944 581 2229 649 Dominus
2261 583 2360 644 qui
2391 583 2561 637 eduxi
2580 600 2682 638 vos
2704 585 2775 636 de
2812 588 2967 636 terra
3007 580 3254 652 Egypti,
3299 585 3583 634 utessem

1941 670 2104 726 vobis
2136 671 2193 725 in
2219 676 2418 726 Deum.
2451 672 2643 726 Sancti
2688 671 2872 738 eritis,
2902 670 3173 741 quoniam
3206 685 3311 739 ego
3343 674 3586 723 sanctus

1944 776 2096 814 sum.
2123 763 2240 815 Ista
2260 764 2348 815 est
2370 759 2458 815 lex
2482 760 2871 815 animantium
2887 776 2952 814 ac
2966 761 3288 827 volucrum,
3317 761 3376 811 et
3392 756 3584 812 omnis

1944 850 2146 903 anima:
2174 850 2439 915 viventis,
2474 865 2602 919 quae
2633 855 2895 903 movetur
2924 847 2984 901 in
3007 863 3180 917 aqua,
3213 849 3271 900 et
3300 848 3492 916 reptat
3522 843 3583 899 in

1943 941 2116 1007 terra,
2142 943 2207 994 ut
2236 937 2591 995 differentias
2636 936 2910 992 noveritis
2939 934 3144 990 mundi
3176 938 3234 988 et
3269 932 3582 1000 immundi,

1944 1030 2000 1082 et
2023 1027 2221 1083 sciatis
2243 1027 2380 1100 quid
2418 1029 2718 1083 comedere
2748 1025 2957 1098 etquid
2993 1039 3269 1096 respuere
3302 1022 3581 1078 debeatis.

2015 1181 2101 1251 (B.
2134 1181 2256 1247 VII,
2290 1182 2347 1235 C.
2379 1183 2510 1250 XX,
2544 1181 2681 1252 Cap.
2715 1178 2857 1249 XII.)
2885 1179 3250 1246 Locutusque
3279 1178 3368 1230 est
3399 1175 3589 1229 Domi-

1945 1288 2058 1326 nus
2081 1271 2152 1324 ad
2176 1270 2393 1338 Mosen,
2420 1269 2654 1325 dicens:
2681 1269 2942 1340 Loquere
2967 1266 3104 1321 filiis
3129 1263 3325 1332 Israel,
3349 1268 3407 1319 et
3427 1263 3587 1318 dices

1945 1364 2014 1417 ad
2047 1378 2145 1416 eos
2179 1377 2192 1415 :
2219 1360 2449 1426 Mulier,
2474 1360 2522 1414 si
2546 1363 2814 1430 suscepto
2840 1357 3062 1412 semine
3084 1355 3168 1426 (b.
3191 1355 3320 1408 fuso
3341 1351 3586 1423 semine)

1946 1450 2232 1523 pepererit
2253 1448 2602 1517 masculum,
2642 1447 2948 1502 immunda
2967 1445 3077 1500 erit
3098 1448 3317 1514 septem
3360 1441 3587 1506 diebus,

1944 1542 2104 1611 juxta
2145 1539 2268 1594 dies
2311 1537 2698 1610 separationis
2750 1539 3084 1591 menstruis.
3140 1533 3210 1586 Et
3265 1530 3358 1586 die
3391 1536 3590 1586 octavo

1945 1625 2739 1683 circumcideturinfantulus
2765 1641 2776 1680 :
2805 1624 2932 1695 ipsa
2950 1639 3083 1677 vero
3117 1620 3358 1690 triginta
3403 1618 3592 1673 tribus

1945 1718 2151 1772 diebus
2167 1716 2423 1771 manebit
2436 1715 2494 1769 in
2510 1714 2796 1785 sanguine
2817 1709 3238 1783 puriﬁcationis
3251 1725 3387 1764 suae.
3406 1707 3591 1762 Omne

1946 1810 2215 1860 sanctum
2230 1821 2344 1858 non
2369 1807 2700 1875 tanget,nec
2723 1799 3150 1872 ingredieturin
3167 1796 3564 1852 sanctuarium
3577 1837 3591 1862 ,

1947 1896 2128 1950 donec
2161 1893 2523 1964 impleantur
2552 1891 2678 1946 dies
2697 1888 3123 1961 purificationis
3143 1887 3369 1956 ejus(C.
3405 1883 3582 1952 XXI).

1946 1983 2046 2039 Sin
2073 1987 2265 2038 autem
2283 1982 2558 2036 feminam
2584 1976 3205 2052 pepererit,immunda
3224 1973 3333 2028 erit
3354 1971 3590 2026 duabus

1946 2071 2588 2139 hebdomadibusjuxta
2605 2070 2782 2123 ritum
2807 2066 2999 2121 ﬂuxus
3021 2061 3329 2126 menstrui,
3353 2067 3410 2115 et
3430 2075 3590 2115 sexa-

1947 2161 2110 2233 ginta
2139 2177 2206 2215 ac
2235 2176 2333 2214 sex
2365 2158 2573 2213 diebus
2603 2155 2860 2212 manebit
2882 2155 2940 2208 in
2986 2151 3274 2225 sanguine
3323 2147 3594 2220 purifica-

1947 2250 2125 2304 tionis
2156 2266 2296 2304 suae.
2331 2251 2590 2317 Cumque
2609 2243 2824 2317 expleti
2848 2243 3067 2297 fuerint
3088 2240 3212 2295 dies
3232 2234 3590 2310 purificatio-

1950 2337 2042 2393 nis
2068 2337 2218 2408 ejus,
2255 2353 2356 2408 pro
2380 2334 2543 2402 ﬁilio,
2567 2335 2687 2390 sive
2710 2349 2813 2403 pro
2847 2330 3214 2396 filia,deferet
3244 2341 3462 2396 agnum
3485 2339 3590 2398 an~

1949 2424 2212 2480 niculum
2245 2424 2301 2478 in
2325 2423 2758 2489 holocaustum,
2790 2425 2848 2475 et
2879 2418 3104 2490 pullum
3140 2414 3445 2478 columbae,
3471 2410 3591 2466 sive

1949 2518 2238 2569 turturem
2272 2529 2374 2585 pro
2406 2515 2641 2584 peccato
2681 2511 2752 2566 ad
2796 2510 3014 2565 ostium
3037 2502 3399 2561 tabernaculi
3428 2499 3597 2556 testi-

1952 2603 2153 2670 monii,
2187 2607 2244 2657 et
2286 2602 2477 2656 tradet
2520 2599 2829 2662 sacerdoti,
2879 2597 2980 2668 qui
3035 2595 3235 2650 oll‘eret
3269 2591 3370 2646 illa
3400 2605 3592 2646 coram

1955 2692 2219 2759 Domino,
2278 2695 2334 2746 et
2394 2688 2620 2759 rogabit
2650 2705 2752 2758 pro
2792 2703 2880 2754 ea,
2930 2691 2988 2740 et
3017 2683 3100 2738 sic
3151 2678 3595 2737 mundabitura

1950 2780 2233 2853 profluvio
2273 2777 2579 2849 sanguinis
2611 2776 2724 2832 sui.
2762 2777 2878 2830 Ista
2907 2778 2997 2829 est
3025 2773 3114 2827 lex
3143 2767 3426 2842 parientis
3475 2782 3597 2820 ma-

1953 2869 2183 2924 sculum
2217 2871 2317 2923 aut
2347 2867 2645 2922 feminam.
2671 2863 2894 2929 Quodsi
2916 2879 3031 2916 non
3063 2857 3346 2914 invenerit
3387 2870 3597 2910 manus

1952 2959 2101 3030 ejus,
2135 2973 2237 3012 nec
2267 2954 2513 3028 potuerit
2545 2955 2747 3009 oﬂ'erre
2769 2968 3010 3024 agnum,
3061 2951 3252 3003 sumet
3291 2949 3436 2999 duos
3465 2948 3594 2997 tur-

1951 3054 2112 3102 tures
2133 3045 2221 3100 vel
2252 3046 2398 3100 duos
2432 3043 2622 3116 pullos
2645 3042 2952 3110 columbae,
2983 3053 3166 3093 unum
3217 3035 3276 3089 in
3308 3032 3594 3088 holocau-

1954 3142 2132 3201 stum,
2165 3140 2221 3190 et
2253 3134 2501 3189 alterum
2558 3148 2661 3203 pro
2695 3135 2949 3203 peccato.
3006 3125 3322 3196 Orabitque
3369 3137 3475 3192 pro
3524 3135 3598 3174 ea

1876 3229 1918 3292 C
1955 3224 2246 3286 sacerdos,
2290 3225 2346 3276 et
2385 3221 2468 3275 sic
2511 3219 2915 3274 mundabitur.

2025 3379 2108 3444 (B.
2141 3373 2261 3438 VII,
2295 3376 2350 3426 Ο.
2374 3371 2553 3440 XXII,
2601 3369 2730 3441 Cap.
2758 3368 2937 3435 XIII.)
2973 3368 3342 3435 Locutusque
3376 3366 3466 3418 est
3489 3365 3600 3417 Do-

1954 3463 2153 3519 minus
2185 3463 2255 3517 ad
2305 3461 2503 3516 Mosen
2535 3465 2591 3515 et
2638 3462 2844 3528 Aaron,
2892 3457 3130 3512 dicens:
3163 3453 3367 3520 Homo,
3401 3453 3461 3506 in
3493 3468 3602 3506 cu-

1945 3554 2046 3623 jus
2077 3556 2208 3606 cute
2238 3555 2295 3606 et
2322 3566 2495 3605 carne
2541 3553 2703 3603 ortus
2735 3547 2911 3602 fuerit
2945 3546 3212 3600 diversus
3263 3542 3424 3598 color
3469 3540 3597 3596 sive

1953 3640 2211 3712 pustula,
2247 3643 2348 3694 aut
2374 3638 2541 3709 quasi
2591 3637 2794 3691 lucens
2835 3635 3160 3706 quidpiam,
3202 3633 3258 3686 id
3292 3635 3380 3686 est
3405 3629 3599 3702 plaga,

1961 3729 2156 3800 leprae,
2181 3730 2506 3783 adducetur
2525 3727 2594 3781 ad
2619 3728 2806 3780 Aaron
2825 3720 3304 3789 sacerdotem,vel
3332 3720 3398 3774 ad
3426 3734 3608 3774 unum

1954 3816 2275 3888 quemlibet
2305 3815 2557 3869 ﬁliorum
2581 3815 2727 3884 ejus.
2763 3813 3027 3878 Quicum
3052 3809 3259 3864 viderit
3281 3807 3500 3879 lepram
3537 3806 3596 3859 in

1951 3912 2104 3974 cute,
2136 3911 2193 3960 et
2223 3904 2372 3976 pilos
2405 3905 2462 3958 in
2489 3902 2686 3958 album
2709 3906 2962 3956 mutatos
2984 3899 3260 3965 colorem,
3286 3897 3603 3968 ipsamque

1951 3996 2203 4068 speciem
2235 3998 2408 4065 lepraa
2458 3991 2832 4047 humiliorem
2876 3994 3009 4045 cute
3035 3993 3094 4043 et
3132 4003 3308 4042 carne
3349 3983 3604 4054 reliqua,

1951 4084 2118 4155 plaga
2175 4084 2347 4154 leprae
2375 4085 2485 4150 est,
2545 4080 2615 4135 ad
2649 4079 2963 4134 arbitrium
2998 4078 3128 4147 ejus
3161 4071 3531 4146 separabitur
3559 4106 3580 4127 .

1941 4174 2039 4228 Sin
2065 4176 2258 4226 autem
2286 4172 2485 4224 lucens
2513 4169 2732 4223 candor
2771 4167 2940 4222 fuerit
2989 4165 3048 4220 in
3079 4168 3229 4230 cute,
3267 4178 3371 4218 nec
3404 4159 3604 4214 humi-

1946 4263 2057 4331 lior
2086 4276 2259 4316 carne
2283 4258 2527 4328 reliqua,
2557 4262 2612 4312 et
2645 4256 2746 4328 pili
2779 4255 2990 4311 coloris
3027 4253 3284 4326 pristini,
3336 4248 3604 4306 recludet

1949 4368 2083 4406 eum
2133 4349 2405 4404 sacerdos
2436 4351 2658 4417 septem
2719 4343 2950 4412 diebus,
2997 4348 3054 4398 et
3086 4338 3480 4400 considerabit
3511 4338 3607 4393 die

1947 4439 2238 4510 septimo:
2267 4441 2322 4492 et
2345 4435 2635 4506 siquidem
2668 4435 2830 4506 lepra
2866 4433 3019 4488 ultra
3049 4450 3163 4487 non
3197 4429 3466 4498 creverit,
3500 4443 3605 4483 nec

1950 4525 2358 4585 transierintin
2375 4530 2506 4580 cute
2520 4525 2741 4595 priores
2758 4522 3060 4592 terminos,
3075 4537 3311 4577 rursum
3334 4517 3606 4574 includet

235 4607 491 4659 mortuum
525 4605 704 4660 fuerit
736 4606 1148 4677 animal,quod
1180 4605 1311 4661 licet
1332 4607 1494 4663 vobis
1518 4609 1842 4675 comedere,
1878 4599 1921 4660 Β
1960 4619 2109 4688 ναις,
2144 4615 2460 4684 τοοιαυάθι)
2491 4629 2624 4668 eum
2669 4615 2891 4684 septem
2937 4609 3144 4665 diebus
3199 4609 3357 4664 aliis.
3392 4608 3461 4662 Et
3511 4607 3607 4662 die

234 4690 310 4758 qui
330 4693 566 4748 cadaver
585 4696 717 4765 ejus
745 4693 1017 4766 tetigerit,
1048 4695 1390 4750 immundus
1420 4697 1530 4750 erit
1558 4713 1746 4767 usque
1778 4699 1848 4752 ad

233 4792 526 4850 vesperum,
560 4789 620 4838 et
659 4783 759 4854 qui
792 4783 1107 4837 comederit
1157 4799 1226 4838 ex
1258 4799 1322 4838 eo
1369 4784 1694 4856 quidpiam,
1729 4786 1850 4842 sive

237 4872 530 4938 portaverit,
585 4870 804 4925 Iavabit
861 4871 1211 4926 vestimenta
1259 4889 1384 4941 sua,
1420 4878 1477 4927 et
1506 4873 1850 4930 immundus

234 4955 320 5010 erit
363 4974 541 5030 usque
589 4960 661 5013 ad
703 4975 1033 5030 vesperum.
1094 4961 1176 5020 (C.
1230 4961 1407 5032 XIX.)
1456 4962 1640 5018 Omne
1690 4965 1846 5033 quod

236 5051 390 5115 reptat
419 5062 600 5119 super
629 5052 863 5114 terram,
886 5049 1280 5105 abominabile
1311 5052 1554 5114 erit,nec
1586 5068 1848 5107 assume-

239 5140 312 5188 tur
337 5135 389 5190 in
420 5136 642 5192 cibum.
703 5136 996 5208 Quidquid
1049 5155 1224 5210 super
1263 5146 1467 5210 pectus
1513 5141 1850 5212 quadrupes

237 5225 486 5292 graditur,
519 5230 578 5280 et
610 5223 823 5280 multos
883 5227 1057 5282 habet
1079 5229 1275 5300 pedes,
1309 5228 1429 5284 sive
1469 5246 1567 5299 per
1600 5229 1848 5284 humum

240 5315 475 5388 trahitur,
527 5334 644 5371 non
709 5317 1046 5387 comedetis,
1106 5317 1244 5388 quia
1297 5317 1688 5373 abominabile
1736 5322 1845 5374 est.

241 5413 395 5473 Nolite
423 5420 828 5475 contaminare
874 5416 1102 5472 animas
1143 5419 1384 5482 vestras,
1440 5433 1543 5470 nec
1593 5415 1850 5488 tangatis

241 5506 526 5578 quidquam
561 5524 784 5572 eorum,
811 5504 1190 5561 neimmundi
1214 5505 1366 5560 sitis.
1396 5505 1510 5570 Ego
1528 5504 1683 5558 enim
1716 5521 1847 5560 sum

240 5594 487 5650 Dominus
520 5597 676 5650 Deus
703 5602 930 5651 vester:
966 5595 1150 5649 sancti
1183 5600 1385 5661 estote,
1415 5594 1554 5664 quia
1584 5610 1688 5663 ego
1715 5611 1848 5648 san-

243 5690 346 5736 ctus
388 5699 541 5740 sum.
591 5688 669 5739 Ne
718 5683 992 5756 polluatis
1040 5681 1268 5738 animas
1319 5687 1541 5739 vestras
1589 5681 1648 5736 in
1690 5681 1849 5737 omni

1960 4705 2210 4777 septimo
2241 4700 2732 4773 contemplabitur
2758 4715 2778 4761 ;
2805 4699 2853 4755 si
2888 4697 3195 4754 obscurior
3217 4696 3392 4752 fuerit
3423 4695 3606 4768 lepra,

1959 4801 2013 4850 et
2028 4811 2144 4848 non
2158 4791 2401 4848 creverit
2416 4788 2722 4845 mundabit
2735 4787 3212 4854 eum,mundabit
3228 4785 3366 4858 quia
3379 4785 3608 4842 scabies

1959 4890 2084 4950 est;
2120 4881 2451 4949 levabitque
2482 4879 2657 4933 homo
2705 4877 3055 4932 vestimenta
3093 4893 3221 4942 sua,
3256 4881 3312 4930 et
3343 4875 3604 4930 mundus

1958 4971 2083 5027 erit.
2115 4970 2275 5033 Quod
2313 4968 2362 5023 si
2422 4973 2732 5038 postquam
2767 4983 2799 5020 a
2847 4965 3148 5020 sacerdote
3194 4965 3352 5019 visus
3404 4967 3512 5029 est,
3547 4967 3606 5018 et

1959 5060 2223 5116 redditus
2278 5057 2600 5122 munditiae,
2641 5055 2853 5110 iterum
2888 5057 3046 5125 lepra
3068 5054 3329 5123 creverit,
3355 5053 3608 5107 adduce-

1959 5156 2054 5204 tur
2084 5149 2153 5202 ad
2179 5163 2334 5211 eum,
2367 5151 2425 5200 et
2456 5143 2842 5199 immunditiaa
2870 5143 3384 5198 condemnabitur.
3426 5140 3608 5212 Plaga

1959 5237 2130 5306 leprae
2163 5237 2208 5289 si
2239 5233 2413 5289 fuerit
2457 5234 2518 5287 in
2571 5233 2828 5300 homine,
2861 5232 3182 5287 adducetur
3211 5232 3279 5285 ad
3335 5230 3604 5283 sacerdo-

1957 5331 2096 5389 tem,
2132 5329 2186 5377 et
2233 5321 2453 5377 videbit
2489 5337 2644 5377 eum.
2680 5323 2943 5391 Cumque
2985 5319 3142 5375 color
3175 5317 3341 5372 albus
3382 5317 3442 5371 in
3472 5323 3605 5372 cute

1957 5414 2152 5482 fuerit,
2178 5417 2234 5468 et
2252 5410 2597 5483 capillorum
2625 5409 2935 5465 mutaverit
2957 5411 3281 5479 aspectum,
3308 5407 3434 5477 ipsa
3455 5423 3603 5477 quo-

1959 5521 2069 5576 que
2101 5519 2231 5557 caro
2258 5501 2389 5556 viva
2419 5499 2792 5572 apparuerit:
2821 5498 2983 5568 lepra
3011 5495 3413 5552 vetustissima
3434 5496 3602 5565 judi-

1959 5593 2206 5657 cabitur,
2234 5583 3600 5661 atqueinolitacuti.Contaminabititaqueeum

1960 5681 2256 5747 sacerdos,
2289 5684 2344 5736 et
2366 5695 2481 5734 non
2512 5676 2794 5745 recludet,
2830 5674 2967 5746 quia
2997 5672 3314 5746 perspicuae
3344 5673 3602 5733 immun-
