4080 6186
500 264 598 318 331

1537 269 1596 318 S.
1640 265 2046 320 HIERONYMI
2085 263 2338 319 ῡινιΝΑ
2374 267 2864 323 BIBLIOTHECA.

3799 265 3904 320 332

502 387 743 458 mensis,
775 386 1860 460 erigestabernaculumtestimonit,et
1883 387 2130 457 ponesin
2164 389 2219 454 Α
2249 388 2533 444 ordinatis
2563 406 2756 446 coram
2789 390 3205 462 propositionis
3239 389 3512 462 panibus,
3554 389 3709 445 sicut
3758 406 3908 462 prie-

502 491 568 534 eo
599 493 819 543 arcam,
851 475 1236 545 demittesque
1267 480 1400 530 ante
1433 475 1593 530 illam
1625 474 1840 542 velum,
1876 482 1933 530 et
1980 475 2144 531 illata
2251 482 2483 545 ceperat
2509 479 2788 534 Dominus
2819 479 2980 534 Mosi.
3016 479 3218 535 Posuit.
3248 485 3306 534 et
3365 479 3788 534 candelabrum
3849 480 3908 532 in

506 583 730 634 mense,
765 581 942 637 pones
973 579 1151 635 super
1177 580 1304 618 eam
1339 581 1469 636 qua:
1501 565 1608 620 rite
1652 568 1939 636 praecepta
1982 569 2141 620 sunt.

507 652 934 712 Candelabrum
957 654 1135 708 stabit
1164 669 1299 708 cum
1338 653 1592 708 lucernis
1648 653 1794 722 suis,
1851 658 1907 708 et
1963 652 2147 708 altare

2252 564 2628 620 tabernaculo
2663 567 2980 622 testimonii
3012 583 3043 622 e
3074 568 3310 637 regione
3343 583 3556 622 mensae
3619 567 3679 622 in
3740 572 3905 638 parte

2256 651 2522 712 australi.
2552 653 2756 710 locatis
2787 672 2890 726 per
2918 656 3182 711 ordinem
3231 656 3507 722 lucernis,
3536 656 3712 725 juxta
3762 671 3912 726 prae-

511 758 752 800 aureum
785 743 843 796 in
874 757 984 811 quo
1047 740 1314 797 adoletnr
1371 743 1702 809 incensum,
1761 758 1956 797 coram
2016 758 2151 796 arca
2255 746 2492 810 ceptum
2528 743 2782 800 Domini.
2822 745 3022 799 Posuit
3049 749 3106 800 et
3135 743 3320 799 altare
3352 759 3594 799 aureum
3621 743 3729 798 sub
3754 748 3906 799 tecto

511 830 1207 887 testimonii.Tentorium
1225 831 1284 885 in
1307 831 1547 886 introitu
1563 831 1923 887 tabernaculi
1948 847 2148 902 pones,

513 924 570 975 et
597 924 734 975 ante
764 918 909 974 illud
942 919 1127 974 altare
1141 918 1462 974 holocausti
1491 935 1503 973 :
1532 919 1762 974 labrum
1791 918 1942 973 inter
1971 918 2151 972 altare

512 1013 570 1065 et
597 1007 1065 1079 tabernaculum,
1097 1008 1252 1078 quod
1293 1007 1565 1079 implebis
1610 1025 1781 1079 aqua.
1814 1007 2153 1062 Circumda-

515 1097 723 1169 bisque
779 1098 992 1153 atrium
1051 1097 1339 1167 tentoriis,
1373 1103 1429 1152 et
1508 1097 1839 1169 ingressum
1891 1097 2040 1167 ejus.
2091 1097 2158 1150 Et

457 1225 460 1227 λ
513 1189 819 1258 assumpto
849 1186 1144 1242 unctionis
1173 1185 1319 1253 oleo,
1343 1202 1528 1257 unges
1556 1184 1995 1242 tabernaculum
2015 1186 2154 1239 'curn

511 1275 668 1330 vasis
697 1275 843 1341 suis,
876 1279 942 1330 ut
971 1275 1411 1330 sanctiﬁcentur
1442 1293 1454 1330 :
1487 1273 1670 1329 altare
1718 1273 2047 1329 holocausti
2102 1279 2158 1327 et

513 1362 714 1420 omnia
740 1379 880 1419 vasa
931 1363 1100 1433 ejus:
1139 1363 1368 1418 labrum
1419 1379 1554 1418 cum
1604 1363 1730 1418 basi
1764 1379 1908 1418 sua:
1963 1362 2159 1417 omnia

514 1452 810 1508 unctionis
841 1451 966 1508 oleo
999 1451 1390 1518 consecrabis,
1427 1455 1487 1506 ut
1516 1451 1635 1506 sint
1665 1455 1868 1506 sancta
1927 1452 2158 1505 sancto-

518 1557 674 1597 rum.
707 1541 1158 1613 Applicablsque
1187 1543 1379 1595 Aaron
1429 1548 1482 1596 et
1514 1539 1666 1595 filios
1724 1539 1853 1609 ejus
1879 1539 1952 1594 ad
2005 1539 2158 1594 fores

513 1631 876 1688 tabernaculi
899 1630 1246 1701 testimonii,
1279 1635 1337 1685 et
1367 1629 1516 1685 lotos
1540 1629 1915 1701 aquaindues
1937 1629 2159 1684 sanctis

2258 829 2577 886 testimonii
2645 836 2849 887 contra
2902 833 3120 897 velum,
3172 838 3228 888 et
3282 832 3536 888 adolevit
3594 848 3770 904 super
3839 848 3908 887 eo

2260 917 2566 973 incensum
2591 925 2942 991 aromatum,
2966 921 3389 992 sicutjusserat
3417 920 3707 976 Dominus
3735 919 3907 976 Mosi.

2263 1007 2463 1060 Posuit
2493 1012 2547 1062 et
2575 1008 2890 1064 tentorium
2925 1009 2980 1064 in
3013 1010 3255 1065 introitu
3288 1009 3649 1065 tabernaculi
3712 1009 3909 1079 [ναις.

2262 1094 2384 1149 add.
2419 1097 2786 1168 testimonii),
2805 1102 2860 1152 et
2877 1099 3059 1153 altare
3082 1097 3412 1154 holocausti
3432 1099 3489 1152 in
3514 1096 3804 1153 vestibulo
3826 1101 3917 1152 te-

2265 1182 2805 1250 stimonii,otl‘erens
2821 1186 2874 1239 in
2891 1203 2958 1241 eo
2977 1186 3415 1257 holocaustum,
3435 1191 3493 1242 et
3514 1185 3826 1254 sacriﬁcia,
3844 1190 3917 1240 ut

2264 1272 2548 1327 Dominus
2576 1275 2909 1344 imperarat.
2940 1275 3193 1330 Labrum
3229 1291 3468 1347 quoque
3509 1275 3718 1332 statuit
3764 1275 3924 1329 inter

2266 1361 2709 1416 tabernaculum
2740 1364 3066 1418 testimonii
3119 1369 3176 1419 et
3207 1363 3410 1432 altare,
3458 1363 3713 1435 implens
3770 1362 3921 1417 illud

2267 1465 2439 1519 aqua.
2475 1449 2878 1522 Laveruntque
2919 1457 3129 1519 Moses,
3164 1457 3222 1508 et
3253 1455 3459 1522 Aaron,
3511 1469 3578 1508 ac
3623 1451 3730 1507 filii
3788 1452 3923 1522 ejus

2270 1553 2481 1592 manus
2511 1555 2651 1594 suas
2682 1544 2737 1594 et
2770 1541 2967 1609 pedes,
3003 1557 3137 1595 cum
3187 1541 3635 1612 ingrederentur
3695 1544 3921 1595 tectum

2271 1625 2523 1694 Imderis,
2558 1632 2615 1681 et
2643 1628 2984 1683 accederent
3013 1629 3084 1683 ad
3117 1627 3321 1695 altare,
3354 1629 3507 1684 sicut
3559 1633 3925 1701 praeceperat

515 1721 798 1788 vestibus,
832 1725 897 1775 ut
927 1719 1264 1775 ministrent
1297 1718 1464 1789 mihi,
1498 1723 1554 1774 et
1582 1719 1782 1774 unctio
1842 1733 2042 1774 eorum
2101 1717 2158 1771 in
2191 1752 2238 1817 Β
2272 1712 2557 1772 Dominus
2592 1715 2759 1772 Mosi.
2794 1717 2988 1772 Erexit
3015 1723 3072 1772 et
3100 1717 3318 1773 atrium
3355 1735 3455 1790 per
3485 1735 3692 1791 gyrum
3725 1720 3926 1773 taber-

514 1809 901 1866 sacerdotium
919 1808 1184 1879 proﬁciat
1201 1807 1924 1878 sempiternum.Fecitque
1970 1806 2160 1861 Moses

514 1899 734 1964 omnia,
765 1913 893 1969 quea
925 1901 1275 1968 praeceperat
1322 1895 1626 1951 Dominus.
1690 1896 1771 1967 (T.
1833 1895 2038 1964 XVIII,
2098 1896 2159 1951 C.

517 1986 865 2055 CXXXVIII.)
895 1985 1080 2057 Igitur
1109 2001 1307 2040 mense
1337 1985 1526 2056 primo
1587 1981 1726 2039 anni
1787 1983 2049 2051 secundi,
2100 1983 2160 2038 in

518 2076 708 2146 prima
737 2075 830 2130 die
859 2075 1102 2141 mensis,
1161 2073 1507 2130 collocatum
1559 2079 1648 2128 est
1693 2072 2159 2128 tabernaculum.

520 2165 832 2234 Erexitque
861 2163 1006 2218 illud
1030 2163 1244 2233 Moses,
1278 2168 1334 2217 et
1352 2162 1548 2233 posuit
1574 2161 1810 2217 tabulas
1828 2179 1895 2218 ac
1925 2163 2093 2217 bases
2106 2167 2166 2216 et

524 2257 738 2322 vectes,
773 2252 1101 2322 statuitque
1154 2251 1484 2318 columnas,
1531 2255 1588 2306 et
1617 2251 1896 2322 expandit
1941 2255 2159 2306 tectum

518 2357 697 2412 super
710 2339 1180 2407 tabernaculum,
1202 2339 1480 2411 imposito
1503 2341 1753 2410 desuper
1779 2338 2160 2410 operimento,

518 2429 673 2485 sicut
700 2429 986 2484 Dominus
1017 2431 1424 2498 imperaverat.
1457 2429 1661 2483 Posuit
1681 2433 1738 2483 et
1758 2427 2163 2483 testimonium

521 2517 579 2572 in
623 2533 776 2587 arca,
809 2517 1064 2574 subditis
1096 2517 1248 2572 infra
1269 2515 1554 2582 vectibus,
1583 2515 1955 2572 etoraculum
1981 2516 2162 2570 desu-

521 2621 644 2679 per.
694 2606 958 2677 Cumque
993 2606 1286 2661 intulisset
1340 2621 1534 2660 arcam
1585 2605 1644 2658 in
1694 2602 2161 2673 tabernaculum,

523 2695 804 2767 appendit
857 2699 993 2751 ante
1047 2710 1177 2750 eam
1228 2693 1444 2764 velum,
1500 2698 1566 2749 ut
1617 2691 1875 2765 expleret
1929 2693 2164 2748 Domini

515 2784 871 2856 jussionem.
905 2784 1108 2840 Posuit
1127 2791 1180 2839 et
1211 2798 1476 2838 mensam
1507 2781 1566 2836 in
1587 2781 1966 2838 tabernaculo
1995 2783 2164 2838 testi-

527 2873 710 2929 monii
740 2873 812 2930 ad
873 2871 1106 2945 plagam
1165 2869 1678 2944 septentrionalem
1737 2878 1897 2928 extra
1943 2871 2162 2938 velum,

2271 1805 2464 1861 naculi
2494 1808 2552 1860 et
2583 1805 2805 1872 altaris,
2839 1806 3013 1862 ducto
3043 1807 3099 1861 in
3135 1807 3440 1862 introitum
3490 1809 3618 1877 ejus
3667 1806 3926 1863 tentorio

2271 1895 2355 1964 [Ο.
2373 1893 2684 1964 CXXXIX.]
2698 1895 3008 1965 Postquam
3025 1896 3224 1951 omnia
3237 1896 3494 1967 perfecta
3507 1912 3572 1952 su
3583 1895 3922 1967 nt,operuit

2273 1984 2459 2039 nubes
2489 1983 2931 2039 tabernaculum
2961 1983 3302 2051 testimonii,
3337 1990 3395 2040 et
3443 1984 3625 2055 gloria
3681 1985 3927 2040 Domini

2270 2072 2535 2143 implevit
2584 2072 2749 2126 illud.
2783 2072 2897 2128 Nec
2928 2077 3154 2144 poterat
3187 2075 3375 2130 Moses
3407 2073 3634 2146 ingredi
3693 2078 3924 2129 tectum

2272 2161 2530 2229 foederis,
2564 2161 2718 2216 nube
2731 2161 3030 2233 operiente
3043 2163 3262 2230 omnia,
3284 2163 3667 2234 utmajestate
3685 2161 3927 2218 Domini

2272 2255 2636 2317 coruscante,
2662 2251 2802 2320 quia
2824 2257 3036 2307 cuncta
3058 2252 3245 2307 nubes
3258 2256 3584 2322 operuerat.
3602 2251 3662 2307 Si
3685 2253 3936 2321 quando

2272 2340 2459 2393 nubes
2512 2337 2954 2394 tabernaculum
3040 2340 3366 2407 deserebat,
3400 2340 3938 2411 proficiscebantur

2273 2427 2378 2481 lilii
2414 2427 2590 2481 Israel
2625 2443 2726 2496 per
2755 2432 2980 2482 turmas
3013 2444 3188 2483 suas:
3223 2428 3270 2482 si
3304 2429 3595 2500 pendebat
3644 2429 3935 2498 desuper,

2273 2517 2588 2570 manebant
2622 2515 2680 2568 in
2711 2516 2915 2570 eodem
2953 2513 3100 2571 loco.
3161 2516 3358 2571 Nubes
3411 2517 3626 2589 quippe
3687 2517 3938 2572 Domini

2272 2604 2590 2659 incubabat
2614 2619 2717 2674 per
2739 2603 2893 2659 diem
2923 2604 3322 2672 tabernaculo,
3356 2610 3415 2661 et
3444 2606 3599 2677 ignis
3629 2605 3687 2661 in
3725 2612 3935 2676 nocte,

2271 2693 2612 2748 videntibus
2643 2693 2873 2748 cunctis
2904 2693 3135 2766 p0pulis
3156 2693 3330 2749 Israel
3362 2709 3466 2766 per
3491 2699 3733 2751 cunctas
3756 2713 3936 2751 man-

2275 2783 2472 2838 siones
2495 2798 2656 2839 suas.

1585 3023 1830 3094 Explica
1856 3021 2000 3079 liber
2027 3022 2163 3078 Elle
2192 3023 2399 3090 Smoth,
2431 3022 2489 3077 id
2518 3025 2595 3077 est
2624 3021 2862 3078 Exodus.

1446 3327 1684 3389 TITULI
1742 3327 1938 3384 LIBRI
1993 3327 2321 3396 VAIECRA,
2355 3327 2427 3383 ID
2482 3326 2609 3383 EST
2664 3326 2995 3383 LEVITICI.

520 3608 564 3664 Ι.
597 3606 705 3664 Ubi
736 3607 826 3662 lex
854 3604 1330 3662 holocaustorum
1363 3601 1434 3660 de
1463 3603 1789 3660 immundis
1811 3602 2166 3660 animalibus
2197 3610 2238 3676 α
2278 3602 2425 3659 VIII.
2459 3603 2540 3658 De
2569 3602 2690 3659 viro
2713 3603 2934 3658 ﬂuxum
2959 3602 3202 3658 seminis
3232 3602 3584 3674 sustinente,
3604 3603 3690 3660 vel
3729 3605 3804 3661 de
3835 3607 3948 3676 iis,

589 3697 678 3752 vel
701 3695 906 3751 avibus
932 3693 1165 3750 Domini
1198 3692 1628 3765 promulgatur.

521 3785 962 3842 ILSacrilicium
979 3800 1080 3854 pro
1100 3788 1334 3855 peccato
1357 3799 1460 3854 per
1475 3782 1867 3854 ignorantiam
1881 3781 2162 3838 admisso.

590 3873 840 3930 Jubetur
859 3874 929 3928 de
950 3872 1280 3944 ignorantia
1314 3871 1606 3942 pontificis
1630 3887 1733 3942 pro
1763 3887 1958 3927 errore
1981 3887 2163 3943 popu-

592 3962 656 4032 li,
687 3979 791 4034 pro
813 3967 944 4018 actu
974 3960 1287 4027 immundi,
1321 3964 1378 4014 et
1408 3960 1808 4017 recordatione
1834 3960 2077 4031 peccati,
2109 3963 2166 4015 et

590 4055 810 4107 temere
839 4049 1207 4106 curantibus.

519 4139 616 4194 III.
653 4141 728 4195 De
750 4138 1035 4194 sacrificio
1056 4152 1256 4192 eorum
1274 4136 1375 4208 qui
1398 4152 1497 4206 per
1517 4153 1773 4194 errorem
1799 4137 2163 4194 sanctificata

577 4229 1058 4294 comedunt,etde
1073 4229 1321 4298 negante
1333 4230 1389 4281 et
1409 4227 1780 4298 pejerante,et
1797 4225 2158 4281 libamentis.

514 4317 610 4372 IV.
636 4317 716 4372 De
748 4315 1147 4371 oblationibus
1179 4315 1576 4381 sacerdotum,
1601 4331 1745 4386 quas
1778 4331 1881 4386 pro
1901 4329 1963 4371 se
1989 4314 2159 4370 oll‘er-

583 4419 644 4459 re
677 4403 947 4471 debeant,
979 4401 1065 4458 vel
1098 4403 1234 4475 quid
1268 4404 1338 4458 de
1359 4403 1759 4460 oblationibus
1789 4419 2158 4474 consequan-

512 4496 628 4563 tur,
663 4492 733 4548 de
763 4492 934 4564 adipe
963 4497 1021 4547 et
1044 4492 1354 4562 sanguine.

509 4579 575 4635 V.
611 4581 912 4646 Quomodo
945 4580 1213 4636 initiandi
1245 4585 1385 4636 sunt
1412 4583 1772 4645 sacerdotes,
1806 4580 1894 4635 vel
1937 4580 2156 4651 quibus

2347 3709 2472 3762 quas
2505 3709 2604 3764 per
2636 3708 2910 3747 somnum
2941 3692 3277 3763 contingere
3319 3691 3528 3750 solent.
3581 3692 3660 3749 De
3717 3710 3949 3754 mens-

2347 3781 2495 3836 truis
2529 3781 2870 3847 mulierunt,
2905 3779 2993 3836 vel
3028 3781 3336 3851 proﬂuvio.

2274 3871 2360 3925 IX.
2397 3875 2470 3924 De
2504 3870 2735 3925 duobus
2758 3869 2961 3939 hircis,
2991 3874 3047 3924 et
3077 3870 3148 3925 de
3179 3870 3412 3925 duobus
3441 3869 3645 3928 vitulis
3676 3887 3783 3943 pro
3824 3891 3951 3946 po-

2345 3958 2480 4029 pulo
2513 3961 2568 4012 et
2599 3955 2878 4028 pontiﬁce
2910 3956 3313 4014 immolandis.

2272 4047 2335 4102 Χ.
2369 4046 2727 4118 Praecipitur,
2761 4049 2826 4101 ut
2845 4046 3034 4102 omnis
3065 4045 3323 4115 victima,
3353 4062 3480 4118 quas
3513 4046 3574 4103 in
3607 4063 3750 4120 agro
3805 4069 3959 4109 ma-

2342 4141 2553 4205 ctatur,
2578 4142 2643 4192 ut
2673 4136 2945 4209 primitiis
2975 4153 3043 4192 ex
3075 4137 3278 4193 eadem
3304 4137 3549 4194 Domino
3573 4139 3952 4214 offerantur,

2340 4231 2394 4280 et
2417 4242 2487 4281 ne
2517 4225 2864 4296 sanguinem
2896 4225 3028 4296 quis
3047 4227 3338 4294 comedat,
3398 4227 3487 4282 vel
3521 4228 3958 4302 morticinum,

2339 4313 2428 4368 vel
2461 4318 2698 4385 captum
2734 4330 2764 4368 a
2798 4315 3005 4369 bestia.

2269 4402 2361 4457 XI.
2391 4401 2592 4457 Timor
2619 4402 2719 4457 Dei
2743 4403 3101 4474 imperatur:
3136 4403 3466 4460 timendum
3487 4408 3713 4476 patrem
3743 4423 3757 4463 :
3795 4407 3957 4467 ido-

2336 4490 2391 4546 la
2423 4507 2537 4546 non
2569 4491 2856 4560 facienda,
2890 4496 2948 4546 et
2973 4495 3198 4560 caatera,
3231 4508 3358 4563 quae
3381 4493 3453 4549 ad
3485 4493 3670 4565 legem
3698 4499 3758 4551 et
3785 4497 3954 4568 jus-

2337 4579 2686 4635 tiﬁcationes
2715 4580 3027 4651 pertinent.

583 4669 845 4726 vestibus
875 4668 1181 4724 induendi.
1211 4674 1294 4725 De
1341 4668 1616 4725 unctione
1673 4668 2040 4724 tabernaculi
2098 4676 2156 4724 et
2266 4669 2399 4725 XII.
2440 4669 2780 4740 Praecipitur
2809 4669 3036 4724 nullum
3068 4686 3136 4725 ex
3165 4669 3343 4726 Israel
3374 4675 3431 4726 et
3452 4672 3641 4728 sancti
3667 4675 3958 4735 seminis

585 4775 858 4816 vasorum
891 4759 1034 4828 ejus.
1070 4757 1179 4814 Ubi
1212 4762 1432 4829 Moyses
1461 4757 1616 4813 sicut
1644 4757 1896 4828 pontifex
1945 4756 2157 4828 accipit

585 4848 909 4920 portionem
941 4849 1130 4903 Aaron
1163 4846 1521 4902 sacerdotis:
1559 4845 1662 4900 ﬁlii
1704 4850 1893 4901 Aaron
1953 4844 2154 4901 illicite

584 4939 776 5004 ignem
803 4936 1113 4992 offerentes
1145 4935 1407 5007 percussi
1439 4940 1599 4991 sunt.

505 5024 600 5080 Vl.
633 5025 1038 5081 Sacerdotibus
1054 5023 1391 5096 praecipitur
1412 5024 1611 5079 vinum
1635 5041 1750 5080 non
1770 5024 1990 5093 bibere,
2009 5039 2144 5078 cum

573 5115 862 5186 templum
896 5114 1329 5185 ingrediuntur.
1365 5118 1441 5168 De
1470 5113 1708 5169 mundis
1739 5121 1792 5168 el
1822 5113 2150 5169 immundis

568 5202 926 5259 animalibus
959 5207 1014 5258 et
1046 5202 1252 5258 avibus
1284 5202 1680 5258 comedendis.

493 5291 704 5349 VII.De
727 5291 970 5348 muliere
995 5293 1278 5363 pariente,
1301 5297 1357 5346 et
1377 5291 1792 5348 immunda.De
1809 5291 1981 5363 lepra;
2005 5309 2147 5348 con-

566 5380 950 5437 taminatione
965 5379 1052 5435 vel
1067 5379 1522 5435 discrimine.De
1567 5379 1727 5451 lepra
1767 5381 2145 5437 vestimento-

566 5487 720 5525 rum.
756 5470 836 5524 De
868 5468 1253 5524 mundatione
1288 5468 1479 5540 lepraa.
1508 5469 1586 5524 De
1618 5469 1815 5524 divitis
1847 5475 1902 5525 et
1925 5486 2145 5542 paupe-

565 5560 647 5616 ris
678 5558 859 5632 lepra,
893 5563 952 5614 et
982 5558 1364 5614 mundatione
1399 5558 1730 5614 domorum.

2336 4756 2490 4812 idolo
2521 4759 3007 4812 consecrandum.
3039 4762 3112 4813 De
3132 4758 3364 4813 manebis
3387 4764 3443 4814 et
3464 4759 3732 4817 adultera
3757 4779 3773 4818 :
3797 4781 3956 4838 quas

2335 4849 2475 4900 sunt
2497 4862 2778 4917 personae,
2813 4845 3031 4917 quibus
3061 4845 3232 4903 liceat
3261 4849 3536 4920 conjugio
3567 4850 3821 4911 sociari.

2178 4977 2228 5042 Β
2264 4933 3359 5006 XIII.Prazcipitursacerdosneminem
3378 4937 3598 5010 lugere,
3623 4955 3840 5013 neque
3867 4948 3963 5004 vi-

2328 5024 2637 5094 duam,aut
2651 5023 3016 5094 repudiatam
3034 5040 3271 5080 uxorem
3290 5027 3633 5098 acciperezet
3648 5042 3852 5101 corpo
3863 5053 3937 5093 ιιι
3953 5070 3968 5080 .

2332 5112 2488 5167 libus
2517 5111 2675 5166 vitiis
2708 5112 3066 5168 maculatum
3100 5114 3454 5169 sacriﬁcium
3489 5133 3605 5171 non
3665 5118 3913 5180 offerre
3941 5143 3959 5181 :

2330 5201 2557 5256 nullum
2585 5199 2976 5274 alienigenam
3000 5207 3212 5258 Sancta
3236 5208 3575 5260 sanctorum
3601 5205 3960 5281 attingere.

2257 5290 2407 5345 XIV.
2442 5290 2520 5344 De
2547 5290 2806 5346 victimis
2847 5292 3249 5362 paciﬁcorum,
3309 5309 3433 5363 que
3496 5293 3613 5348 sint
3670 5296 3960 5359 Domino

2325 5379 2742 5435 consecranda.
2778 5384 2856 5435 De
2886 5381 3256 5436 solemnitate
3282 5398 3642 5454 azymorum,
3693 5388 3756 5439 et
3796 5403 3968 5448 con-

2325 5467 2649 5524 secratione
2670 5468 2968 5539 spicarum
3002 5469 3059 5524 in
3093 5471 3453 5526 Pentecoste.

2254 5557 2370 5614 XV.
2401 5557 2478 5612 De
2509 5573 2708 5613 mense
2740 5557 3013 5630 septimo,
3029 5559 3356 5630 jejunio,et
3372 5559 3534 5618 feriis
3563 5561 3976 5627 tabernacu-
