4080 6186
300 308 382 365 333
1661 307 1874 362 LIBER.
1911 307 2244 362 LBVITICI.
3545 314 3649 370 33‘

352 425 758 485 lorum.Oleum
810 428 880 483 ad
929 426 1248 484 luminaria
1295 427 1676 484 offerendum.
1725 427 1794 484 Et
1824 430 1895 484 de
1927 428 1980 492 Α
2087 431 2550 488 Levitarumzde
2573 432 2905 489 venditione
2927 434 3653 506 ingenuorum:deadven-

355 519 574 589 panibus
592 517 898 572 duodecim
915 533 1093 588 super
1109 515 1290 572 altare
1296 517 1901 588 jugiterimponendis
2083 519 2176 574 tis.
2214 521 2646 577 Benedictiones
2688 524 3042 578 servantium
3076 524 3286 594 legem,
3315 530 3374 580 et
3409 525 3650 582 maledi-

302 606 414 663 XVI.
438 605 510 662 De
530 605 873 677 blaspheme
892 605 1038 678 legis
1064 605 1323 676 lapidato
1350 623 1362 661 :
1397 609 1453 661 et
1482 606 1732 678 ingressi
1757 623 1903 678 qua-
2086 610 2308 664 ctiones
2341 609 2840 681 contemptoribus
2872 610 3015 682 legis
3041 611 3156 667 Dei.
3187 617 3266 667 De
3298 613 3529 682 votis,et
3553 631 3652 670 sa-

351 695 459 749 liter
473 698 685 749 terram
720 693 1130 765 promissionis
1154 694 1474 750 obtineant.
1495 693 1575 749 De
1607 699 1903 751 attenuato
2085 696 2345 764 criﬁciis,
2377 703 2433 752 et
2461 698 2846 755 aestimatione
2877 700 3221 757 sacerdotis.

352 783 564 838 Hebraeo
586 783 871 838 vendente
905 783 1339 854 possessionem
1363 799 1554 839 suam.
1581 783 1659 839 De
1681 784 1905 839 aadibus

1497 1072 1768 1129 BREVES
1830 1073 2024 1130 LIBRI
2081 1075 2408 1132 LEVITICI.

295 1377 330 1430 l.
348 1381 411 1432 De
431 1376 622 1432 decem
639 1375 952 1446 generibus
974 1374 1336 1431 oblationum
1361 1374 1585 1446 absque
1602 1375 1912 1444 fermento,
2026 1377 2090 1432 Χ.
2125 1378 2204 1433 De
2225 1377 2698 1449 turpitudinibus
2717 1384 2772 1434 et
2821 1379 3142 1453 sacrilegiis
3193 1382 3458 1454 gentium
3507 1400 3669 1441 exse-

348 1468 396 1521 et
416 1463 580 1521 melle
610 1464 756 1536 solo,
789 1463 1184 1521 admiscendis
1214 1462 1354 1520 sale.
2091 1465 2324 1520 orandis
2355 1471 2412 1521 et
2433 1467 2504 1521 de
2535 1467 2954 1524 constitutione
2986 1474 3431 1542 praeceptorum.

293 1570 566 1628 lI.Dealiis
581 1572 781 1627 decem
807 1569 1492 1642 generibusoblationum
1511 1587 1614 1642 pro
1635 1570 1912 1642 ignoran-
2042 1554 2131 1610 ΧΙ·
2169 1556 2210 1609 Ι)

2056 1554 2131 1610 '(I.
2169 1556 2245 1609 De
2275 1555 2547 1626 magis,et
2577 1556 2942 1628 adulteris,et
2965 1559 3034 1614 de
3064 1559 3552 1631 turpitudinibus.
3586 1563 3666 1618 De

345 1660 433 1729 tia,
459 1659 544 1716 vel
570 1659 885 1725 oblivione,
909 1659 996 1715 vel
1019 1657 1418 1725 immunditia,
1442 1662 1497 1713 et
1519 1674 1712 1714 errore
1740 1663 1914 1729 atque
1942 1703 1990 1767 B

2095 1644 2450 1715 pythonibus
2473 1661 2588 1700 non
2613 1647 2954 1716 sequendis,
2975 1651 3030 1702 et
3046 1648 3116 1702 de
3136 1649 3562 1717 sacerdotibus,
3578 1657 3667 1706 at-

2094 1748 2205 1767 nno
2236 1732 2394 1767 nm“;
2429 1732 2581 1767 ,τιον-Λ
2634 1738 2695 1767 nl»
2722 1734 2777 1767 ἶη
2812 1739 2931 1767 ⁴Λ4Λ
2954 1735 3108 1767 "una
3142 1741 3371 1767 ηαηηηηι
3419 1742 3470 1767 At
3494 1755 3633 1767 ...η-ι.

347 1753 692 1820 οοηιθωριυ.
1942 1732 1990 1767 υ
2094 1748 2206 1802 que
2236 1732 2397 1788 omni
2429 1732 2603 1804 clero,
2634 1738 2696 1789 ut
2722 1734 2780 1788 in
2812 1739 2931 1790 toto
2954 1735 3110 1792 vitiis
3141 1741 3394 1808 careant,
3418 1742 3474 1794 et
3494 1755 3665 1795 sanc-

286 1835 458 1892 IlI.De
479 1837 595 1892 ritu
627 1835 1077 1892 sacerdotalium
1107 1835 1452 1902 hostiarum,
1475 1834 1553 1906 {et
1568 1839 1904 1891 caaterorum
2088 1824 2214 1875 tum
2247 1821 2538 1876 immundi
2571 1838 2684 1877 ῐιοῐι
2718 1824 3069 1879 comedam--

343 1928 772 1999 sacriﬁciorum,
805 1931 862 1984 et
889 1927 962 1983 de
993 1925 1279 1998 sanguine
1309 1941 1426 1981 non
1456 1925 1700 1980 edendo.
2020 1908 2215 1999 XII:_D

2056 1908 2138 1964 .II.
2172 1909 2253 1964 De
2282 1909 2585 1965 sacriﬁciis
2617 1911 2839 1980 absque
2888 1913 3118 1969 macula
3142 1914 3473 1984 oﬁ'erendis,
3506 1920 3562 1972 et
3591 1917 3662 1972 de

2091 1995 2548 2068 alienigenarum
2581 1998 2974 2056 oblationibus
3006 2002 3408 2073 reprobandis.

2020 2085 2165 2141 XIII.
2192 2085 2270 2140 De
2285 2086 2546 2158 quinque
2569 2088 3043 2145 solemnitatibus
3065 2090 3201 2146 anni
3224 2091 3663 2165 celebrioribus,

342 2138 444 2191 qua
472 2139 752 2178 vasorum
808 2128 864 2179 et
895 2123 967 2178 de
998 2121 1208 2178 hostiis
1239 2119 1578 2176 immolatis.
2020 2119 2165 2141 αιιι.
2192 2119 2546 2158 υεῚυιυιίυσ
2569 2119 3043 2145 ῠυιῦωυιιαωυυδ
3065 2119 3201 2146 αυυι
3224 2119 3663 2165 υῧιΰυιίυιίυυδ,

366 2233 401 2253 n
420 2228 723 2253 ’-μμ-η-
753 2165 944 2253 :‘__:_
970 2228 1193 2253 “nam
1240 2243 1414 2253 mm“
1442 2225 1880 2253 hknmmdnm
2090 2178 2149 2229 et
2177 2173 2249 2229 de
2280 2173 2405 2230 oleo
2429 2175 2828 2242 lucernarum,
2852 2181 2908 2232 et
2939 2179 3010 2234 de
3033 2178 3285 2251 panibus
3310 2181 3664 2253 propositio-

285 2226 339 2280 V.
364 2233 401 2282 D
420 2228 730 2300 praesentia
751 2228 947 2301 glorize
970 2228 1198 2284 Domini
1239 2243 1414 2299 super
1442 2225 1908 2316 tabernaculum,

344 2321 394 2372 et
420 2317 781 2373 holocaustis
800 2317 994 2406 divino
1020 2317 1154 2388 igne
1174 2315 1561 2386 consumptis,
1587 2314 1687 2370 ubi
1708 2315 1910 2370 Nadab
2021 2314 2262 2406 xii—be
2286 2352 2317 2404 ﬁ

341 2412 392 2460 et
419 2406 565 2460 Abiu
598 2406 753 2478 ignis
783 2405 1013 2460 occidit.

285 2032 438 2089 IV.De
459 2034 902 2090 consecratione
915 2036 1103 2089 Aaron
1125 2031 1447 2088 etﬁlioruni
1462 2031 1908 2102 ejus,omnium-

2325 2351 2403 2406 lio
2429 2351 2694 2409 mulieris
2717 2354 3088 2424 Israelitidis,
3113 2357 3213 2428 qui
3241 2357 3671 2432 blasphemavit

2093 2454 2327 2503 nomen,
2359 2443 2413 2493 et
2435 2439 2669 2494 oculum
2703 2458 2805 2512 pro
2830 2443 3020 2509 oculo,
3053 2448 3109 2498 et
3133 2449 3194 2500 ut
3215 2450 3373 2502 terra
3401 2464 3554 2502 anno
3578 2464 3669 2503 se-

283 2508 459 2607 VI...De.
480 2512 722 2607 mundis
744 2511 1144 2607 etimmundi?
1162 2509 1585 2607 animantibus,
1608 2513 1665 2564 οἵ
1682 2508 1752 2563 de
1779 2524 1912 2562 mu'
2093 2526 2274 2596 ptimo
2298 2508 2790 2593 sabbatizet,et—de
2811 2508 3253 2588 remisSionibus
3273 2536 3670 2607 annijubilisi,

343 2598 494 2655 lieris
527 2599 936 2672 puriﬁcatione
986 2605 1119 2670 post
1151 2603 1402 2669 partum.
2093 2620 2147 2667 et
2177 2613 2215 2667 D

2093 2620 2147 2667 et
2177 2613 2462 2669 Dominus
2487 2617 2556 2670 ad
2589 2616 2860 2675 Judaeos:
2895 2620 3073 2675 Terra
3099 2621 3310 2693 inquit,
3347 2598 3476 2680 mea
3505 2629 3594 2681 est
3614 2598 3671 2680 et

288 2704 393 2760 VII.
419 2706 499 2762 De
525 2707 870 2762 diversitate
900 2705 1092 2777 lepree,
1127 2706 1367 2776 ejusque
1393 2702 1796 2759 mundatione.
2095 2719 2197 2756 vos
2231 2703 2461 2757 advenae
2493 2708 2549 2758 et
2579 2704 2788 2759 coloni.

285 2795 420 2850 VIII.
445 2796 526 2852 De
548 2795 924 2869 passionibus
947 2795 1035 2850 vel
1058 2792 1432 2850 immunditia
1451 2796 1569 2848 tam
1591 2791 1720 2858 viri,
1739 2805 1912 2861 quam
2023 2789 2146 2846 XV.
2174 2791 2249 2844 De
2272 2791 2757 2862 prosperitatibus
2785 2810 2933 2865 quas
2968 2795 3252 2853 Dominus
3271 2797 3596 2870 pollicetur,
3621 2800 3671 2856 si

346 2883 591 2940 feminae.
2095 2879 2198 2934 ﬁat
2219 2880 2372 2950 quod
2399 2879 2691 2952 praecepit,
2711 2889 2762 2936 et
2790 2883 2860 2938 de
2880 2883 3138 2941 vindicta
3160 2886 3231 2941 ob
3257 2889 3673 2960 transgressio-

281 2973 362 3028 IX.
385 2973 462 3029 De
483 2973 892 3030 observatione
918 2972 1270 3029 introeuntis
1288 2971 1347 3026 in
1371 2974 1574 3026 sancta
1595 2968 1909 3042 pontificis:
2097 2983 2232 3022 nem
2263 2967 2652 3039 septemplici.

342 3062 469 3117 etde
500 3063 738 3118 duobus
762 3061 944 3117 hircis
966 3065 1120 3117 sorte
1153 3061 1420 3116 discretis
1445 3077 1458 3115 :
1490 3063 1546 3116 et
1567 3060 1638 3115 de
1657 3057 1750 3114 die
1772 3057 1916 3112 afﬁi-
1948 3057 1990 3123 (ζ’,
2030 3057 2178 3110 XVI.
2203 3055 2284 3112 De
2305 3056 2548 3112 diversis
2568 3061 2832 3115 votorum
2856 3061 3041 3133 pretio
3063 3063 3539 3122 redimendorum
3555 3071 3677 3125 sta-

341 3151 573 3218 ctionis,
607 3155 669 3206 et
698 3151 986 3225 sanguine
1017 3167 1131 3207 non
1163 3150 1407 3206 edendo.
2100 3144 2262 3200 tutis.

1169 3468 1532 3528 CAPITULA
1588 3466 1782 3523 LIBRI
1840 3463 2164 3534 VAIECRA,
2218 3465 2290 3520 ID
2320 3465 2447 3520 EST
2504 3467 2834 3526 LEVITICI.

282 3773 317 3825 I.
353 3773 614 3828 Locutus
639 3773 729 3826 est
751 3767 1035 3825 Dominus
1060 3768 1131 3822 ad
1150 3771 1346 3823 Mosen
1365 3767 1435 3821 de
1450 3761 1826 3821 tabernaculo
1847 3764 1932 3816 te-
2042 3759 2196 3815 XIII.
2220 3761 2395 3817 Jubet
2427 3764 2780 3835 sacerdotes,
2803 3781 2932 3821 eum
2950 3767 3235 3823 accedunt
3257 3768 3326 3823 ad
3349 3769 3534 3825 Deum
3558 3771 3687 3837 ',vi-

335 3859 640 3926 stimonii,
677 3862 732 3914 et
764 3858 832 3913 de
864 3855 1188 3913 sacriﬁciis.
2115 3863 2258 3903 num
2290 3866 2403 3905 non
2438 3851 2655 3909 bibere.

279 3947 338 4003 Il.
361 3949 514 4013 Quid
538 3948 828 4004 offeratur
841 3962 944 4018 pro
962 3944 1172 4001 delicto
1197 3942 1546 4016 ignorantiae
1564 3941 1933 4009 asacerdote,
2046 3935 2184 3993 XIV.
2217 3937 2296 3994 De
2315 3940 2600 3998 sacriﬁcio
2622 3944 2776 4014 quod
2807 3946 3178 4017 remanserit,
3201 3947 3531 4004 sacerdotes
3557 3965 3692 4004 cum

342 4035 424 4093 vel
460 4035 717 4109 populo,
743 4034 887 4090 dicit
915 4032 1068 4089 Deus
1098 4032 1262 4088 Mosi.
2120 4026 2246 4082 suis
2278 4027 2299 4061 ²
2332 4031 2604 4102 praecepit
2634 4033 3009 4089 manducare.

281 4124 367 4180 Ill.
398 4126 557 4190 Quid
589 4139 701 4196 pro
728 4121 1086 4194 negligentia
1113 4120 1476 4176 offerendum
1507 4119 1604 4175 sit.
2049 4114 2172 4169 XV.
2207 4115 2287 4170 De
2317 4118 2625 4187 pecoribus
2657 4123 3101 4178 manducandis.

280 4211 362 4270 IV.
396 4185 478 4271 De
510 4185 938 4269 commendato
985 4214 1040 4266 et
1089 4210 1322 4266 invento
1350 4224 1362 4264 :
1396 4207 1445 4265 si
1489 4206 1813 4262 mentiatur
1841 4209 1944 4260 aut
2050 4203 2202 4260 XVI.
2237 4185 2604 4263 Deiviscibus
2635 4209 2735 4280 qui
2764 4211 3212 4268 manducentur.
3253 4185 3260 4192 ι

342 4305 500 4373 iuret
535 4303 792 4373 injuste.

279 4392 340 4446 V.
372 4391 454 4448 De
485 4390 864 4447 holocausto.
2054 4381 2228 4438 XVII.
2262 4383 2342 4438 De
2376 4384 2708 4443 volatilibus
2735 4403 2850 4444 non
2883 4391 3330 4448 manducandis.

278 4480 341 4536 VI
370 4481 451 4536 De
483 4479 805 4536 sacerdote
837 4480 1036 4545 uncto,
1066 4476 1208 4547 quid
1239 4475 1460 4532 offerat.
1975 4504 2022 4569 D
2052 4471 2277 4569 XVIII.-
2293 4473 2373 4528 De
2403 4475 2713 4569 pecoribus
2744 4493 2861 4532 non
2893 4479 3341 4536 manducandis.

279 4567 388 4624 VII.
417 4568 704 4624 Hostiam
737 4583 840 4638 pro
872 4565 1102 4621 delicto.
1975 4563 2013 4569 ”
2052 4563 2210 4616 ΧΙΧ.
2246 4565 2322 4616 De
2357 4563 2663 4633 reptilibus
2696 4582 2810 4620 non
2845 4569 3296 4626 manducandis.

278 4657 421 4714 VIII.
448 4659 718 4729 Adipem
739 4660 798 4710 et
816 4655 1189 4726 sanguinem,
1217 4657 1274 4708 et
1294 4670 1327 4709 a
1350 4653 1469 4708 fera
1485 4655 1804 4708 comestum
1828 4665 1943 4706 non
2055 4650 2177 4705 XX.
2210 4649 2290 4705 De
2319 4650 2563 4708 muliere
2593 4670 2719 4726 quae
2750 4656 3078 4712 masculum
3112 4659 3422 4729 pepererit.

346 4745 874 4803 mandacundum.
2057 4739 2202 4794 XXI.
2236 4744 2317 4794 De
2346 4756 2434 4805 ea,
2469 4757 2597 4811 quae
2627 4743 2880 4812 puellam
2913 4746 3218 4817 pepererit.

283 4839 372 4892 IX.
408 4837 490 4892 De
525 4833 831 4892 sacriﬁcio
861 4831 1125 4890 salutari.
2060 4828 2229 4883 XXII.
2264 4828 2344 4884 De
2373 4834 2531 4884 tactu
2565 4829 2758 4902 leprae.

283 4923 342 4978 X.
377 4925 554 4981 Lavit
598 4922 798 4978 Moses
829 4923 1015 4977 Aaron
1049 4925 1106 4977 et
1137 4920 1286 4977 ﬁlios
1331 4921 1482 4991 ejus,
1513 4924 1570 4975 et
1595 4919 1788 4975 induit
1819 4935 1954 4974 eum
2063 4916 2259 4972 XXIII.
2291 4919 2637 4974 Mundatum
2669 4938 2703 4976 a
2733 4921 2895 4994 lepra
2945 4927 3173 4983 ostendi
3207 4930 3516 5002 sacerdoti,
3546 4935 3602 4987 et
3630 4931 3715 4988 sic

345 5019 586 5070 vestem
623 5010 1067 5067 sacerdotalem.
2135 5004 2356 5060 intrare
2387 5004 2447 5059 in
2480 5011 2689 5062 castra.

284 5104 384 5158 XI.
414 5103 613 5158 Unxit
642 5105 837 5155 Aaron
862 5103 919 5154 et
949 5098 1098 5155 ﬁlios
1116 5099 1265 5169 ejus,
1297 5102 1353 5154 et
1373 5099 1619 5165 vestivit,
1653 5102 1710 5153 et
1733 5096 1961 5153 obtule-
2068 5092 2257 5148 XXIV.
2294 5093 2373 5147 De
2407 5094 2635 5149 macula
2666 5095 2839 5168 leprae
2869 5098 2926 5154 in
2961 5101 3152 5157 domo.

348 5199 494 5248 runt
512 5191 883 5247 holocausta
899 5187 1962 5258 etsacriﬁcia,etdescenditigniscon-
2071 5181 2243 5236 XXV.
2278 5181 2359 5237 De
2388 5182 2534 5251 viro,
2569 5185 2659 5239 cui
2692 5185 2872 5242 fuerit
2901 5188 3094 5244 ﬂuxus
3128 5208 3194 5246 ex
3225 5208 3481 5262 corpore.

350 5297 622 5337 ,υωεηε
650 5279 868 5333 omnia,
2073 5269 2282 5326 XXVI.
2316 5271 2395 5326 De
2429 5272 2694 5341 muliere,
2730 5292 2854 5346 quin
2886 5278 3062 5334 fuerit
3092 5280 3150 5334 in
3193 5280 3351 5336 ﬂuxu
3384 5282 3714 5352 sanguinis.

280 5369 389 5427 XII.
434 5367 668 5426 Nadab
703 5371 758 5422 et
785 5367 936 5422 Abiu
969 5367 1276 5423 offerentes
1302 5366 1496 5439 ignem
1528 5365 1805 5435 alienum,
1833 5365 1966 5437 igne
2075 5358 2308 5415 XXVII.
2343 5359 2467 5416 Non
2492 5363 2703 5419 debere
2733 5371 2923 5421 Aaron
2958 5368 3193 5423 assidue
3224 5369 3446 5437 ingredi
3468 5369 3717 5427 interius

352 5458 595 5516 caelesti
640 5456 978 5528 consumpti
1011 5460 1169 5511 sunt.
2149 5447 2208 5503 in
2239 5453 2470 5508 Sancta.

361 5609 377 5640 ¹
411 5604 475 5660 In
519 5601 782 5659 Palatin.
819 5617 990 5671 mss.,
1020 5601 1089 5656 ad
1119 5600 1326 5658 altare.
2150 5596 2171 5630 ³
2205 5596 2389 5662 Idem,
2421 5611 2544 5650 cum
2573 5597 2690 5652 suis
2719 5596 3108 5654 sacerdotibus.
