4080 6186
439 283 548 348 335

1464 291 1524 345 8.
1565 289 1971 344 HIERONYMI
2009 289 2261 344 DIVINA
2303 289 2805 346 BIBLIOTHECA.

3746 289 3853 345 336

439 418 696 475 XXVIII.
719 418 977 490 Septimo
992 415 1444 484 mense,deoimo
1467 414 2084 484 diemensisjejunan-
2111 417 2163 483 Α
2201 414 2428 470 LXII.Si
2450 414 2584 484 quis
2609 415 2892 470 manserit
2907 430 3040 470 cum
3066 431 3217 471 nuru
3241 415 3559 484 sua,ambo
3585 415 3850 472 morian-

520 512 685 566 dum.

449 599 659 656 XXIX.
690 596 984 655 Sacriﬁcia
1012 612 1114 667 per
1143 595 1243 651 Dei
1275 595 1605 650 sacerdotes
1637 593 1954 648 oII'erenda.

449 689 627 748 XXX.
660 687 1040 759 Sanguinem,
1073 694 1130 741 et
1162 702 1264 757 per
1285 701 1346 740 se
1378 689 1672 740 mortuum
1705 701 1814 738 non
1848 684 2098 738 mandu-

524 780 795 835 candum.
1933 835 1936 838 .

449 868 645 924 XXXI.
681 865 1057 922 Morticinum
1090 873 1142 920 et
1173 882 1206 920 a
1235 863 1356 950 fera
1377 868 1612 934 captum
1641 878 1753 917 non
1786 862 2094 916 comeden-

520 958 687 1012 dum.

447 1045 680 1102 XXXII.
703 1045 849 1100 Cum
867 1042 1028 1100 omni
1050 1041 1368 1098 domestica
1397 1040 1628 1112 generis
1653 1055 1767 1094 non
1799 1037 2091 1093 dormien-

519 1136 681 1190 dum.

446 1222 695 1279 XXXIII.
719 1221 842 1277 Non
877 1220 1351 1277 adulterandum.

447 1311 693 1368 XXXIV.
720 1315 963 1367 Sanctos
1009 1325 1139 1365 esse
1185 1309 1416 1374 debere,
1467 1306 1563 1377 qui
1617 1306 1687 1361 ad
1719 1305 1899 1361 Deum
1935 1321 2101 1359 acce-

521 1401 672 1456 dunt
705 1403 746 1466 ³,
774 1404 831 1455 et
861 1404 1131 1470 parentes
1163 1397 1421 1468 diligere.

449 1488 677 1544 XXXV.
711 1487 1010 1559 Reliquias
1048 1486 1259 1542 messis
1294 1484 1651 1557 pauperibus
1693 1482 2098 1537 dimittendas.

449 1577 684 1634 XXXVI.
717 1577 841 1632 Non
875 1576 1188 1631 furandum
1246 1589 1350 1629 nec
1373 1573 1800 1638 mentiendum,
1836 1587 1940 1626 nec
1975 1587 2099 1642 per-

520 1667 869 1737 jurandum,
902 1679 1093 1736 neque
1122 1664 1446 1719 delaturum
1481 1661 1833 1716 faciendam.

466 1754 734 1811 XXXVII.
769 1754 1102 1809 Proximum
1138 1769 1251 1807 non
1288 1751 1639 1806 laedendum.

449 1843 740 1900 XXXVIII.
779 1843 1104 1897 Mercedem
1155 1839 1501 1896 mercenarii
1551 1855 1664 1893 non
1698 1837 2100 1893 detinendam-

450 1931 700 1987 XXXIX.
733 1935 859 1986 Non
891 1930 1204 1986 maledicas
1234 1930 1432 1984 surdo.

448 2021 556 2077 XL.
591 2024 739 2077 Ante
771 2037 991 2076 ccecum
1025 2036 1140 2074 non
1175 2034 1353 2091 pones
1381 2016 1822 2073 oﬂ‘endiculum.

448 2111 587 2167 XLI.
621 2110 930 2164 Dominum
964 2109 1146 2164 Deum
1179 2114 1348 2162 tuum
1379 2106 1636 2162 timebis.

453 2198 621 2253 XLII.
655 2197 779 2252 Non
805 2195 1103 2266 judicabis
1133 2195 1370 2265 injuste.

450 2285 644 2341 XLIII.
681 2284 961 2339 Personas
992 2299 1105 2337 non
1139 2283 1412 2353 accipies.

451 2373 637 2428 XLIV.
670 2373 798 2427 Non
828 2371 1159 2427 ambulabis
1185 2370 1403 2426 dolose.

453 2461 620 2519 XLV.
652 2461 776 2516 Non
810 2461 1042 2516 insisles
1072 2463 1130 2515 in
1161 2461 1509 2532 sanguinem
1547 2459 1788 2529 proximi
1822 2459 1927 2513 tui.

455 2549 643 2606 XLVI.
670 2549 796 2606 Non
819 2549 1012 2606 oderis
1033 2551 1054 2584 ²
1078 2549 1313 2605 fratrem
1346 2555 1536 2615 tuum,
1556 2563 1662 2602 nec
1690 2547 2016 2603 vindicabis
2042 2552 2097 2602 te

526 2652 746 2708 ipsum.

455 2725 673 2780 XLVII.
707 2724 920 2792 Diliges
953 2725 1281 2796 proximum
1315 2723 1478 2780 tuum
1510 2729 1789 2796 tanquam
1819 2729 1896 2780 te.

451 2813 686 2868 XLVIII.
709 2813 988 2868 Jumenta
1008 2817 1110 2868 tua
1129 2830 1240 2868 non
1264 2813 1423 2868 sines
1446 2813 1599 2868 coire
1622 2813 1851 2868 diverso
1875 2812 2092 2884 generi.

452 2900 655 2957 XLIX.
689 2904 884 2969 Veste,
925 2917 1052 2972 quae
1082 2918 1151 2958 ex
1195 2901 1586 2958 discoloribus
1607 2905 1715 2968 est,
1748 2917 1864 2956 non
1896 2901 2098 2956 indue-

523 3006 626 3046 r18.

456 3080 512 3134 L.
545 3079 605 3134 Si
638 3078 771 3150 quis
802 3078 1107 3135 dormierit
1154 3096 1288 3135 cum
1321 3078 1532 3134 ancilla
1557 3080 1915 3152 desponsata
1938 3079 2088 3134 viro-

457 3167 546 3222 LI.
580 3167 704 3222 Non
739 3167 1148 3238 augurandum
1179 3167 1264 3222 vel
1297 3168 1746 3239 auspicandum.

459 3257 570 3312 LII.
603 3255 727 3310 Non
763 3256 1098 3326 profanabis
1120 3255 1298 3311 filiam
1330 3263 1492 3311 tuam
1525 3257 1583 3311 in
1617 3257 1950 3313 mmcbiam.

459 3343 606 3400 LIII.
643 3343 1050 3416 Ventriloquos
1079 3349 1138 3400 et
1167 3344 1561 3401 incantatores
1608 3362 1723 3400 non
1754 3347 2099 3402 audiendos.

461 3433 580 3487 LIV
630 3432 902 3489 Seniores
931 3437 988 3488 et
1014 3433 1380 3504 presbyteros
1413 3435 1804 3490 honorandos.

463 3519 573 3575 LV.
609 3521 904 3576 Advenam
939 3519 1319 3592 diligendam.

467 3607 606 3664 LVI.
641 3608 904 3664 Pondera
931 3613 988 3664 et
1021 3625 1328 3665 mensuras
1359 3627 1521 3682 aeque
1554 3611 1872 3668 habendas.

466 3695 630 3752 LVII.
664 3695 1008 3768 Quicunque
1037 3697 1262 3752 dederit
1290 3697 1470 3753 ﬁliam
1504 3715 1673 3754 suam
1703 3699 1953 3771 principi
1983 3705 2103 3757 Mo-

531 3783 686 3853 locb,
719 3789 907 3840 morte
939 3785 1234 3841 moriatur.

461 3873 659 3931 LVIII.
696 3872 1036 3944 Quicunque
1068 3881 1307 3931 secutus
1350 3875 1524 3932 fuerit
1555 3877 1953 3949 ventriloquos
2003 3883 2104 3934 aut

526 3967 995 4034 praecantatores,
1027 3968 1223 4034 pereat
1252 3965 1322 4018 de
1356 3965 1586 4036 populo.

457 4051 595 4108 LIX.
643 4052 750 4117 Qui
800 4052 1163 4108 maledixerit
1216 4053 1365 4125 patri
1414 4060 1516 4110 aut
1547 4055 1743 4122 matri,
1793 4057 2097 4112 moriatur.

453 4140 564 4196 LX.
597 4140 857 4196 Adulteri
890 4142 1108 4212 pariter
1139 4143 1480 4198 moriantur.

454 4229 593 4284 LXI.
617 4233 763 4286 Cum
785 4246 965 4286 uxore
989 4231 1174 4302 patris
1201 4232 1643 4302 quidormierit,
1659 4234 1832 4290 ambo
1848 4235 2100 4290 morian-

524 4321 637 4374 tur.

524 4526 540 4599 ξ
569 4522 681 4599 ΜΘ.
714 4523 990 4592 Palatin.,
1020 4525 1118 4597 qui
1153 4527 1226 4599 ad_
1254 4527 1422 4599 Deum
1449 4528 1787 4599 pertineant.

515 4595 538 4670 ξ
569 4594 728 4670 Idem
765 4613 930 4670 mss._,
963 4594 1079 4652 non
1113 4597 1397 4670 occideris,
1433 4594 1537 4670 pro
1567 4600 1768 4655 oderis.

517 4665 540 4699 ⁸
571 4667 869 4741 [ntegrum
901 4668 1078 4725 hocce
1127 4665 1450 4740 capitulum
1480 4673 1550 4727 66
1572 4672 1814 4728 Palatin.
1854 4687 1963 4729 ms.
2001 4691 2093 4730 ne-

2279 510 2396 558 tur.

2209 592 2390 647 LXIII.
2425 593 2770 664 Quicunque
2801 593 3084 650 manserit
3121 611 3254 650 cum
3289 594 3553 651 masculo
3583 595 3741 651 coitu
3771 595 3857 651 fe-

2270 681 2486 748 mineo,
2519 683 2690 737 ambo
2726 683 3073 740 moriantur.

2206 769 2394 824 LXIV.
2419 771 2761 842 Quicunque
2811 773 3097 844 acceperit
3147 774 3452 829 mulierem
3498 777 3557 829 et
3607 779 3853 830 matrem

2273 859 2423 929 ejus,
2453 859 2574 931 igni
2605 861 3042 916 cremabuntur.

2209 947 2375 1004 LXV.
2408 948 2751 1020 Quicunque
2779 950 3005 1005 dederit
3029 950 3404 1007 concubitum
3436 951 3496 1007 in
3519 952 3858 1024 quadrupe-

2277 1037 2429 1106 dem,
2462 1038 2769 1104 moriatur,
2800 1043 2857 1094 et
2903 1041 3342 1111 quadrupedem
3391 1042 3687 1097 occidetis.

2211 1126 2400 1181 LXVI.
2432 1127 2803 1198 Quaecunque
2825 1127 3036 1183 mulier
3075 1129 3147 1184 ad
3180 1129 3418 1200 aliquod
3452 1146 3628 1202 pecus
3659 1146 3856 1186 acces-

2281 1215 2422 1270 serit
2451 1233 2629 1271 causa
2658 1217 2870 1284 coitus,
2906 1217 3208 1274 occidatur
3235 1219 3275 1270 ³.

2210 1303 2776 1375 LXVII.Quicunque
2793 1305 3080 1376 acceperit
3100 1323 3336 1363 uxorem
3361 1325 3619 1365 sororem
3636 1310 3857 1379 suam‘,

2281 1392 2761 1463 exstirpabuntur
2790 1393 2860 1448 de
2891 1393 3126 1465 populo.

2214 1480 2456 1535 LXVIII.
2490 1480 2545 1534 Si
2577 1481 2710 1551 quis
2739 1497 2870 1535 cum
2921 1487 3282 1540 menstruata
3331 1484 3553 1553 coierit,
3601 1486 3690 1542 vel
3721 1503 3857 1542 cum

2282 1585 2456 1624 uxore
2485 1569 2687 1639 patris,
2723 1573 2807 1625 vel
2839 1570 3134 1636 avunculi,
3165 1572 3256 1628 vel
3287 1573 3485 1630 fratris
3519 1574 3632 1640 sui,
3670 1581 3860 1631 morte

2283 1657 2587 1713 moriatur.

2217 1745 2404 1800 LXIV.
2450 1746 2894 1818 Ventriloquam
2923 1753 2979 1803 et
3021 1748 3438 1808 incantatorem
3485 1751 3857 1824 lapidandos.

2219 1834 2386 1890 LXX.
2418 1835 2764 1892 Sacerdotes
2795 1837 2852 1892 in
2886 1837 3049 1893 nullo
3079 1838 3396 1910 inquinari,
3430 1841 3530 1896 sed
3561 1857 3690 1897 esse
3722 1859 3860 1898 san-

2277 1929 2416 1980 ctos.

2204 2011 2386 2065 LXXI.
2422 2010 2566 2066 Filia
2595 2010 2699 2066 viri
2750 2013 3094 2081 sacerdotis,
3143 2013 3192 2068 si
3227 2013 3613 2086 prostituatur
3642 2017 3713 2072 ad
3749 2016 3862 2072 Ior-

2279 2099 2619 2165 nicandnm,
2652 2100 2786 2171 igne
2813 2101 3192 2159 cremabitur.

2205 2187 2422 2242 LXXII.
2460 2187 2643 2243 Homo
2686 2189 2744 2242 in
2777 2205 2890 2260 quo
2943 2189 3117 2245 fuerit
3167 2191 3420 2263 macula,
3457 2192 3592 2263 {non
3623 2195 3865 2251 accedet

2279 2277 2485 2332 oli'erre
2518 2277 2670 2332 dona
2697 2277 2834 2333 Deo.

2202 2365 2440 2420 LXXIII.
2475 2365 2864 2432 Sacerdotem,
2915 2367 2971 2421 in
3000 2385 3112 2438 quo
3145 2369 3324 2423 fuerit
3355 2370 3755 2440 immunditia,
3797 2377 3859 2428 et

2268 2455 2350 2509 sic
2381 2456 2696 2510 accesserit
2716 2456 2786 2511 ad
2819 2462 3040 2523 sancta,
3068 2459 3443 2514 exterminari
3475 2477 3508 2516 a
3538 2459 3674 2531 Deo,
3708 2462 3863 2517 etde

2271 2543 2490 2598 sanctis
2520 2549 2830 2600 extraneus
2862 2562 2976 2600 non
3011 2546 3347 2602 manducet.

2201 2632 2429 2688 LXXIV.
2468 2633 2764 2689 Maculosa
2794 2640 2850 2690 et
2877 2635 3090 2690 vitiosa
3122 2653 3236 2692 non
3269 2637 3582 2695 offerenda.

2199 2720 2407 2775 LXXV.
2443 2721 2523 2776 De
2551 2724 2839 2779 sacriﬁcio
2868 2725 3166 2780 orationis.

2198 2809 2438 2864 LXXVI.
2475 2815 2550 2865 De
2577 2811 2831 2867 Sabbato
2863 2813 3246 2869 observando.

2203 2897 2466 2954 LXXVII.
2502 2904 2580 2954 De
2609 2900 2834 2956 Pascha
2863 2905 2922 2956 et
2946 2903 3200 2973 Azymis.

2201 2985 2500 3042 LXXVIII.
2539 2992 2613 3043 De
2643 2987 2921 3058 primitiis
2949 2990 3154 3044 messis
3185 2990 3522 3046 afferendis.

2203 3073 2436 3130 LXXIX.
2468 3075 2548 3130 De
2581 3091 2784 3131 mense
2813 3077 3084 3148 septimo.

2135 3148 2176 3212 C
2221 3164 2423 3219 LXXX.
2456 3166 2539 3220 Ad
2575 3164 2772 3221 lumen
2806 3165 3053 3222 lucernas
3085 3166 3279 3223 oleum
3312 3169 3708 3227 inferendum.

2213 3252 2452 3309 LXXXI.
2489 3255 2633 3308 Eum
2667 3255 2768 3324 qui
2804 3254 3312 3326 blasphemaverit,
3342 3257 3752 3329 Iapidandum.

2211 3342 2493 3398 LXXXII.
2518 3343 2660 3397 Eum
2686 3346 2784 3414 qui
2809 3344 3107 3412 occiderit,
3130 3345 3536 3416 occidendum,
3571 3353 3626 3404 et
3658 3349 3729 3405 de
3748 3348 3864 3405 Ju-

2288 3430 2474 3485 bilteo.

2213 3519 2503 3576 LXXXIII.
2537 3524 2614 3576 De
2644 3520 2820 3575 fratre
2849 3537 3123 3592 paupere.

2212 3607 2505 3664 LXXXIV.
2539 3609 2619 3664 De
2651 3610 2828 3664 fratre
2859 3611 3212 3666 venumdata
3241 3615 3298 3667 et
3321 3617 3678 3685 comparato.

2213 3696 2480 3754 LXXXV.
2511 3696 2673 3753 Idola
2707 3715 2820 3753 non
2854 3699 3139 3754 facienda.

2213 3785 2512 3841 LXXXVI.
2546 3786 2802 3842 Sabbata
2832 3787 3214 3844 observanda.

2211 3875 2530 3930 LXXXVII.
2579 3875 2800 3930 Bellum
2855 3876 3218 3944 abfuturum,
3269 3877 3318 3932 si
3349 3879 3625 3935 mandata
3654 3883 3859 3936 custo-

2281 3965 2537 4020 diantur.

2209 4053 2560 4110 LXXXVIII.
2583 4057 2643 4110 In
2670 4054 3234 4122 tribulationibus,et
3259 4057 3428 4122 fame,
3445 4061 3502 4113 et
3522 4058 3710 4130 plagis
3728 4075 3858 4113 ma-

2278 4143 2350 4198 lis
2381 4144 2774 4213 castigandae,
2807 4143 2856 4198 si
2887 4151 3175 4216 praecepta
3205 4161 3321 4199 non
3357 4155 3680 4202 servantur.

2208 4231 2493 4287 LXXXIX.
2515 4232 2728 4287 Votum
2754 4232 3001 4287 masculi
3024 4233 3108 4287 vel
3134 4234 3362 4289 feminae
3402 4234 3586 4304 pretio
3608 4235 3859 4290 oﬂ'eren-

2278 4322 2440 4390 dum,
2473 4322 2530 4374 in
2562 4321 2888 4392 pecudibus
2913 4337 3048 4377 vero
3082 4338 3197 4377 non
3230 4322 3603 4378 mutandum.

2206 4536 2676 4731 :citSigﬂ‘erimus
2703 4614 2771 4654 ex
2802 4599 2979 4666 palat.
3013 4615 3123 4658 ms.
3155 4617 3407 4671 uxorem,
3439 4602 3594 4674 quod
3637 4618 3855 4660 nomen

2247 4691 2377 4731 sera
2408 4715 2420 4727 .

2247 4691 2420 4732 eerat.
