4080 6186
219 397 287 454 337
1526 403 1740 456 LIBER
1778 403 2110 458 LEVlTlCI.

3411 405 3520 460 338

215 525 3505 553 Μ

1671 637 1954 698 INCIPIT

891 795 1560 958 LIBER
1745 795 2720 964 VAIECRA

1464 1063 1570 1116 QUI
1622 1061 1831 1108 ριιιΕρΕ
1879 1064 2127 1110 DICITUB

1341 1185 2238 1279 LEVITICUS.

239 1516 302 1584 (T.
330 1517 365 1580 Ι,
394 1516 445 1570 Β.
478 1516 516 1583 l,
548 1519 607 1570 Ο.
638 1515 683 1581 I,
728 1514 858 1586 Cap.
889 1515 931 1570 Ι.
963 1516 979 1586 )
1025 1515 1266 1572 Vocavit
1297 1520 1495 1572 autem
1529 1517 1750 1582 Mosen,
1777 1518 1833 1584 Α
1863 1516 2082 1570 effundi
2144 1517 2352 1585 solent,
2386 1520 2823 1591 confringetque
2854 1521 3101 1578 ascellas
3129 1522 3276 1592 ejus,
3303 1527 3356 1577 et
3383 1539 3498 1578 non

191 1603 417 1659 etlocutus
433 1609 585 1660 estes
597 1604 889 1660 Dominus
913 1605 982 1660 de
1004 1605 1383 1661 tabernaculo
1397 1605 1741 1674 testimonii,

188 1691 344 1746 dicens:
374 1697 608 1764 Loquere
641 1693 780 1748 ﬁliis
813 1693 1007 1759 lsrael,
1040 1698 1098 1749 et
1126 1694 1282 1749 dices
1305 1695 1376 1749 ad
1413 1710 1532 1750 eos:
1557 1695 1741 1750 Homo

187 1779 567 1852 qniobtuleritjex
590 1782 757 1836 vobis
782 1781 1033 1837 hostiam
1057 1783 1303 1837 Domino
1321 1784 1390 1837 de
1412 1783 1739 1852 pecoribus,

186 1867 223 1919 id
245 1873 310 1922 est
333 1871 391 1924 de
419 1870 594 1925 bobus
628 1875 685 1925 et
717 1871 922 1925 ovibus
955 1873 1203 1926 oﬁ‘erens
1235 1872 1524 1942 victimas,
1558 1872 1607 1927 si
1641 1872 1740 1927 ho-

186 1953 433 2013 locaustum
485 1960 659 2014 fuerit
719 1960 848 2030 ejus
907 1961 1144 2027 oblatio,
1207 1977 1272 2014 ac
1324 1961 1392 2016 de
1449 1968 1736 2027 armento,

184 2045 426 2100 masculum
448 2047 889 2102 immaculatum
916 2048 1116 2104 offeret
1137 2049 1206 2103 ad
1230 2049 1442 2104 ostium
1465 2051 1736 2104 taberna-

180 2132 256 2185 culi
281 2136 581 2202 testimonii,
619 2138 692 2192 ad
728 2137 1088 2208 placandum
1115 2137 1228 2194 sibi
1264 2137 1599 2207 Dominum,
1633 2155 1734 2210 po-

180 2227 328 2292 netqne
354 2240 576 2280 manum
613 2242 795 2297 super
821 2232 994 2296 caput
1022 2227 1247 2294 hostiae,
1279 2231 1336 2282 et
1365 2228 1736 2299 acceptabilis

178 2310 248 2362 erit
275 2317 416 2382 atque
443 2313 499 2368 in
532 2315 924 2386 expiationem
960 2316 1088 2385 ejus
1108 2316 1436 2387 proﬁciens.
1462 2316 1732 2371 Immola-

174 2396 313 2469 bitque
332 2401 557 2458 vitulum
592 2421 790 2459 coram
824 2404 1110 2459 Domino:
1145 2404 1386 2460 oﬁ'erent
1419 2404 1522 2458 ﬁlii
1545 2407 1731 2459 Aaron

175 2488 428 2546 sacerdotes
458 2492 807 2564 sanguinem
843 2493 990 2564 ejus,
1023 2493 1335 2549 fundentes
1383 2509 1485 2564 per
1533 2492 1736 2548 altaris

171 2574 429 2645 circuitum,
461 2582 610 2650 quod
650 2585 738 2636 est
772 2586 909 2636 ante
939 2581 1154 2652 ostium
1183 2580 1582 2636 tabernaculi:
1633 2583 1732 2635 de-

172 2664 402 2736 tractaque
429 2667 571 2738 pelle
604 2669 837 2734 hostire,
870 2677 1032 2723 artus
1062 2670 1120 2724 in
1169 2671 1353 2725 frusta
1385 2669 1731 2735 concident,

165 2755 201 2801 et
221 2753 490 2822 subjicient
519 2758 577 2812 in
613 2757 782 2812 altari
815 2757 1031 2830 ignem,
1079 2762 1239 2813 strue
1271 2758 1563 2829 lignorum
1604 2767 1734 2812 ante

165 2842 439 2914 composita,
470 2850 526 2900 et
556 2848 846 2914 membra,
897 2863 1020 2918 qua:
1073 2863 1222 2902 casa
1273 2852 1432 2914 sunt,
1480 2847 1733 2918 desuper
1763 2870 1809 2934 Β

160 2928 447 3002 ordinantes,
479 2941 660 3005 caput
685 2934 970 3004 videlicet,
1003 2938 1060 2989 et
1104 2940 1312 2991 cuncta
1361 2953 1487 3006 qua:
1537 2936 1729 2990 adhae-

163 3019 448 3088 rentjecori,
474 3023 777 3079 intestinis
807 3028 866 3078 et
897 3023 1140 3092 pedibus
1163 3022 1298 3079 lotis
1323 3041 1509 3095 aqua:
1539 3024 1732 3079 adole-

168 3102 317 3176 bitque
343 3125 404 3165 ea
434 3113 714 3167 sacerdos
745 3129 922 3183 super
951 3112 1132 3167 altare
1166 3112 1222 3166 in
1240 3113 1648 3167 holocaustum
1675 3118 1732 3166 et

167 3209 342 3251 suavem
390 3200 942 3256 odorem‘Domino.
995 3203 1157 3266 Quod
1210 3201 1258 3256 si
1309 3203 1378 3256 de
1427 3203 1732 3273 pecoribus

160 3281 317 3341 oblatio
345 3293 445 3354 est,
479 3291 551 3346 de
584 3290 819 3354 nvibus,
845 3290 964 3345 sive
987 3291 1056 3345 de
1077 3290 1266 3360 capris
1298 3291 1730 3358 holocaustum,

161 3374 422 3431 masculum
455 3380 498 3447 ¹,
531 3380 762 3449 absque
796 3378 1021 3433 macula
1047 3379 1265 3434 offeret:
1291 3378 1732 3450 immolabitque

159 3458 350 3518 adlatus
369 3467 591 3532 altaris,
618 3469 776 3538 quod
795 3469 1031 3538 respicit
1053 3468 1122 3522 ad
1147 3467 1510 3538 Aquilonem,
1535 3484 1727 3522 coram

157 3544 358 3609 Domino:
389 3557 743 3628 sanguinem
765 3573 897 3611 vero
912 3556 1071 3612 illius
1089 3556 1332 3610 fundent
1352 3573 1530 3628 super
1550 3557 1732 3612 altare

157 3633 227 3690 lilii
249 3643 407 3699 Aaron
442 3661 543 3715 per
563 3644 907 3710 circuitum,
932 3645 1309 3716 dividentque
1332 3648 1612 3713 membra,
1636 3662 1732 3702 ca-

157 3731 226 3789 βοὶ
248 3736 292 3782 et
317 3733 505 3789 omnia
555 3749 694 3806 quae
741 3733 1038 3788 adhmrent
1069 3734 1275 3804 jecori.
1325 3738 1383 3788 et
1432 3735 1752 3810 imponent.

157 3825 281 3883 super
303 3819 468 3891 ligna,
501 3823 727 3894 quibus
759 3822 1162 3892 subjiciendus
1201 3828 1290 3878 est
1336 3822 1531 3895 ignis:
1584 3823 1730 3878 inte-

155 3903 264 3960 stina
285 3925 401 3967 vero
429 3918 486 3968 et
518 3914 706 3985 pedes
737 3912 1016 3967 lavabunt
1042 3929 1215 3984 aqua.
1234 3916 1302 3967 Et
1322 3913 1516 3968 oblata
1537 3912 1734 3967 omnia

154 3992 346 4052 adolebit
373 4003 657 4057 sacerdos
684 4018 861 4072 super
891 4000 1093 4067 altare,
1127 4001 1187 4055 in
1239 4001 1645 4057 holocaustum
1677 4007 1734 4056 et

152 4080 326 4140 odorem
357 4090 789 4145 suavissimum
820 4090 1092 4144 Domino.
1125 4091 1179 4143 Si
1204 4094 1397 4144 autem
1420 4091 1489 4145 de
1506 4089 1730 4153 avibus,

151 4163 433 4231 holocausta
461 4178 693 4233 oblatio
722 4178 895 4232 fuerit
942 4179 1207 4244 Domino,
1259 4179 1329 4233 de
1376 4179 1729 4244 turturibus,

150 4265 218 4309 aut
242 4262 397 4329 pullis
427 4267 962 4333 columbaa,oll‘erat
989 4282 1116 4321 eam
1143 4267 1412 4322 sacerdos
1434 4268 1503 4322 ad
1529 4266 1730 4334 altare,

151 4350 187 4394 et
211 4353 389 4407 retorto
421 4356 492 4410 ad
528 4355 754 4411 collum
788 4355 998 4424 capite,
1033 4372 1096 4410 ac
1115 4361 1284 4427 rupto
1305 4355 1564 4411 vulneris
1587 4355 1733 4422 loco,

151 4432 390 4497 fi"marcere
403 4443 584 4499 faciet
603 4445 950 4515 sanguinem
968 4459 1146 4515 super
1163 4444 1520 4515 crepidinem
1536 4447 1736 4499 altaris

149 4527 425 4586 resticulam
441 4549 584 4588 vero
598 4533 881 4605 gutturis,
900 4537 957 4586 et
975 4533 1203 4602 plumas
1219 4533 1483 4604 projiciet
1507 4538 1740 4604 propter

147 4607 276 4669 altare
299 4619 364 4672 ad
396 4619 753 4676 orientalem
785 4619 1041 4692 plagam,
1065 4621 1124 4675 in
1145 4619 1270 4676 loco
1293 4621 1351 4674 in
1377 4637 1492 4691 quo
1515 4621 1738 4676 cineres

195 4772 204 4801 ¹
233 4769 487 4850 Undecim
529 4794 684 4833 mss.
719 4778 970 4844 codices,
1005 4794 1151 4849 quos
1185 4779 1244 4832 in
1270 4778 1386 4850 hoc
1418 4794 1615 4850 opere,
1637 4780 1736 4833 ad-

143 4847 370 4922 gmussim
394 4850 796 4922 contulimus,
815 4847 1047 4922 duobus
1062 4847 1472 4922 modislegunt'
1496 4849 1589 4922 hic
1606 4849 1736 4904 loci.

141 4905 286 4991 939911
318 4920 486 4974 Hebr.
543 4920 743 4986 veril.,
783 4905 1110 4976 'Bibliorum
1163 4905 1354 4976 code;
1390 4921 1628 4991 Regius,
1678 4939 1735 4976 n.

140 4980 257 5051 3563,
283 4995 334 5043 et
361 4991 458 5046 alii
519 4980 787 5063 quatuor
821 4992 878 5045 S.
913 4991 1206 5057 Germani,
1241 4992 1326 5047 vel
1368 4980 1739 5047 Corbeiensis

139 5063 443 5135 Ponuterii.
478 5064 572 5118 sic
611 5063 871 5135 habent:
909 5063 1059 5135 Quod
1089 5065 1228 5118 side
1254 5064 1541 5135 pecoribus
1589 5064 1738 5117 obla-

136 5124 190 5173 tio
224 5134 332 5205 cst,
378 5124 447 5188 dc
509 5134 736 5199 ovibus,
795 5124 1034 5188 sive'dc
1089 5124 1270 5205 capris
1321 5136 1736 5204 holocaustum,

135 5198 401 5276 miculas:
433 5215 486 5260 el
521 5198 736 5276 absque
756 5205 981 5259 macula
1021 5198 1227 5274 offeret.
1261 5205 1602 5261 Colbertinm
1633 5198 1738 5260 au;

139 5267 216 5319 tam
245 5271 609 5331 bibliotheca:
643 5267 790 5330 mss.
825 5281 964 5336 tres,
996 5267 1203 5345 nempe
1231 5278 1324 5340 74,
1357 5278 1481 5345 157,
1514 5283 1570 5332 et
1618 5278 1746 5345 181,

141 5347 229 5414 “In
259 5360 361 5402 uno
383 5349 562 5404 Corb.
605 5363 668 5401 n.
704 5351 754 5414 1,
805 5351 864 5400 et
915 5346 1096 5402 altero
1127 5346 1185 5404 S.
1245 5351 1439 5403 Germ.
1489 5365 1651 5402 num.
1681 5349 1735 5401 7.

143 5410 187 5490 ᾖα
211 5419 660 5490 pmcedentium
692 5410 996 5472 lectionem
1021 5419 1265 5490 addunt,
1297 5422 1531 5490 Agnum,
1553 5419 1607 5473 id
1628 5424 1739 5483 est,

149 5471 288 5562 ξῆἔὸρί
317 5471 433 5545 hoc
451 5471 669 5554 modo,
689 5471 891 5559 agnum
911 5471 1314 5562 anniculumjet
1334 5471 1531 5562 absque
1550 5471 1735 5544 maca:

151 5556 372 5631 “fideret.
396 5564 484 5616 Ad
524 5556 812 5616 Hebraius
847 5577 952 5615 nec
981 5577 1182 5631 agnum
1215 5561 1411 5628 habet,
1435 5556 1538 5616 nec
1569 5563 1738 5615 anni-

153 5623 298 5702 (slum,
325 5633 402 5686 ibi
436 5635 610 5688 enim
668 5631 914 5702 legimus
973 5623 1036 5686 ut
1090 5633 1147 5686 in
1206 5623 1406 5701 editis,
1455 5644 1622 5692 cum
1653 5645 1745 5691 ἾΞῖ

158 5693 308 5786 ’πεπρ
350 5703 593 5762 Zachar
646 5693 878 5758 tha‘inim
922 5703 1267 5775 z'acribcnnu,
1320 5693 1472 5776 quod
1524 5705 1746 5774 signiﬁ-

1861 1604 2245 1671 secabit,.nec
2268 1606 2419 1661 ferro
2451 1607 2672 1663 dividet
2725 1624 2875 1675 eam,
2925 1614 2980 1663 et
3018 1609 3274 1664 adolebit
3323 1626 3500 1681 super

1856 1690 2062 1759 altare,
2100 1692 2278 1765 lignis
2312 1695 2445 1764 igne
2479 1697 2804 1767 supposito.
2860 1697 3273 1752 Holocaustum
3325 1704 3414 1754 est
3445 1705 3502 1754 et

1853 1781 2074 1836 oblatio
2108 1782 2444 1838 suavissimi
2479 1785 2674 1840 odoris
2703 1785 2970 1841 Domino.

1923 1871 2079 1941 (Cap.
2119 1871 2213 1939 ll.)
2242 1873 2451 1927 Anima
2489 1889 2621 1927 cum
2671 1873 2948 1929 obtulerit
3000 1875 3354 1930 oblationem
3404 1877 3486 1943 (h.

1851 1959 2119 2029 munera)
2145 1961 2450 2016 sacriﬁciis
2466 1962 2727 2030 Domino,
2754 1961 2949 2017 simila
2969 1963 3078 2018 erit
3097 1964 3226 2033 ejus
3247 1964 3483 2031 oblatio,

1849 2048 2171 2117 fundetque
2205 2066 2384 2121 super
2415 2067 2542 2104 eam
2577 2051 2792 2115 oleum,
2825 2056 2881 2106 et
2910 2056 3085 2122 ponet
3107 2052 3266 2120 thus,
3295 2070 3360 2108 ac
3387 2054 3488 2108 de—

1847 2137 1990 2191 feret
2013 2137 2082 2190 ad
2118 2136 2268 2192 ﬁlios
2283 2141 2471 2193 Aaron
2497 2140 2846 2209 sacerdotes,
2869 2155 3119 2211 quorum
3144 2157 3298 2196 unus
3322 2141 3488 2197 tollet

1846 2223 2133 2294 pugillum
2173 2225 2408 2296 pienum
2444 2227 2652 2282 simila:
2685 2233 2740 2282 et
2769 2228 2901 2293 olei,
2934 2245 3000 2283 ac
3028 2233 3218 2284 totum
3245 2230 3406 2298 thus,
3431 2236 3488 2285 et

1845 2318 2021 2384 ponet
2047 2315 2382 2369 memoriale
2413 2333 2591 2388 super
2617 2316 2819 2385 altare,
2851 2317 2908 2371 in
2943 2318 3174 2373 odorem
3203 2318 3484 2375 suavissi-

1844 2418 2004 2456 mum
2039 2403 2282 2457 Domino
2309 2420 2321 2457 :
2347 2406 2499 2473 quod
2533 2411 2732 2460 autem
2767 2405 3018 2477 reliqum
3052 2407 3228 2462 fuerit
3274 2409 3346 2463 de
3390 2425 3485 2463 sa-

1842 2491 2081 2560 criﬁcio,
2115 2491 2227 2546 erit
2254 2496 2446 2547 Aaron
2479 2498 2536 2548 et
2566 2494 2820 2550 ﬁliorum
2854 2497 3005 2565 ejus,
3034 2501 3303 2551 sanctum
3346 2514 3482 2552 san-

1843 2584 2068 2634 ctorum
2085 2580 2156 2634 de
2177 2580 2578 2636 oblationibus
2609 2583 2856 2637 Domini.
2877 2587 3017 2637 Cum
3039 2589 3232 2639 autem
3258 2585 3484 2641 obtule-

1841 2667 1923 2722 ris
1960 2667 2312 2723 sacriﬁcium
2345 2675 2575 2724 coctum
2608 2670 2666 2725 in
2701 2671 2952 2738 clibano,
2975 2673 3044 2726 de
3066 2672 3283 2740 simila,
3304 2689 3485 2744 panes

1843 2755 2068 2810 scilicet
2099 2757 2323 2828 absque
2354 2759 2660 2823 fermento,
2695 2775 3044 2831 conspersos
3072 2761 3216 2828 oleo,
3251 2767 3308 2816 et
3329 2761 3484 2834 laga-

1842 2861 1915 2898 na
1950 2861 2151 2916 azyma
2173 2845 2297 2900 oleo
2330 2845 2434 2902 lita
2466 2864 2479 2902 :
2509 2848 2558 2902 si
2592 2847 2814 2904 oblatio
2842 2854 2942 2904 tua
2973 2849 3148 2905 fuerit
3177 2850 3248 2904 de
3295 2856 3485 2906 sarta-

1839 2933 1996 3003 gine,
2029 2932 2239 2987 similae
2272 2951 2602 3005 conspersa:
2657 2935 2784 2992 oleo
2822 2941 2877 2991 et
2908 2937 3126 3006 absque
3174 2937 3481 3008 fermento,

1835 3022 2061 3077 divides
2122 3038 2249 3078 eam
2313 3024 2684 3086 minutatim,
2744 3029 2802 3080 et
2860 3025 3070 3081 fundes
3117 3042 3296 3098 super
3350 3042 3480 3082 eam

1835 3109 2047 3164 oleum.
2078 3111 2176 3166 Sin
2211 3116 2406 3166 autem
2441 3114 2511 3166 de
2536 3113 2815 3169 craticula
2863 3114 3037 3169 fuerit
3083 3115 3476 3172 sacriﬁcium:

1835 3215 1998 3269 asque
2041 3198 2237 3254 simila
2287 3200 2413 3255 oleo
2459 3206 2902 3274 conspergetur,
2935 3218 3113 3273 quam
3140 3203 3347 3260 offeres
3369 3209 3481 3260 Do-

1841 3288 2022 3354 mino,
2050 3289 2288 3343 tradens
2321 3290 2598 3345 manibus
2630 3292 2972 3348 sacerdotis.
3005 3293 3112 3358 Qui
3143 3308 3279 3348 cum
3309 3293 3483 3349 obtu-

1836 3375 1970 3431 lerit
1997 3391 2154 3444 eam,
2187 3377 2347 3434 tollet
2382 3379 2720 3435 memoriale
2738 3381 2808 3436 de
2841 3381 3213 3450 sacriﬁcio,et
3230 3381 3485 3438 adolebit

1837 3481 2015 3534 super
2039 3464 2241 3535 altare,
2256 3466 2316 3521 in
2334 3468 2565 3522 odorem
2583 3468 2891 3524 suavitatis
2913 3470 3177 3539 Domino;
3195 3470 3481 3542 quidquid

1849 3561 2040 3608 autem
2076 3554 2367 3626 reliquum
2410 3561 2518 3623 est,
2570 3558 2683 3612 erit
2726 3559 2915 3613 Aaron
2948 3563 3007 3613 et
3048 3558 3301 3615 ﬁliorum
3335 3560 3486 3630 ejus,

1849 3646 2117 3696 sanctum
2150 3649 2490 3698 sanctorum
2514 3644 2584 3700 de
2605 3643 2998 3701 oblationibus
3019 3646 3486 3702 Domini.0mnis

1837 3729 2075 3798 oblatio,
2101 3748 2228 3801 quae
2252 3732 2492 3787 offertur
2521 3733 2792 3799 Domino,
2816 3734 3038 3805 absque
3057 3735 3341 3791 fermento
3363 3737 3482 3801 ﬁet,

1838 3833 1944 3873 nec
1977 3818 2292 3890 quidquam
2325 3821 2594 3876 fermenti
2618 3838 2684 3876 ac
2719 3822 2910 3877 mellis
2940 3822 3276 3878 adolebitur
3303 3823 3363 3878 in
3386 3840 3483 3879 sa-

1837 3906 2119 3961 criﬁcium
2141 3908 2406 3964 Domino.
2437 3909 2730 3965 Primitias
2748 3915 2979 3965 tantum
3005 3927 3207 3966 eorum
3231 3911 3485 3967 oﬁ'eretis

1838 4011 1903 4050 ac
1959 4012 2226 4051 munera:
2280 4013 2457 4068 super
2510 3997 2696 4055 altare
2740 4015 2873 4054 vero
2917 4015 3032 4054 non
3085 4005 3379 4070 ponentur
3426 4000 3483 4055 in

1838 4084 2075 4139 od-2rem
2137 4085 2463 4141 suavitatis.
2524 4086 2814 4158 Quidquid
2863 4086 3142 4142 obtuleris
3188 4088 3483 4154 sacriﬁcii,

1841 4174 1962 4228 Sale
1994 4173 2254 4238 condies,
2291 4191 2394 4229 nec
2425 4176 2654 4229 auferes
2704 4175 2790 4230 sal
2845 4176 3079 4230 fmderis
3131 4176 3230 4231 Dei
3281 4177 3366 4231 tui
3415 4177 3486 4232 de

1847 4262 2132 4317 sacriﬁcio
2161 4268 2280 4317 tuo.
2314 4263 2374 4316 In
2402 4264 2560 4318 omni
2598 4263 2892 4318 oblatione
2947 4265 3134 4335 (Vulg.
3180 4265 3309 4330 add.
3361 4266 3484 4337 tua)

1847 4350 2052 4406 oﬁ‘eres
2066 4351 2171 4405 sal.
2193 4351 2290 4405 Sin
2315 4356 2508 4406 autem
2535 4351 2818 4407 obtuleris
2845 4369 3064 4408 munus
3089 4354 3486 4425 primitiarum

1847 4438 2083 4510 frugum
2115 4444 2355 4494 tuarum
2386 4438 2630 4494 Domino
2663 4441 2733 4494 de
2783 4440 2962 4511 spicis
3007 4441 3200 4496 adhuc
3247 4441 3489 4498 virenti-

1847 4527 1980 4594 bus,
2011 4528 2264 4582 torrebis
2293 4543 2392 4583 cas
2423 4527 2619 4599 (Vulg.
2654 4535 2764 4583 (ac.
2798 4528 2915 4600 eas)
2948 4529 3089 4600 igni,
3123 4535 3181 4584 et
3229 4530 3488 4586 confrin-

1847 4632 1949 4688 ges
1977 4615 2036 4670 in
2070 4632 2292 4671 morem
2326 4616 2519 4685 farris,
2545 4621 2604 4671 et
2635 4616 2717 4671 sic
2747 4617 2954 4672 oﬁ'eres
3003 4617 3296 4688 primitias
3348 4623 3484 4675 tuas

1847 4780 1962 4850 est:
1993 4775 2298 4850 masculum
2351 4773 2774 4850 immaculatum
2822 4775 3069 4850 adducet,
3120 4777 3271 4850 sive,
3302 4780 3489 4850 offeret

1850 4848 2030 4901 illum.
2060 4846 2205 4920 Huic
2237 4846 2468 4920 lectioni
2502 4846 2880 4920 consentiunt
2928 4847 3067 4901 LXX
3117 4846 3486 4920 interpretes,

1848 4921 2132 4992 ettextus
2163 4917 2738 4992 Samaritanus_;_sed
2787 4917 3015 4992 diversa
3067 4917 3490 4992 consequenter

1851 4988 2220 5052 addiderunt,
2255 4993 2448 5042 textus
2493 4989 2726 5058 quidem
2782 4989 2939 5045 Sam.
2991 4989 3126 5055 ista,
3169 4988 3486 5047 ad'ostium

1849 5062 2196 5150 tabernaculi
2222 5060 2459 5150 adducet,
2478 5076 2624 5148 cum2
2657 5065 2764 5113 etc.
2799 5060 3185 5150 S‘eptuaginta
3213 5079 3368 5150 yero,
3397 5061 3486 5150 noti

1848 5129 2092 5198 ἐπιθήσει
2124 5131 2223 5198 τήν
2251 5135 2413 5204 χεῖρα
2443 5127 2530 5182 ἐπὶ
2557 5135 2654 5197 τῆν
2688 5127 2934 5201 κτφαλῆν
2977 5127 3162 5198 αὖίτοῦ,
3213 5134 3321 5190 hoc
3355 5127 3482 5199 'est,

1850 5213 1902 5258 et
1933 5205 2172 5272 imponet
2205 5219 2432 5257 Inanum
2461 5218 2624 5273 super
2651 5207 2810 5273 caput
2845 5204 2981 5272 eius.
3016 5204 3298 5260 Caeterum
3331 5221 3490 5260 error

1850 5275 2200 5330 manifestus
2233 5280 2322 5328 est
2353 5275 2409 5328 in
2434 5272 2722 5327 omnibus
2741 5273 2958 5328 Latinis
2996 5276 3294 5332 codicibus
3342 5291 3485 5332 mss.

1852 5344 1948 5400 ubi
1977 5345 2363 5418 exscriptores
2395 5361 2597 5413 agnum
2620 5345 3012 5418 etanniculum
3038 5351 3359 5418 posuerunt
3383 5363 3486 5418 pro

1849 5418 2092 5472 masculo
2118 5417 2238 5471 sive
2266 5417 2592 5470 masculum.
2629 5415 2816 5470 MART.

1923 5519 1990 5526 ——
2022 5487 2214 5542 Nostri
2245 5504 2383 5542 mss.
2415 5492 2471 5540 et
2501 5487 2717 5557 quibus
2751 5504 2892 5541 usus
2924 5492 3012 5542 est
3061 5487 3326 5543 Martian.
3378 5487 3495 5541 fere

1859 5575 2061 5613 omnes
2118 5559 2318 5626 legunt
2369 5558 2778 5621 holocaustum,
2837 5558 3156 5612 anniculam
3205 5563 3258 5612 et
3296 5558 3498 5629 absque

1860 5631 2081 5685 macula
2114 5647 2125 5685 :
2162 5629 2260 5685 alii
2290 5647 2498 5697 agnum
2539 5631 2885 5693 anniculam,
2945 5635 3054 5682 etc.
3108 5630 3380 5686 Hebrum:
3423 5630 3497 5686 ad

1861 5700 2117 5757 litteram
2152 5702 2461 5756 masculum
2493 5700 2910 5756 immaculatum
2938 5700 3128 5770 offeret
3170 5701 3354 5758 illum.
