4080 6186
0 34 145 5960 ἱ

393 383 501 440 339

1456 388 1515 439 S.
1559 383 1964 438 HIERONYMI
2001 383 2254 436 DIVINA
2291 383 2788 438 BIBLIOTHECA.

3690 381 3798 436 340

400 509 670 574 Domino,
697 510 946 564 fundens
977 495 1153 576 supra
1184 507 1396 574 oleum,
1431 513 1484 561 et
1514 507 1652 560 thus
1706 505 2037 576 imponens,
2073 509 2122 572 Α
2155 504 2341 558 causti
2376 505 2434 558 in
2467 505 2708 560 introitu
2739 505 3126 561 tabernaculi.
3156 506 3225 562 Et
3245 506 3478 576 adipem
3499 505 3671 561 vituli
3697 523 3799 561 au-

407 599 547 670 quia
568 597 784 653 oblatio
814 597 1044 653 Domini
1075 600 1201 651 est:
1236 597 1307 651 de
1339 613 1456 668 qua
1486 594 1740 650 adolebit
1772 595 2041 650 sacerdos

410 690 470 744 in
501 688 844 744 memoriam
874 688 1157 753 muneris,
1181 692 1398 760 partem
1423 687 1593 742 farris
1618 685 1810 750 fracti,
1835 690 1891 739 et
1911 685 2044 749 olei,

413 793 478 831 ac
505 780 692 831 totum
726 776 885 830 thus.

482 883 636 952 (Cap.
671 882 792 951 Ill.)
815 881 974 945 Quod
1010 881 1060 936 si
1085 881 1277 938 hostia
1304 881 1679 951 paciﬁcorum
1715 880 1888 937 fuerit
1919 879 2047 950 ejus

411 970 648 1040 oblatio,
680 974 737 1024 et
757 971 827 1024 de
855 971 1040 1025 bobus
1089 971 1334 1026 voluerit
1388 972 1614 1038 offerre,
1662 986 1878 1025 marem
1931 968 2050 1023 sive

413 1059 712 1126 feminam,
747 1058 1128 1114 immaculata
1150 1061 1350 1114 offeret
1380 1075 1575 1115 coram
1616 1061 1885 1114 Domino.
1937 1062 2045 1112 Po-

414 1153 628 1218 netque
674 1164 912 1202 manum
973 1165 1150 1219 super
1180 1153 1354 1220 caput
1411 1148 1654 1203 victimae
1717 1165 1856 1213 suae,
1920 1163 2050 1217 quae

411 1235 817 1291 immolabitur
873 1236 930 1290 in
981 1236 1219 1291 introitu
1280 1236 1641 1292 tabernaculi
1703 1235 2047 1301 testimonii,

413 1324 780 1394 fundentque
815 1325 915 1378 lilii
947 1328 1134 1380 Aaron
1167 1327 1499 1381 sacerdotes
1555 1325 1900 1395 sanguinem
1952 1340 2052 1395 per

414 1412 722 1468 circuitum
755 1412 976 1469 altaris.
1010 1414 1080 1469 Et
1111 1414 1351 1469 offerent
1371 1415 1442 1469 de
1467 1414 1658 1469 hostia
1681 1414 2053 1484 paciﬁcorum

417 1501 476 1556 in
509 1501 862 1557 oblationem
888 1503 1155 1564 Domino.
1190 1503 1418 1574 adipem
1453 1503 1551 1574 qui
1603 1502 1790 1574 operit
1835 1501 2051 1567 vitalia,

419 1595 476 1645 et
505 1590 752 1661 quiquid
787 1591 1163 1663 pinguedinis
1193 1591 1549 1647 intrinsecus
1597 1596 1715 1646 est:
1764 1591 1912 1645 duos
1963 1606 2055 1644 re-

421 1695 524 1734 nes
556 1695 686 1733 cum
721 1679 890 1750 adipe
917 1697 1034 1751 qua
1063 1684 1343 1751 teguntur
1382 1681 1501 1751 ilia,
1534 1686 1585 1734 et
1619 1678 2053 1750 reticulum‘je-

419 1767 572 1822 coris
630 1784 762 1822 cum
823 1768 1162 1823 renunculis
1215 1787 1226 1824 :
1281 1769 1716 1838 adolebuntque
1772 1784 1840 1822 ea
1886 1783 2059 1838 super

421 1855 604 1911 altare
635 1855 695 1910 in
728 1855 1156 1912 holocaustum.
1207 1857 1384 1929 lignis
1432 1858 1565 1928 igne
1615 1857 1942 1928 supposito,
1993 1856 2051 1911 in
2093 1875 2136 1939 Β

420 1944 776 2000 oblationem
811 1946 1147 2001 suavissimi
1179 1947 1374 2001 odoris
1409 1945 1669 2000 Domino.
1705 1945 1762 2000 Si
1812 1962 1943 2000 vero
1988 1946 2059 2003 de

418 2033 623 2089 ovibus
647 2033 816 2088 fuerit
839 2035 968 2104 ejus
987 2033 1224 2100 oblatio,
1249 2038 1306 2088 et
1327 2034 1700 2104 paciﬁcorum
1720 2033 2059 2100 bostia,sive

419 2121 900 2190 masculum,sive
914 2123 1192 2178 feminam
1207 2121 1878 2188 obtulerit,immaculata
1891 2128 2060 2177 erunt

418 2209 476 2264 Si
509 2226 729 2282 agnum
754 2210 1034 2266 obtulerit
1065 2228 1257 2266 coram
1291 2211 1556 2279 Domino,
1593 2215 1768 2283 ponet
1818 2227 2058 2266 manum

421 2314 591 2354 suam
612 2315 792 2370 super
821 2305 995 2370 caput
1023 2299 1275 2354 victima:
1308 2316 1446 2366 suae,
1481 2316 1609 2369 quae
1655 2299 2062 2355 immolabitur

420 2386 480 2440 in
508 2385 800 2442 vestibulo
827 2387 1182 2442 tabernaculi
1213 2387 1552 2453 testimonii,
1578 2387 2060 2458 fundentquefilii

421 2475 614 2530 Aaron
648 2475 996 2547 sanguinem
1028 2478 1158 2546 ejus
1206 2492 1305 2547 per
1352 2476 1552 2531 altaris
1607 2475 1942 2531 circuitum.
1995 2477 2063 2531 Et

422 2563 666 2618 offerent
697 2564 767 2618 de
789 2563 1166 2635 pacificorum
1197 2563 1390 2620 hostia
1418 2563 1767 2620 sacrificium
1796 2564 2058 2620 Domino:

429 2652 658 2722 adipem
691 2656 750 2707 et
773 2653 1020 2708 caudam
1052 2657 1235 2708 totam
1259 2669 1393 2708 cum
1424 2653 1686 2718 renibus,
1726 2657 1783 2708 et
1813 2654 2061 2725 pingue-

423 2739 620 2795 dinem
654 2756 777 2811 quaa
808 2740 995 2813 operit
1024 2745 1282 2797 ventrem
1315 2750 1488 2812 atque
1518 2741 1788 2797 universa
1838 2742 2059 2810 vitalia,

421 2833 478 2884 et
503 2833 819 2900 utrumque
849 2830 1236 2885 renunculum
1262 2846 1395 2885 cum
1446 2830 1616 2901 adipe
1648 2831 1748 2901 qui
1787 2831 2064 2901 estjuxta

430 2917 550 2987 ilia,
585 2917 1244 2990 reticulumquejecoris
1267 2935 1400 2974 cum
1435 2918 1793 2974 renunculis:
1829 2925 1886 2973 et
1924 2920 2064 2974 ado-

428 3005 576 3062 lebit
603 3023 670 3062 ea
695 3007 966 3063 sacerdos
997 3024 1174 3079 super
1203 3009 1404 3071 altare,
1439 3007 1497 3061 in
1534 3009 1812 3078 pabulum
1833 3007 1985 3078 ignis
2008 3011 2066 3062 et

426 3095 739 3150 oblationis
767 3094 1022 3151 Domini.
1053 3095 1111 3150 Si
1139 3111 1314 3166 capra
1364 3096 1537 3150 fuerit
1571 3097 1700 3166 ejus
1747 3095 1983 3162 oblatio,
2009 3103 2066 3153 et

421 3184 702 3239 obtulerit
727 3201 856 3240 eam
890 3185 1157 3250 Domino,
1190 3188 1363 3256 ponet
1394 3201 1632 3240 manum
1678 3202 1844 3240 suam
1887 3200 2066 3255 super

423 3276 600 3344 caput
630 3273 779 3343 ejus:
817 3272 1264 3344 immolabitque
1291 3290 1420 3328 eam
1453 3274 1508 3328 in
1543 3273 1779 3328 introitu
1801 3275 2070 3329 taberna-

426 3361 543 3416 culi
569 3361 923 3418 testimonii.
952 3363 1022 3416 Et
1064 3363 1311 3417 fundent
1344 3363 1446 3416 filii
1481 3367 1670 3417 Aaron
1724 3364 2072 3434 sanguinem

428 3452 556 3522 ejus
611 3466 714 3522 per
774 3450 978 3505 altaris
1029 3450 1363 3506 circuitum.
1418 3452 1750 3521 Tollentque
1805 3467 1873 3505 ex
1910 3450 2074 3506 eain

429 3543 663 3610 pastum
699 3539 852 3610 ignis
875 3538 1184 3609 Dominici,
1210 3539 1440 3611 adipem
1457 3540 1551 3609 qui
1577 3539 1760 3611 operit
1784 3544 2070 3599 ventrem,

428 3633 484 3681 et
531 3627 630 3698 qui
692 3627 836 3698 tegit
895 3627 1166 3682 universa
1222 3628 1442 3695 vitalia,
1498 3629 1645 3683 duos
1696 3627 2073 3695 ranunculos,

427 3733 557 3772 cum
584 3715 830 3773 reticulo
862 3718 1015 3788 quod
1051 3722 1140 3771 est
1166 3733 1345 3788 super
1373 3734 1471 3772 eos
1495 3719 1666 3788 juxta
1696 3717 1841 3785 illia,
1873 3723 1930 3773 et
1981 3734 2071 3772 ar-

430 3807 864 3880 vinamjecoris
895 3825 1028 3864 cum
1063 3807 1448 3876 renunculits,
1484 3807 1854 3878 adolebitque
1887 3825 1952 3863 ea
1985 3825 2074 3864 sa-

425 3898 630 3953 cerdos
660 3914 839 3969 super
864 3896 1066 3967 altare,
1088 3898 1146 3952 in
1162 3896 1504 3953 alimoniam
1530 3896 1682 3968 ignis
1707 3902 1763 3952 et
1784 3896 2072 3952 suavissi-

422 3987 501 4041 mi
532 3986 747 4042 odoris.
784 3987 986 4043 Omnis
1015 3987 1217 4058 adeps,
1254 3985 1477 4041 Domini
1510 3986 1770 4056 eritjure
1796 3993 2074 4057 perpetuo

424 4076 483 4132 in
532 4075 1008 4148 generationibus
1057 4081 1112 4131 et
1160 4076 1385 4131 cunctis
1432 4074 1791 4131 habitaculis
1841 4079 2070 4134 vestris,

431 4181 534 4220 nec
565 4165 818 4235 adipem,
852 4181 957 4220 nec
988 4164 1338 4236 sanguinem
1371 4166 1612 4220 omnino
1645 4166 1986 4221 comedetis.

488 4271 879 4341 (T.Il,B.II,
925 4270 984 4326 C.
1046 4271 1110 4339 ll,
1173 4271 1303 4341 Cap.
1364 4271 1480 4342 IV.)
1544 4276 1917 4342 Locutusque
1987 4277 2077 4328 est

423 4358 704 4414 Domiuus
736 4360 804 4414 ad
837 4360 1056 4428 Mosen,
1090 4359 1310 4414 dicens:
1359 4361 1611 4431 Loquere
1657 4361 1794 4415 {iliis
1848 4360 2024 4416 Israel
2059 4379 2071 4416 :

422 4447 994 4518 Anima,cum(Vulg.
1022 4448 1167 4520 quae]
1186 4450 1508 4520 peccaverit
1531 4466 1628 4521 per
1668 4449 2060 4518 ignorantiam

423 4541 481 4592 et
509 4537 580 4590 de
612 4535 899 4591 universis
932 4537 1227 4592 mandatis
1252 4527 1510 4605 Domini,
1542 4555 1668 4609 qua:
1704 4539 2074 4610 praecepit,ut

424 4642 535 4679 non
569 4624 793 4688 fierent,
826 4625 1131 4696 quidpiam
1163 4626 1379 4680 fecerit:
1416 4627 1462 4680 si
1500 4628 1794 4693 sacerdos,
1830 4628 1927 4697 qui
1981 4632 2072 4681 est

425 4718 664 4778 unctus,
681 4714 1369 4784 peccaverit,delinquere
1385 4715 1607 4770 faciens
1623 4714 2075 4786 pepulum,oﬂ‘e-

426 4807 514 4856 ret
545 4817 648 4872 pro
671 4808 905 4872 peccato
926 4818 1034 4857 suo
1056 4802 1304 4858 vitulum
1329 4804 1775 4858 immaculatum
1801 4804 2073 4871 Domino,

426 4895 485 4945 et
515 4891 761 4945 adducet
793 4889 962 4945 illum
999 4892 1068 4945 ad
1104 4892 1325 4946 ostium
1358 4891 1720 4946 tabernaculi
1753 4892 2078 4947 testimonii

425 4994 621 5033 coram
677 4977 965 5034 Domino:
1021 4984 1313 5050 ponetque
1366 4995 1608 5034 manum
1669 4996 1847 5050 super
1900 4982 2079 5050 caput

424 5066 573 5137 ejus,
607 5071 664 5122 et
694 5067 1024 5122 immolabit
1057 5083 1190 5122 eum
1223 5068 1490 5122 Domino.
1548 5067 1789 5122 Hauriet
1845 5084 1998 5138 quoq
2015 5084 2082 5121 ue

427 5157 498 5210 de
529 5156 814 5226 sanguine
845 5155 1036 5224 vituli,
1070 5156 1324 5212 inferens
1358 5157 1521 5211 illum
1551 5158 1610 5212 in
1635 5155 2081 5212 tabernaculum

432 5243 775 5300 testimonii.
811 5244 1390 5316 Cumqueintinxerit
1413 5246 1663 5313 digitum
1689 5245 1745 5298 in
1774 5244 2082 5315 sanguine.

433 5340 707 5405 asperget
738 5349 805 5388 eo
839 5333 1055 5405 septies
1096 5349 1291 5389 coram
1349 5335 1591 5389 Domino
1641 5339 1844 5388 contra
1894 5332 2083 5387 velum

432 5421 798 5478 sanctuarii:
859 5426 1153 5494 ponetque
1201 5423 1272 5476 de
1319 5423 1522 5476 eodem
1580 5421 1861 5491 sanguine
1909 5435 2088 5491 super

441 5527 660 5564 cornua
717 5510 920 5565 altaris
981 5508 1386 5582 thymiamatis
1445 5509 1766 5581 gratissimi
1816 5508 2086 5576 Domino,

451 5599 603 5669 quod
632 5605 720 5653 est
751 5598 806 5653 in
837 5598 1215 5654 tabernaculo
1250 5597 1602 5662 testimonii;
1639 5613 1862 5650 omnem
1892 5601 2085 5651 autem

448 5685 732 5752 reliquum
767 5689 1118 5760 sanguinem
1153 5687 1356 5742 fundet
1385 5685 1444 5740 in
1478 5685 1663 5742 basim
1697 5686 1900 5741 altaris
1925 5685 2088 5741 holo-

2157 593 2300 647 feret
2329 594 2410 664 ib.
2441 598 2497 648 et
2525 609 2756 650 omnem
2788 596 3016 664 adipem
3071 593 3241 650 vituli
3284 595 3500 666 peccati
3549 595 3794 667 auferet]

2157 697 2260 752 pro
2293 687 2546 752 peccato,
2578 687 2698 738 tam
2731 699 2866 737 eum
2897 682 3201 754 quioperit
3219 683 3441 750 vitalia,
3465 699 3643 754 quam
3671 700 3800 739 om-

2157 770 2256 824 nia
2285 787 2408 840 quae
2439 770 2795 827 intrinsecus
2822 777 2981 827 sunt:
3011 773 3159 828 duos
3191 771 3570 840 ranunculos,
3612 777 3670 828 et
3706 789 3800 828 re-

2159 857 2424 928 ticulum,
2459 859 2614 930 quod
2645 865 2734 915 est
2763 875 2942 931 super
2970 876 3068 915 eos
3093 861 3262 929 juxta
3289 859 3414 930 ilia,
3463 867 3516 916 et
3564 861 3797 932 adipem

2151 947 2368 1017 jecoris
2417 965 2550 1003 cum
2593 949 3120 1019 renunculis,sicut
3141 949 3800 1004 auferturdevitulobo—

2160 1036 2283 1090 stiaa
2316 1037 2715 1109 paciﬁcorum,
2748 1043 2804 1093 et
2835 1039 3090 1094 adolebit
3119 1053 3186 1093 ea
3218 1055 3398 1107 super
3419 1038 3602 1094 altare
3633 1037 3801 1094 holo-

2161 1127 2368 1180 causti.
2401 1125 2615 1180 Pellem
2648 1143 2801 1197 vero,
2835 1132 2890 1182 et
2920 1143 3125 1182 omnes
3169 1143 3376 1182 carnes
3425 1144 3560 1182 cum
3611 1128 3802 1199 capite

2162 1218 2220 1268 et
2250 1214 2496 1284 pedibus
2527 1219 2581 1270 et
2612 1215 2905 1272 intestinis
2935 1233 2968 1271 a
2997 1217 3155 1282 timo,
3197 1221 3254 1271 et
3294 1215 3516 1288 reliquo
3561 1231 3804 1288 corpore

2163 1303 2375 1358 ell'eret
2403 1308 2563 1358 extra
2594 1309 2786 1359 castra
2814 1303 2874 1358 in
2906 1303 3098 1359 locum
3134 1305 3447 1372 mundum,
3485 1305 3584 1359 ubi
3640 1305 3807 1360 cine-

2165 1408 2253 1446 res
2283 1392 2499 1446 eﬂ'undi
2531 1393 2741 1448 solent:
2775 1393 3164 1464 incendetque
3197 1410 3264 1448 ea
3293 1409 3476 1464 super
3506 1393 3801 1466 lignorum

2165 1485 2410 1549 struem,
2442 1497 2568 1548 quas
2621 1481 2678 1534 in
2729 1481 2852 1536 loco
2900 1481 3218 1537 eﬂusorum
3271 1481 3533 1537 cinerum
3585 1498 3808 1538 crema-

2165 1569 2405 1624 buntur.
2440 1569 2677 1635 Quodsi
2723 1569 2915 1624 omnis
2964 1570 3139 1624 turba
3186 1570 3364 1625 Israel
3422 1571 3802 1642 ignoraverit,

2165 1661 2222 1712 et
2252 1674 2355 1729 per
2386 1657 2740 1729 imperitiam
2773 1657 2973 1713 fecerit
3004 1659 3158 1730 quod
3209 1663 3415 1714 contra
3463 1659 3804 1714 mandatum

2171 1745 2395 1800 Domini
2424 1750 2534 1812 est,
2563 1750 2620 1801 et
2650 1751 2853 1818 postea
2882 1745 3232 1802 intellexerit
3263 1752 3563 1818 peccatum
3607 1764 3807 1818 suum,

2167 1844 2367 1899 oll‘eret
2394 1843 2642 1898 vitulum
2673 1860 2772 1914 pro
2804 1849 3038 1914 peccato
3070 1844 3247 1915 [Vulg.
3279 1844 3406 1901 add.
3439 1851 3588 1911 suo],
3631 1845 3813 1899 addu-

2167 1939 2373 2005 cetque
2403 1950 2534 1988 eum
2571 1934 2639 1987 ad
2673 1933 2890 1988 ostium
2925 1933 3312 1990 tabernaculi.
3345 1933 3414 1987 Et
3467 1938 3684 2006 ponent
3720 1950 3810 1988 se-

2169 2021 2362 2078 niores
2391 2021 2592 2094 populi
2623 2039 2834 2077 manus
2849 2037 3025 2092 super
3044 2027 3222 2094 caput
3242 2022 3365 2092 ejus
3388 2037 3583 2077 eoram
3612 2023 3810 2078 Domi-

2171 2127 2265 2166 no.
2301 2111 2722 2182 Immolatoque
2752 2109 2930 2166 vitulo
2962 2110 3021 2164 in
3073 2114 3387 2182 conspectu
3431 2111 3683 2178 Domini,
3718 2111 3811 2165 in-

2171 2199 2316 2255 feret
2344 2200 2635 2267 sacerdos,
2669 2199 2770 2271 qui
2802 2203 3017 2254 unctus
3061 2205 3167 2267 est,
3221 2201 3292 2255 de
3336 2199 3625 2271 sanguine
3684 2201 3813 2270 ejus

2171 2288 2229 2343 in
2263 2288 2704 2345 tabernaculum
2747 2287 3088 2354 testimonii,
3141 2288 3322 2343 tincto
3372 2289 3557 2360 digito
3607 2304 3810 2359 asper-

2169 2393 2316 2449 gens
2346 2377 2563 2450 septies
2595 2381 2800 2432 contra
2854 2377 3070 2434 velum.
3133 2377 3428 2448 Ponetque
3487 2377 3556 2432 de
3607 2378 3810 2432 eodem

2171 2467 2456 2538 sanguine
2515 2466 2570 2521 in
2627 2466 2904 2522 cornibus
2953 2465 3346 2538 altaris,quod
3369 2469 3670 2520 estcoram
3695 2465 3812 2522 Do-

2173 2556 2331 2610 mino
2361 2555 2420 2610 in
2444 2555 2815 2611 tabernaculo
2847 2554 3169 2609 testimonii
3203 2574 3217 2623 ;
3269 2553 3563 2625 reliquum
3601 2559 3808 2609 autem

2170 2645 2516 2716 sanguinem
2551 2645 2754 2699 fundet
2777 2645 2942 2714 juxta
2972 2643 3162 2698 basim
3194 2643 3394 2699 altaris
3447 2643 3816 2699 holocaustu-

2173 2749 2324 2801 rum,
2372 2734 2526 2805 quod
2572 2738 2660 2788 est
2717 2733 2775 2787 in
2836 2732 2985 2788 ostio
3045 2732 3406 2788 tabernaculi
3468 2732 3810 2788 testimonii.

2171 2834 2536 2902 Omnemque
2564 2832 2691 2902 ejus
2723 2831 2953 2902 adipem
3007 2829 3192 2897 tollet,
3247 2836 3305 2885 et
3344 2829 3600 2885 adolebit
3639 2846 3817 2902 super

2174 2919 2393 2976 altare:
2428 2920 2510 2974 sic
2544 2919 2762 2975 faciens
2792 2923 2850 2974 et
2879 2919 2950 2973 de
2985 2919 3092 2975 hoc
3124 2916 3304 2973 vitulo
3355 2919 3644 2990 quomodo
3688 2918 3820 2974 fecit

2174 3016 2229 3064 et
2261 3008 2446 3080 prius,
2478 3014 2535 3062 et
2591 3012 2829 3080 rogante
2862 3024 2964 3080 pro
3018 3011 3102 3063 eis
3155 3008 3480 3076 sacerdote,
3531 3007 3820 3079 propitius

2173 3098 2282 3152 erit
2324 3097 2406 3152 eis
2442 3096 2740 3152 Dominus.
2778 3097 2979 3168 Ipsum
3037 3099 3235 3152 autem
3295 3095 3549 3151 vitulum
3616 3097 3819 3152 efferet

2179 3191 2340 3242 extra
2370 3193 2582 3256 castra,
2643 3190 2814 3256 atque
2872 3185 3199 3254 comburet,
3262 3184 3420 3240 sicut
3449 3189 3506 3240 et
3564 3185 3818 3256 priorem

2179 3275 2454 3345 vitulum,
2487 3275 2626 3346 quia
2656 3291 2757 3346 pro
2789 3277 3022 3345 peccato
3045 3279 3135 3330 est
3166 3273 3592 3329 multitudinis.
3616 3274 3672 3328 Si
3697 3290 3822 3345 pec~

2181 3363 2396 3420 caverit
2427 3363 2718 3435 princeps,
2753 3369 2810 3418 et
2859 3363 3060 3418 fecerit
3107 3379 3292 3418 unum
3336 3379 3366 3418 e
3417 3362 3688 3434 pluribus
3723 3379 3824 3433 per

2183 3453 2599 3526 ignorantiam,
2637 3453 2792 3525 quod
2826 3451 3055 3506 Domini
3103 3451 3182 3524 (b.
3236 3452 3390 3523 quod
3438 3451 3670 3507 Domini
3721 3451 3822 3507 Dei

2183 3542 2274 3597 sui
2324 3540 2469 3613 lege)
2501 3539 2626 3612 lege
2683 3540 3046 3611 prohibetur,
3104 3544 3159 3596 et
3215 3545 3417 3611 postea
3471 3538 3824 3596 intellexerit

2181 3635 2484 3702 peccatum
2514 3645 2708 3692 suum,
2733 3630 2929 3684 oti‘cret
2952 3628 3206 3683 hostiam
3231 3628 3732 3698 Domino,hircum
3752 3630 3823 3684 de

2183 3719 2371 3790 capris
2425 3717 2909 3774 immaculatum.
2973 3721 3272 3788 Ponetque
3340 3733 3582 3772 manum
3652 3734 3818 3773 suam

2183 3824 2362 3879 super
2389 3812 2564 3880 caput
2589 3808 2718 3877 ejus
2749 3823 3004 3878 cumque
3026 3805 3568 3862 immolaveriteum
3598 3806 3652 3861 in
3674 3805 3823 3874 loco,

2185 3896 2283 3951 ubi
2329 3895 2477 3950 solet
2527 3895 2778 3951 mactari
2835 3895 3241 3951 holocaustum
3300 3911 3495 3951 coram
3549 3895 3822 3961 Domino,

2185 3995 2323 4066 quia
2348 4010 2451 4065 pro
2483 3997 2720 4065 peccato
2752 4002 2859 4064 est,
2904 3993 3090 4066 tinget
3148 3993 3422 4049 sacerdos
3467 3992 3716 4066 digitum
3767 3993 3825 4046 in

2161 4083 2472 4155 sanguine
2495 4082 2704 4138 hostiae
2737 4099 2840 4155 pro
2871 4087 3128 4154 peccato,
3156 4087 3406 4154 tangens
3437 4098 3662 4150 cornua
3680 4081 3830 4138 alta-

2185 4173 2266 4227 ris
2295 4171 2642 4242 holocausti,
2692 4175 2750 4227 et
2808 4171 3098 4242 reliquum
3147 4172 3334 4241 (Vulg.
3395 4171 3530 4226 add.
3589 4170 3827 4242 sangui-

2187 4263 2346 4330 nem)
2378 4259 2627 4314 fundens
2658 4259 2728 4314 ad
2761 4259 2946 4315 basim
2979 4259 3128 4330 ejus.
3163 4259 3400 4330 Adipem
3446 4275 3579 4314 vero
3629 4258 3825 4314 adole-

2187 4349 2275 4405 bit
2305 4365 2504 4419 supra,
2538 4348 2692 4404 sicut
2721 4347 2778 4402 in
2809 4347 3063 4404 victimis
3095 4346 3475 4420 paciﬁcorum
3512 4347 3634 4403 ﬁeri
3663 4346 3833 4403 solet:

2189 4440 2530 4511 rogabitque
2586 4455 2688 4510 pro
2733 4455 2798 4493 eo
2830 4439 3134 4507 sacerdos,
3195 4444 3252 4493 et
3280 4455 3382 4510 pro
3414 4442 3650 4508 peccato
3682 4436 3836 4506 ejus,

2190 4545 2254 4583 ac
2288 4528 2620 4582 dimittetur
2649 4527 2722 4582 ei.
2781 4527 2940 4590 Quod
2996 4527 3046 4583 si
3101 4526 3429 4598 peccaverit
3480 4527 3682 4582 anima
3734 4541 3840 4596 per

2181 4616 2597 4686 ignorantiam,
2628 4616 2699 4670 de
2729 4615 2942 4687 populo
2974 4621 3160 4684 terra),
3195 4621 3260 4669 ut
3293 4615 3466 4670 faciat
3509 4614 3836 4685 quidquam

2186 4722 2254 4759 cx
2284 4704 2355 4760 iis
2387 4721 2512 4776 quae
2541 4702 2775 4758 Domini
2830 4703 2955 4775 lege
2985 4703 3390 4775 prohibentur,
3443 4707 3618 4772 atque
3649 4700 3836 4756 delin-

2187 4797 2349 4864 quat,
2376 4801 2430 4847 et
2454 4792 2793 4864 cognoverit
2821 4799 3125 4864 peccatum
3153 4809 3354 4861 suum,
3378 4791 3580 4847 oll’eret
3597 4806 3839 4862 capram

2189 4882 2329 4936 imm
2340 4881 2878 4952 aculatam.Ponetq
2890 4897 2958 4936 ue
2973 4897 3208 4936 manum
3233 4898 3298 4935 su
3310 4897 3410 4951 per
3423 4883 3600 4950 caput
3613 4879 3840 4944 hostiae,

2189 4995 2315 5048 quae
2350 4994 2452 5049 pro
2503 4983 2736 5048 peccato
2785 4984 2874 5033 est
2927 4982 2982 5032 et
3026 4976 3356 5032 immolabit
3404 4963 3530 5032 eam
3595 4975 3653 5030 in
3715 4973 3844 5030 loco

2191 5067 2537 5122 holocausti.
2571 5065 2874 5136 Tolletque
2905 5066 3179 5122 sacerdos
3211 5067 3282 5120 de
3314 5063 3601 5137 sanguine
3650 5063 3708 5120 in
3753 5063 3844 5118 di-

2193 5155 2312 5226 gito
2347 5172 2471 5218 suo,
2528 5159 2778 5224 tangens
2827 5170 3046 5209 cornua
3103 5154 3307 5208 altaris
3353 5152 3704 5219 holocausti,
3751 5169 3847 5208 ra-

2193 5244 2422 5314 liquum
2484 5243 2687 5296 fundet
2745 5243 2816 5297 ad
2878 5243 3064 5296 basim
3124 5244 3288 5312 ejus.
3337 5243 3584 5298 Omnem
3646 5247 3845 5296 autem

2195 5332 2426 5402 adipem
2461 5333 2759 5397 auferens,
2810 5332 2963 5387 sicut
3005 5331 3221 5387 auferri
3275 5329 3421 5386 solet
3469 5331 3541 5386 de
3589 5329 3847 5385 victima

2197 5420 2591 5492 paciﬁcorum,
2624 5420 2882 5477 adolebit
2913 5437 3091 5492 super
3121 5419 3305 5476 altare
3331 5419 3389 5474 in
3423 5419 3659 5476 odorem
3700 5434 3842 5474 sua.-

2196 5509 2392 5564 vitatis
2433 5509 2708 5575 Domino,
2752 5510 3098 5582 rogabitque
3139 5527 3242 5581 pro
3285 5526 3373 5574 eo,
3417 5514 3474 5565 et
3516 5507 3845 5562 dimittetur

2196 5599 2268 5654 ei.
2303 5598 2400 5652 Sin
2435 5603 2628 5652 autem
2655 5599 2726 5653 de
2756 5600 3065 5668 pecoribus
3097 5597 3375 5653 obtulerit
3394 5597 3695 5653 victimam
3736 5611 3842 5667 pro

2197 5690 2634 5759 peccato,ovem
2659 5685 2878 5742 scilicet
2916 5684 3380 5754 immaculatam,
3403 5690 3840 5758 ponetmanum
