4080 6186
189 402 256 456 341
1508 401 1721 455 LIBER
1760 401 1800 453 L

1897 400 2090 454 'ITICI.
3400 398 3508 454 342

185 541 314 597 super
336 528 488 594 caput
527 523 674 592 ejus,
707 525 764 576 et
794 521 1127 578 immolabit
1174 538 1301 578 eam
1351 523 1407 579 in
1465 522 1588 578 loco
1637 522 1733 578 ubi
1766 524 1817 588 Α
1852 521 2080 592 rogabit
2137 539 2238 594 pro
2296 538 2362 577 eo
2393 521 2640 577 offerens
2670 521 2934 590 arietem,
2965 525 3022 577 et
3064 521 3395 578 dimittetur
3422 525 3496 580 ei-

182 610 789 670 soleutholocaustorum
821 611 962 665 caedi
1005 610 1238 667 hostia.
1271 614 1590 684 Sumetque
1639 629 1734 666 sa-
1845 611 2051 664 Anima
2086 613 2134 664 si
2194 610 2515 681 peccaverit
2571 627 2672 680 per
2727 610 3141 682 ignorantiam,
3179 611 3494 682 feceritque

181 703 327 759 cerdos
351 701 412 755 de
466 698 746 770 sanguine
801 700 931 768 ejus
988 701 1173 772 digito
1233 717 1362 770 suo,
1391 706 1447 756 et
1492 706 1736 770 tangens
1844 715 2028 753 unum
2064 716 2132 754 ex
2162 700 2234 754 iis
2265 715 2394 768 quae
2423 698 2654 753 Domini
2689 698 2812 770 lege
2843 699 3246 770 prohibentur,
3269 705 3326 755 et
3356 716 3488 770 pec-

179 807 338 846 coruua
360 787 540 843 altaris
582 787 931 856 holocausti,
957 788 1247 859 reliquum
1280 790 1502 858 fundet,
1529 790 1596 843 ad
1639 789 1733 844 ba-
1844 785 1955 838 cati
1989 801 2084 839 rea
2114 783 2463 839 intellexerit
2490 783 2859 854 iniquitatem
2892 802 3083 852 suam,
3109 785 3308 842 offeret
3337 787 3486 843 arie-

180 879 254 934 sim
281 879 402 948 ejus.
432 876 664 931 Omnem
700 892 935 947 quoque
985 877 1258 931 auferens
1296 878 1547 947 adipem,
1579 877 1733 932 sicut
1841 876 1956 926 teni
2015 872 2460 927 immaculatum
2522 873 2592 926 de
2649 873 2929 943 gregibus
2987 874 3272 930 sacerdoti
3310 874 3485 946 juxta

178 968 333 1021 auferri
359 965 488 1020 solet
513 965 690 1034 adeps
716 964 915 1019 arietis
944 965 1045 1034 qui
1075 963 1419 1019 immolatur
1440 981 1542 1036 pro
1575 965 1732 1036 paci-
1841 977 2177 1016 mensuram
2227 960 2794 1032 aestimationemtu
2844 962 3106 1032 peccati:
3145 963 3243 1034 qui
3293 963 3482 1018 orabit

170 1055 274 1118 ﬁcis,
297 1052 547 1109 cremabit
603 1068 784 1122 super
814 1053 996 1107 altare
1042 1053 1098 1106 in
1133 1053 1440 1108 incensum
1472 1053 1726 1123 Domini,
1838 1066 1941 1120 pro
1971 1066 2058 1113 eo,
2091 1051 2229 1120 quia
2258 1049 2524 1104 nesciens
2554 1050 2773 1118 fecerit,
2807 1053 2862 1104 et
2892 1050 3218 1106 dimittetur
3247 1051 3298 1108 ei
3342 1051 3484 1124 quia

171 1143 432 1215 rogabitque
460 1157 558 1213 pro
590 1157 657 1196 eo
687 1144 746 1195 et
774 1157 876 1210 pro
908 1145 1146 1212 peccato
1176 1142 1328 1212 ejus,
1361 1146 1418 1196 et
1463 1141 1724 1197 dimitte-
1837 1154 1941 1208 per
1968 1155 2220 1192 errorem
2253 1137 2500 1208 deliquit
2527 1137 2585 1192 in
2617 1138 2956 1194 Dominum.

168 1238 233 1286 tur
254 1231 310 1286 ei.
1911 1228 1991 1296 [Ο.
2021 1227 2116 1295 IV,
2147 1227 2277 1298 Cap.
2303 1227 2422 1298 VL]
2447 1227 2700 1282 Locutus
2718 1231 2808 1282 est
2837 1226 3122 1282 Dominus
3146 1227 3216 1282 ad
3253 1227 3477 1300 Mosen,

215 1319 382 1389 [0.111,
409 1317 529 1388 Cap.
564 1317 659 1388 V.]
694 1317 753 1372 Si
790 1317 1114 1388 peccaverit
1164 1317 1384 1384 anima,
1420 1325 1474 1372 et
1524 1316 1726 1371 audie-
1835 1316 2070 1370 dicens:
2105 1316 2315 1370 Anima
2347 1332 2473 1386 quae
2507 1315 2849 1386 peccaverit,
2881 1320 2938 1371 et
2967 1317 3324 1388 comtemplo
3355 1317 3472 1373 Do-

162 1410 211 1462 rit
237 1423 394 1463 vocem
421 1405 763 1477 adjurantis,
791 1407 1072 1476 testisque
1098 1407 1270 1461 fuerit
1295 1407 1449 1477 quod
1476 1410 1576 1460 aut
1598 1407 1723 1477 ipse
1834 1408 2012 1473 mino,
2033 1405 2326 1475 negaverit
2352 1404 2681 1476 depositum
2713 1403 2975 1476 proximo
2999 1421 3126 1472 suo,
3155 1406 3307 1473 quod
3341 1406 3475 1461 fidei

160 1498 260 1549 vidit
306 1502 392 1550 aut
442 1495 710 1550 conscius
741 1499 865 1550 est:
900 1494 1011 1549 nisi
1071 1494 1432 1564 indicaverit,
1467 1495 1722 1566 portabit
1830 1493 1957 1563 ejus
1979 1493 2262 1549 creditum
2286 1495 2471 1548 fuerat
2502 1492 2768 1564 [b.autid
2804 1494 2959 1564 quod
2979 1494 3110 1548 fidei
3132 1495 3260 1562 ejus
3283 1495 3476 1550 credi-

157 1585 448 1654 iuiquitatem
506 1582 939 1639 suam.Anima
998 1599 1124 1654 quae
1182 1584 1440 1656 tetigerit
1494 1582 1716 1654 aliquid
1830 1580 3092 1653 tumfuerat],velvialiquidextorserit,aut
3114 1581 3470 1638 calumniam

154 1673 470 1742 immundum,
502 1672 622 1728 sive
655 1672 809 1743 quod
860 1672 1122 1728 occisum
1152 1689 1186 1728 a
1236 1672 1424 1727 bestia
1477 1676 1584 1740 est,
1619 1676 1719 1727 aut
1829 1670 2048 1738 fecerit,
2081 1671 2200 1725 sive
2243 1687 2363 1725 rem
2417 1670 2704 1740 perditam
2756 1669 3064 1734 invenerit,
3095 1673 3153 1724 et
3201 1669 3470 1726 inficians

154 1779 223 1832 per
245 1779 292 1817 se
338 1765 646 1832 mortuum,
677 1760 765 1816 vel
827 1759 1129 1832 quodlibet
1188 1759 1346 1816 aliud
1405 1759 1629 1831 reptile,
1661 1767 1718 1816 et
1826 1758 2066 1830 insuper
2095 1759 2456 1828 pejeraverit,
2490 1763 2546 1812 et
2576 1757 2878 1829 quodlibet
2907 1756 3066 1813 aliud
3099 1774 3168 1812 ex
3200 1757 3468 1830 pluribus

152 1850 278 1904 oblita
296 1851 448 1905 fuerit
470 1850 547 1921 [b.
575 1849 774 1904 anima
793 1865 922 1920 quae
945 1848 1199 1920 tetigerit
1221 1848 1441 1919 aliquid
1467 1848 1715 1903 immun-
1747 1885 1792 1948 Β
1824 1846 2043 1912 fecerit,
2068 1847 2124 1901 in
2158 1849 2371 1916 quibus
2405 1863 2642 1917 peccare
2674 1846 2863 1901 solent
2892 1845 3182 1914 homines,
3207 1849 3471 1904 convicta

161 1938 271 2004 dum,
297 1944 386 1993 aut
413 1939 654 1993 cadaver
683 1938 880 1992 bestiis
913 1938 1234 1992 immundae
1281 1937 1369 1992 vel
1398 1935 1714 2008 cujuslibet
1747 1934 1792 1948 ν
1823 1934 2038 2001 delicti,
2064 1935 2264 1990 reddet
2297 1937 2516 2000 omnia,
2541 1950 2668 2004 qum
2701 1951 2802 2004 per
2821 1935 3082 1988 fraudem
3120 1934 3467 1990 voluitobti-

156 2028 474 2098 quadrupedis
504 2027 596 2082 vel
655 2026 886 2098 reptilis
942 2025 1259 2081 animantis
1291 2026 1624 2093 immundi,
1660 2030 1715 2080 et
1823 2040 1980 2094 nere,
2015 2024 2264 2095 integra,
2296 2029 2353 2078 et
2384 2023 2651 2094 quintam
2687 2023 2926 2094 insuper
2953 2029 3177 2095 partem
3211 2025 3470 2093 domino,

152 2115 276 2169 oblita
301 2116 471 2186 fuerit]
506 2114 900 2171 immunditiae
933 2131 1076 2182 suis,
1100 2131 1198 2170 rea
1229 2120 1338 2184 est,
1358 2119 1413 2170 et
1443 2115 1708 2185 deliquit:
1822 2113 1913 2166 cui
1941 2113 2222 2167 damnum
2245 2111 2541 2166 intulerat.
2569 2111 2928 2180 Propeccato
2943 2116 3139 2166 autem
3159 2111 3476 2166 suooﬂ‘eret

145 2202 448 2275 etsitetigerit
468 2203 756 2274 quidnam
773 2203 841 2257 de
861 2201 1240 2257 immunditia
1267 2201 1712 2272 hominisjuxta
1822 2201 2058 2256 arietem
2089 2199 2535 2255 immaculatum
2559 2199 2630 2254 de
2651 2214 2846 2271 grege,
2863 2203 2920 2253 et
2941 2199 3104 2254 dabit
3125 2215 3257 2254 eum
3281 2216 3471 2255 sacer-

147 2305 312 2345 omnem
342 2292 734 2363 impuritatem
763 2308 879 2362 qua
902 2289 1081 2362 pollui
1106 2289 1273 2360 solet,
1298 2289 1595 2361 oblitaque
1617 2307 1708 2346 co-
1823 2289 2142 2358 doti,juxta
2165 2288 2619 2343 aestimationem
2655 2293 3118 2357 mensuramque
3139 2286 3469 2357 delicti,qui

147 2379 334 2447 gnoverit
359 2386 570 2452 postea,
599 2379 928 2449 subjacebit
957 2379 1192 2434 delicto.
1214 2378 1424 2433 Anima
1455 2395 1581 2448 quae
1610 2380 1707 2448 ju-
1821 2377 2048 2446 rogabit
2082 2394 2185 2448 pro
2217 2394 2282 2432 eo
2307 2393 2500 2431 coram
2531 2375 2800 2441 Domino,
2825 2381 2884 2430 et
2910 2373 3338 2430 dimitteturilli
3366 2391 3470 2446 pro

146 2468 296 2522 raverit
318 2475 367 2523 et
393 2469 700 2539 protulerit
747 2468 921 2524 labiis
950 2469 1095 2535 suis,
1130 2473 1195 2522 ut
1226 2468 1313 2523 vel
1366 2468 1518 2522 male
1569 2469 1705 2539 quid
1821 2465 2094 2536 singulis,
2148 2483 2273 2534 quae
2332 2465 2595 2520 faciendo
2657 2466 2933 2536 peccavit.
2990 2463 3074 2534 [B.
3121 2464 3216 2534 III,
3267 2463 3326 2520 Ο.
3382 2465 3469 2535 V.]

144 2555 293 2611 faceret
317 2557 392 2613 vel
421 2560 590 2623 bene,
623 2563 680 2612 et
708 2557 1327 2629 idipsumjuramento
1358 2562 1414 2612 et
1443 2573 1710 2613 sermone
1823 2554 2070 2608 Locutus
2103 2559 2192 2608 est
2234 2553 2523 2608 Dominus
2554 2553 2624 2607 ad
2678 2552 2903 2621 Mosen,
2935 2553 3138 2607 dicens
3165 2571 3178 2609 :
3212 2553 3467 2624 Pr‘zecipe

143 2643 402 2713 limaverit,
443 2647 747 2718 oblitaque
799 2651 1000 2718 postea
1042 2645 1393 2700 intellexerit
1421 2645 1699 2701 delictum
1818 2647 2012 2698 Aaron
2036 2642 2248 2697 etfiliis
2276 2643 2404 2712 ejus
2427 2658 2439 2696 :
2469 2643 2592 2695 Haec
2614 2646 2699 2696 est
2726 2641 2816 2695 lex
2838 2640 3164 2696 holocausti
3191 2655 3205 2695 :
3231 2643 3467 2697 Crema-

137 2736 803 2808 suum,agatp(enitentiam
819 2752 921 2806 pro
942 2735 1472 2805 peccato,etolferet
1488 2750 1700 2806 agnam
1820 2732 1977 2787 bitur
2008 2732 2067 2786 in
2101 2731 2271 2786 altari
2297 2735 2418 2785 tota
2440 2734 2606 2785 nocte
2639 2745 2827 2801 usque
2859 2745 3065 2784 mane:
3095 2729 3248 2800 ignis
3272 2745 3338 2785 ex
3370 2746 3465 2785 eo-

137 2819 184 2873 de
203 2825 453 2894 gregibus,
487 2825 608 2880 sive
639 2841 896 2895 capram,
931 2824 1242 2893 orabitque
1273 2841 1374 2894 pro
1406 2840 1473 2879 ea
1502 2840 1696 2878 sacer-
1825 2822 1950 2876 dem
1985 2819 2154 2876 altari
2187 2820 2314 2874 erit.
2348 2819 2646 2874 Vestietur
2675 2819 2948 2873 sacerdos
2980 2817 3178 2873 tunica
3207 2822 3265 2873 et
3295 2818 3465 2874 femi-

143 2908 212 2965 dos
235 2917 279 2966 et
304 2929 392 2984 pro
422 2919 658 2985 peccato
690 2914 857 2985 ejus:
891 2913 984 2968 sin
1033 2918 1228 2968 autem
1280 2929 1395 2967 non
1443 2914 1698 2984 potuerit
1821 2911 2058 2966 nalibus
2090 2908 2258 2964 lineis
2286 2925 2297 2963 :
2326 2907 2606 2978 tolletqne
2639 2907 2863 2962 cineres
2893 2923 3042 2977 quos
3070 2922 3280 2962 vorans
3309 2906 3464 2978 ignis

140 2998 286 3055 offerre
310 3003 715 3071 pecus,oﬂ’erat
736 3003 884 3057 duos
908 3005 1190 3064 turtures,
1211 3001 1299 3056 vel
1331 3003 1478 3056 duos
1509 3000 1702 3074 pullos
1819 2999 2099 3064 excussit,
2125 3002 2181 3052 et
2213 3013 2433 3068 ponens
2460 2996 2632 3066 juxta
2663 2995 2862 3064 altare,
2888 2993 3238 3066 spoliabitur
3261 2995 3466 3067 priori-

143 3085 470 3146 columbarum
501 3091 776 3159 Domino,
806 3107 989 3145 unum
1023 3106 1125 3160 pro
1167 3091 1423 3160 peccato,
1457 3097 1512 3144 et
1564 3089 1697 3144 alte-
1819 3087 1930 3142 bus
1962 3085 2733 3155 vestimentis,indutusque
2764 3082 2915 3152 aliis,
2950 3083 3146 3138 efferet
3178 3099 3276 3138 eos
3306 3087 3470 3140 extra

142 3191 228 3229 rum
253 3177 301 3232 in
330 3179 758 3243 holocaustum,
791 3180 1070 3250 dabitque
1119 3195 1216 3233 eos
1265 3178 1573 3244 sacerdoti,
1609 3177 1709 3250 qui
1751 3245 1780 3250 Α
1818 3180 2008 3231 castra
2037 3179 2093 3230 et
2125 3175 2184 3229 in
2216 3173 2340 3229 loco
2379 3172 2773 3228 mundissimo
2799 3171 2883 3243 [h.
2907 3188 3022 3227 non
3055 3171 3250 3242 habet,
3275 3189 3466 3244 usque

140 3263 324 3332 primum
358 3269 608 3323 otferens
661 3284 763 3338 pro
821 3245 1079 3338 peccato,
1112 3267 1478 3338 retorquebit
1535 3245 1711 3337 caput
1740 3245 1782 3310 Ο
1821 3266 1888 3319 ad
1928 3263 2184 3318 favillam
2217 3262 2482 3318 consumi
2509 3261 2695 3327 faciet]
2722 3275 2909 3331 usque
2931 3260 3000 3314 ad
3037 3258 3292 3315 favillam
3325 3276 3466 3316 con-

140 3353 224 3419 ejus
243 3357 300 3409 ad
327 3357 595 3428 pinnulas
629 3357 710 3427 [b.
743 3355 1072 3425 cervicem],
1095 3355 1176 3410 ita
1207 3359 1270 3410 ut
1299 3355 1446 3411 collo
1479 3355 1710 3427 haereat,
1820 3353 1974 3409 sumi
2011 3351 2198 3407 faciet.
2235 3351 2392 3422 Ignis
2427 3355 2623 3404 autem
2659 3348 2714 3403 in
2751 3348 2916 3405 altari
2950 3364 3185 3421 semper
3213 3348 3462 3419 ardebit,

143 3445 282 3497 etnon
310 3445 528 3516 penitus
561 3446 976 3516 abrumpatur.
1013 3445 1082 3499 Et
1129 3447 1402 3514 asperget
1450 3443 1520 3498 de
1570 3459 1711 3498 san-
1822 3457 1993 3511 quem
2025 3440 2243 3496 nutriet
2274 3439 2547 3494 sacerdos
2578 3437 2896 3508 subjiciens
2926 3436 3090 3509 ligna
3140 3451 3312 3493 mane
3361 3453 3466 3509 per

141 3529 260 3596 guine
285 3535 398 3603 ejus
427 3535 712 3606 parietem
765 3532 962 3588 altaris
989 3548 1002 3586 :
1036 3531 1282 3602 quiquid
1333 3537 1529 3586 autem
1581 3530 1713 3586 reli-
1823 3529 2084 3599 singulos
2104 3529 2322 3594 dies,et
2343 3527 2617 3598 imposito
2639 3525 3304 3598 holaucausto,desuper
3324 3527 3462 3583 ado-

144 3632 268 3685 quurn
293 3621 469 3689 fuerit,
495 3623 673 3678 faciet
695 3621 983 3676 distillare
1005 3621 1076 3676 ad
1098 3621 1541 3675 fundamentum
1564 3621 1714 3690 ejus,
1821 3619 1963 3674 lebit
1989 3617 2190 3688 adipes
2223 3615 2622 3688 paciﬁcorum.
2657 3615 2815 3686 Ignis
2845 3618 2934 3670 est
2964 3614 3086 3686 ipse
3119 3619 3463 3687 perpetuus,

143 3709 236 3775 quia
259 3727 343 3780 pro
373 3717 612 3779 peccato
641 3716 751 3766 est.
784 3709 1051 3765 Alterum
1083 3726 1218 3764 vero
1266 3707 1523 3764 adolebit
1555 3707 1717 3764 holo-
1825 3708 1923 3779 qui
1956 3722 2255 3778 nunquam
2275 3704 2503 3760 deficiet
2525 3704 2585 3760 in
2609 3703 2796 3759 altari.
2824 3707 2954 3758 Haec
2975 3707 3065 3759 est
3084 3703 3175 3759 lex
3196 3704 3469 3760 sacrificii

147 3802 369 3865 eaustum,
389 3806 451 3855 ut
479 3801 608 3855 fieri
642 3799 790 3855 solet
817 3815 830 3853 :
857 3797 1198 3869 rogabitque
1227 3813 1326 3868 pro
1356 3812 1422 3850 eo
1446 3798 1718 3852 sacerdos
1825 3801 1881 3852 et
1904 3796 2383 3857 libamentorum,
2401 3809 2527 3864 qua:
2551 3793 2794 3847 offerent
2818 3790 2919 3845 filii
2944 3792 3128 3846 Aaron
3147 3808 3340 3847 coram
3366 3791 3474 3848 Do-

147 3890 184 3935 el
205 3901 280 3954 pro
299 3893 524 3958 peccato
547 3889 681 3959 ejus
704 3887 779 3958 [b.
811 3886 1067 3958 expiabit
1087 3901 1264 3956 super
1289 3900 1421 3940 eum
1445 3886 1718 3941 sacerdos
1827 3883 2007 3949 mino,
2037 3886 2094 3937 et
2123 3898 2316 3937 coram
2350 3881 2520 3935 altari
2552 3879 2632 3950 [b.
2658 3896 2853 3935 coram
2885 3879 3130 3935 Domino
3161 3879 3218 3934 in
3255 3880 3471 3952 altari].

149 3986 218 4039 pro
241 3981 447 4043 peccato
493 3978 672 4048 ejus],
703 3980 760 4031 et
806 3975 1136 4030 dimittetur
1183 3974 1256 4028 ei.
1289 3975 1453 4037 Quod
1506 3974 1554 4030 si
1604 3991 1717 4029 non
1827 3972 2015 4028 Tollet
2044 3971 2316 4026 sacerdos
2342 3968 2632 4040 pugillum
2666 3967 3029 4039 similemque:
3048 3983 3364 4039 conspersa
3383 3974 3475 4024 est

145 4061 546 4128 quiveritmanus
577 4067 705 4137 ejus
736 4065 942 4119 offerre
972 4065 1120 4118 duos
1150 4066 1428 4131 turtures,
1452 4061 1536 4117 vel
1572 4063 1719 4118 duos
1828 4061 1972 4127 oleo,
2005 4064 2062 4115 et
2091 4064 2278 4114 totum
2314 4058 2476 4125 thus,
2509 4058 2661 4128 quod
2697 4073 2873 4127 super
2909 4056 3166 4111 similam
3215 4056 3473 4127 positum

149 4148 287 4215 pullos
312 4151 817 4220 columbae,offeret
850 4167 952 4221 pro
984 4153 1218 4222 peccato
1249 4149 1524 4218 similam,
1582 4167 1720 4221 par-
1828 4156 1952 4204 est:
1986 4147 2352 4217 adolebitque
2383 4145 2528 4200 illud
2575 4145 2631 4198 in
2681 4144 2875 4214 altari,
2910 4144 2970 4198 in
3022 4149 3474 4200 monumentum

148 4240 226 4291 lem
247 4239 376 4312 epha
399 4241 711 4310 decimam,
744 4256 859 4294 non
891 4238 1083 4293 mittet
1111 4237 1171 4293 in
1202 4254 1332 4294 eam
1368 4237 1581 4304 oleum,
1615 4254 1721 4292 nec
1830 4237 2024 4294 odoris
2055 4234 2392 4291 suavissimi
2422 4232 2667 4288 Domino
2691 4249 2704 4287 :
2726 4231 3013 4303 reliquam
3037 4237 3231 4289 autem
3250 4236 3474 4305 partem

147 4323 287 4382 thuris
313 4329 524 4401 aliquid
561 4331 846 4400 imponet,
877 4327 1016 4398 quia
1046 4343 1149 4398 pro
1182 4332 1420 4398 pec-cato
1451 4332 1574 4394 est;
1603 4331 1722 4381 tra-
1831 4325 2038 4382 similae
2093 4323 2358 4379 comedat
2385 4325 2576 4378 Aaron
2607 4337 2739 4375 cum
2775 4319 2913 4376 filiis
2942 4320 3088 4385 suis,
3121 4321 3342 4392 absque
3371 4322 3476 4377 fer-

147 4411 301 4484 detque
326 4434 443 4473 eam
479 4417 798 4484 sacerdoti,
829 4415 927 4488 qui
962 4415 1200 4487 plenum
1230 4432 1298 4471 ex
1329 4432 1394 4471 ea
1435 4415 1722 4487 pugillum
1832 4418 2054 4478 mento,
2079 4417 2135 4467 et
2165 4413 2422 4468 comedet
2448 4411 2506 4464 in
2541 4411 2665 4466 loco
2691 4416 2892 4466 sancto
2923 4409 3056 4464 atrii
3088 4410 3473 4466 tabernaculi.

145 4501 360 4561 hauriens
382 4510 424 4574 ί,
447 4506 738 4562 cremabit
767 4521 945 4577 super
975 4504 1155 4560 altare
1187 4504 1244 4559 in
1277 4509 1722 4560 monumentum
1834 4504 1966 4559 Ideo
1998 4505 2190 4557 autem
2233 4517 2347 4555 non
2380 4498 2851 4565 fermentabitur,
2883 4498 3024 4569 quia
3072 4515 3208 4570 pars
3257 4499 3385 4569 ejus
3414 4498 3474 4554 in

144 4589 250 4659 ejus,
292 4595 380 4666 qui
436 4595 676 4662 obtulit,
730 4609 946 4665 rogans
1005 4610 1109 4665 pro
1174 4592 1296 4662 illo,
1346 4597 1403 4648 et
1459 4593 1722 4664 expians,
1754 4592 2077 4678 DDomino
2097 4587 3474 4678 offerturincensum.8anctumsanctorumerit,

148 4678 374 4750 reliquam
403 4701 537 4740 vero
599 4688 827 4756 partem
888 4682 1013 4753 ipse
1069 4680 1310 4737 habebit
1367 4681 1424 4736 in
1459 4697 1721 4737 munere.
1754 4675 1774 4678 ﬁ
1834 4683 1988 4737 sicut
2012 4696 2112 4751 pro
2135 4682 2372 4750 peccato
2390 4675 3011 4749 atquedelicto.Mares
3031 4679 3261 4731 tantum
3277 4676 3477 4748 stirpis

147 4766 204 4832 ΪΤ.
227 4770 324 4843 III].
349 4772 724 4843 Locutusque
744 4776 829 4826 est
864 4769 1144 4826 Dominus
1168 4771 1236 4825 ad
1259 4773 1476 4837 Mosen,
1501 4770 1725 4827 dicens:
1835 4774 2019 4825 Aaron
2049 4768 2357 4823 comedent
2387 4765 2552 4821 illud.
2580 4765 2926 4837 Legitimum
2959 4781 3026 4820 ac
3047 4765 3474 4836 sempiternum

143 4855 300 4914 Anima
336 4863 380 4915 si
438 4859 830 4934 praevaricans
886 4858 1282 4926 caeremonias,
1319 4874 1420 4930 per
1474 4875 1729 4914 errorem
1835 4862 1925 4914 est
1957 4858 2134 4927 [Vulg.
2167 4856 2298 4924 erit]
2330 4854 2390 4909 in
2422 4853 2902 4926 generationibus
2931 4852 3140 4908 vestris
3170 4853 3242 4908 de
3281 4853 3476 4910 sarifi-

145 4943 198 5008 .h.
217 4963 302 5018 per
326 4950 772 5024 ignorantiam],
796 4949 853 5003 in
888 4948 980 5005 his
1009 4965 1136 5020 ques
1168 4948 1415 5004 Domino
1435 4952 1572 5004 sunt
1593 4965 1728 5004 san-
1837 4942 2428 5002 ciisDomini.Omais
2459 4941 2560 5012 qui
2589 4939 3472 5012 tetigeritilla,sanctiﬁcabitur.

140 5035 355 5108 ctiﬁcata,
385 5039 728 5110 peccaverit,
763 5037 964 5094 offeret
1012 5053 1113 5108 pro
1163 5036 1372 5092 dilecto
1423 5055 1528 5092 suo
1577 5037 1726 5092 aries
1838 5035 1922 5104 [T.
1953 5038 2048 5104 IV,
2085 5036 2142 5086 Ο.
2176 5031 2293 5102 VL]
2327 5034 2397 5086 Et
2430 5030 2661 5084 locutus
2692 5033 2782 5084 est
2812 5029 3096 5084 Dominus
3126 5030 3197 5084 ad
3253 5025 3476 5098 Mosen,

143 5124 221 5176 tein
271 5127 708 5183 immaculatum
760 5128 831 5181 de
879 5126 1180 5197 gregibus,
1214 5125 1311 5196 qui
1368 5125 1482 5180 emi
1541 5128 1732 5196 potest
1837 5124 2077 5178 dicens:
2109 5121 2241 5176 Haec
2286 5124 2377 5176 est
2425 5118 2640 5174 oblatio
2688 5123 2881 5173 Aaron
2915 5122 2971 5172 et
3027 5116 3281 5173 ﬁliorum
3327 5119 3476 5188 ejus,

142 5210 316 5270 duobus
347 5218 509 5272 siclis
534 5219 709 5288 juxta
737 5215 968 5287 pondus
1022 5214 1383 5270 sanctuarii:
1415 5215 1730 5285 ipsumque
1838 5227 2015 5282 quam
2049 5209 2221 5265 offers
2253 5208 2464 5263 debent
2513 5206 2756 5262 Domino
2784 5205 2843 5260 in
2895 5206 2988 5261 die
3019 5205 3311 5262 unctionis
3337 5222 3477 5261 suis.

145 5303 251 5366 quod
281 5304 405 5360 tulit
435 5307 610 5361 damn
644 5306 724 5376 [ὴ.
757 5321 870 5360 non
921 5303 1118 5374 habet]
1153 5303 1437 5372 restituet,
1467 5308 1524 5357 et
1552 5303 1728 5374 quin-
1841 5299 2131 5354 Decimum
2170 5303 2388 5368 partem
2424 5295 2575 5367 epha
2605 5295 2846 5350 offerent
2868 5293 3076 5350 simile
3109 5295 3167 5348 in
3191 5292 3478 5349 sacriﬁcio

143 5393 224 5443 tam
251 5400 457 5462 partem
511 5398 690 5466 ponet
749 5409 950 5464 supra,
984 5392 1221 5446 tradens
1281 5390 1594 5461 sacerdoti,
1628 5389 1726 5462 qui
1839 5388 2218 5459 sempiterno,
2256 5386 2516 5440 medium
2547 5385 2676 5453 ejus
2709 5399 2901 5452 mane,
2933 5387 2991 5438 et
3040 5382 3298 5438 medium
3350 5383 3479 5452 ejus

193 5551 203 5581 '
232 5549 386 5607 Aliter
419 5553 604 5608 codex
627 5552 842 5622 Regius
866 5567 976 5606 ms.
1001 5548 1348 5614 Bibliorum,
1372 5565 1525 5604 unus
1556 5550 1726 5604 Corb.
1840 5564 1973 5601 num
2005 5562 2072 5622 ea:
2095 5543 2700 5622 _ea_pugilla_m._l'vlm'r.

153 5622 362 5704 εἰὶςειιιορ
392 5611 885 5704 ῌθυν-.γετίῗο,ίῖυί
917 5611 1474 5704 lassescere-19
1504 5625 1732 5704 ίοιορμ·
1851 5691 1862 5704 .
1915 5648 1980 5657 -
2011 5611 2342 5704 Peleus-et
2373 5615 2621 5704 little“?
2657 5612 3265 5704 “'§_8-.at’l".".“_'_'_£€x_€€
3283 5611 3482 5704 fit???

156 5689 430 5754 gillumﬁed
469 5694 682 5751 melius
715 5700 777 5750 ut
806 5683 863 5749 in
890 5683 1247 5762 editisjuxta
1269 5693 1593 5760 Hebraeum,
1617 5683 1730 5762 ple-
1845 5691 1958 5746 lum
1987 5707 1999 5743 :
2035 5689 2130 5744 alii
2164 5703 2343 5759 penes
2373 5687 2662 5756 Martiae,
2692 5701 2766 5739 ea:
2795 5688 2906 5739 toto
2935 5683 3138 5754 legunt
3167 5697 3271 5754 pro
3300 5683 3373 5741 ea:
3399 5700 3480 5742 eo.
