4080 6186
323 170 430 226 343

1369 175 1427 227 Β.
1469 173 1875 228 HIEBONYMI
1912 175 2170 228 DIVINA
2208 173 2708 229 BIBLIOTHECA.

3626 161 3730 218 344

316 312 594 370 vespere:
621 315 747 369 quae
780 297 835 351 in
872 299 1167 368 sartagine
1193 297 1318 352 oleo
1347 313 1665 368 conspersa
1697 298 1964 368 frigetur.
2000 301 2051 366 Α
2085 300 2366 365 mundus,
2390 306 2656 353 vescetur
2685 313 2770 351 ea.
2796 293 3004 350 Anima
3027 292 3270 366 polluta,
3297 307 3423 364 quis
3455 288 3643 346 ederit
3665 289 3736 344 de

325 387 540 444 Oﬁerat
556 393 750 443 autem
771 402 898 442 eam
919 387 1188 451 calidam,
1206 387 1265 440 in
1288 387 1523 442 odorem
1547 387 1974 441 suavissimum

328 478 598 546 Domino,
619 477 887 532 sacerdos
912 477 1010 547 qui
1038 475 1189 546 patri
1212 477 1345 546 jure
1366 475 1716 530 successerit
1740 492 1752 529 :
1781 479 1835 530 et
1860 479 1981 530 tota

328 567 690 621 cremabitur
719 567 777 620 in
810 564 1000 620 altari.
1024 564 1207 619 Omne
1224 563 1376 618 enim
1406 563 1764 619 sacriﬁcium
1790 580 1982 618 sacer-

329 657 532 711 dotum
568 655 701 726 igne
731 658 1126 718 consumetur,
1153 669 1256 708 nec
1290 655 1603 724 quisquam
1630 654 1897 708 comedet
1916 670 1984 707 ex

328 760 417 800 eo.
444 744 527 814 [C.
554 743 699 812 VII.]
726 744 977 797 Locutus
1008 749 1097 820 est
1127 748 1322 798 autem
1356 742 1642 797 Dominus
1665 743 1733 796 ad
1762 743 1980 798 Mosen:

2092 387 2370 443 carnibus
2401 386 2604 442 hostia:
2638 385 3028 456 paciﬁcorum,
3065 400 3193 455 quae
3243 381 3440 437 oblata
3487 385 3577 434 est
3627 379 3736 434 Do-

2092 476 2274 541 mino,
2309 475 2521 546 peribit
2550 475 2620 529 de
2652 472 2884 544 populis
2915 472 3059 527 suis.
3085 472 3150 526 Et
3174 487 3301 542 quas
3338 467 3594 540 tetigerit
3623 466 3736 521 im-

2095 564 2445 618 munditiam
2496 561 2773 631 hominis,
2805 561 2892 616 vel
2931 559 3210 631 jumenti,
3244 559 3364 614 sive
3411 556 3605 612 omnis
3654 554 3736 610 rei

2093 669 2221 724 quae
2258 652 2516 725 polluere
2545 657 2756 723 potest,
2787 656 2844 706 et
2873 649 3191 705 comederit
3221 649 3290 703 de
3322 642 3736 717 hujuscemodi

2095 743 2387 809 carnibus,
2413 741 2675 796 interibit
2705 741 2773 794 de
2805 738 3037 811 populis
3068 737 3212 792 suis.
3239 737 3618 804 Locutusque
3646 736 3740 787 cst

328 833 530 887 dicens
557 849 568 886 :
595 832 856 902 Loquere
888 833 958 886 ad
989 819 1180 887 Aaron
1206 837 1262 886 et
1293 832 1363 886 ad
1390 830 1538 886 ﬁlios
1569 833 1732 899 ejus:
1759 831 1878 885 Ista
1898 840 1987 890 est
2092 831 2380 888 Dominus
2410 834 2480 885 ad
2511 830 2730 897 Mosen,
2761 829 2961 883 dicens
2987 843 3000 881 :
3034 831 3294 897 Loquere
3346 823 3485 878 ﬁliis
3519 819 3694 877 Israel
3722 836 3736 874 :

334 920 430 974 lex
455 920 660 974 hostiae
693 936 795 991 pro
828 926 1104 992 peccato:
1140 921 1202 975 ln
1235 918 1360 974 loco
1397 919 1500 972 ubi
1549 920 1791 974 offertur
1822 918 1990 973 bolo-

335 1007 1049 1076 caustum,immolabitur
1067 1025 1260 1063 coram
1281 1006 1839 1063 Domino.Sanctum
1859 1024 1989 1062 san-

329 1101 556 1151 ctorum
591 1100 698 1152 est.
727 1097 1029 1164 Sacerdos,
1057 1097 1155 1166 qui
1190 1098 1388 1152 otleret
1420 1098 1594 1167 [Vulg.
1635 1097 1868 1167 offert],
1894 1113 1990 1151 co-

337 1185 532 1240 medet
564 1201 692 1240 eam
721 1185 779 1239 in
841 1184 966 1240 loco
1027 1191 1252 1256 sancto,
1285 1186 1344 1239 in
1403 1186 1550 1241 atrio
1608 1184 1988 1240 tabernaculi.

334 1273 591 1344 Quiquid
623 1272 703 1345 [h.
731 1273 986 1345 quiquis]
1022 1274 1280 1345 tetigerit
1311 1289 1516 1330 carnes
1549 1274 1701 1344 ejus,
1730 1274 1988 1329 sanctiﬁ-

341 1363 598 1418 cabitur.
623 1363 683 1416 Si
715 1363 785 1416 de
810 1363 1096 1434 sanguine
1129 1363 1288 1418 illius
1323 1364 1500 1418 vestis
1525 1363 1700 1418 fuerit
1729 1378 1990 1431 aspersa,

349 1451 642 1507 lavabitur
672 1451 730 1506 in
765 1451 888 1506 loco
920 1457 1144 1507 sancto.
1177 1451 1294 1507 Vas
1326 1457 1522 1507 autem
1555 1451 1750 1519 ﬁctile,
1784 1451 1842 1505 in
1876 1467 1990 1522 quo

338 1546 498 1596 cocta
527 1547 636 1610 est,
665 1540 1073 1611 confringetur
1103 1557 1114 1596 :
1143 1542 1297 1611 quod
1335 1541 1381 1596 si
1413 1557 1513 1596 vas
1535 1557 1761 1596 aeneum
1796 1541 1990 1604 fuerit,

2094 921 2334 989 Adipem
2384 919 2527 984 ovis,
2561 924 2618 974 et
2665 916 2849 985 bovis,
2894 921 2952 972 et
2999 932 3206 986 caprae,
3253 930 3369 969 non
3421 910 3740 967 comedetis

2096 1009 2345 1079 Adipem
2377 1007 2673 1063 cadaveris
2697 1004 3014 1070 morticini,
3040 1009 3097 1058 et
3125 1003 3254 1072 ejus
3285 999 3559 1056 animalis
3582 997 3739 1070 quod

2098 1115 2132 1154 a
2162 1097 2350 1152 bestia
2381 1102 2617 1167 captum
2667 1100 2776 1161 est,
2811 1092 3102 1149 habebitis
3135 1091 3194 1146 in
3248 1105 3392 1145 usus
3440 1087 3652 1143 varios.
3683 1085 3743 1140 Si

2100 1188 2233 1259 quis
2264 1187 2518 1258 adipem,
2553 1185 2653 1254 qui
2686 1183 2884 1240 oﬁ‘erri
2933 1183 3108 1238 debet
3139 1181 3197 1235 in
3230 1180 3539 1235 incensum
3572 1176 3654 1247 (h.
3687 1174 3746 1229 Si

2100 1275 2229 1346 quis
2261 1275 2492 1345 adipem
2523 1272 2868 1329 animalium
2897 1287 3024 1341 qua;
3055 1268 3244 1341 σηεννὶ
3263 1267 3456 1323 debent
3478 1266 3536 1320 in
3567 1263 3746 1320 sacri-

2102 1363 2336 1434 ﬁcium)
2357 1361 2614 1425 Domini,
2647 1359 2986 1425 comederit,
3022 1356 3235 1429 peribit
3265 1357 3337 1412 de
3370 1352 3582 1426 populo
3613 1367 3742 1407 suo.

2101 1453 2460 1523 Sanguinem
2493 1466 2725 1521 quoque
2748 1447 2942 1504 omnis
2963 1445 3238 1502 animalis
3269 1461 3385 1499 non
3415 1441 3661 1499 sumetis
3683 1441 3742 1495 in

2101 1540 2250 1606 cibo,
2285 1545 2404 1595 tam
2436 1540 2507 1594 de
2547 1539 2753 1594 avibus
2783 1553 2958 1606 quam
3006 1537 3078 1590 de
3133 1533 3442 1605 pecoribus
3507 1530 3590 1598 (h.
3623 1545 3742 1584 non

337 1629 739 1696 defricabitur,
767 1634 824 1683 et
849 1628 1144 1684 lavabitur
1167 1646 1340 1700 aqua.
1365 1629 1564 1685 Omnis
1598 1628 1899 1684 masculus
1920 1629 1990 1684 de
2025 1664 2070 1728 Β
2103 1612 2426 1686 ευωθιίεῗη
2442 1629 2577 1697 cibo,
2599 1628 2659 1684 in
2687 1627 2900 1683 cuncti:
2925 1626 3255 1681 habitaculis
3280 1623 3510 1692 vestris).
3536 1619 3744 1728 Omuis

338 1734 549 1790 genere
577 1716 921 1773 sacerdotali
945 1723 1212 1772 vescatur
1235 1719 1512 1774 carnibus
1536 1718 1685 1788 ejus,
1705 1719 1842 1788 quia
1863 1734 1993 1772 san-

339 1815 499 1862 ctum
535 1811 876 1861 sanctorum
907 1815 1014 1860 est.
1054 1807 1257 1862 Hostia
1287 1806 1441 1862 enim
1466 1823 1592 1877 quae
1623 1807 1862 1861 caeditur
1893 1823 1993 1876 pro

338 1903 593 1967 peccato,
625 1897 796 1965 cujus
828 1895 1140 1966 sanguinis
1174 1896 1428 1950 infertur
1461 1896 1518 1950 in
1552 1895 1995 1950 tabernaculum

339 1983 666 2040 testimonii
701 1984 771 2038 ad
793 1983 1150 2054 expiandum
1183 1984 1241 2038 in
1275 1983 1638 2050 sanctuario,
1660 2000 1772 2038 non
1807 1999 1994 2039 come-

355 2075 548 2140 detur,
581 2073 681 2128 sed
714 2073 1093 2128 comburetur
1122 2073 1264 2144 igni.

425 2196 584 2268 [ϐαρ.
606 2197 752 2266 VII.]
780 2201 912 2251 Haec
931 2212 1166 2268 quoque
1187 2200 1276 2252 est
1301 2197 1390 2251 lex
1412 2196 1615 2252 hostiis
1639 2213 1743 2268 pro
1767 2195 1996 2264 delicto,

361 2290 565 2340 sancta
594 2290 931 2339 sanctorum
955 2290 1078 2339 est:
1105 2285 1320 2340 idcirco
1343 2286 1441 2340 ubi
1476 2285 1870 2340 immolabitur
1898 2284 1999 2338 ho-

357 2372 708 2439 locaustum,
730 2373 1081 2427 mactabitur
1109 2378 1164 2427 et
1193 2373 1427 2428 victima
1458 2389 1560 2444 pro
1592 2372 1838 2427 delicto:
1867 2389 2001 2428 san-

365 2463 498 2533 guis
528 2463 658 2532 ejus
691 2477 791 2532 per
805 2477 1011 2533 gyrum
1041 2462 1317 2516 Iundetur
1347 2461 1840 2517 altaris.0ﬂ'erent
1856 2477 1924 2515 ex
1939 2477 2006 2515 ea

367 2552 615 2607 caudam
648 2555 706 2606 et
737 2551 991 2620 adipem,
1025 2551 1124 2621 qui
1155 2550 1342 2622 operit
1371 2549 1587 2605 vitalia.
1613 2549 1767 2604 Duos
1789 2565 2002 2604 renun-

365 2639 548 2706 culos,
566 2645 622 2695 et
647 2639 1061 2712 pinguedinem
1089 2638 1516 2710 quazjuxtailia
1537 2644 1644 2708 est,
1661 2638 2006 2693 reticulum-

373 2729 717 2799 quejecoris
738 2745 870 2782 cum
900 2727 1258 2782 ranunculis.
1287 2729 1351 2782 Et
1372 2727 1626 2782 adolebit
1647 2743 1712 2782 ea
1735 2728 2005 2782 sacerdos

367 2833 544 2888 super
566 2816 749 2871 altare
778 2833 790 2870 :
820 2817 1124 2871 incensum
1149 2821 1237 2871 est
1261 2817 1485 2871 Domini
1510 2833 1614 2887 pro
1635 2815 2005 2870 delicto.0m-

364 2907 454 2960 nis
489 2904 790 2960 masculus
821 2907 892 2960 de
923 2904 1268 2960 sacerdotali
1301 2921 1533 2976 genere,
1559 2905 1618 2960 in
1652 2905 1773 2960 loco
1804 2910 2004 2959 sancto

361 2998 626 3049 veseetur
655 2994 748 3048 his
779 2994 1075 3062 carnibus,
1097 2994 1233 3064 quia
1264 2995 1492 3064 sancta[
1522 2995 1672 3064 Vulg.
1709 2992 2002 3065 sanctum]
2034 3026 2076 3093 Ο

363 3088 701 3138 sanctorum
733 3088 840 3136 est.
865 3083 1026 3136 Sicut
1058 3099 1160 3153 pro
1188 3086 1419 3153 peccato
1437 3082 1904 3152 oﬁ‘erturhostia,
1923 3082 2004 3136 ita

369 3177 425 3226 et
457 3187 561 3242 pro
594 3171 843 3225 delicto:
878 3171 1186 3241 utriusque
1235 3171 1442 3226 hostia:
1491 3170 1576 3225 lex
1610 3188 1726 3226 una
1755 3171 1901 3238 erit;
1935 3172 2002 3224 ad

369 3260 752 3325 sacerdotem,
774 3261 908 3330 quia
925 3275 1047 3314 eam
1065 3258 1362 3325 obtulerit,
1377 3259 1706 3330 pertinebit.
1729 3260 2009 3314 Sacerdos

367 3349 468 3418 qui
491 3349 659 3402 oﬁ‘ert
687 3347 1008 3402 holocausti
1036 3348 1350 3413 victimam,
1377 3347 1614 3402 habebit
1631 3347 1834 3418 pellem
1856 3349 2002 3418 ejus.

367 3437 437 3513 Et
467 3453 638 3491 omne
669 3436 1020 3490 sacriﬁcium
1055 3435 1284 3503 similae,
1319 3437 1470 3506 quod
1503 3437 1772 3508 coquitur
1797 3438 1853 3490 in
1895 3436 2006 3491 cli-

369 3525 541 3592 bano,
565 3525 852 3595 quidquid
878 3528 934 3578 et
954 3525 1010 3578 in
1045 3523 1324 3580 craticula
1344 3524 1432 3579 vel
1461 3526 1516 3579 in
1543 3525 1836 3596 sartagine
1860 3542 2007 3597 pra:-

370 3618 634 3684 paratur,
659 3615 786 3683 ejus
817 3614 927 3668 erit
956 3613 1278 3667 sacerdotis
1310 3631 1340 3668 a
1371 3629 1486 3684 quo
1520 3615 1759 3668 offertur
1783 3632 1795 3669 :
1822 3615 1902 3685 (h.
1927 3619 2006 3684 et)

369 3702 490 3756 sive
521 3701 646 3756 oleo
663 3689 1009 3772 conspersa,
1043 3700 1163 3756 sive
1194 3701 1355 3756 arida
1385 3701 1581 3771 fuerit,
1613 3702 1838 3758 cunctis
1871 3703 2008 3757 ﬁliis

367 3795 559 3844 Aaron
594 3804 873 3844 mensura
903 3805 1071 3860 aequa
1101 3805 1201 3859 per
1231 3789 1496 3861 singulos
1521 3790 1841 3848 devidetur.
1877 3792 2008 3846 Ilaec

370 3882 461 3933 est
489 3877 581 3932 lex
611 3877 813 3933 hostiae
838 3877 1212 3948 paciﬁcorum
1236 3895 1364 3949 quis
1396 3879 1636 3933 offertur
1661 3880 1920 3934 Domino.
1947 3880 2004 3935 Si

369 3983 472 4037 pro
495 3967 815 4038 gratiarum
849 3968 1076 4022 actione
1096 3967 1268 4021 fuerit
1292 3967 1531 4035 oblatio,
1557 3968 1799 4023 offerent
1829 3985 2006 4039 panes

366 4056 588 4126 absque
616 4057 898 4111 fermento
928 4072 1274 4127 conspersos
1304 4055 1452 4124 oleo,
1482 4062 1539 4112 et
1568 4056 1780 4126 lagana
1809 4074 2009 4129 azyma

369 4148 548 4198 uncta
576 4143 722 4213 oleo,
745 4149 1089 4214 coctamque
1135 4143 1417 4210 similam,
1467 4150 1524 4199 et
1549 4144 1861 4216 collyridas
1899 4144 2008 4200 olei

368 4230 714 4288 admistione
734 4248 1084 4304 conspersae
1108 4249 1120 4287 :
1148 4250 1328 4304 panes
1351 4249 1584 4303 quoque
1608 4234 2008 4302 fermentatos,

369 4337 500 4376 cum
541 4321 731 4376 hostia
758 4321 1078 4392 gratiarum
1094 4365 1106 4388 ,
1120 4320 1602 4391 quaaimmolatur
1614 4337 1716 4392 pro
1730 4323 2006 4392 paciﬁcis:

2103 1720 2322 1784 anima,
2355 1735 2482 1788 quae
2513 1717 2698 1773 ederit
2727 1714 3098 1786 sanguinem,
3130 1712 3346 1784 peribit
3393 1713 3465 1766 de
3513 1707 3745 1780 populis

2101 1808 2249 1863 suis.
2281 1808 2364 1868 (C.
2397 1806 2489 1875 1X)
2523 1807 2898 1875 Locutusque
2941 1809 3032 1860 est
3075 1801 3358 1858 Dominus
3402 1816 3474 1855 an
3523 1801 3746 1863 Mosen,

2104 1897 2344 1952 dicens:
2379 1896 2636 1966 Loquere
2684 1893 2821 1949 ﬁliis
2878 1891 3056 1948 Israel
3117 1891 3270 1960 (Vulg
3318 1889 3444 1945 add.
3479 1887 3745 1956 dicens):

2105 1986 2212 2048 Qui
2257 1985 2425 2040 offert
2469 1984 2769 2039 victimam
2822 1983 3198 2053 paciﬁcorum
3249 1980 3516 2042 Domino,
3549 1976 3753 2030 oﬂ‘erat

2107 2071 2285 2130 simul
2315 2077 2373 2128 et
2403 2072 2780 2140 sacriﬁcium,
2803 2071 2860 2126 id
2891 2076 3000 2137 est,
3025 2074 3083 2124 et
3110 2068 3436 2123 libamenta
3463 2066 3617 2134 ejus.
3640 2067 3750 2118 Te-

2109 2162 2270 2217 nebit
2315 2161 2589 2216 manibus
2643 2161 2875 2230 adipem
2927 2157 3154 2227 hostiis,
3186 2161 3244 2212 et
3299 2151 3750 2226 pectusculum:

2109 2266 2361 2320 cumque
2381 2251 2555 2304 ambo
2587 2247 2783 2304 oblata
2814 2247 3060 2302 Domino
3090 2241 3538 2305 consecraverit,
3564 2240 3755 2294 tradet

2110 2337 2418 2403 sacerdoti,
2451 2337 2550 2408 qui
2606 2336 2863 2392 adolehit
2905 2336 3134 2406 adipem
3182 2348 3360 2402 super
3408 2328 3611 2396 altare,
3644 2343 3750 2399 pe-

2112 2431 2312 2482 ctuscu
2327 2429 2450 2481 lum
2475 2429 2670 2481 autem
2690 2425 2800 2479 erit
2820 2425 3009 2478 Aaron
3025 2425 3082 2477 et
3105 2419 3358 2475 ﬁliorum
3375 2418 3750 2488 ejus.Armus

2112 2531 2344 2586 quoque
2362 2515 2562 2570 dexter
2577 2514 2649 2569 de
2671 2509 3268 2584 paciﬁcorumhostiis
3289 2507 3452 2562 cedet
3471 2505 3527 2559 in
3550 2503 3754 2575 primi-

2111 2605 2225 2659 tias
2249 2603 2589 2659 sacerdotis.
2609 2602 2716 2667 Qui
2743 2599 3020 2656 obtulerit
3041 2597 3389 2670 sanguinem
3415 2599 3473 2649 et
3498 2593 3752 2664 adipem,

2112 2692 2367 2748 ﬁliorum
2402 2695 2606 2755 Aaron,
2641 2691 2766 2762 ipse
2809 2689 3048 2744 habebit
3095 2701 3324 2742 armum
3373 2684 3638 2739 dextrum
3691 2681 3751 2734 in

2112 2780 2376 2853 portione
2407 2796 2532 2835 sua.
2567 2777 2980 2834 Peetusculum
3008 2775 3165 2832 enim
3195 2771 3538 2830 elevationis
3572 2774 3629 2824 et
3656 2785 3754 2823 ar-

2113 2886 2272 2926 mum
2290 2869 2673 2940 separationis
2699 2867 2804 2922 tuli
2825 2884 2856 2922 a
2872 2866 3010 2921 ﬁliis
3030 2862 3204 2920 lsrael
3227 2863 3296 2918 de
3318 2860 3528 2917 hostiis
3549 2873 3755 2914 eorum

2113 2959 2394 3030 paciﬁcis,
2424 2963 2482 3013 et
2530 2956 2662 3011 dedi
2723 2962 2912 3011 Aaron
2968 2953 3255 3010 sacerdoti
3312 2966 3379 3006 ac
3429 2948 3568 3003 ﬁliis
3597 2947 3754 3016 ejus,

2115 3046 2239 3117 lege
2271 3051 2568 3118 perpetua,
2601 3047 2672 3101 ab
2702 3045 2855 3101 omni
2887 3044 3104 3116 populo
3138 3038 3438 3109 Israel.(T.
3459 3036 3604 3105 V,B.
3631 3034 3758 3102 IV.)

2118 3139 2245 3192 Haec
2275 3142 2366 3192 est
2397 3135 2592 3191 unctio
2622 3137 2778 3189 Aron
2805 3139 2863 3189 et
2893 3132 3146 3188 ﬁliorum
3195 3131 3327 3201 ejus
3375 3128 3434 3183 in
3483 3139 3760 3181 caeremo-

2116 3225 2231 3280 niis
2261 3224 2516 3293 Domini,
2549 3224 2642 3279 die
2673 3239 2789 3294 qua
2820 3220 3033 3278 obtulit
3064 3236 3164 3275 eos
3213 3219 3431 3285 Moses,
3465 3219 3529 3270 ut
3574 3228 3768 3269 sacer-

2116 3316 2274 3370 dotio
2309 3316 2712 3385 fungerentur,
2744 3317 2799 3366 et
2830 3328 2954 3381 quae
2985 3309 3260 3381 praecepit
3288 3305 3416 3362 dari
3448 3304 3533 3360 eis
3564 3302 3646 3358 Do
3664 3301 3774 3356 nii-

2116 3420 2226 3459 nus
2249 3421 2282 3458 a
2311 3402 2448 3457 ﬁliis
2471 3401 2648 3457 Israel
2683 3399 2962 3472 religione
2990 3402 3273 3470 perpetua
3293 3395 3351 3450 in
3375 3388 3775 3466 generationi-

2115 3492 2227 3548 bus
2262 3492 2409 3546 suis.
2430 3493 2549 3546 Ista
2569 3490 2660 3545 lex
2677 3488 3004 3544 holocausti
3027 3492 3085 3542 et
3105 3483 3378 3541 sacriﬁcii
3403 3498 3506 3554 pro
3529 3484 3776 3553 peccato

2117 3585 2290 3651 atque
2321 3579 2556 3646 delicto,
2589 3583 2645 3635 et
2676 3594 2780 3650 pro
2811 3573 3249 3632 consecratione
3279 3580 3336 3628 et
3385 3569 3769 3644 paciﬁcorum

2113 3667 2408 3736 victimis;
2461 3683 2606 3736 quas
2656 3666 2834 3738 (Vulg.
2873 3665 3072 3736 quam)
3121 3662 3428 3720 constituit
3475 3656 3776 3715 Dominus

2118 3756 2260 3812 Mosi
2324 3755 2383 3810 in
2450 3761 2648 3810 monte
2706 3754 2889 3824 Sinai,
2947 3754 3185 3824 quando
3253 3750 3558 3808 mandavit
3629 3743 3772 3800 ﬁliis

2115 3839 2296 3900 Israel
2314 3850 2377 3899 ut
2398 3845 2671 3900 offerrent
2694 3842 3020 3899 oblationes
3031 3858 3171 3898 suas
3192 3840 3440 3897 Domino
3462 3839 3520 3894 in
3542 3838 3776 3894 deserto

2116 3933 2300 3990 Sinai.

2193 4059 2274 4126 (C.
2306 4056 2373 4123 X,
2408 4056 2539 4127 Cap.
2572 4057 2752 4128 VIII.)
2786 4057 3162 4126 Locutusque
3210 4059 3301 4110 est
3347 4053 3630 4110 Dominus
3679 4052 3750 4105 ad

2119 4146 2344 4215 Mosen,
2376 4146 2616 4202 dicens:
2651 4145 2812 4201 Tolle
2845 4152 3032 4200 Aaron
3067 4160 3197 4199 cum
3233 4143 3368 4199 ﬁliis
3401 4143 3525 4198 suis
3566 4146 3759 4197 vestes

2121 4251 2343 4301 eorum,
2373 4241 2430 4289 et
2461 4233 2757 4289 unctionis
2806 4234 3022 4302 oleum,
3051 4232 3300 4287 vitulum
3354 4249 3457 4303 pro
3508 4234 3768 4302 peccato,

2123 4323 2272 4377 duos
2304 4325 2536 4388 arietes,
2567 4328 2624 4378 et
2651 4324 2970 4378 canistrum
3003 4339 3137 4378 cum
3170 4321 3412 4393 azymis,
3438 4326 3495 4375 et
3523 4333 3766 4390 congre-

371 4424 440 4464 ex
472 4407 688 4479 quibus
724 4385 878 4463 unus
912 4425 1014 4479 pro
1047 4385 1328 4478 primittis
1360 4385 1634 4464 otl‘eretur
1667 4385 1930 4480 Domino,
1961 4416 2018 4466 et
2050 4385 2094 4449 D
2134 4411 2300 4483 gabis
2318 4385 2550 4467 omnem
2570 4416 2780 4467 coetum
2801 4413 2871 4466 ad
2899 4411 3118 4466 ostium
3146 4385 3530 4465 tabernaculi.
3554 4385 3774 4477 ((350.)

371 4498 481 4552 erit
507 4496 823 4553 sacerdotis
857 4497 956 4566 qui
990 4497 1192 4552 fundet
1214 4498 1418 4551 hostia
1444 4499 1817 4570 sanguinem.
1843 4501 2020 4568 (lnjus

372 4603 585 4642 carnes
609 4588 809 4642 eadem
837 4587 1216 4641 comedentur
1245 4587 1472 4651 die,nec
1501 4587 1818 4642 remanebit
1849 4605 1917 4642 ex
1939 4589 2022 4643 eis

370 4675 694 4746 quidquam
719 4691 906 4745 usque
927 4690 1116 4728 mane.
1134 4675 1340 4728 Sivoto
1364 4673 1449 4730 vel
1472 4679 1678 4744 sponte
1701 4676 2017 4748 quisquam

369 4763 644 4819 obtulerit
682 4764 950 4830 hostiam,
991 4764 1192 4818 eadem
1226 4763 1499 4818 similiter
1527 4765 1734 4819 edetur
1761 4766 1853 4820 die
1877 4782 1890 4820 :
1917 4767 2016 4821 sed

367 4859 424 4909 et
455 4855 503 4909 si
536 4854 676 4925 quid
715 4854 773 4907 in
825 4853 1151 4908 crastinum
1201 4855 1572 4921 remanserit,
1607 4853 1757 4908 vesci
1789 4853 2014 4910 licitum

363 4947 471 4998 est:
490 4943 778 5014 quidquid
812 4946 1006 4996 autem
1030 4940 1239 4995 tertius
1265 4941 1553 4996 invenerit
1573 4941 1724 5009 dies,
1746 4943 1900 5013 ignis
1923 4945 2020 4997 ab-

364 5037 578 5088 sumet.
597 5031 872 5098 (C.VIII.)
914 5029 1041 5084 Etsi
1067 5029 1200 5100 quis
1227 5030 1297 5084 de
1319 5030 1596 5084 carnibus
1647 5030 1890 5086 victima:
1914 5049 2017 5102 pa-

364 5122 665 5176 ciﬁcorum
697 5119 790 5174 die
820 5119 989 5174 tertio
1027 5116 1376 5181 comederit,
1411 5117 1577 5172 irrita
1627 5119 1726 5172 ﬁet
1772 5120 2013 5176 oblatio.

365 5226 470 5264 nec
534 5209 792 5280 proderit
860 5206 1168 5262 offerenti:
1205 5204 1343 5274 quin
1404 5210 1601 5276 potius
1653 5223 2016 5278 quaecunque

367 5297 566 5351 anima
598 5297 697 5351 tali
730 5312 791 5350 se
822 5295 1016 5350 edulio
1049 5294 1563 5360 contaminaverit,
1598 5297 2016 5360 praevaricatio-

369 5387 462 5441 nis
477 5403 571 5440 rea
593 5388 722 5440 erit.
744 5387 910 5448 Caro,
935 5399 1061 5455 quae
1089 5381 1306 5451 aliquid
1336 5383 1593 5452 tetigerit
1616 5385 2012 5452 immundum,

371 5491 484 5529 non
535 5474 893 5542 comedetur,
928 5471 1026 5526 sed
1087 5469 1467 5524 comburetur
1515 5470 1630 5540 igni
1666 5485 1677 5525 :
1712 5472 1808 5540 qui
1843 5473 2015 5528 fuerit

2138 4500 2289 4554 Fecit
2323 4501 2513 4555 Moses
2547 4505 2610 4554 ut
2639 4500 3348 4570 Dominusimperaverat.
3374 4497 3774 4568 Congregata-

2132 4604 2242 4658 que
2270 4590 2428 4642 omni
2459 4589 2629 4644 turba
2651 4594 2784 4643 ante
2814 4589 2966 4642 fores
2990 4587 3378 4654 tabernaculi,
3398 4587 3518 4642 ait:
3549 4588 3660 4655 Iste
3682 4589 3770 4639 est

2130 4693 2342 4746 sermo,
2363 4677 2728 4746 quemjussit
2747 4677 3030 4731 Dominus
3048 4675 3191 4731 ﬁeri.
3209 4675 3536 4746 Statimque
3555 4673 3775 4728 obtulit

2130 4769 2318 4820 Aaron
2352 4771 2407 4820 et
2436 4765 2586 4820 ﬁlios
2615 4765 2764 4836 ejus.
2797 4768 3056 4836 Cumque
3105 4763 3341 4818 lavisset
3392 4779 3508 4827 eos,
3541 4760 3777 4816 vestivit

2129 4854 2463 4926 pontiﬁcem
2489 4853 2776 4909 subucula
2799 4853 3301 4924 linea,accingens
3325 4868 3458 4906 eum
3484 4850 3776 4918 balteo,et

2131 4943 2380 4996 induens
2439 4944 2620 5012 (Vulg.
2649 4943 2772 4996 add.
2809 4945 2963 5010 eum)
3018 4943 3219 4996 tunica
3279 4939 3691 5010 hyacintbyna,
3719 4947 3776 4993 et

2127 5031 2381 5102 desuper
2413 5030 2712 5086 humerale
2743 5031 3046 5102 imposuit,
3079 5029 3234 5100 quod
3286 5029 3619 5100 astringens
3649 5026 3772 5081 cin-

2126 5119 2284 5189 gulo,
2317 5120 2538 5190 aptavit
2569 5119 2861 5186 rationali,
2895 5119 2953 5173 in
2987 5135 3102 5190 quo
3134 5122 3260 5173 erat
3286 5118 3559 5172 Doctrina
3589 5121 3646 5171 et
3667 5115 3772 5171 Ve-

2125 5208 2290 5264 ritas.
2313 5209 2502 5263 Cidari
2528 5225 2762 5278 quoque
2790 5208 2930 5263 texit
2949 5215 3125 5277 caput
3151 5224 3162 5260 :
3197 5213 3255 5261 et
3271 5222 3448 5276 super
3475 5221 3603 5261 eam
3627 5221 3769 5259 con-

2123 5300 2212 5350 tra
2247 5297 2517 5362 frontem,
2553 5297 2750 5367 posuit
2778 5296 3057 5351 laminam
3086 5309 3321 5350 auream
3358 5297 3759 5348 consecratam

2125 5385 2182 5439 in
2218 5385 2701 5450 sanctiﬁcatione,
2733 5385 2886 5440 sicut
2944 5387 3294 5456 praeceperat
3348 5385 3399 5438 ei
3455 5381 3758 5436 Dominus.

2123 5473 2283 5529 Tulit
2305 5480 2361 5527 et
2395 5473 2689 5530 unctionis
2722 5474 2939 5543 oleum,
2963 5489 3078 5544 quo
3101 5472 3292 5527 linivit
3317 5468 3756 5527 tabernaculum
