4080 6186
266 235 343 292 345
1587 231 1799 286 LIBER
1838 232 2177 288 LEVITICI.

3475 225 3582 283 346

263 373 356 414 cum
394 353 523 411 omni
566 352 903 426 supellectili
948 370 1079 409 sua.
1126 354 1391 425 Cumque
1435 352 1810 408 sanctiﬁcans
1842 354 1893 418 Α
1924 370 2027 408 nes
2059 360 2191 410 ante
2224 357 2373 413 fores
2414 356 2773 413 tabernaculi
2799 356 2882 426 (h.
2916 352 3281 411 tabernaculi
3307 352 3577 407 testimo-

261 443 710 517 aspersissetaltare
727 450 951 514 septem
974 444 1222 509 vicibus,
1250 443 1414 498 unxit
1437 443 1602 507 illud,
1625 447 1681 497 et
1697 458 1819 496 om-

262 537 330 590 nia
353 551 458 588 vasa
477 533 608 603 ejus,
644 532 994 604 labrumque
1029 549 1161 587 cum
1199 533 1323 588 basi
1356 533 1437 603 (h.
1474 531 1692 602 ﬁstula)
1712 548 1820 585 sua

261 621 560 678 sanctiﬁcavit
584 620 727 675 oleo.
749 621 907 683 Quod
937 622 1185 675 fundens
1202 638 1378 692 super
1403 626 1579 691 caput
1604 624 1816 675 Aaron.

262 713 382 766 unxit
405 726 515 764 eum
537 715 587 764 et
618 710 1013 777 consecravit;
1048 710 1201 764 ﬁlios
1238 726 1469 780 quoque
1499 710 1627 780 ejus
1658 709 1821 764 obla—

262 808 325 856 tos
347 798 533 853 vestivit
559 797 979 866 tunicislineis,
1012 802 1067 852 et
1084 798 1265 852 cinxit
1286 798 1476 854 balteo
1501 799 1674 868 (Vulg.
1704 796 1819 852 bal-

261 887 746 958 teis),imposuitque
771 887 994 954 mitras,
1022 888 1354 956 utjusserat
1378 888 1675 943 Dominus.
1705 887 1818 941 Ob-

261 976 358 1030 tulit
373 982 417 1030 et
438 975 665 1030 vitulum
700 993 803 1046 pro
835 980 1087 1046 peccato.
1122 976 1384 1045 Cumque
1415 992 1594 1047 super
1645 980 1822 1045 caput

256 1066 348 1134 ejus
371 1065 721 1135 imposuisset
754 1069 968 1133 Aaron,
996 1071 1053 1120 et
1094 1064 1195 1119 ﬁlii
1228 1065 1358 1135 ejus
1398 1081 1610 1119 manus
1660 1081 1819 1127 suas,

258 1151 511 1206 immolavit
552 1169 707 1216 eum,
745 1152 1021 1208 hauriens
1054 1153 1503 1225 sanguinem,fet
1526 1154 1707 1208 tincto
1729 1153 1819 1206 di-

253 1240 354 1312 gito,
380 1240 543 1312 tetigit
572 1258 793 1296 cornua
824 1242 1023 1296 altaris
1057 1258 1155 1311 per
1184 1258 1409 1313 gyrum.
1442 1243 1564 1305 Quo
1595 1242 1820 1312 expiato

254 1336 291 1383 et
306 1330 637 1400 sanctiﬁcato,
664 1330 815 1385 fudit
836 1331 1126 1401 reliquum
1152 1330 1495 1400 sanguinem
1514 1331 1585 1386 ad
1608 1330 1823 1384 funda-

249 1422 399 1471 menta
415 1419 545 1485 ejus.
570 1419 817 1489 Adipem
843 1426 1035 1474 autem
1057 1420 1155 1490 qui
1174 1425 1300 1474 erat
1328 1436 1502 1490 super
1524 1420 1742 1487 vitalia,
1766 1424 1820 1473 et

249 1506 436 1559 reticum
460 1507 680 1576 iecoris,
716 1508 981 1578 duosque
1012 1508 1364 1563 renunculos
1395 1526 1529 1564 cum
1586 1508 1822 1562 arvinu-

246 1591 297 1645 lis
321 1595 441 1662 suis,
470 1595 712 1650 adolevit
744 1612 920 1667 super
951 1597 1171 1651 altare:
1207 1596 1443 1651 vitulum
1478 1614 1611 1651 cum
1654 1596 1820 1667 pelle,

1929 445 2122 508 nii),et
2150 445 2563 516 ibi;comedetis
2584 463 2704 502 eas.
2727 440 3158 515 Panesquoque
3181 440 3580 497 consecratio-

1929 532 2022 587 nis
2052 535 2205 589 edite
2235 536 2333 605 qui
2367 537 2535 606 positi
2571 535 2786 591 suntin
2820 535 3098 602 canistro,
3123 531 3274 587 sicut
3298 528 3576 601 praecepit

1928 621 2074 676 mihi
2108 623 2409 690 Dominus,
2437 624 2675 680 dicens:
2702 630 2893 679 Aaron
2915 627 2968 677 et
2991 620 3094 675 ﬁlii
3109 621 3238 691 ejus
3264 618 3577 674 comedent

1927 726 2026 766 eos
2046 728 2059 765 :
2084 711 2367 783 quidquid
2382 718 2577 769 autem
2592 712 2886 783 reliquum
2914 712 3089 766 fuerit
3109 710 3179 763 de
3200 723 3374 763 carne
3395 711 3450 761 et
3477 722 3576 778 pa-

1929 799 2124 866 nibus,
2157 801 2310 872 ignis
2344 802 2633 857 absumet.
2668 802 2746 856 De
2777 800 2924 855 ostio
2948 814 3181 871 quoque
3206 797 3575 856 tabernaculi

1929 906 2045 944 non
2075 890 2308 947 exibitis
2336 896 2558 964 septem
2590 892 2816 960 diebus,
2871 907 3059 961 usque
3109 891 3182 945 ad
3239 890 3395 944 diem
3455 904 3572 959 quo

1928 979 2321 1050 complebitur
2349 986 2581 1051 tempus
2612 978 3068 1035 consecrationis
3099 980 3567 1048 vestras.Septem

1929 1070 2086 1122 enim
2109 1069 2316 1124 diebus
2341 1069 2541 1124 ﬁnitur
2560 1068 2953 1125 consecratio:
2979 1066 3130 1122 sicut
3152 1070 3210 1120 et
3227 1065 3572 1136 impraesen-

1928 1157 2144 1212 tiarum
2186 1159 2401 1214 factum
2434 1164 2542 1225 est,
2578 1162 2643 1214 ut
2673 1157 2822 1213 ritus
2874 1154 3147 1211 sacrificii
3207 1154 3573 1224 compleatur

1931 1247 2123 1317 (Vulg.
2149 1247 2686 1319 compleretur).Die
2706 1262 2771 1301 ac
2789 1250 2955 1301 nocte
2977 1242 3287 1298 manebitis
3304 1241 3363 1295 in
3383 1240 3573 1295 taber-

1930 1335 2140 1392 naculo
2170 1337 2549 1393 observantes
2581 1335 2881 1392 custodias
2911 1332 3166 1397 Domini,
3226 1347 3296 1385 ne
3355 1327 3571 1383 moria-

1932 1425 2114 1480 mini:
2149 1426 2232 1480 sic
2252 1425 2408 1480 enim
2443 1425 2583 1480 mihi
2620 1428 2970 1496 praeceptum
3014 1426 3121 1476 est.
3174 1422 3575 1487 Feceruntque

1931 1520 2124 1568 Aaron
2156 1518 2213 1569 et
2246 1514 2346 1569 ﬁlii
2368 1516 2497 1585 ejus
2529 1522 2737 1569 cuncta
2769 1529 2897 1583 quae
2922 1511 3158 1567 locutus
3179 1512 3269 1564 est
3294 1506 3576 1561 Dominus

1933 1619 2035 1674 per
2056 1619 2296 1657 manum
2333 1603 2499 1659 Mosi.

247 1682 486 1747 carnibus,
512 1689 565 1738 et
593 1685 757 1752 ﬁmo,
790 1700 1057 1738 cremans
1087 1691 1248 1739 extra
1278 1690 1487 1749 castra,
1512 1686 1665 1739 sicut
1679 1702 1820 1756 przs-
1853 1716 1899 1780 Β
2005 1694 2165 1763 (Cap.
2196 1693 2319 1763 IX.)
2348 1693 2518 1747 Facto
2551 1696 2746 1747 autem
2775 1694 2977 1746 octavo
3000 1688 3115 1754 die,
3138 1684 3360 1742 vocavit
3382 1683 3574 1737 Moses

246 1776 423 1839 ceperat
436 1773 724 1827 Dominus.
743 1772 1287 1828 Obtulitetarietem
1305 1774 1360 1829 in
1386 1774 1819 1837 holocaustum,

245 1874 378 1927 super
404 1860 559 1928 cujus
591 1867 770 1933 caput
800 1880 933 1917 cum
965 1862 1384 1933 imposuissent
1414 1864 1596 1917 Aaron
1630 1868 1687 1917 et
1720 1862 1819 1916 ﬁlii

245 1947 336 2015 ejus
362 1963 545 2003 manus
574 1966 741 2018 suas,
776 1950 1101 2006 immolavit
1130 1967 1289 2017 eum,
1321 1955 1379 2005 et
1411 1951 1819 2022 fuditsangui-

242 2052 337 2091 nem
350 2038 457 2107 ejus
481 2057 656 2109 super
669 2041 850 2095 altare
873 2058 974 2112 per
1018 2042 1327 2097 circuitum
1353 2043 1532 2112 (Vulg.
1587 2057 1689 2112 per
1708 2042 1819 2095 cir-

242 2124 409 2179 cuitum
436 2126 677 2197 altaris).
705 2134 1023 2200 Ipsumque
1053 2131 1293 2185 arietem
1326 2132 1384 2184 in
1418 2131 1605 2184 frusta
1635 2129 1822 2185 conci-

240 2212 363 2277 dens,
383 2221 542 2286 caput
570 2219 723 2286 ejus,
756 2223 812 2273 et
841 2223 1022 2284 artus,
1056 2229 1108 2274 et
1140 2219 1372 2289 adipem
1404 2218 1654 2274 adolevit
1676 2219 1818 2290 igni,

241 2297 339 2355 lotis
364 2304 508 2373 prius
534 2307 835 2362 intestinis
866 2312 922 2361 et
969 2308 1237 2378 pedibus,
1293 2312 1602 2378 totumque
1643 2308 1819 2363 simul

241 2391 425 2446 arietem
454 2392 710 2450 incendit
741 2412 918 2466 super
947 2396 1148 2461 altare,
1183 2412 1247 2451 eo
1279 2397 1432 2467 quod
1473 2400 1627 2452 esset
1656 2397 1819 2452 holo-

240 2484 448 2535 caustum
480 2483 816 2537 suavissimi
849 2484 1045 2539 odoris
1076 2484 1515 2553 Domino,sicut
1536 2502 1819 2557 praespe-

237 2572 301 2620 rat
324 2568 383 2621 ei.
406 2569 619 2626 Obtulit
650 2577 708 2627 et
734 2573 971 2628 arietem
1004 2570 1350 2640 secundum,
1402 2575 1458 2628 in
1516 2591 1820 2630 consecra-

241 2652 360 2710 tione
372 2660 755 2725 sacerdotum,
777 2666 1253 2732 possueruntque
1274 2667 1637 2732 supercaput
1662 2661 1821 2716 illius

236 2743 385 2799 Aaron
415 2752 466 2801 et
496 2749 599 2803 ﬁlii
614 2751 744 2819 ejus
762 2766 968 2804 manus
988 2766 1139 2805 suas.
1166 2750 1346 2812 Quem
1362 2766 1491 2805 cum
1518 2752 1821 2807 immolas-

237 2836 490 2907 setMoses,
508 2855 755 2894 sumens
777 2840 847 2893 de
860 2840 1165 2910 sanguine,
1184 2839 1701 2911 letigitextremum
1718 2857 1821 2895 au-

238 2921 394 2978 ricula
421 2926 630 2982 dextra:
664 2935 881 2996 Aaron,
912 2931 969 2983 et
998 2927 1263 2998 pollicem
1296 2945 1506 2984 manus
1537 2930 1664 2999 ejus
1696 2929 1826 2984 dex-

236 3012 328 3076 tra,
356 3014 613 3072 similiter
634 3022 692 3072 et
712 3016 898 3088 pedis.
924 3017 1149 3073 Obtulit
1169 3022 1225 3072 et
1245 3018 1396 3072 ﬁlios
1411 3020 1622 3073 Aaron.
1645 3020 1822 3074 Cum-

230 3114 315 3167 que
330 3102 390 3156 de
405 3106 893 3176 sanguinearietis
906 3105 1190 3161 immolati
1205 3105 1755 3177 teligissetextremu
1767 3125 1821 3161 m

235 3191 463 3247 auricula:
485 3194 861 3267 singulorum
896 3196 1133 3263 dextrae,
1162 3200 1218 3249 et
1251 3195 1488 3266 pollices
1518 3213 1725 3251 manus
1756 3213 1822 3251 ac

230 3278 359 3346 pedis
378 3282 576 3353 dextri,
602 3282 898 3354 reliquum
934 3284 1083 3338 fudit
1100 3300 1275 3355 super
1297 3285 1477 3339 altare
1499 3303 1600 3356 per
1621 3285 1825 3339 circui-

227 3368 322 3420 tum
345 3385 356 3423 :
386 3372 607 3442 adipem
638 3388 792 3439 vero,
817 3374 1501 3445 etcaudam,on:nemque
1525 3375 1823 3445 pinguedi-

230 3468 327 3511 nem
354 3474 471 3529 quae
500 3461 693 3533 aperit
715 3462 995 3517 intestina
1025 3462 1459 3534 reticulumque
1498 3464 1735 3533 jecoris,
1769 3471 1825 3519 et

228 3542 337 3601 duos
365 3564 521 3604 renes
552 3568 691 3605 cum
720 3551 995 3622 adipibus
1025 3552 1150 3607 suis
1181 3560 1233 3607 et
1264 3569 1428 3607 armo
1443 3552 1641 3607 dextro
1655 3569 1825 3624 sepa-

234 3634 346 3689 ravit
393 3638 619 3694 Tollens
654 3647 849 3694 autem
881 3640 951 3694 de
983 3640 1236 3696 canistro
1261 3658 1620 3713 azymorum,
1666 3644 1817 3713 quod

226 3730 316 3777 erat
339 3742 517 3782 coram
553 3728 829 3798 Domino,
862 3745 1071 3799 panem
1132 3731 1349 3801 absque
1405 3734 1713 3799 fermento,
1769 3738 1826 3787 et

228 3812 515 3885 collyridam
531 3834 914 3889 consparsam
930 3818 1076 3883 oleo,
1100 3820 1411 3891 laganumq
1424 3837 1493 3875 ue
1507 3820 1702 3890 posuit
1725 3838 1822 3876 su-

226 3914 300 3967 per
324 3904 591 3975 adipesjet
613 3923 845 3961 armum
862 3908 1157 3976 dextrum,
1179 3908 1417 3963 tradens
1439 3908 1613 3963 simul
1630 3911 1826 3964 omnia

224 3988 371 4046 Aaron
400 4000 451 4048 et
480 3996 622 4050 ﬁiiis
657 3997 809 4065 ejus.
850 3997 957 4061 Qui
1003 4001 1313 4068 postquam
1366 3997 1702 4053 levaverunt
1759 4015 1826 4053 ea

222 4091 375 4136 coram
407 4084 656 4139 Domino
688 4087 729 4148 ¹,
764 4100 1000 4139 rursum
1022 4090 1298 4156 suscepta
1328 4086 1398 4140 de
1421 4086 1697 4141 manibus
1727 4104 1824 4142 eo-

223 4180 341 4237 rum,
382 4172 631 4228 adolevit
678 4190 852 4244 super
896 4173 1077 4228 altare
1136 4174 1482 4244 holocausti,
1543 4191 1608 4229 eo
1669 4177 1823 4246 quod

221 4263 637 4319 consecrationis
668 4268 822 4318 esset
851 4262 1089 4330 oblatio,
1134 4266 1193 4319 in
1226 4265 1461 4320 odorem
1521 4265 1826 4321 suavitatis

222 4350 442 4406 sacriﬁcii
477 4355 747 4409 Domina.
795 4352 950 4407 Tulit
1009 4358 1065 4409 et
1114 4354 1544 4425 pectusculum,
1590 4354 1824 4410 elevans

1927 1784 2119 1836 Aaron
2150 1787 2207 1836 et
2238 1780 2389 1837 ﬁlios
2419 1783 2568 1851 ejus,
2602 1796 2666 1834 ac
2699 1778 2949 1844 majores
2980 1781 3119 1831 natu
3156 1772 3352 1839 Israel,
3403 1770 3572 1825 dixit-

1928 1886 2041 1940 que
2072 1871 2143 1924 ad
2176 1871 2408 1925 Aaron:
2437 1868 2596 1923 Tolle
2634 1870 2703 1923 de
2733 1871 3001 1923 armento
3033 1862 3282 1919 vitulum
3313 1877 3415 1931 pro
3436 1874 3568 1930 pec-

1930 1964 2079 2025 cato,
2132 1963 2189 2013 et
2235 1959 2475 2014 arietem
2507 1959 2565 2012 in
2600 1956 3023 2021 holocaustum,
3084 1958 3401 2022 utrumque
3460 1949 3569 2001 im-

1931 2047 2314 2115 maculatum,
2348 2053 2404 2101 et
2461 2047 2604 2103 offer
2658 2046 2793 2100 illos
2850 2059 3046 2099 coram
3084 2041 3350 2095 Domino.
3384 2038 3452 2092 Et
3497 2035 3569 2090 ad

1929 2135 2083 2189 ﬁlios
2113 2135 2287 2189 Israel
2321 2134 2576 2205 loqueris
2603 2149 2616 2187 :
2651 2132 2861 2188 Tollite
2893 2131 3119 2186 hircum
3152 2144 3254 2199 pro
3307 2128 3563 2198 peccato,

1929 2229 1985 2279 et
2015 2223 2261 2277 vitulum
2293 2228 2469 2293 atque
2492 2237 2707 2294 agnum
2735 2219 3063 2283 anniculos,
3094 2222 3152 2272 et
3167 2216 3293 2271 sine
3318 2210 3573 2278 macula,

1930 2312 1987 2367 in
2022 2312 2453 2379 holocaustum,
2487 2312 2689 2367 bovem
2732 2315 2788 2365 et
2837 2309 3077 2364 arietem
3112 2321 3216 2377 pro
3263 2301 3522 2375 paciﬁcis
3555 2316 3570 2367 ;

1929 2406 1986 2456 et
2016 2400 2315 2455 immolata
2344 2416 2443 2455 eos
2501 2415 2697 2455 coram
2728 2397 2994 2466 Domino,
3028 2396 3086 2451 in
3120 2392 3407 2449 sacriﬁcio
3449 2390 3575 2445 sin-

1928 2488 2197 2559 gulorum
2231 2488 2487 2543 similam
2507 2488 2631 2543 oleo
2653 2501 3028 2557 consparsam
3045 2485 3372 2540 offerentes.
3390 2478 3574 2535 Hodie

1930 2576 2375 2635 enimDominus
2389 2576 2695 2648 apparebit
2712 2573 3337 2641 vobis.’l‘uleruntergo
3358 2571 3573 2623 cuncta

1931 2683 2061 2738 quas
2084 2667 2347 2736 jusserat
2386 2670 2571 2720 Moses
2631 2666 2701 2719 ad
2763 2663 2980 2718 ostium
3018 2657 3421 2724 tabernaculi,
3470 2654 3570 2709 ubi

1931 2772 2064 2811 cum
2099 2756 2289 2810 omnis
2320 2758 2535 2810 astaret
2565 2753 2903 2818 multitudo,
2937 2751 3015 2805 ait
3046 2750 3270 2805 Moses:
3338 2746 3453 2800 lste
3484 2747 3573 2799 est

1932 2860 2146 2914 sermo,
2178 2859 2354 2915 quem
2389 2844 2659 2914 praecepit
2688 2840 3010 2896 Dominus:
3041 2838 3230 2902 facite,
3274 2840 3333 2891 et
3387 2847 3570 2904 appa-

1933 2934 2081 2990 rebit
2110 2933 2273 2988 vobis
2303 2931 2488 3003 gloria
2518 2933 2667 3003 ejus.
2697 2929 2969 3000 Dixitque
3000 2928 3071 2983 ad
3096 2929 3285 2981 Aaron
3312 2941 3325 2979 :
3352 2920 3573 2977 Accede

1938 3025 2007 3080 ad
2043 3022 2243 3089 altare,
2276 3028 2333 3076 et
2362 3019 2604 3076 immola
2635 3036 2734 3091 pro
2764 3022 2999 3091 peccato
3029 3022 3129 3071 tuo
3156 3031 3169 3069 :
3205 3014 3347 3070 oﬁ'er
3403 3008 3571 3065 holo-

1938 3117 2231 3176 caustum,
2263 3118 2317 3165 et
2346 3110 2656 3180 deprecare
2688 3124 2790 3178 pro
2818 3111 2876 3161 te
2905 3112 2962 3161 et
2994 3121 3095 3176 pro
3129 3102 3362 3175 populo.
3394 3101 3571 3156 Cum—

1931 3217 2043 3273 que
2076 3199 2419 3255 mactaveris
2441 3197 2695 3253 hostiam
2730 3195 2954 3268 populi,
2985 3211 3086 3249 ora
3136 3208 3238 3264 pro
3271 3206 3359 3259 eo,
3418 3187 3573 3242 sicut

1930 3289 2527 3361 praecepitDominus.
2558 3286 2884 3356 Statimque
2916 3285 3105 3339 Aaron
3156 3279 3438 3337 accedens
3498 3276 3570 3330 ad

1931 3379 2133 3443 altare,
2162 3375 2551 3432 immmolavit
2570 3374 2818 3429 vitulum
2839 3390 2942 3445 pro
2973 3375 3209 3443 peccato
3231 3385 3337 3423 suo
3362 3387 3377 3435 ;
3401 3366 3574 3436 cujus

1933 3467 2281 3538 sanguinem
2313 3464 2650 3520 obtulerunt
2680 3464 2739 3518 ei-
2764 3463 2868 3517 ﬁlii
2900 3462 2993 3518 sui
3020 3480 3034 3528 ;
3068 3460 3126 3514 in
3172 3475 3286 3530 quo
3340 3456 3575 3527 tingens

1933 3556 2205 3627 digitum,
2240 3554 2427 3623 tetigit
2456 3570 2674 3609 cornua
2703 3551 2928 3617 altaris,
2958 3556 3017 3605 et
3066 3548 3218 3603 fudit
3274 3545 3574 3601 residuum

1934 3646 2005 3701 ad
2037 3644 2222 3699 basim
2250 3644 2399 3712 ejus.
2460 3642 2825 3713 Adipemque
2871 3644 2928 3694 et
2984 3636 3338 3693 renunculos
3369 3649 3434 3688 ac
3482 3648 3573 3686 re-

1932 3734 2177 3790 ticulum
2204 3733 2438 3803 jecoris,
2489 3748 2615 3802 quae
2674 3734 2815 3784 sunt
2858 3744 2960 3799 pro
3019 3729 3275 3797 peccato,
3328 3718 3577 3776 adolevit

1933 3840 2111 3895 super
2141 3823 2342 3886 altare,
2376 3822 2529 3876 sicut
2559 3822 2909 3891 preceperat
2930 3815 3215 3871 Dominus
3239 3809 3384 3866 Mosi
3411 3824 3571 3877 ;car-

1936 3930 2036 3967 nes
2072 3928 2202 3967 vero
2234 3908 2508 3981 etpellem
2535 3910 2662 3977 ejus
2685 3911 2845 3961 extra
2867 3910 3059 3960 castra
3082 3901 3405 3955 combussit
3427 3895 3572 3967 igni.

1934 4000 2262 4057 Immolavit
2287 4003 2342 4054 et
2372 3996 2695 4051 holocausti
2752 3993 3075 4060 victimam,
3118 3986 3574 4055 obtuleruntque

1935 4090 1985 4145 ei
2020 4090 2120 4143 ﬁlii
2155 4088 2244 4142 sui
2270 4087 2615 4158 sanguinem
2646 4084 2794 4153 ejus,
2818 4096 2993 4152 quem
3026 4078 3177 4133 fudit
3220 4092 3317 4145 per
3372 4072 3574 4128 altaris

1932 4178 2264 4234 circuitum.
2296 4177 2482 4245 Ipsam
2515 4172 2690 4228 etiam
2734 4171 2984 4225 hostiam
3014 4168 3074 4222 in
3133 4169 3321 4221 frusta
3377 4160 3569 4217 conci-

1934 4283 2083 4323 sam.
2118 4282 2249 4321 cum
2284 4265 2474 4334 capite
2506 4268 2563 4316 et
2590 4259 2874 4315 membris
2924 4254 3176 4327 singulis
3207 4252 3573 4309 obtulerunt.

1933 4359 2068 4422 Quas
2100 4354 2296 4410 omnia
2326 4368 2502 4422 super
2532 4349 2710 4404 altare
2737 4346 2999 4403 cremavit
3022 4343 3143 4415 igni
3169 4342 3249 4412 (b.
3300 4356 3417 4395 non
3476 4338 3576 4421 ba-

217 4433 329 4492 illud
357 4457 547 4496 coram
588 4442 857 4507 Domino,
902 4443 972 4496 de
1021 4417 1199 4498 ariete
1250 4417 1706 4499 consecrationis
1764 4444 1824 4499 in
1856 4431 1900 4495 D
1934 4417 2071 4515 bet),
2104 4443 2240 4498 lotis
2272 4417 2435 4513 prius
2466 4455 2620 4510 aqua
2650 4437 2947 4493 intestinis
2971 4440 3028 4490 et
3058 4432 3326 4504 pedibus.
3374 4429 3442 4483 Et
3472 4417 3574 4498 pro

220 4533 403 4589 partem
434 4547 606 4585 suam
666 4530 750 4600 (h.
804 4530 862 4583 in
908 4536 1129 4601 partem
1182 4548 1348 4586 suam
1383 4533 1616 4603 Moses),
1672 4532 1827 4588 sicut

219 4625 529 4687 preceperat
548 4618 604 4673 ei
634 4618 937 4673 Dominus.
970 4620 1414 4691 Assumensque
1456 4626 1823 4691 unguentum

217 4706 257 4752 et
280 4708 613 4777 sanguinem
649 4708 746 4777 qui
781 4712 907 4761 erat
938 4724 1117 4778 super
1146 4708 1329 4762 altare
1373 4710 1555 4777 (Vulg.
1609 4709 1825 4777 altari),

215 4794 421 4861 aspersit
451 4812 638 4868 super
666 4799 854 4850 Aaron
887 4801 943 4850 et
973 4795 1320 4851 vestimenta
1367 4798 1518 4867 ejus,
1550 4802 1607 4852 et
1653 4814 1829 4867 super

216 4877 335 4935 ﬁlios
364 4884 518 4939 illius
552 4900 624 4940 ac
658 4889 847 4939 vestes
875 4899 1099 4939 eorum.
1126 4887 1387 4956 Cumque
1402 4886 1827 4942 sanctiﬁcasset

218 4981 292 5023 eos
317 4971 368 5024 in
401 4974 622 5027 vestitu
654 4989 763 5027 suo
786 4972 867 5043 (h.
893 4971 1155 5043 Cumque
1178 4973 1634 5029 sanctiﬁcassset
1652 4990 1750 5030 eos
1774 4979 1829 5028 et

216 5066 367 5114 vestes
396 5063 654 5130 eorum),
688 5061 960 5132 praecepit
991 5061 1095 5128 eis,
1129 5061 1366 5117 dicens:
1400 5062 1641 5133 Coquite
1700 5079 1827 5117 car-

269 5238 281 5268 ¹
310 5236 423 5291 Non
458 5239 787 5309 incongrue
821 5253 996 5293 sensu
1030 5238 1249 5293 habent
1279 5238 1373 5294 hic
1408 5256 1617 5307 canon,
1659 5245 1716 5294 et
1768 5246 1825 5294 ὃ.

218 5302 454 5364 Germani
487 5326 605 5363 ms.
642 5302 836 5382 codex,
886 5326 1049 5364 num.
1082 5310 1135 5381 3,
1182 5315 1471 5382 postquam
1520 5302 1829 5366 libaverant

216 5392 441 5434 ancoram
473 5383 727 5446 Domino,
762 5381 947 5435 MART.

271 5477 328 5489 -
355 5454 606 5516 Quidam
643 5468 818 5525 pones
850 5451 1114 5507 Martian.
1150 5469 1290 5525 ms.,
1342 5453 1673 5520 libaverant,
1728 5468 1829 5525 pro

218 5515 519 5591 levaverunt,
556 5515 705 5579 satis
730 5523 998 5589 absurde,
1047 5515 1334 5595 quidquid
1387 5526 1496 5595 ipsi
1542 5515 1827 5593 videatur,

1934 4537 2168 4605 peccato
2201 4529 2399 4603 populi
2420 4528 2669 4585 oll‘erens
2701 4524 2976 4581 mactavit
3008 4523 3274 4576 hircum:
3309 4518 3575 4605 expiato-

1937 4604 2050 4695 que
2083 4621 2251 4676 altari
2285 4620 2366 4691 (h.
2405 4634 2517 4689 quo
2549 4617 2664 4672 loto
2704 4621 2880 4685 atque
2926 4611 3165 4681 oblato),
3223 4608 3360 4662 fecit
3407 4604 3573 4661 holo-

1934 4715 2233 4775 caustum,
2292 4708 2514 4762 addens
2570 4706 2631 4760 in
2684 4702 2968 4759 sacriﬁcio
3027 4700 3371 4762 libamenta,
3446 4712 3574 4766 quae

1936 4800 2155 4873 pariter
2185 4798 2526 4862 oﬁ‘cruntur,
2560 4800 2616 4849 et
2646 4792 2884 4848 adolens
2915 4806 2984 4845 ea
3012 4804 3189 4859 super
3215 4785 3419 4851 altare,
3441 4784 3575 4873 abs-

1936 4871 2050 4960 que
2088 4886 2446 4941 caeremoniis
2506 4881 2829 4938 holocausti
2890 4876 3183 4934 matutini.
3246 4871 3578 4960 Immolavit

1936 4958 1993 5033 et
2022 4977 2226 5031 bovem
2261 4978 2436 5044 atque
2466 4972 2726 5038 arietem,
2760 4968 2983 5023 hostias
3014 4965 3285 5036 paciﬁcas
3338 4958 3530 5031 populi
3562 4974 3576 5025 ;

1936 5063 2392 5133 obtuleruntque
2421 5060 2468 5115 ei
2510 5059 2615 5113 ﬁlii
2646 5058 2735 5114 sui
2785 5055 3157 5127 sanguinem,
3204 5066 3379 5123 quem
3431 5047 3581 5102 fudit

1937 5258 2126 5313 neque
2143 5241 2299 5295 enim
2312 5234 3117 5313 degustareHebrzsislicebat
3139 5248 3266 5313 quae
3284 5229 3579 5309 offerrent:

1939 5305 2279 5369 Latinorum
2312 5311 2363 5365 is
2385 5305 2473 5365 est
2502 5310 2875 5363 librariorum
2929 5305 3210 5380 solemnis
3258 5316 3437 5380 error,
3475 5305 3576 5380 qui

1937 5385 2161 5440 litteras
2194 5384 2213 5437 Ι
2249 5399 2348 5453 pro
2378 5387 2445 5449 Ε,
2489 5386 2545 5437 et
2578 5382 2616 5436 Β
2649 5397 2751 5452 pro
2782 5382 2842 5448 V,
2868 5396 2935 5435 ex
2965 5377 3123 5447 vulgi
3155 5374 3577 5445 pronuntiatio-

1940 5474 2011 5512 ne
2032 5455 2463 5511 substitununt.
