4080 6186
233 349 319 404 349
1599 359 1813 412 LIBER
1850 361 2179 415 LEVITICI.

3483 363 3590 420 350

232 483 388 539 genus
411 484 598 536 suum,
651 485 907 542 upupam
961 488 1212 542 quoque,
1247 478 1302 528 et
1329 474 1826 546 vespertilionem.
1860 482 1910 544 Α
1947 479 2154 548 reptili,
2187 481 2340 552 quod
2377 485 2638 536 movetur
2667 499 2845 554 super
2871 486 3075 539 teram.
3109 487 3223 554 Ego
3255 483 3412 538 enim
3452 500 3584 539 sum

232 557 298 627 (Ο.
328 556 538 627 XVIII.)
566 558 749 613 Omne
775 560 847 614 de
880 559 1220 617 volucribus
1253 564 1404 634 quod
1445 564 1708 635 graditur
1737 583 1834 620 su-

232 663 316 718 per
331 653 560 717 quatuor
578 647 774 717 pedes,
795 649 1190 705 abominabile
1211 653 1318 706 erit
1336 653 1518 708 vobis.
1540 653 1831 726 Quidquid

233 741 394 789 autem
425 735 683 791 ambulat
721 738 955 809 quidem
995 757 1171 811 super
1211 745 1462 812 quatuor
1503 743 1700 814 pedes,
1735 743 1833 798 sed

235 823 375 878 habet
408 823 665 895 longiora
703 832 857 881 retro
890 844 1076 893 crura,
1136 846 1236 900 per
1264 846 1392 902 qua:
1442 831 1578 886 salit
1626 849 1833 902 super-

232 918 431 980 terram,
452 915 753 969 comedere
778 917 1027 984 debetis,
1055 922 1221 973 utest
1259 919 1517 977 bruchus
1537 919 1593 974 in
1627 937 1835 992 genere

231 1018 334 1070 suo,
375 1005 426 1056 et
456 1007 682 1058 attacus
743 1009 916 1076 atque
977 1006 1421 1075 opliiomachus,
1474 1025 1536 1063 ac
1587 1009 1830 1079 locusta,

230 1089 616 1160 singulajuxta
637 1108 825 1162 genus
853 1110 1048 1149 suum.
1083 1095 1377 1167 Quidquid
1411 1103 1604 1152 autem
1639 1115 1704 1152 ex
1734 1115 1834 1152 vo-

228 1177 450 1232 lucribus
480 1185 734 1250 quatuor
764 1187 993 1237 tantum
1033 1183 1206 1239 habet
1252 1186 1448 1256 pedes,
1481 1187 1834 1242 exsecrabile

226 1268 312 1321 erit
330 1268 500 1336 vobis,
519 1273 576 1322 et
599 1270 960 1341 quicumque
984 1272 1294 1328 morticina
1330 1290 1530 1330 eorum
1554 1275 1830 1347 tetigerit,

224 1355 500 1427 polluetur,
534 1362 593 1411 et
622 1358 733 1412 erit
772 1359 1117 1416 immundus
1149 1378 1336 1433 usque
1380 1365 1450 1417 ad
1500 1381 1831 1436 vesperum,

221 1444 324 1497 etsi
353 1459 585 1500 necesse
615 1447 791 1502 fuerit
822 1453 885 1502 ut
935 1455 1123 1520 portet
1167 1451 1463 1524 quippiam
1498 1452 1707 1508 horum
1748 1454 1830 1524 (b.

221 1536 264 1585 et
289 1533 374 1603 qui
406 1535 718 1604 portaverit
741 1537 1042 1609 quippiam
1077 1539 1306 1609 horum)
1334 1547 1650 1611 mortuum,
1684 1541 1835 1597 lava-

222 1620 288 1673 bit
313 1621 650 1678 vestimenta
707 1642 834 1692 sua,
893 1632 949 1680 et
1007 1627 1353 1684 immundus
1402 1630 1512 1684 erit
1541 1647 1728 1701 usque
1761 1632 1830 1686 ad

222 1725 447 1764 occasum
499 1712 658 1767 solis.
693 1714 876 1770 Omne
933 1716 1151 1771 animal
1202 1719 1354 1790 quod
1390 1719 1565 1774 habet
1596 1719 1826 1791 quidem

223 1799 489 1869 ungulam,
527 1803 627 1856 sed
683 1819 799 1858 non
844 1804 1052 1860 dividit
1081 1823 1230 1877 eam,
1265 1824 1368 1863 nec
1409 1809 1689 1874 ruminat,
1722 1809 1830 1864 im-

223 1889 469 1943 mundum
489 1890 624 1959 erit,
649 1895 706 1946 et
727 1892 826 1962 qui
851 1893 1102 1965 tetigerit
1123 1895 1290 1966 illud,
1314 1897 1830 1952 contaminabitur.

220 1985 349 2048 Quod
377 1987 643 2042 ambulat
681 2006 860 2061 super
891 2007 1124 2061 manus,
1157 2009 1224 2048 ex
1255 1995 1484 2050 cunctis
1515 1994 1829 2050 animanti-

220 2072 324 2137 bus,
349 2090 468 2145 qua:
493 2076 822 2132 incendunt
844 2081 1267 2152 quadrupedis,
1293 2081 1666 2139 immundum
1692 2086 1828 2140 erit:

220 2163 297 2231 qui
327 2163 579 2236 tetigerit
609 2167 915 2223 morticina
948 2184 1171 2236 eorum,
1207 2173 1502 2244 polluetur
1533 2190 1722 2245 usque
1761 2176 1831 2228 ad

219 2267 512 2323 vesperum.
549 2255 620 2308 Et
640 2258 736 2326 qui
760 2259 1074 2328 portaverit
1099 2259 1503 2331 hujuscemodi
1529 2264 1831 2329 cadavera,

219 2337 401 2396 lavabit
418 2343 773 2399 vestimenta
803 2362 931 2412 sua,
964 2353 1021 2402 et
1047 2349 1391 2405 immundus
1422 2351 1530 2405 erit
1549 2368 1736 2422 usque
1759 2352 1829 2406 ad

218 2443 508 2498 vesperum,
548 2433 690 2503 quia
739 2435 937 2490 omnia
966 2435 1087 2491 haec
1119 2436 1423 2494 immunda
1472 2446 1612 2495 sunt
1643 2442 1828 2500 vobis.

219 2519 320 2572 Hec
348 2535 573 2590 quoque
608 2522 763 2577 inter
781 2523 1000 2595 polluta
1023 2528 1453 2596 reputabuntur
1482 2532 1552 2585 de
1583 2532 1676 2588 his
1705 2551 1831 2606 quae

219 2614 488 2663 moventur
515 2610 575 2664 in
610 2614 789 2680 terra,
841 2614 1095 2669 mustela
1126 2620 1183 2670 et
1229 2632 1360 2672 mus
1392 2623 1448 2673 et
1477 2623 1830 2690 crocoditus,

217 2693 418 2765 singula
441 2697 613 2765 juxta
643 2715 830 2769 genus
860 2717 1057 2764 suum,
1084 2704 1332 2774 mygale,
1369 2710 1425 2759 et
1455 2707 1830 2778 chamaeleon,

215 2798 258 2845 et
286 2793 480 2862 stellio,
514 2799 575 2850 et
600 2794 838 2865 lacerta,
871 2803 927 2852 et
954 2798 1128 2870 talpa,
1155 2803 1348 2856 omnia
1379 2803 1500 2860 haec
1528 2807 1836 2866 immunda

212 2888 359 2951 sunt;
406 2883 501 2952 qui
551 2886 810 2956 tetigerit
856 2888 1166 2944 morticina
1214 2907 1438 2960 eorum,
1487 2895 1832 2958 immundus

210 2969 297 3023 erit
326 2987 500 3044 usque
549 2974 625 3028 ad
676 2990 1007 3046 vesperum,
1043 2983 1101 3032 et
1157 2995 1334 3050 super
1378 2985 1530 3052 quod
1564 2988 1835 3047 ceciderit

209 3059 488 3129 quidquam
522 3063 597 3118 de
624 3063 948 3120 morticinis
971 3082 1194 3138 eorum,
1228 3069 1543 3140 polluetur,
1579 3080 1696 3132 tam
1730 3096 1832 3134 vas

207 3145 427 3214 ligneum
461 3156 518 3205 et
550 3152 988 3220 vestimentum,
1015 3172 1191 3226 quam
1224 3158 1404 3228 pelles
1435 3167 1491 3215 et
1521 3163 1732 3230 cilicia,
1778 3175 1835 3223 et

212 3235 256 3289 in
293 3254 632 3310 quocunque
658 3241 722 3294 fit
760 3258 906 3313 opus
940 3243 1309 3315 intingentur
1336 3255 1580 3320 aqua,et
1610 3253 1833 3322 polluta

211 3333 352 3381 erunt
376 3345 561 3399 usque
587 3329 661 3384 ad
685 3347 1015 3401 vesperum,
1043 3338 1099 3388 et
1117 3333 1199 3389 sic
1232 3341 1434 3407 postea
1453 3342 1832 3398 mundabun-

1948 566 2232 636 Dominus
2264 570 2363 630 qui
2394 571 2564 624 eduxi
2584 588 2685 626 vos
2707 574 2778 626 de
2815 577 2969 626 terra
3010 571 3256 644 Egypti,
3302 577 3367 627 ut
3395 588 3586 628 essem

1944 656 2107 711 vobis
2139 657 2194 711 in
2221 662 2420 714 Deum.
2453 660 2644 714 Sancti
2691 660 2874 729 eritis,
2905 661 3176 731 quoniam
3209 677 3314 732 ego
3345 668 3588 717 sanctus

1945 761 2098 800 sum.
2125 749 2242 802 Ista
2262 750 2349 802 est
2371 747 2460 803 lex
2483 748 2872 805 animantium
2889 766 2954 804 ac
2968 751 3290 819 volucrum,
3319 749 3586 805 etomnis

1945 835 2148 889 anima:
2175 837 2440 903 viventis,
2475 853 2604 907 quae
2635 844 2896 893 movetur
2925 837 2986 892 iu
3008 854 3181 908 aqua,
3215 841 3272 892 et
3301 841 3494 908 reptat
3525 837 3585 892 in

1943 925 2117 993 terra,
2144 930 2208 980 ut
2236 925 2592 982 differentias
2637 927 2911 981 noveritis
2940 925 3146 982 mundi
3177 930 3234 980 et
3271 926 3582 994 immundi,

1944 1016 2000 1066 et
2023 1012 2221 1070 sciatis
2244 1015 2381 1086 quid
2418 1017 2718 1072 comedere
2749 1016 2956 1087 etquid
2993 1031 3270 1088 respuere
3302 1015 3580 1071 debeatis.

2014 1167 2100 1236 (Β.
2134 1166 2255 1233 VII,
2289 1169 2346 1222 (Ζ.
2379 1171 2509 1238 XX,
2544 1169 2680 1240 Cap.
2715 1168 2857 1239 XII.)
2884 1169 3250 1238 Locutusque
3279 1171 3368 1223 est
3398 1169 3588 1224 Domi-

1944 1273 2057 1310 nus
2081 1256 2151 1310 ad
2175 1256 2392 1325 Mosen,
2419 1257 2653 1314 dicens:
2681 1259 2941 1330 Loquere
2966 1257 3102 1311 ﬁliis
3129 1256 3324 1325 Israel,
3349 1261 3406 1311 et
3426 1257 3586 1312 dices

1943 1348 2012 1401 ad
2045 1363 2144 1401 eos
2178 1363 2190 1401 :
2218 1347 2447 1413 Mulier,
2473 1348 2521 1402 si
2545 1353 2812 1420 suscepto
2839 1349 3061 1402 semine
3082 1347 3166 1417 (h.
3189 1347 3319 1401 fuso
3340 1345 3584 1416 semine)

1944 1436 2231 1507 pepererit
2252 1436 2600 1506 masculum,
2641 1437 2946 1491 immunda
2965 1435 3074 1490 erit
3096 1440 3315 1506 septem
3358 1434 3585 1500 diebus,

1942 1527 2102 1595 juxta
2143 1524 2265 1580 dies
2308 1525 2696 1596 separationis
2749 1530 3082 1580 menstruae.
3138 1524 3208 1578 Et
3263 1522 3356 1578 die
3388 1529 3588 1578 octavo

1941 1613 2736 1670 circumcideturinfantulus
2761 1630 2773 1669 :
2801 1613 2929 1684 ipsa
2947 1629 3080 1668 vero
3113 1612 3355 1682 triginta
3400 1611 3589 1666 tribus

1941 1703 2147 1756 diebus
2164 1703 2419 1758 manebit
2433 1702 2490 1756 in
2507 1703 2792 1774 sanguine
2814 1701 3234 1773 puriﬁcationis
3249 1717 3383 1756 sum.
3403 1699 3588 1756 Omne

1941 1795 2210 1846 sanctum
2226 1807 2340 1844 non
2365 1795 2696 1863 tanget,nec
2719 1789 3146 1862 ingredieturin
3163 1789 3560 1844 sanctuarium
3573 1830 3587 1856 ,

1866 1847 1910 1910 Β
1943 1881 2124 1934 donec
2156 1880 2234 1934 im
2250 1847 2518 1950 pleantuur
2547 1847 2673 1935 dies
2693 1847 3118 1950 purificationis
3139 1878 3364 1949 ejus(C.
3400 1847 3578 1946 XXI).

1941 1968 2040 2024 Sin
2067 1973 2260 2023 autem
2278 1969 2553 2023 feminam
2579 1967 3199 2040 pepererit,immunda
3219 1966 3328 2020 erit
3349 1965 3584 2020 duabus

1940 2057 2582 2126 hebdomadibusjuxta
2600 2059 2776 2111 ritum
2801 2056 2993 2111 ﬂuxus
3016 2054 3323 2118 menstrui,
3347 2059 3404 2108 et
3425 2068 3584 2108 sexa-

1941 2145 2104 2218 ginta
2133 2163 2200 2201 ac
2228 2163 2327 2201 sex
2358 2145 2566 2200 diebus
2597 2144 2854 2200 manebit
2875 2145 2934 2198 in
2979 2143 3267 2216 sanguine
3316 2140 3588 2213 puriﬁca-

1940 2235 2118 2289 tionis
2150 2251 2289 2290 suae.
2324 2238 2583 2304 Cumque
2603 2233 2818 2306 expleti
2841 2233 3060 2287 fuerint
3081 2232 3205 2286 dies
3224 2228 3583 2302 puriﬁcatio-

1943 2321 2035 2378 nis
2061 2323 2212 2393 ejus,
2249 2339 2348 2394 pro
2374 2322 2536 2390 ﬁilio,
2559 2323 2680 2378 sive
2704 2338 2806 2392 pro
2839 2320 3206 2386 filia,deferet
3237 2333 3454 2389 agnum
3478 2333 3583 2391 an-

1942 2410 2204 2466 niculum
2238 2411 2293 2464 in
2318 2410 2750 2479 holocaustum,
2782 2415 2840 2465 et
2871 2409 3096 2480 pullum
3133 2407 3437 2471 columba},
3463 2404 3583 2460 sive

1941 2503 2230 2554 turturem
2263 2516 2366 2571 pro
2399 2503 2632 2571 peccato
2673 2500 2743 2555 ad
2788 2501 3006 2554 ostium
3029 2495 3390 2552 tabernaculi
3420 2493 3588 2549 testi-

1943 2589 2144 2656 monii,
2179 2593 2236 2643 et
2280 2589 2468 2644 tradet
2511 2589 2820 2652 sacerdoti,
2870 2587 2971 2658 qui
3026 2586 3226 2641 oﬂ‘eret
3260 2583 3360 2638 illa
3391 2599 3583 2639 coram

1946 2677 2210 2745 Domino,
2269 2681 2325 2732 et
2385 2677 2610 2747 rogabit
2640 2693 2742 2747 pro
2782 2692 2870 2744 ea,
2921 2681 2979 2730 et
3008 2673 3091 2729 sic
3141 2671 3586 2728 mundabitura

1941 2766 2224 2838 proﬂuvio
2264 2765 2570 2836 sanguinis
2602 2765 2714 2820 sui.
2751 2765 2868 2819 Ista
2898 2768 2987 2819 est
3016 2763 3105 2818 lex
3133 2760 3416 2832 parientis
3466 2775 3588 2814 ma-

1943 2854 2172 2909 sculum
2208 2859 2306 2909 aut
2337 2854 2634 2909 feminam.
2660 2853 2820 2917 Quod
2837 2853 2884 2906 si
2906 2869 3020 2906 non
3053 2849 3336 2905 invenerit
3377 2864 3587 2903 manus

1941 2945 2090 3014 ejus,
2125 2959 2227 2998 nec
2257 2942 2502 3014 potuerit
2533 2943 2736 2997 offerre
2758 2957 2999 3013 agnum,
3050 2943 3242 2994 sumet
3281 2942 3426 2991 duos
3455 2941 3584 2990 tur-

1940 3038 2101 3088 tures
2122 3031 2209 3087 vel
2241 3033 2387 3086 duos
2421 3031 2610 3104 pullos
2633 3031 2940 3099 columbae,
2972 3045 3154 3083 unum
3205 3027 3264 3081 in
3297 3025 3582 3081 holocau-

1943 3127 2121 3186 stum,
2153 3127 2209 3175 et
2241 3121 2489 3176 alterum
2545 3137 2649 3192 pro
2683 3124 2937 3192 peccato.
2993 3116 3310 3188 Orabitque
3357 3130 3464 3186 pro
3512 3129 3586 3168 ea

1864 3213 1905 3277 C
1943 3209 2233 3272 sacerdos,
2278 3212 2334 3262 et
2373 3208 2455 3262 sic
2499 3207 2902 3262 mundabitur.

2011 3364 2095 3429 (Β.
2129 3359 2248 3423 VII,
2281 3363 2337 3412 Ο.
2361 3359 2540 3427 ΧΧΙΙ,
2587 3357 2716 3429 Cap.
2744 3357 2924 3425 XIII.)
2961 3358 3329 3426 Locutusque
3363 3359 3452 3410 est
3476 3359 3587 3410 Do-

212 3418 303 3517 ξοξ·
328 3415 434 3471 V39
464 3424 664 3517 ῆιξίθξξ)
703 3419 894 3517 “mlle,
929 3420 1008 3517 in
1054 3425 1226 3517 (ἰυοξῗΔ
1260 3424 1468 3517 horum
1505 3429 1828 3501 ρυίάρυειω
1940 3415 2140 3503 minus
2171 3450 2242 3502 ad
2291 3447 2490 3502 Mosen
2521 3415 2576 3502 et
2625 3415 2830 3516 Aaron,
2878 3415 3116 3501 dicens:
3150 3415 3354 3512 Homo,
3387 3445 3447 3498 in
3479 3461 3588 3500 cu-

213 3507 336 3559 intro
379 3507 675 3571 ceciderit,
723 3507 1037 3579 polluetur,
1071 3517 1127 3565 et
1174 3512 1388 3569 idcirco
1440 3518 1828 3589 frangendum

1943 3539 2032 3608 ius
2063 3542 2194 3592 cute
2224 3542 2280 3592 et
2308 3553 2481 3592 carne
2526 3541 2689 3591 ortus
2721 3537 2897 3590 fuerit
2931 3536 3198 3590 diversus
3249 3534 3409 3590 color
3454 3533 3582 3589 sive

213 3596 297 3647 est.
325 3596 521 3650 Omnis
555 3596 930 3697 cibusquem
983 3602 1316 3697 comedetis,
1368 3605 1413 3658 si
1470 3607 1597 3660 fusa
1659 3611 1832 3664 fuerit
1930 3596 2196 3696 bustum,
2232 3630 2334 3680 aut
2360 3626 2526 3696 quasi
2577 3625 2779 3680 lucens
2820 3625 3146 3695 quidpiam,
3189 3624 3244 3677 id
3277 3629 3366 3678 est
3389 3622 3585 3694 plaga,

212 3696 355 3752 super
373 3701 504 3740 eum
534 3701 714 3756 aqua,
746 3689 1093 3744 immundus
1125 3691 1271 3746 erit:
1306 3697 1362 3747 et
1405 3711 1577 3750 omne
1601 3697 1829 3766 liquens

1943 3689 2141 3785 lepraa,
2165 3689 2491 3769 adducetur
2510 3715 2578 3768 ad
2603 3716 2790 3768 Aaron
2810 3689 3170 3768 sacer-dotem
3187 3712 3288 3780 ,vel
3317 3689 3592 3766 ad—unhm

212 3773 333 3838 quod
366 3774 591 3828 bibitur
615 3775 687 3829 de
719 3775 986 3830 universo
1017 3794 1174 3849 vase,
1201 3779 1577 3838 immundum
1607 3787 1734 3840 erit.
1762 3788 1829 3842 Et

1943 3773 2260 3873 quemlibet
2290 3802 2541 3856 ﬁliorum
2565 3803 2710 3872 ejus.
2747 3803 2852 3868 Qui
2878 3818 3012 3856 cum
3036 3773 3243 3856 viderit
3266 3799 3485 3871 lepram
3523 3799 3581 3852 in

210 3861 457 3962 ᾕξιίάξίιξίά
508 3864 583 3918 de
618 3863 943 3962 EnortiCiPls
973 3865 1311 3962 ξείίυξφοάξ
1345 3872 1620 3962 “Piderit
1651 3892 1829 3946 super
1935 3861 2088 3959 cute,
2120 3897 2177 3946 et
2207 3891 2356 3962 pilos
2389 3891 2446 3945 in
2473 3861 2669 3946 album
2693 3861 2946 3946 mutatos
2968 3889 3244 3956 colorem,
3271 3861 3586 3960 ipsamque

212 3947 348 4014 illud,
377 3952 753 4006 immundum
779 3953 910 4023 erit,
943 3954 1063 4009 sive
1099 3954 1336 4026 clibani,
1365 3959 1484 4014 sive
1515 3961 1824 4034 chytropo-

1943 3981 2186 4052 speciem
2219 3984 2391 4051 lepra:
2442 3979 2816 4035 humiliorem
2859 3985 2993 4035 cute
3019 3983 3077 4034 et
3115 3995 3291 4033 carne
3333 3976 3587 4048 reliqua,

210 4035 310 4140 ὀξεῖ
345 4039 740 4140 ,δθθίτυθῗηυν
788 4049 844 4140 in
873 4043 1160 4098 immundi
1204 4055 1394 4102 Μιλτὼ
1450 4049 1660 4140 FODU’S
1688 4069 1825 4109 νθνο
1934 4035 2101 4140 plaga
2158 4035 2330 4140 lepra!
2359 4073 2468 4138 est,
2527 4069 2599 4123 ad
2632 4068 2946 4122 arbitrium
2981 4069 3111 4137 ejus
3144 4035 3514 4138 separabitur
3542 4099 3562 4121 .

209 4129 532 4222 θίβιείθτῠωι
563 4135 623 4184 οἵ
642 4131 836 4184 omnis
875 4147 1160 4202 θαυειι-υπι
1198 4139 1569 4209 congregatio
1607 4143 1825 4197 mund.
1924 4129 2241 4212 Sinvautern
2268 4159 2468 4212 lucens
2495 4157 2714 4211 candor
2753 4157 2922 4212 fuerit
2972 4156 3030 4210 in
3061 4160 3212 4222 cute,
3249 4171 3354 4210 nec
3387 4152 3586 4208 humi-

209 4221 440 4316 erit_._Qui
471 4227 851 4282 morticinum
885 4244 1084 4284 eorum
1112 4231 1390 4302 tetigerit,
1425 4235 1736 4305 polluetur.
1763 4241 1820 4295 Si
1927 4247 2039 4316 lior
2069 4262 2242 4301 carne
2265 4245 2509 4316 reliqua,
2538 4251 2594 4300 et
2626 4244 2728 4316 pili
2761 4244 2972 4300 coloris
3008 4221 3265 4316 pristini,
3317 4241 3585 4299 recludet

210 4312 704 4405 cecideriutsuper
741 4321 1086 4405 sementem,
1131 4336 1246 4375 non
1296 4322 1558 4392 polluent
1586 4343 1736 4381 eam.
1765 4329 1821 4383 Si
1927 4312 2065 4391 eum
2115 4312 2643 4404 sacerdos—septem
2701 4333 2931 4402 diebus,
2979 4312 3035 4389 et
3068 4332 3461 4391 considerabit
3492 4331 3588 4387 die

211 4405 371 4456 autem
421 4403 716 4495 quispiam
777 4421 927 4473 aqua
969 4403 1306 4465 sementem
1368 4412 1707 4483 perfuderit,
1766 4422 1823 4471 et
1928 4424 2218 4494 septimo:
2247 4403 2616 4494 etsiquidem
2649 4423 2810 4495 lepra
2847 4423 3000 4477 ultra
3031 4440 3144 4478 non
3178 4421 3447 4491 creverit,
3481 4437 3586 4476 nec

211 4494 380 4557 postea
411 4493 740 4548 morticinis
770 4498 925 4550 tacta
969 4497 1162 4562 fuerit,
1205 4497 1358 4554 illico
1418 4500 1729 4572 polluetur.
1763 4505 1820 4559 Si

1930 4511 2338 4570 transierintin
2355 4517 2486 4567 cute
2500 4513 2721 4582 priores
2738 4511 3040 4581 terminos,
3056 4528 3292 4568 rursum
3313 4510 3586 4566 includet

210 4584 472 4673 mortuum
508 4582 684 4636 fuerit
715 4583 1128 4673 animal,quod
1160 4585 1290 4642 licet
1312 4589 1474 4644 vobis
1498 4592 1822 4659 comedere,
1858 4582 1900 4644 Ῐ)
1940 4603 2089 4673 Vulg,
2123 4601 2440 4671 reclaudet)
2471 4616 2604 4656 eum
2649 4604 2871 4672 septem
2917 4599 3123 4655 diebus
3178 4599 3336 4655 aliis.
3373 4600 3440 4655 Et
3491 4601 3587 4655 die

209 4666 288 4734 qui
308 4670 548 4724 cadaver
567 4673 697 4742 ejus
724 4671 996 4744 tetigerit,
1027 4675 1369 4731 immundus
1399 4679 1508 4732 erit
1537 4695 1725 4750 usque
1757 4683 1828 4737 ad

208 4767 507 4827 vesperum,
541 4765 599 4814 et
639 4761 739 4831 qui
771 4761 1086 4817 comederit
1135 4779 1204 4818 ex
1236 4780 1301 4818 eo
1348 4765 1673 4838 quidpiam,
1709 4769 1830 4826 sive

212 4849 510 4916 portaverit,
565 4847 782 4903 lavabit
839 4850 1188 4906 vestimenta
1237 4869 1362 4922 sua,
1399 4859 1455 4908 et
1485 4855 1828 4914 immundus

209 4931 297 4985 erit
340 4951 521 5006 usque
568 4937 639 4990 ad
681 4953 1010 5008 vesperum.
1072 4941 1153 5000 (Ο.
1208 4942 1385 5014 ΧΙΧ.)
1435 4944 1618 5000 Omne
1669 4948 1824 5016 quod

209 5027 369 5090 reptat
398 5039 576 5096 super
606 5029 840 5092 terram,
863 5027 1258 5085 abominabile
1288 5033 1531 5095 erit,nec
1563 5051 1825 5090 assume-

212 5117 288 5162 tur
316 5111 368 5166 in
399 5112 618 5167 cibum.
680 5114 973 5186 Quidquid
1025 5134 1200 5189 super
1241 5126 1444 5191 pectus
1489 5124 1826 5194 quadrupes

211 5201 464 5267 graditur,
499 5207 554 5256 et
585 5201 799 5258 multos
859 5205 1034 5261 habet
1056 5210 1251 5279 pedes,
1286 5209 1405 5265 sive
1446 5228 1544 5281 per
1577 5211 1824 5268 humum

213 5291 453 5364 trahitur,
505 5310 618 5349 non
683 5296 1022 5366 comedetis,
1082 5297 1220 5368 quia
1273 5299 1664 5356 abominabile
1712 5306 1822 5357 est.

214 5387 372 5448 Nolite
401 5397 803 5452 contaminare
849 5395 1077 5450 animas
1118 5400 1359 5462 vestras,
1416 5414 1519 5452 nec
1568 5399 1825 5470 tangatis

214 5481 504 5552 quidquam
538 5499 758 5549 eorum,
785 5483 1164 5539 neimmundi
1189 5485 1340 5540 sitis.
1372 5485 1485 5550 Ego
1503 5486 1658 5541 enim
1691 5504 1822 5543 sum

215 5569 464 5626 Dominus
497 5573 648 5628 Deus
678 5580 904 5628 vester:
940 5574 1123 5628 sancti
1157 5580 1359 5642 estote,
1389 5575 1528 5645 quia
1558 5591 1662 5645 ego
1690 5593 1823 5630 san-

216 5661 322 5712 ctus
365 5674 517 5715 sum.
563 5665 639 5718 Ne
691 5660 966 5734 polluatis
1014 5661 1242 5718 animas
1292 5668 1515 5719 vestras
1563 5663 1622 5718 in
1664 5665 1823 5720 omni

1939 4689 2189 4762 septimo
2220 4688 2710 4760 contemplabitur
2736 4704 2758 4749 ;
2785 4689 2832 4744 si
2867 4688 3174 4744 obscurior
3195 4688 3372 4744 fuerit
3402 4688 3586 4760 lepra,

1937 4785 2122 4834 etnon
2137 4778 2380 4833 creverit
2395 4777 3190 4843 mundabiteum,mundabit
3206 4777 3587 4848 quiascabies

1937 4875 2063 4934 est;
2099 4867 2429 4936 lavabitque
2460 4866 2635 4920 homo
2683 4866 3033 4921 vestimenta
3072 4883 3199 4933 sua,
3234 4873 3290 4921 et
3321 4869 3583 4924 mundus

1936 4956 2061 5012 erit.
2093 4957 2252 5019 Quod
2290 4954 2340 5009 si
2401 4961 2710 5025 postquam
2744 4972 2776 5009 a
2825 4956 3125 5010 sacerdote
3171 4956 3330 5011 visus
3382 4961 3490 5022 est,
3525 4960 3584 5012 et

1937 5046 2200 5100 redditus
2256 5043 2578 5110 munditiae,
2618 5043 2830 5098 iterum
2865 5046 3023 5115 lepra
3045 5046 3307 5116 creverit,
3333 5046 3585 5100 adduce-

1935 5141 2031 5188 tur
2061 5134 2130 5187 ad
2156 5150 2311 5197 eum,
2345 5138 2402 5186 et
2433 5132 2819 5186 immunditiae
2847 5134 3360 5189 condemuabitur.
3404 5133 3584 5205 Plaga

1935 5221 2106 5291 lepra:
2139 5223 2184 5274 si
2216 5220 2389 5275 fuerit
2435 5221 2494 5274 in
2547 5220 2804 5289 homine,
2837 5223 3158 5277 adducetur
3187 5223 3256 5277 ad
3311 5223 3580 5276 sacerdo-

1933 5316 2072 5372 tem,
2107 5313 2162 5363 et
2210 5308 2428 5363 videbit
2465 5324 2619 5364 eum.
2656 5312 2918 5380 Cumque
2961 5309 3118 5365 color
3151 5309 3316 5364 albus
3357 5309 3418 5364 in
3449 5316 3582 5366 cute

1933 5399 2128 5467 fuerit,
2153 5402 2209 5453 et
2229 5396 2572 5470 capillorum
2601 5398 2910 5454 mutaverit
2932 5402 3256 5469 aspectum,
3283 5398 3409 5468 ipsa
3431 5415 3578 5470 quo-

1934 5505 2044 5560 que
2076 5505 2205 5543 caro
2234 5487 2364 5542 viva
2395 5487 2766 5558 apparuerit:
2797 5487 2957 5557 lepra
2987 5486 3387 5543 vetustissima
3409 5489 3578 5558 judi-

1933 5577 2181 5642 cabitur,
2209 5574 2605 5647 atqueinolita
2625 5575 3575 5646 cuti.Contaminabititaqueeum

1934 5667 2230 5732 sacerdos,
2263 5669 2455 5722 etnon
2486 5663 2768 5734 recludet,
2804 5664 2941 5735 quia
2972 5663 3289 5736 perspicuae
3317 5665 3577 5727 immun.
