4080 6186
71 5687 76 5706 ρ

73 5845 96 5884 ἔ

35 5081 90 6000 ἱ
127 5889 130 5894 Ι

276 260 375 317 351

1336 262 1396 315 8.
1437 259 1850 315 HIERONYMI
1887 261 2140 314 DIVINA
2177 259 2674 315 BIBLIOTHBCA.

3591 252 3697 308 352

279 386 436 442 ditia;
465 389 554 441 est
592 388 634 441 ¹.
682 385 743 440 Si
802 387 994 439 autem
1051 383 1370 438 efﬂoruerit
1398 382 1736 438 discurrens
1767 383 1928 454 lepra
1957 384 2010 449 Α
2042 397 2140 436 eos
2171 383 2462 437 sacerdos.
2493 381 2551 437 Si
2584 378 3035 452 deprehenderit
3071 378 3502 434 subobscuram
3535 377 3692 434 albo-

277 474 337 530 in
370 479 522 541 cute,
554 481 606 529 et
638 473 932 545 operuerit
977 487 1211 526 omnem
1244 475 1434 526 cutem
1469 488 1502 526 a
1524 471 1714 543 capite
1747 487 1935 542 usque

278 564 349 619 ad
403 563 580 636 pedes
605 561 921 634 :quidquid
937 561 1048 616 sub
1079 564 1383 632 aspectum
1420 558 1723 616 oculorum
1755 559 1932 615 cadit,

277 650 670 707 considerabit
701 665 835 704 eum
865 649 1140 704 sacerdos
1188 647 1270 717 (h.
1307 647 1417 703 sub
1458 653 1695 720 sepectu
1738 649 1932 703 oculo-

279 756 411 796 rum
441 737 805 810 sacerdotis),
840 741 898 793 et
949 737 1134 792 teneri
1166 736 1328 808 lepra
1360 737 1932 807 mundissimajudi-

277 828 436 884 cabit
467 843 568 883 :eo
616 826 770 898 quod
829 825 1024 882 omnis
1063 827 1122 881 in
1172 827 1488 881 candorem
1545 841 1714 881 versa
1748 825 1846 893 sit,
1877 829 1935 881 et

274 916 489 972 idcirco
521 915 696 970 homo
719 915 978 970 mundus
997 914 1124 970 erit.
1150 915 1393 981 Quando
1414 931 1548 970 vero
1569 930 1702 969 caro
1732 914 1932 970 vivens

276 1004 335 1060 in
359 1021 425 1060 eo
456 1003 819 1075 apparuerit,
848 1007 988 1058 tunc
1019 1002 1336 1058 sacerdotis
1359 1002 1582 1072 judicio
1615 1001 1928 1073 polluetur,

274 1093 502 1150 etinter
548 1093 848 1147 immudos
907 1091 1295 1163 reputabitur.
1340 1095 1480 1146 Caro
1524 1090 1681 1146 enim
1711 1090 1839 1146 viva
1880 1093 1929 1148 si

275 1181 438 1254 lepra
466 1188 832 1254 aspergatur,
885 1181 1196 1236 immunda
1239 1185 1348 1237 est.
1383 1181 1543 1245 Quod
1595 1181 1644 1235 si
1694 1195 1927 1236 rursum

271 1287 441 1326 versa
464 1271 638 1326 fuerit
661 1272 717 1325 in
745 1269 1025 1337 alborem,
1061 1274 1118 1325 et
1141 1274 1327 1325 totum
1369 1269 1663 1324 hominem
1695 1285 1932 1340 operue-

273 1360 369 1426 rit,
403 1359 799 1414 considerabit
843 1374 979 1414 eum
1011 1359 1305 1425 sacerdos,
1362 1361 1421 1412 et
1470 1357 1758 1412 mundum
1801 1373 1929 1413 esse

272 1449 560 1503 decernet.
595 1451 734 1502 Caro
767 1452 823 1502 et
856 1447 1027 1513 cutis,
1060 1447 1118 1500 in
1144 1462 1259 1517 qua
1317 1446 1487 1501 ulcus
1518 1450 1719 1501 natum
1742 1450 1832 1501 est
1872 1451 1930 1502 et

271 1541 568 1602 sanatum,
601 1540 658 1591 et
685 1536 742 1590 in
768 1535 891 1590 loco
909 1535 1119 1590 ulceris
1140 1536 1381 1590 cicatrix
1403 1535 1741 1606 apparuerit
1769 1534 1924 1599 alba,

269 1625 390 1681 eice
413 1626 672 1695 subrufa,
719 1625 1046 1680 adducetur
1077 1624 1251 1679 homo
1281 1625 1351 1678 ad
1385 1624 1744 1678 sacerdotem
1772 1641 1784 1678 :
1827 1623 1926 1694 qui

269 1731 402 1770 cum
465 1715 676 1770 viderit
726 1715 919 1769 locum
966 1713 1139 1784 leprae
1171 1713 1542 1770 humiliorem
1593 1729 1766 1768 carne
1794 1711 1927 1768 reli-

268 1820 405 1874 qua,
435 1808 494 1858 et
541 1802 694 1874 pilos
747 1819 946 1857 versos
1003 1803 1063 1857 in
1113 1803 1447 1870 candorem,
1496 1801 1921 1856 contaminabit

269 1906 425 1960 eum,
459 1891 630 1962 plaga
653 1891 808 1946 enim
842 1891 1014 1962 lepra:
1045 1895 1171 1946 orta
1201 1895 1289 1946 est
1319 1891 1376 1944 in
1411 1889 1622 1944 ulcere.
1657 1891 1816 1954 Quod
1847 1890 1918 1944 si-

267 1979 426 2050 pitus
461 1979 674 2035 coloris
726 1984 814 2034 est
849 1979 1104 2050 pristini,
1151 1982 1206 2033 et
1245 1977 1484 2033 cicatrix
1527 1978 1913 2044 subobscure,

267 2072 325 2123 et
365 2067 558 2124 vicina
607 2084 782 2123 carne
835 2084 949 2122 non
983 2071 1074 2122 est
1121 2065 1423 2132 humilior,
1475 2065 1734 2122 recludet
1779 2082 1912 2120 eum

269 2161 491 2228 septem
525 2157 756 2211 diebus.
789 2156 859 2210 Et
905 2155 1194 2226 siquidem
1240 2155 1505 2220 creverit,
1554 2154 1917 2224 adjudicabit

265 2260 397 2300 eum
432 2244 627 2316 leprsa.
659 2244 758 2297 Sin
791 2249 983 2298 autem
1026 2243 1255 2298 steterit
1295 2248 1354 2297 in
1385 2242 1509 2298 loco
1541 2259 1669 2312 suo,
1704 2242 1913 2297 ulceris

263 2338 355 2389 est
385 2332 642 2402 cicatrix,
696 2341 753 2386 et
801 2332 979 2387 homo
1014 2333 1270 2386 mundus
1312 2331 1442 2386 erit.
1476 2331 1620 2386 Caro
1652 2337 1708 2386 et
1739 2332 1910 2398 cutis,

265 2438 440 2493 quam
475 2421 632 2492 ignis
663 2421 972 2490 exusserit,
1005 2425 1062 2476 et
1094 2426 1302 2475 sanata
1334 2421 1526 2476 albam
1569 2421 1688 2476 sive
1720 2421 1910 2476 rufam

264 2509 536 2565 habuerit
595 2509 948 2578 cicatricem,
1001 2509 1398 2564 considerabit
1426 2525 1553 2564 eam
1614 2511 1908 2578 sacerdos,

263 2603 323 2654 et
354 2615 486 2654 ecce
505 2615 669 2654 versa
690 2602 778 2654 est
803 2599 862 2652 in
883 2598 1139 2653 alborem
1163 2598 1244 2671 (h.
1279 2606 1329 2652 et
1361 2614 1492 2653 ecce
1522 2597 1676 2668 pilus
1707 2614 1910 2654 versus

262 2692 353 2742 est
380 2687 437 2743 in
473 2687 778 2755 alborem),
799 2691 856 2742 et
874 2685 1036 2743 locus
1050 2689 1178 2757 ejus
1201 2688 1427 2759 reliqua
1447 2692 1579 2742 cute
1594 2687 1904 2742 humilior:

258 2774 680 2831 contaminabit
717 2791 876 2841 eum,
908 2775 1048 2847 quia
1092 2774 1263 2847 plaga
1316 2773 1487 2846 leprae
1530 2777 1589 2830 in
1640 2775 1908 2831 cicatrice

259 2870 385 2921 orta
416 2869 524 2920 est.
548 2865 709 2931 Quod
743 2866 789 2919 si
827 2864 1076 2936 pilorum
1109 2863 1268 2920 color
1289 2881 1402 2919 non
1429 2864 1601 2920 fuerit
1637 2863 1909 2920 immuta-

260 2958 382 3023 tus,
420 2969 523 3008 nec
544 2952 824 3007 humilior
846 2951 1016 3024 plaga
1038 2969 1208 3007 carne
1232 2952 1477 3024 reliqua,
1504 2956 1561 3007 et
1581 2952 1709 3023 ipsa
1734 2954 1908 3023 leprae

261 3042 486 3112 species
508 3041 678 3096 fuerit
701 3041 1363 3104 subobscura,recludet
1383 3057 1513 3096 eum
1539 3045 1761 3111 septem
1785 3041 1906 3096 die-

2045 487 2166 526 rem
2201 470 2394 526 lucere
2423 470 2484 524 in
2516 474 2666 536 cute,
2695 470 2840 524 sciat
2870 485 2984 524 non
3007 483 3136 524 esse
3152 467 3394 538 lepram,
3427 467 3528 523 sed
3571 484 3694 523 ma-

2043 558 2237 615 culam
2270 558 2478 614 coloris
2508 557 2766 624 candidi,
2798 560 2855 612 et
2884 556 3187 612 hominem
3228 556 3541 611 mundum.
3581 555 3696 624 Vir,

2045 649 2116 703 de
2133 648 2304 718 cujus
2325 646 2514 719 capite
2535 645 2730 717 capilli
2753 649 2962 710 ﬂuunt,
2983 644 3178 700 calvus
3203 661 3268 699 ac
3286 644 3547 701 mundus
3567 649 3658 701 est
3682 666 3697 714 ;

2042 740 2100 792 et
2132 736 2180 791 si
2213 752 2246 791 a
2277 736 2463 791 fronte
2492 735 2829 790 ceciderunt
2877 733 3002 804 pili,
3049 732 3400 789 recalvaster
3430 737 3487 788 et
3528 750 3698 789 mun-

2041 825 2153 881 dus
2183 833 2288 880 est.
2320 824 2376 879 Si
2410 829 2604 879 autem
2653 822 2714 877 in
2761 821 2993 878 calvitio
3033 823 3154 877 sive
3205 821 3264 876 in
3314 821 3698 879 recalvatione

2040 914 2212 970 albus
2244 913 2330 969 vel
2364 913 2530 969 rufus
2561 911 2721 968 color
2751 910 2927 966 fuerit
2956 915 3214 978 exortus,
3255 915 3312 966 et
3355 910 3464 966 hoc
3505 927 3696 967 sacer-

2039 1003 2146 1058 dos
2178 1001 2408 1070 viderit,
2451 1000 2866 1057 condemnabit
2901 1016 3034 1056 eum
3067 999 3220 1056 haud
3281 1000 3457 1055 dubie
3499 999 3693 1072 lepra),

2040 1107 2169 1162 quis
2198 1097 2326 1146 orta
2354 1094 2444 1146 est
2473 1091 2532 1145 in
2564 1089 2813 1145 calvitio.
2863 1089 3226 1160 Quicumque
3264 1104 3402 1160 ergo
3433 1087 3687 1144 macula-

2037 1188 2137 1237 tus
2166 1180 2338 1236 fuerit
2365 1179 2549 1252 lepra,
2571 1183 2628 1235 et
2656 1182 2964 1250 separatus
2985 1179 3057 1234 ad
3082 1177 3394 1234 arbitrium
3423 1179 3691 1234 sacerdo-

2037 1267 2135 1336 tis,
2164 1267 2403 1324 habebit
2451 1266 2800 1323 vestimenta
2845 1265 3076 1322 dissuta
3121 1265 3203 1337 (h.
3258 1263 3487 1337 scissa),
3519 1269 3695 1337 caput

2040 1358 2290 1424 nudum,
2316 1373 2383 1412 os
2403 1361 2561 1412 veste
2591 1359 2946 1422 contectum,
2975 1354 3439 1411 contaminatum
3467 1371 3535 1410 ac
3573 1371 3690 1410 sor-

2039 1447 2243 1502 didum
2279 1462 2340 1500 se
2371 1444 2650 1500 clamabit
2679 1444 2758 1516 (h.
2784 1443 3251 1500 contaminatum
3283 1459 3349 1498 ac
3388 1443 3690 1498 sordidum

2039 1552 2173 1591 eum
2205 1534 2521 1603 clamabit).
2547 1534 2718 1590 Omni
2751 1539 3011 1604 tempore
3033 1549 3148 1604 quo
3170 1531 3438 1604 leprosus
3461 1537 3546 1587 est
3579 1532 3690 1586 im-

2039 1625 2322 1690 mundus,
2347 1623 2510 1678 solus
2549 1622 2838 1678 habitabit
2858 1628 3020 1677 extra
3041 1627 3250 1676 castra.
3271 1619 3458 1676 Vestis
3494 1619 3684 1689 lanea,

2036 1712 2476 1782 sivelinea,quaa
2500 1709 3079 1783 lepramhabueritin
3102 1709 3354 1764 stamine
3366 1713 3542 1780 atque
3554 1709 3688 1765 sub-

2033 1801 2314 1872 tegmine,
2334 1806 2437 1856 aut
2457 1806 2609 1855 certe
2629 1798 2822 1870 pellis,
2855 1798 2940 1854 vel
2965 1798 3251 1870 quidquid
3275 1815 3344 1853 ex
3365 1797 3513 1869 pelle
3544 1815 3683 1854 con-

2028 1892 2246 1946 fectum
2270 1895 2381 1957 est,
2405 1889 2456 1945 si
2482 1889 2615 1945 alba
2638 1888 2726 1944 vel
2749 1889 2879 1942 rufa
2899 1887 3132 1943 macula
3153 1887 3324 1942 fuerit
3347 1887 3582 1954 infecta,
3608 1886 3685 1942 le-

2028 1997 2134 2052 pra
2146 1980 2535 2050 reputabitur,
2558 1977 3015 2048 ostendeturque
3030 1977 3337 2032 sacerdoti.
3359 1976 3465 2040 Qui
3493 1975 3686 2032 consi-

2025 2069 2288 2122 deratam
2314 2065 2576 2121 recludet
2594 2071 2818 2136 septem
2839 2065 3068 2131 diebus,
3100 2070 3156 2118 et
3175 2064 3269 2120 die
3289 2064 3542 2136 septimo
3559 2080 3686 2120 rur-

2026 2173 2129 2211 sus
2160 2155 2453 2227 aspiciens
2480 2155 2530 2209 si
2562 2154 2814 2209 crevisse
2844 2152 3319 2224 deprehenderit,
3352 2152 3514 2224 lepra
3543 2169 3683 2224 per-

2025 2259 2299 2300 severans
2329 2247 2457 2300 est:
2493 2242 2782 2314 pollutum
2807 2242 3105 2313 judicabit
3147 2242 3586 2310 vestimentum,
3619 2244 3678 2296 et

2023 2349 2196 2388 omne
2225 2334 2285 2388 in
2317 2349 2432 2403 quo
2466 2331 2639 2386 fuerit
2669 2331 2943 2386 inventa:
2976 2335 3033 2386 et
3054 2331 3272 2386 idcirco
3293 2329 3672 2385 comburetur

2021 2421 2298 2477 flammis.
2331 2421 2490 2484 Quod
2522 2420 2572 2474 si
2600 2436 2726 2474 eam
2760 2420 2966 2475 viderit
3011 2436 3124 2474 non
3159 2420 3432 2485 crevisse,
3463 2417 3667 2490 praeci-

2019 2511 2157 2582 piet,
2191 2516 2248 2565 et
2301 2509 2578 2564 lavabunt
2609 2509 2665 2563 id
2700 2509 2756 2562 in
2807 2525 2922 2580 quo
2953 2507 3115 2580 lepra
3145 2512 3254 2575 est,
3287 2507 3665 2578 recludetque

2017 2597 2161 2653 illud
2195 2601 2415 2669 septem
2476 2598 2684 2652 diebus
2716 2595 2865 2652 aliis.
2902 2600 2970 2651 Et
3011 2613 3143 2652 cum
3188 2596 3397 2652 viderit
3453 2595 3658 2650 faciem

2017 2686 2255 2758 quidem
2271 2687 2583 2757 pristinam
2603 2703 2715 2741 non
2733 2702 3046 2753 reversam,
3071 2701 3175 2740 nec
3196 2691 3390 2740 tamen
3415 2683 3667 2740 crevisse

2016 2775 2259 2847 lepram,
2296 2775 2669 2830 immundum
2711 2775 3024 2846 judicabit,
3057 2780 3114 2830 et
3160 2774 3295 2845 igne
3342 2774 3664 2840 comburet,

2016 2881 2083 2920 eo
2123 2865 2276 2937 quod
2309 2863 2505 2919 infusa
2526 2864 2604 2918 sit
2634 2864 2692 2918 in
2712 2863 3021 2935 superﬁcie
3059 2861 3419 2931 vestimenti,
3443 2861 3528 2917 vel
3563 2877 3668 2934 per

2014 2958 2226 3021 totum,
2260 2953 2439 3025 lepra.
2473 2953 2575 3009 Sin
2615 2958 2810 3008 autem
2845 2953 3151 3008 obscurior
3179 2953 3356 3008 fuerit
3385 2952 3548 3007 locus
3579 2950 3659 3006 le-

2019 3060 2157 3114 praa,
2183 3047 2497 3114 postquam
2529 3043 2708 3098 vestis
2733 3047 2825 3097 est
2856 3040 2993 3109 lota,
3025 3042 3332 3113 abrumpet
3360 3057 3519 3109 eum,
3543 3046 3599 3096 et
3628 3057 3663 3094 a

260 3104 398 3196 b'us,
429 3135 489 3185 et
518 3131 614 3185 die
645 3131 897 3200 septimo
929 3129 1462 3202 contemplabitur:
1495 3130 1544 3184 si
1576 3104 1820 3185 creverit
1846 3131 1906 3185 in
1937 3104 1979 3170 Ο
2021 3104 2204 3188 solido
2236 3104 2473 3187 dividet.
2506 3131 2733 3197 Quodsi
2759 3129 2913 3186 ultra
2935 3104 3275 3203 apparuerit
3306 3131 3364 3185 in
3398 3104 3664 3187 hisvlocis

259 3217 606 3288 cutelcpra,
665 3217 1090 3273 contaminabit
1135 3233 1291 3273 eum.
1325 3218 1417 3272 Sin
1465 3222 1660 3273 autem
1693 3218 1751 3272 in
1785 3219 1909 3274 loco

261 3324 368 3363 suo
400 3306 620 3363 candor
651 3307 880 3384 steterit
911 3323 1024 3361 non
1044 3305 1187 3361 satis
1217 3305 1432 3373 clarus,
1465 3305 1636 3376 plaga
1667 3308 1907 3361 combu-

261 3395 472 3454 stionis
503 3399 612 3463 est,
645 3399 702 3449 et
731 3394 947 3450 idcirco
967 3393 1369 3464 mundabitur,
1400 3394 1537 3462 quia
1560 3394 1796 3449 cicatrix
1818 3400 1906 3450 est

262 3484 676 3541 combustum.
709 3482 832 3548 Vir,
875 3483 996 3538 sive
1041 3482 1274 3548 mulier,
1298 3483 1356 3536 in
1389 3483 1559 3553 cujus
1583 3482 1789 3553 capite,
1823 3483 1908 3537 vel

261 3572 448 3630 barba
485 3571 902 3644 germinaverit
929 3571 1110 3642 lepra,
1141 3571 1360 3627 videbit
1387 3587 1486 3626 eos
1519 3573 1809 3628 sacerdos.
1842 3573 1911 3626 Et

259 3661 549 3732 siquidem
583 3659 832 3715 humilio
894 3661 1070 3714 fuerit
1127 3659 1291 3716 locus
1347 3676 1521 3716 carne
1569 3660 1820 3730 reliqua,
1853 3663 1909 3714 et

258 3749 508 3818 capillus
537 3749 723 3805 ﬂavus
779 3748 1072 3820 solitoque
1133 3747 1424 3816 subtilior,
1485 3749 1910 3804 contaminabit

255 3855 380 3906 eos,
415 3839 556 3910 quia
604 3837 765 3908 lepra
791 3837 999 3909 capitis
1057 3854 1122 3892 ac
1176 3837 1368 3892 barba:
1427 3843 1532 3891 est.
1574 3837 1667 3891 Sin
1709 3843 1907 3892 autem

259 3929 470 3984 viderit
502 3928 692 3982 locum
754 3925 995 3982 maculae
1049 3925 1317 3997 aqualem
1374 3927 1576 3981 vicinae
1636 3926 1820 3994 carni,
1853 3931 1909 3980 et

262 4016 538 4088 capillum
574 4016 832 4087 nigrum,
877 4015 1137 4069 recludet
1167 4030 1301 4069 eum
1332 4020 1557 4085 septem
1590 4014 1819 4081 diebus,
1851 4018 1908 4070 et

261 4107 356 4162 dic
386 4106 640 4178 septimo
673 4103 1014 4159 intuebitur.
1045 4103 1103 4158 Si
1151 4120 1264 4158 non
1297 4105 1542 4158 creverit
1571 4102 1817 4170 macula,
1851 4108 1908 4158 et

262 4193 511 4264 capillus
532 4194 622 4248 sui
656 4192 865 4247 coloris
892 4197 1064 4256 est,et
1085 4191 1247 4247 locus
1267 4192 1448 4264 plagas
1479 4191 1638 4246 carni
1667 4191 1905 4263 reliquae

258 4281 524 4354 aequalis,
547 4282 784 4336 radetur
810 4281 980 4336 homo
1013 4281 1236 4351 absque
1255 4280 1389 4347 ,loco
1440 4280 1703 4347 maculae,
1734 4285 1793 4336 et
1821 4280 1906 4335 in-

257 4371 525 4426 cludetur
554 4373 776 4440 septem
809 4369 1016 4424 diebus
1066 4368 1218 4424 aliis.
1252 4370 1310 4425 Si
1361 4369 1452 4424 die
1500 4369 1750 4440 septimo
1781 4369 1906 4425 visa

2019 3238 2146 3293 quae
2165 3221 2326 3292 prius
2350 3219 2928 3287 immaculataeraut,
2967 3221 3130 3288 lepra
3146 3220 3398 3276 volatilis
3419 3226 3476 3275 et
3497 3237 3660 3293 vaga,

2019 3310 2187 3366 debet
2215 3309 2346 3378 igne
2378 3309 2671 3364 comburi.
2702 3309 2758 3362 Si
2792 3310 3127 3376 cessaverit,
3159 3309 3377 3365 lavabit
3406 3326 3473 3365 ea
3500 3311 3664 3380 quaet

2019 3416 2168 3470 pura
2198 3403 2358 3464 sunt,
2391 3399 2671 3464 secundo,
2704 3404 2763 3452 et
2817 3397 3035 3452 munda
3080 3402 3271 3453 erunt.
3304 3397 3422 3454 Ista
3453 3403 3543 3454 est
3574 3399 3665 3454 lex

2017 3486 2186 3557 lepras
2217 3485 2550 3541 vestimenti
2575 3484 2727 3540 lanei
2757 3489 2814 3540 et
2836 3485 2970 3541 linei
2992 3487 3286 3554 staminis,
3313 3492 3489 3557 atque
3520 3487 3665 3541 sub-

2015 3573 2316 3646 tegminis,
2348 3574 2659 3645 omnisque
2681 3573 3082 3646 supellectilis,
3108 3574 3346 3646 pellicia;
3379 3577 3668 3646 quomodo

2018 3662 2291 3718 mundari
2321 3664 2528 3718 debeat
2556 3662 2643 3718 vel
2683 3662 3091 3718 contaminari.

2089 3754 2170 3824 (C.
2205 3752 2403 3821 ΧΧΙΙΙ,
2441 3753 2582 3822 Cap.
2616 3752 2791 3824 XIV).
2828 3758 3193 3822 Locutusque
3248 3757 3338 3808 est
3385 3752 3672 3808 Dominus

2017 3843 2088 3898 ad
2121 3843 2341 3910 Mosen,
2374 3842 2575 3896 dicens
2606 3859 2618 3897 :
2682 3843 2787 3898 Hic
2817 3846 2907 3897 est
2966 3841 3113 3897 ritus
3158 3841 3399 3914 leprosi,
3431 3844 3670 3914 quando

2017 3931 2391 3987 mundandus
2407 3935 2516 3986 est:
2532 3930 2953 3987 Adduceturad
2970 3932 3323 3986 sacerdotem
3337 3932 3457 4002 ,qui
3470 3947 3667 4004 egres-

2014 4035 2118 4075 sus
2148 4023 2308 4074 extra
2339 4024 2551 4079 castra.
2583 4035 2717 4074 cum
2749 4019 3036 4074 invenerit
3067 4018 3284 4092 lepram
3319 4037 3449 4076 esse
3491 4037 3662 4076 mun-

2015 4109 2234 4175 datam,
2279 4107 2575 4179 praecipiet
2606 4108 2656 4162 ei
2689 4108 2787 4179 qui
2824 4107 3191 4180 puriﬁcatur,
3227 4114 3292 4163 ut
3322 4109 3526 4165 otl‘erat
3559 4127 3662 4182 pro

2012 4213 2075 4253 se
2101 4197 2248 4252 duos
2280 4212 2545 4266 passeres
2591 4196 2772 4263 vivos,
2831 4196 3051 4267 quibus
3082 4197 3233 4253 vesci
3290 4197 3518 4252 licitum
3552 4204 3663 4265 est,

2015 4290 2071 4341 et
2095 4285 2321 4357 lignum
2350 4285 2680 4352 cedrinum,
2704 4285 3210 4356 vermiculumque
3233 4291 3291 4341 et
3321 4285 3664 4358 hyssopum.

2013 4373 2084 4429 Et
2116 4389 2298 4428 unum
2331 4389 2398 4428 ex
2429 4372 2770 4444 passeribus
2794 4373 3333 4445 immolarijubebit
3363 4375 3423 4430 in
3447 4391 3578 4429 vase
3600 4375 3666 4428 fi-

257 4457 433 4512 luerit
462 4455 698 4512 stetisse
723 4453 897 4527 plaga
921 4455 981 4509 in
1008 4455 1130 4510 loco
1153 4471 1280 4524 suo,
1308 4471 1411 4510 nec
1433 4455 1714 4511 humilior
1735 4472 1908 4512 carne
1943 4468 1986 4532 Ι)
2021 4460 2138 4516 ctili
2163 4477 2340 4532 super
2360 4477 2544 4532 aquas
2559 4461 2815 4516 viventes
2841 4477 2854 4516 :
2879 4461 3062 4517 alium
3094 4467 3290 4518 autem
3313 4464 3506 4518 vivum
3531 4479 3664 4519 cum

255 4544 502 4616 reliqua,
523 4543 834 4598 mundabit
848 4559 1006 4612 eum,
1027 4541 1277 4610 lotisque
1289 4543 1554 4599 vestibus
1573 4544 1720 4610 suis,
1738 4561 1790 4597 m
1803 4561 1905 4598 un-

254 4634 367 4692 dus
396 4634 526 4690 erit.
550 4633 648 4688 Sin
672 4638 866 4688 autem
895 4635 1027 4704 post
1047 4633 1521 4688 emundationcm
1558 4650 1765 4688 rursus
1787 4650 1906 4688 cre-

251 4723 399 4780 verit
430 4721 661 4778 macula
691 4723 748 4776 in
783 4727 934 4789 cute,
994 4737 1108 4776 non
1153 4727 1370 4792 queret
1418 4723 1676 4794 amplius
1710 4728 1906 4777 utrum

247 4812 495 4884 capillus
526 4811 584 4866 in
649 4811 866 4865 ﬂavum
902 4807 1152 4865 colorem
1186 4810 1264 4864 sit
1323 4816 1736 4878 commutatus,
1771 4811 1911 4882 quia

248 4908 448 4976 aperte
475 4900 821 4955 immundus
851 4903 961 4954 est.
1024 4904 1199 4954 Porro
1231 4899 1279 4955 si
1312 4899 1540 4954 steterit
1571 4900 1819 4966 macula,
1852 4905 1911 4954 et

249 4987 447 5062 capilli
471 4989 625 5060 nigri
645 4987 884 5054 fuerint,
905 4988 1129 5042 noverit
1147 4987 1443 5042 hominem
1462 5004 1592 5043 esse
1610 4994 1907 5057 sanatum,

248 5084 309 5138 et
337 5077 699 5137 conﬁdenter
725 5092 856 5131 eum
892 5076 1230 5148 pronuntiet
1274 5076 1584 5131 mundum.
1618 5077 1739 5144 Vir,
1790 5076 1911 5133 sive

256 5168 492 5236 mulier,
526 5167 585 5223 in
619 5166 793 5238 cujus
815 5169 948 5221 cute
972 5165 1191 5220 candor
1211 5166 1567 5237 apparuerit,
1586 5165 1914 5222 intuebitur

2018 4549 2177 4621 ligno
2209 4549 2467 4616 cedrino,
2500 4554 2558 4605 et
2588 4566 2758 4605 cocco
2789 4554 2847 4605 et
2877 4550 3153 4623 hyssopo,
3206 4551 3394 4624 tinget
3437 4551 3494 4606 in
3525 4569 3662 4607 san-

2017 4638 2195 4710 guine
2227 4638 2482 4708 passeris
2525 4637 2832 4708 immolati,
2867 4654 2983 4708 quo
3042 4645 3313 4712 asperget
3341 4639 3529 4708 illum,
3563 4639 3667 4711 qui

2021 4727 2400 4782 mundandus
2432 4732 2542 4794 est,
2566 4725 2805 4795 septies,
2833 4727 3045 4796 utjure
3067 4733 3366 4799 purgetur,
3387 4732 3443 4783 et
3465 4728 3669 4783 dimit-

2023 4821 2099 4870 tet
2131 4831 2424 4886 passerem
2456 4815 2680 4881 vivum,
2714 4820 2779 4869 ut
2827 4815 2886 4869 in
2919 4832 3124 4888 agrum
3174 4817 3380 4872 avolet.
3414 4821 3673 4888 Cumque

2021 4903 2223 4959 laverit
2243 4902 2414 4958 homo
2444 4903 2794 4959 vestimenta
2816 4920 2944 4966 sua,
2961 4905 3124 4959 radet
3145 4921 3351 4960 omnes
3375 4906 3519 4977 pilos
3543 4921 3668 4960 cor-

2021 4992 2200 5063 poris,
2225 4995 2284 5047 et
2306 4990 2794 5063 lavabituraqua:
2835 4992 3673 5066 puriﬁcatusqueingredietur

2021 5080 2328 5149 castra,ita
2362 5080 2644 5135 duntaxat
2677 5085 2738 5134 ut
2761 5087 2996 5136 maneat
3025 5086 3185 5137 extra
3225 5081 3668 5138 tabernaculum

2022 5186 2197 5225 suum
2231 5173 2450 5240 septem
2475 5168 2706 5237 diebus,
2740 5173 2796 5225 et
2827 5172 2884 5226 in
2911 5170 3005 5225 die
3035 5172 3286 5242 septimo
3305 5171 3471 5226 radat
3491 5171 3671 5244 capil-

339 5353 357 5389 ι
385 5349 516 5422 Legi
553 5347 726 5404 etiam
765 5346 859 5422 hic
902 5349 1116 5422 potest,
1151 5351 1216 5422 ut
1261 5344 1322 5398 in
1349 5361 1572 5422 canone
1611 5350 1669 5400 et
1693 5344 1918 5422 aliquot
2025 5345 2408 5422 impiiunditz’w
2435 5355 2534 5400 est.

269 5438 410 5477 mss.
448 5417 640 5490 libris,
684 5419 815 5490 quia
857 5417 1550 5490 perspicucimmunduja
1605 5427 1702 5471 est.
1733 5421 1912 5472 Mam.

336 5492 503 5548 Unus
541 5486 792 5556 Palatin,
828 5486 1235 5560 irode‘mnaoit:
1270 5493 1327 5560 et
1369 5486 1541 5560 paulo
1594 5493 1726 5560 post
1781 5504 1915 5543 cum

2095 5419 2116 5451 ²
2153 5418 2394 5471 Videtur
2425 5434 2492 5471 ex
2525 5418 2766 5472 vocibus
2799 5434 2865 5472 ea
2886 5435 3003 5488 quae
3052 5435 3341 5476 nonnemo
3368 5419 3676 5488 scripsisse

2025 5505 2190 5565 aqua,
2217 5505 2437 5565 exque
2476 5490 2714 5558 factum,
2740 5495 2804 5545 ut
2824 5498 3140 5560 utrumque
3166 5492 3341 5548 simul
3367 5490 3678 5565 praferant

272 5561 772 5632 Urbinate,atque
788 5559 920 5616 aliis
949 5560 1101 5632 apud
1125 5557 1417 5625 Martiang
1464 5557 1610 5627 Quid
1636 5562 1918 5632 perspicue
2025 5557 2248 5632 vulgati
2297 5557 2452 5616 libri.
