4080 6186
324 328 416 382 353
1691 337 1906 392 LIBER
1945 339 2035 391 LE
2043 339 2281 394 VITICI.

3586 344 3694 403 354

322 459 397 515 los
422 458 629 530 capitis,
659 463 1021 529 barbamque
1046 456 1461 529 etsupercilia,
1497 474 1561 512 ac
1591 458 1773 514 totius
1804 475 1929 514 cor-
1962 474 2014 536 Α
2048 461 2235 530 [Vulg.
2269 462 2519 534 leprosa]
2552 465 2647 534 sit,
2701 482 2768 521 ne
2802 466 3106 524 immunda
3160 469 3301 526 ﬁant
3339 471 3536 527 omnia
3567 488 3694 544 qua

322 555 455 625 poris
483 554 642 626 pilos.
667 558 736 607 Et
764 551 899 606 lotis
924 562 1158 603 rursum
1186 545 1447 601 vestibus
1468 551 1525 600 et
1555 562 1814 616 corpore,
1839 548 1932 602 die

324 648 496 698 octavo
524 646 781 699 assumet
811 640 962 693 duos
992 652 1174 707 agnos
1212 633 1646 701 immaculatos,
1682 639 1739 690 et
1767 652 1932 690 ovem

320 732 618 787 anniculam
649 732 873 801 absque
904 724 1155 791 macula,
1192 729 1248 779 et
1285 730 1404 778 tres
1434 724 1693 780 decimas
1724 724 1931 779 similae

316 822 363 876 in
390 821 746 889 sacriﬁcium,
778 835 906 890 quas
946 831 1261 886 conspersa
1292 814 1368 869 sit
1397 812 1542 879 oleo,
1577 818 1633 867 et
1664 830 1931 868 seorsum

315 910 406 965 olei
432 909 760 965 sextarium.
787 907 1053 975 Cumque
1084 902 1355 959 sacerdos
1390 902 1707 972 puriﬁcans
1738 902 1930 956 homi-

315 1014 441 1067 nem,
472 998 729 1052 statuerit
775 1010 911 1051 eum
944 998 1001 1047 et
1031 993 1151 1046 haec
1202 992 1401 1046 omnia
1432 1007 1627 1047 coram
1684 990 1930 1045 Domino

315 1088 361 1141 in
382 1087 517 1142 ostio
536 1083 906 1142 taburnaculi
928 1080 1271 1148 testimonii,
1289 1079 1455 1136 tollet
1472 1096 1711 1152 agnum,
1729 1080 1933 1133 oﬁ'eret

314 1191 426 1230 eum
457 1192 552 1246 pro
573 1173 804 1240 delicto,
831 1171 1064 1242 oleique
1090 1169 1431 1225 sextarium.
1457 1169 1527 1223 Et
1557 1167 1774 1224 oblatis
1797 1172 1932 1222 ante

310 1263 590 1319 Dominum
624 1262 925 1327 omnibus,
966 1258 1300 1314 immolabit
1327 1273 1567 1329 agnum,
1599 1256 1696 1312 ubi
1730 1256 1932 1311 immo-

310 1352 399 1405 lari
449 1352 592 1408 solet
646 1352 839 1407 hostia
897 1365 1000 1421 pro
1058 1351 1326 1419 peccato,
1380 1350 1438 1402 et
1498 1345 1928 1421 holocaustum,

310 1449 357 1503 id
383 1454 482 1516 est,
512 1450 566 1503 in
601 1448 729 1503 loco
761 1450 983 1502 sancto.
1035 1444 1200 1500 Sicut
1230 1443 1385 1497 cnim
1435 1459 1537 1514 pro
1571 1444 1825 1513 peccato,
1851 1442 1931 1495 ita

308 1542 356 1591 et
374 1554 464 1607 pro
481 1537 689 1592 delicto
715 1536 785 1590 ad
812 1534 1172 1590 sacerdotem
1200 1531 1450 1603 pertinet
1471 1529 1665 1585 hostia
1689 1547 1700 1584 :
1726 1535 1930 1584 sancta

307 1630 617 1680 sanctorum
653 1633 759 1679 est.
783 1626 1226 1692 Assumensque
1249 1620 1524 1675 sacerdos
1549 1620 1620 1674 de
1642 1620 1929 1689 sanguine

307 1714 508 1778 hostiae,
540 1730 669 1784 quae
701 1712 1005 1768 immolata
1034 1716 1122 1767 est
1154 1727 1252 1781 pro
1284 1709 1516 1774 delicto,
1551 1713 1724 1779 ponet
1754 1723 1931 1777 super

305 1807 604 1857 extremum
638 1799 918 1856 auricula
950 1801 1162 1855 dextrae
1189 1800 1341 1869 ejus,
1374 1798 1475 1868 qui
1509 1798 1848 1861 mundatur,
1873 1800 1931 1851 et

304 1906 458 1961 super
478 1892 716 1962 pollices
740 1905 953 1944 manus
977 1889 1191 1943 dextra:
1208 1892 1264 1942 et
1286 1886 1472 1957 pedis,
1499 1889 1554 1941 et
1576 1886 1646 1940 de
1668 1883 1776 1940 olei
1800 1901 1925 1939 sex-

304 1978 427 2035 tario
457 1980 647 2033 mittet
673 1980 732 2032 in
767 1993 1000 2032 manum
1036 1992 1206 2030 suam
1254 1973 1579 2039 sinistram,
1626 1974 1928 2045 tingetque

305 2068 531 2139 digitum
563 2068 836 2121 dextrum
870 2067 928 2121 in
954 2081 1041 2130 eo,
1077 2070 1134 2120 et
1164 2067 1433 2134 aspergat
1480 2062 1698 2131 septies
1729 2065 1929 2115 contra

300 2155 589 2211 Dominum
636 2154 822 2226 [Vulg.
854 2171 1049 2209 coram
1083 2152 1371 2223 Domino].
1403 2151 1565 2215 Quod
1611 2154 1805 2205 autem
1838 2165 1922 2203 re-

298 2242 498 2315 liquum
513 2250 603 2300 est
621 2245 733 2300 olei
754 2244 813 2298 in
829 2243 970 2298 lava
988 2242 1397 2310 manu,fundet
1413 2256 1589 2311 super
1600 2243 1926 2295 extremum

300 2332 547 2388 auriculae
578 2335 801 2388 dextra
831 2333 982 2403 ejus,
1013 2331 1113 2402 qui
1141 2330 1482 2398 mundatur,
1515 2333 1572 2382 et
1601 2342 1779 2397 super
1809 2326 1929 2397 pol-

298 2420 415 2476 lices
437 2438 654 2478 manus
678 2437 743 2477 ac
769 2421 934 2492 pedis
956 2418 1234 2485 dextri,et
1248 2433 1423 2489 super
1439 2415 1788 2487 sanguinem
1824 2413 1924 2485 qui

299 2518 442 2574 fusus
472 2525 558 2574 est
581 2536 690 2591 pro
713 2518 947 2585 delicto,
970 2521 1025 2572 et
1055 2532 1233 2588 super
1263 2520 1438 2585 caput
1466 2516 1616 2584 ejus.
1648 2511 1926 2582 Rogabit-

301 2624 394 2679 que
419 2626 517 2680 pro
546 2625 617 2665 eo
652 2623 845 2664 coram
874 2606 1141 2671 Domino,
1172 2610 1229 2660 et
1249 2603 1418 2659 faciet
1439 2601 1789 2658 sacriﬁcium
1822 2617 1925 2671 pro

298 2704 530 2767 peccato.
580 2699 752 2753 Tunc
816 2694 1149 2751 immolabit
1196 2693 1628 2754 holocaustum,
1669 2694 1725 2744 et
1754 2696 1927 2760 ponet

296 2785 421 2841 illud
452 2788 508 2841 in
541 2787 721 2842 altari
753 2801 885 2840 cum
918 2783 1257 2839 libamentis
1302 2781 1449 2848 suis,
1496 2786 1552 2834 et
1604 2779 1777 2833 homo
1818 2778 1926 2833 rite

301 2876 687 2930 mundabitur.
713 2874 874 2937 Quod
900 2873 949 2928 si
974 2888 1195 2944 pauper
1219 2875 1327 2940 est,
1356 2875 1415 2925 et
1434 2885 1549 2924 non
1577 2872 1770 2940 potest
1802 2884 1924 2921 ma-

291 2979 387 3017 nus
407 2964 531 3033 ejus
550 2962 819 3018 invenire
841 2978 968 3032 quae
994 2961 1145 3015 dicta
1170 2964 1331 3027 sunt,
1354 2962 1549 3012 sumet
1571 2972 1787 3028 agnum
1819 2972 1923 3026 pro

291 3050 479 3107 delicto
510 3052 581 3106 ad
608 3050 968 3107 oblationem
1000 3054 1063 3104 ut
1083 3054 1247 3120 roget
1277 3064 1379 3119 pro
1408 3063 1474 3101 eo
1507 3046 1800 3113 sacerdos,
1823 3045 1921 3099 de-

287 3140 598 3212 cimamque
631 3145 857 3211 partem
883 3138 1085 3194 similae
1107 3152 1434 3208 conspersae
1462 3135 1587 3191 oleo
1608 3136 1666 3189 in
1699 3134 1920 3190 sacriﬁ-

290 3228 449 3295 cium,
500 3234 558 3285 et
604 3228 719 3284 olei
768 3228 1111 3294 sextarium,
1144 3227 1411 3297 duosque
1457 3229 1738 3288 turtures,
1799 3222 1920 3278 sive

287 3316 417 3373 duos
438 3318 640 3389 pullos
687 3318 995 3382 columbae,
1052 3332 1304 3388 quorum
1354 3316 1431 3368 sit
1456 3329 1610 3368 unus
1642 3329 1744 3383 pro
1786 3328 1920 3383 pec-

284 3410 414 3473 cato,
465 3412 523 3461 et
574 3405 731 3461 alter
758 3404 819 3459 in
871 3403 1275 3459 holocaustum
1314 3418 1327 3456 :
1368 3402 1683 3473 offeretque
1730 3416 1797 3455 ea
1827 3400 1921 3455 die

281 3508 462 3558 octavo
502 3503 944 3576 puriﬁcationis
996 3518 1109 3557 suae
1143 3498 1451 3566 sacerdoti,
1486 3500 1556 3555 ad
1589 3500 1804 3553 ostium
1837 3505 1917 3554 ta-

281 3589 559 3648 bernaculi
614 3590 946 3646 testimonii
998 3606 1195 3645 coram
1258 3590 1517 3643 domino.
1572 3588 1676 3653 Qui
1728 3589 1918 3643 susci-

281 3678 425 3749 piens
455 3696 683 3754 agnum
717 3696 819 3752 pro
850 3679 1062 3734 delicto
1093 3684 1148 3733 et
1180 3678 1497 3733 sextarium
1529 3677 1661 3746 olei,
1701 3676 1919 3733 lavabit

282 3769 474 3837 simul;
510 3769 939 3839 immolatoque
997 3782 1169 3839 agno,
1201 3767 1271 3821 de
1319 3766 1602 3837 sanguine
1651 3766 1780 3835 ejus
1815 3782 1916 3837 ρο-

280 3861 363 3911 net
406 3874 585 3930 super
639 3861 964 3912 extremum
1019 3856 1300 3911 auriculae
1358 3854 1568 3908 dextrae
1619 3854 1781 3908 illius
1815 3855 1913 3925 qui

280 3947 608 4012 mandatur,
644 3950 701 4001 et
743 3960 921 4016 super
951 3944 1188 4015 pollices
1239 3959 1451 3997 manus
1489 3944 1618 4011 ejus
1651 3959 1717 3997 ac
1750 3943 1913 4014 pedis

278 4032 480 4090 dextri:
537 4034 655 4091 olei
684 4048 816 4089 vero
867 4037 1091 4104 partem
1139 4032 1331 4085 mittet
1360 4030 1420 4085 in
1474 4047 1709 4086 manum
1744 4048 1913 4087 suam

276 4120 582 4189 sinistram,
615 4123 673 4177 in
736 4139 851 4193 quo
884 4122 1118 4191 tingens
1168 4119 1417 4191 digitum
1451 4121 1664 4173 dextra
1700 4136 1911 4174 manus

276 4218 523 4283 asperget
554 4210 779 4281 septies
811 4225 1008 4265 coram
1045 4207 1287 4263 Domino
1324 4225 1336 4263 :
1369 4212 1687 4279 tangetque
1719 4214 1909 4264 extre-

274 4313 413 4354 mum
448 4302 663 4356 dextras
683 4298 960 4353 auriculae
990 4296 1150 4351 illius
1201 4296 1300 4368 qui
1328 4298 1666 4362 mundatur,
1703 4301 1759 4351 et
1793 4297 1911 4368 pol-

271 4382 392 4441 lices
422 4404 640 4444 manus
671 4403 739 4442 ac
764 4386 933 4458 pedis
967 4385 1173 4452 dextri,
1220 4385 1278 4439 in
1311 4384 1436 4440 loco
1469 4384 1776 4457 sanguinis
1807 4385 1908 4455 qui

270 4475 472 4532 effusus
501 4482 596 4532 est
645 4493 751 4548 pro
802 4475 1056 4531 delicto:
1108 4472 1395 4544 reliquam
1445 4478 1639 4529 autem
1687 4480 1908 4545 partem

2044 549 2102 603 in
2135 550 2307 607 domo
2327 557 2485 608 sunt.
2522 555 2883 626 Intrabitque
2906 562 3129 628 postea,
3158 564 3222 613 ut
3246 561 3580 615 consideret
3602 562 3699 617 do-

2045 655 2177 693 mus
2209 638 2469 710 lepram:
2502 647 2722 699 etcum
2782 645 2993 700 viderit
3049 646 3107 701 in
3161 648 3486 718 parietibus
3536 648 3696 705 illius

2043 728 2214 797 quasi
2262 728 2566 787 valliculas
2609 732 2827 802 pallore
2875 736 2993 789 sive
3026 736 3239 791 rubore
3292 737 3606 806 deformes,
3640 743 3698 793 et

2044 815 2388 873 humiliores
2440 820 2750 890 superﬁcie
2800 821 3049 893 reliqua,
3098 824 3435 895 egredietur
3477 827 3695 881 ostium

2042 905 2275 973 domus,
2308 911 2365 962 et
2394 908 2596 963 statim
2628 908 2858 965 claudet
2889 927 3015 966 eam
3049 918 3270 982 septem
3304 914 3539 969 diebus.
3574 914 3691 970 Re-

2040 1010 2362 1065 versusque
2396 998 2489 1052 die
2519 998 2792 1068 septimo,
2838 999 3234 1055 considerabit
3263 1016 3416 1056 eam.
3446 1003 3502 1056 Si
3532 1002 3697 1060 inve-

2042 1084 2191 1139 nerit
2220 1085 2471 1143 crevisse
2516 1086 2758 1158 lepram,
2785 1088 3019 1159 jubebit
3049 1091 3171 1145 erui
3206 1091 3430 1161 lapides
3471 1092 3531 1147 in
3565 1092 3695 1163 qui-

2041 1171 2151 1227 bus
2182 1173 2345 1244 lepra
2373 1180 2481 1246 est,
2512 1182 2569 1232 et
2596 1178 2802 1248 projici
2852 1193 2952 1233 eos
2980 1183 3141 1234 extra
3170 1179 3463 1235 civitatem
3513 1180 3572 1235 in
3606 1180 3694 1236 ιο.

2040 1277 2173 1317 cum
2200 1263 2608 1320 immundum:
2636 1266 2874 1321 domum
2902 1271 3099 1323 autem
3126 1268 3314 1340 ipsam
3338 1268 3463 1324 radi
3490 1268 3703 1329 intrin.

2039 1366 2207 1406 secus
2263 1368 2364 1422 per
2405 1353 2739 1422 circuitum,
2786 1360 2841 1409 et
2884 1356 3080 1427 spargi
3130 1354 3429 1426 pulverem
3475 1374 3697 1414 rasurae

2039 1443 2200 1493 extra
2222 1440 2424 1495 urbem
2454 1440 2514 1495 in
2536 1441 2730 1497 locum
2757 1444 3157 1512 immundum,
3174 1444 3523 1517 lapidesque
3546 1445 3697 1503 alios

2040 1527 2241 1596 reponi
2274 1546 2377 1599 pro
2410 1530 2501 1584 bis
2533 1532 2634 1602 qui
2666 1531 2845 1587 ablati
2877 1533 3115 1604 fuerint,
3148 1538 3204 1588 et
3234 1532 3357 1588 luto
3389 1533 3505 1589 alio
3537 1534 3699 1589 liniri

2039 1615 2298 1671 domum.
2332 1618 2432 1672 Sin
2457 1625 2647 1674 autem
2675 1626 2987 1691 postquam
3021 1621 3171 1677 eruti
3195 1628 3336 1676 sunt
3365 1622 3617 1694 lapides,
3643 1628 3701 1679 et

2039 1702 2233 1774 pulvis
2262 1723 2486 1775 erasus,
2519 1714 2575 1762 et
2604 1708 2719 1763 alia
2750 1708 3045 1779 terralita,
3076 1710 3381 1783 ingressus
3425 1712 3697 1768 sacerdos

2038 1794 2243 1849 viderit
2264 1812 2554 1851 reversam
2579 1797 2821 1869 lepram,
2845 1804 2901 1854 et
2922 1798 3174 1871 parietes
3196 1816 3470 1871 aspersos
3502 1800 3692 1872 [ναις.

2040 1886 2358 1955 respersos]
2393 1886 2658 1956 maculis,
2706 1886 2869 1958 lepra
2915 1893 3005 1943 est
3055 1904 3458 1959 perseverans,
3490 1894 3549 1943 et
3582 1891 3691 1945 im-

2039 1972 2259 2026 munda
2288 1974 2537 2029 domus:
2572 1991 2751 2046 quam
2779 1976 2976 2031 statim
3009 1976 3333 2044 destruent,
3370 1982 3428 2032 et
3470 1976 3691 2044 lapides

2037 2060 2165 2130 ejus
2195 2078 2259 2115 ac
2279 2060 2456 2133 ligna,
2479 2068 2653 2133 atque
2679 2062 3019 2119 universum
3049 2063 3347 2135 pulverem
3385 2065 3695 2135 projicient

2036 2152 2198 2204 extra
2214 2150 2497 2221 oppidum
2529 2150 2588 2205 in
2610 2151 2803 2207 locum
2832 2152 3228 2207 immundum.
3253 2153 3359 2218 Qui
3390 2152 3695 2211 intraverit

2036 2237 2276 2292 domum
2310 2239 2546 2309 quando
2577 2239 2779 2295 clausa
2826 2246 2934 2308 est,
2967 2239 3314 2296 immundus
3357 2240 3469 2296 erit
3506 2259 3691 2312 usque

2037 2325 2108 2379 ad
2140 2340 2446 2397 vesperum
2474 2342 2487 2381 :
2521 2331 2579 2382 et
2611 2328 2712 2400 qui
2743 2328 3050 2384 dormierit
3083 2329 3140 2384 in
3172 2346 3261 2399 ea,
3290 2335 3347 2385 et
3375 2330 3691 2386 comederit

2035 2414 2352 2485 quippiam,
2379 2414 2595 2470 lavabit
2620 2417 2968 2473 vestimenta
2990 2433 3115 2473 sua.
3140 2418 3302 2483 Quod
3329 2418 3378 2473 si
3402 2418 3692 2475 introierit

2036 2503 2330 2572 sacerdos,
2363 2508 2420 2557 et
2452 2504 2662 2559 viderit
2691 2505 2915 2577 lepram
2968 2523 3081 2561 non
3115 2508 3367 2562 crevisse
3399 2507 3459 2561 in
3493 2508 3687 2576 domo,

2036 2593 2349 2660 potsquam
2372 2592 2565 2647 denuo
2587 2592 2690 2648 lita
2712 2594 2903 2660 fuerit,
2922 2594 3259 2664 puriﬁcabit
3280 2611 3432 2662 eam,
3461 2596 3690 2652 reddita

2034 2680 2304 2746 sanitate,
2333 2689 2384 2735 et
2415 2680 2474 2734 in
2507 2682 2971 2751 purilicationem
2996 2684 3124 2753 ejus
3155 2690 3350 2738 sumet
3375 2684 3522 2739 duos
3553 2701 3690 2756 pas-

2035 2783 2210 2836 seres,
2243 2767 2592 2840 lignumque
2626 2771 2957 2839 cedrinum,
3005 2777 3062 2826 et
3092 2771 3480 2826 vermiculum
3513 2779 3688 2843 atque

2033 2855 2377 2928 bysBOpum,
2410 2863 2467 2914 et
2496 2858 2798 2914 immolato
2850 2876 2962 2914 uno
2996 2875 3230 2930 passere
3264 2861 3319 2914 in
3352 2876 3488 2915 vase
3522 2860 3685 2915 ﬁctili

2034 2961 2212 3016 super
2266 2963 2449 3017 aquas
2502 2947 2681 3015 vivas,
2742 2947 2908 3003 tollet
2964 2947 3188 3019 lignum
3246 2948 3578 3015 cedrinum,
3627 2954 3684 3004 et

2031 3033 2377 3105 hyssopum,
2411 3040 2467 3090 et
2486 3051 2750 3104 coccum,
2770 3041 2826 3092 et
2848 3052 3144 3108 passerem
3168 3037 3384 3099 vivum,
3405 3042 3461 3092 et
3480 3037 3670 3109 tinget

2031 3124 2230 3178 omnia
2251 3125 2308 3178 in
2332 3125 2619 3196 sanguine
2638 3126 2894 3196 passeris
2912 3124 3218 3195 immolati,
3243 3126 3491 3196 atquein
3510 3128 3682 3198 aquis

1949 3202 1993 3271 Ο
2029 3212 2380 3283 viventibus,
2412 3222 2467 3269 et
2489 3219 2758 3286 aspergat
2776 3215 3015 3270 domum
3040 3214 3276 3285 septies,
3312 3214 3681 3285 puriﬁcabit-

2030 3317 2143 3372 que
2200 3318 2328 3357 eam
2385 3303 2446 3357 in
2506 3302 2792 3374 sanguine
2848 3303 3102 3374 passeris
3160 3318 3339 3373 quam
3391 3302 3449 3358 in
3508 3307 3681 3374 aquis

2027 3391 2384 3461 viventibus,
2407 3397 2465 3447 et
2489 3392 2546 3447 in
2572 3409 2806 3463 passere
2834 3394 2989 3462 vivo,
3037 3392 3313 3464 lignoque
3363 3390 3600 3447 cedrino
3625 3398 3683 3447 et

2027 3478 2277 3550 hyssopo
2307 3484 2481 3551 atque
2527 3482 2865 3537 vermiculo.
2920 3483 3185 3554 Cumque
3223 3480 3515 3536 dimiserit
3549 3497 3678 3553 pas-

2027 3584 2215 3622 serem
2259 3568 2488 3625 avolare
2519 3570 2576 3624 in
2630 3586 2839 3643 agrum
2887 3570 3089 3640 libere,
3122 3570 3310 3625 orabit
3340 3586 3447 3641 pro
3480 3571 3673 3636 domo,

2026 3658 2236 3725 etjure
2284 3658 2687 3714 mundabitur.
2748 3658 2866 3713 Ista
2895 3666 2985 3714 est
3030 3658 3122 3713 lex
3169 3659 3362 3714 omnis
3417 3658 3586 3729 leprae
3618 3661 3676 3713 et

2025 3760 2411 3815 percussum,
2446 3745 2617 3817 lepraa
2640 3746 2912 3816 vestium,
2944 3751 2999 3802 et
3020 3747 3353 3813 domorum,
3386 3744 3676 3801 cicatricis

2024 3838 2081 3887 et
2111 3834 2545 3903 erumpentium
2569 3834 2938 3905 papularum,
2973 3834 3222 3891 lucentis
3256 3833 3596 3899 maculae,et
3616 3832 3675 3887 in

2022 3920 2212 3975 varias
2243 3922 2465 3991 species
2496 3921 2789 3977 coloribus
2834 3922 3192 3992 immutatis,
3219 3921 3488 3993 utpossit
3539 3921 3676 3976 sciri

2024 4024 2139 4080 quo
2190 4017 2447 4081 tempore
2495 4011 2782 4065 mundum
2832 4011 2973 4082 quid
3025 4011 3111 4066 vel
3159 4010 3538 4065 immundum
3572 4009 3669 4064 sit.

2095 4134 2176 4205 ['1‘.
2215 4133 2354 4199 VIII,
2389 4138 2450 4188 Β.
2485 4134 2631 4200 VIII,
2664 4136 2725 4191 C.
2759 4133 2924 4204 XXV,
2972 4134 3100 4205 Cap.
3134 4133 3267 4204 XV.]
3302 4134 3670 4202 Locutusque

2019 4226 2108 4276 est
2142 4221 2421 4276 Dominus
2464 4223 2535 4277 ad
2566 4225 2763 4277 Mosen
2811 4226 2868 4277 et
2906 4229 3121 4289 Aaron,
3172 4222 3416 4277 dicens:
3453 4220 3671 4291 Loqui-

2020 4310 2164 4364 mini
2224 4309 2362 4365 ﬁliis
2423 4310 2621 4376 Israel,
2674 4316 2730 4366 et
2760 4311 2937 4366 dicite
2968 4311 3093 4367 eis:
3147 4311 3261 4376 Vir,
3296 4312 3395 4381 qui
3450 4311 3673 4382 patitur

2018 4399 2240 4454 ﬂuxum
2272 4399 2539 4466 seminis,
2571 4399 2915 4456 immundus
2946 4402 3076 4455 erit.
3112 4401 3181 4455 Et
3210 4406 3350 4455 tunc
3374 4399 3671 4467 judicabi-

2017 4491 2115 4543 tur
2140 4488 2276 4542 huic
2307 4487 2445 4543 vitio
2464 4489 2787 4557 subiacere,
2818 4505 2952 4544 cum
2986 4505 3087 4561 per
3104 4492 3402 4544 momenta
3433 4487 3671 4559 singula

270 4560 385 4629 οιθίν
415 4581 541 4637 qua3
573 4570 668 4621 θεῖ
699 4566 758 4620 in
782 4564 1033 4619 ἐίοίείνδ
1054 4578 1256 4628 manu:
1286 4562 1482 4617 mittet
1514 4578 1691 4634 super
1728 4567 1904 4635 caput
1932 4568 1979 4634 D
2010 4576 2321 4632 adhaeserit
2377 4576 2536 4632 carni
2582 4576 2763 4647 illius,
2823 4560 2999 4649 atque
3048 4578 3408 4634 concreverit
3477 4577 3669 4632 foedus

268 4652 569 4723 puriﬁcati,
604 4659 666 4709 ut
686 4654 875 4724 placet
920 4668 1021 4723 pro
1044 4668 1111 4707 eo
1142 4652 1490 4707 Dominum:
1529 4657 1585 4706 et
1619 4655 1903 4708 turturem

269 4746 371 4803 sive
400 4750 635 4822 pullum
666 4748 956 4804 culumbae
979 4749 1196 4818 offeret,
1231 4765 1415 4803 unum
1442 4764 1544 4819 pro
1572 4747 1804 4817 delicto,
1847 4754 1906 4805 et

268 4835 496 4895 alterum
530 4840 592 4894 in
626 4838 1038 4895 holocaustum
1069 4854 1201 4893 cum
1233 4836 1571 4892 libamentis
1610 4836 1753 4893 suis.
1786 4837 1905 4896 Hoc

268 4932 344 4981 est
369 4928 729 4985 sacriﬁcium
763 4926 998 4999 leprosi,
1032 4928 1132 4998 qui
1173 4927 1386 4982 habere
1418 4942 1532 4981 non
1566 4929 1759 4996 potest
1778 4942 1903 4981 om-

266 5016 351 5071 nia
376 5018 436 5073 in
480 5018 969 5075 emundationem
1016 5016 1108 5073 sui
1142 5018 1226 5087 [C.
1269 5014 1492 5086 XXIV.]
1529 5015 1905 5088 Locutusque

264 5110 340 5159 est
370 5106 658 5162 Dominus
698 5108 767 5163 ad
792 5110 985 5163 Mosen
1017 5110 1073 5162 et
1119 5107 1331 5171 Aaron,
1366 5103 1604 5158 dicens:
1638 5104 1780 5159 Cum
1812 5104 1903 5159 in-

261 5197 429 5262 gressi
462 5196 699 5251 fueritis
730 5201 947 5252 terram
998 5195 1296 5273 Chanaan,
1350 5208 1529 5263 quam
1588 5208 1695 5265 ego
1753 5193 1902 5250 dabo

263 5282 408 5339 vobis
433 5285 492 5341 in
524 5286 987 5356 possessionem,
1019 5284 1069 5340 si
1094 5282 1265 5339 fuerit
1284 5281 1459 5354 plaga
1484 5281 1655 5353 lepra;
1685 5280 1743 5336 in
1770 5281 1904 5337 mdi-

262 5368 374 5443 bus,
405 5372 521 5429 ibit
553 5373 724 5444 cujus
770 5378 859 5429 est
901 5374 1142 5441 domus,
1175 5371 1454 5426 nuntians
1503 5371 1813 5437 sacerdoti,
1846 5376 1904 5428 et

2015 4666 2247 4722 humor.
2281 4670 2465 4722 Omne
2495 4670 2764 4732 stratum,
2811 4667 2868 4722 in
2903 4684 3017 4737 quo
3049 4666 3380 4733 dormierit,
3412 4666 3668 4721 immun-

2014 4756 2155 4811 dum
2189 4754 2319 4821 erit,
2366 4760 2422 4811 et
2451 4754 2789 4826 ubicunque
2838 4756 3070 4810 sederit.
3106 4757 3173 4810 Et
3228 4756 3278 4810 si
3312 4754 3447 4826 quis
3476 4754 3670 4810 homi-

2014 4860 2155 4898 num
2188 4843 2442 4915 tetigerit
2471 4843 2684 4899 lectum
2733 4844 2881 4914 ejus,
2914 4843 3134 4899 lavabit
3158 4843 3510 4899 vestimenta
3534 4860 3664 4911 sua,

2015 4938 2070 4989 et
2094 4932 2221 5004 ipse
2252 4932 2408 4987 lotus
2439 4949 2616 5003 aqua,
2640 4932 2986 4988 immundus
3016 4932 3125 4987 erit
3146 4946 3335 5003 usque
3366 4932 3436 4987 ad
3468 4946 3666 5002 vespe-

2014 5038 2167 5076 rum.
2201 5022 2259 5076 Si
2292 5022 2509 5077 sederit
2541 5020 2639 5077 ubi
2671 5021 2768 5075 ille
2799 5023 3050 5090 sederat,
3080 5026 3137 5077 et
3171 5021 3294 5092 ipse
3326 5019 3546 5076 lavabit
3568 5034 3662 5073 ve-

2013 5110 2290 5166 stimenta
2322 5128 2449 5177 sua,
2482 5116 2538 5165 et
2572 5110 2727 5166 lotus
2760 5126 2934 5183 aqua,
2969 5111 3316 5166 immundus
3341 5109 3453 5164 erit
3476 5122 3662 5178 usque

2013 5198 2083 5255 ad
2134 5214 2462 5270 vesperum.
2510 5198 2616 5263 Qui
2666 5198 2928 5271 tetigerit
2984 5215 3214 5254 carnem
3273 5198 3402 5268 ejus
3446 5195 3662 5250 lavabit

2013 5287 2362 5343 vestimenta
2390 5303 2518 5356 sua,
2541 5292 2598 5343 et
2626 5286 2753 5359 ipse
2801 5286 2955 5343 lotus
2984 5304 3139 5359 aqua
3180 5284 3521 5341 immundus
3552 5282 3663 5339 erit

2012 5389 2201 5446 usque
2223 5375 2293 5429 ad
2323 5389 2657 5446 vesperum.
2683 5375 2743 5430 Si
2775 5374 3020 5430 salivam
3048 5371 3458 5443 hujuscemodi
3485 5370 3659 5425 homo

263 5458 432 5517 dicet:
464 5461 650 5525 Quasi
677 5461 848 5533 plaga
867 5461 1038 5533 leprae
1060 5461 1290 5516 videtur
1312 5458 1459 5514 mihi
1481 5473 1608 5514 esse
1639 5458 1697 5513 in
1725 5460 1900 5516 domo
2003 5464 2213 5534 jecerit
2243 5479 2419 5533 super
2447 5479 2606 5531 eum,
2640 5464 2741 5535 qui
2799 5464 3059 5519 mundus
3092 5467 3198 5529 est,
3232 5460 3449 5516 lavabit
3479 5459 3657 5514 vesti-

261 5562 392 5605 mea.
412 5553 485 5606 At
511 5551 615 5606 ille
637 5550 949 5623 praecipiet,
968 5556 1031 5605 ut
1055 5550 1297 5605 efferant
1317 5547 1588 5603 universa
1609 5547 1680 5603 de
1700 5548 1896 5605 domo.

260 5643 601 5714 priusquam
631 5642 995 5715 ingrediatur
1022 5657 1174 5712 eam,
1205 5640 1257 5696 el
1288 5639 1481 5696 videat
1512 5644 1711 5695 utrum
1735 5640 1897 5714 lepra

2010 5556 2211 5608 menta
2242 5568 2370 5618 sua,
2401 5557 2458 5608 et
2478 5554 2634 5610 lotus
2664 5569 2839 5624 aqua,
2860 5550 3200 5607 immundus
3231 5549 3341 5603 erit
3373 5564 3563 5620 usque
3584 5548 3656 5603 ad

2006 5657 2339 5715 vesperum.
2375 5641 2591 5715 Sagma
2616 5659 2797 5715 super
2826 5642 2980 5714 quod
3009 5636 3246 5706 sederit,
3283 5636 3658 5698 immundum
