4080 6186
444 237 553 302 335

1468 245 1528 298 Β.
1568 243 1975 298 ΗῙΕΒΟΝΥΜΙ
2014 243 2260 298 DIVINA
2307 242 2809 300 BIBLIOTHECA.

3749 243 3857 298 336

443 372 700 429 XXVIII.
723 371 980 444 Septimo
995 369 1448 438 mense,decimo
1471 369 1564 423 die
1579 367 1938 438 mensisjeju
1951 385 2088 423 nan-
2115 371 2167 436 Α
2205 367 2431 423 LXII.Si
2454 367 2588 438 quis
2613 369 3044 424 manseritcum
3070 385 3220 424 nuru
3245 385 3373 438 sua,
3388 369 3562 425 ambo
3588 369 3855 425 morian-

524 466 689 520 dum.

454 553 664 610 XXIX.
695 551 988 608 Sacriﬁcia
1017 565 1119 620 per
1147 549 1246 605 Dei
1278 549 1609 604 sacerdotes
1642 547 1957 602 offerenda.

455 643 632 701 XXX.
664 641 1044 714 Sanguinem,
1077 647 1134 695 et
1165 655 1268 711 per
1288 655 1350 695 se
1383 642 1676 694 mortuum
1711 654 1819 693 non
1853 637 2103 692 mandu-

528 734 799 789 candum.
1938 788 1940 790 ,

454 823 650 878 XXXI.
685 819 1062 876 Morticinum
1094 827 1147 874 et
1177 836 1210 874 a
1240 817 1360 873 fera
1381 822 1616 888 captum
1645 832 1758 871 non
1791 815 2099 870 comeden-

524 913 691 966 dum.

452 999 684 1056 XXXII.
707 999 854 1054 Cum
871 997 1033 1054 omni
1054 995 1372 1052 domestica
1401 993 1632 1067 generis
1658 1009 1772 1048 non
1804 991 2096 1048 dormien-

523 1090 685 1144 dum.

450 1176 700 1234 XXXIII.
724 1175 847 1232 Non
882 1174 1355 1231 adulterandum.

452 1266 698 1322 XXXIV.
725 1269 968 1322 Sanctos
1014 1279 1143 1319 esse
1189 1263 1421 1328 debere,
1471 1260 1567 1331 qui
1621 1260 1691 1315 ad
1724 1260 1904 1316 Deum
1939 1275 2105 1313 acce-

525 1355 676 1410 dunt
710 1357 750 1421 ‘,
778 1359 836 1410 et
866 1358 1135 1425 parentes
1167 1352 1426 1422 diligere.

454 1442 682 1499 XXXV.
716 1441 1015 1514 Reliquias
1053 1441 1264 1496 messis
1298 1439 1655 1511 pauperibus
1697 1436 2102 1491 dimittendas.

454 1531 689 1588 XXXVI.
721 1531 846 1586 Non
879 1531 1192 1585 furandum
1251 1543 1354 1583 nec
1377 1527 1804 1591 mentiendum,
1841 1541 1944 1580 nec
1979 1541 2103 1596 per-

525 1621 873 1691 jurandum,
907 1634 1098 1690 neque
1127 1618 1451 1672 delaturam
1485 1615 1838 1670 faciendam.

471 1709 738 1765 XXXVII.
773 1708 1106 1764 Proximum
1142 1723 1255 1761 non
1293 1705 1644 1761 laedendum.

454 1797 745 1854 XXXVIII.
784 1796 1107 1852 Mercedem
1160 1793 1506 1850 mercenarii
1556 1810 1669 1848 non
1703 1791 2105 1847 detinendam-

455 1885 704 1942 XXXIX.
738 1889 864 1941 Non
896 1883 1208 1940 maledices
1239 1884 1437 1938 surdo.

452 1976 560 2032 XL.
595 1979 743 2031 Ante
775 1991 996 2030 caacum
1031 1990 1145 2029 non
1180 1989 1358 2045 pones
1387 1970 1827 2027 oti‘endiculum.

452 2065 591 2121 XLI.
625 2065 934 2118 Dominum
968 2063 1151 2118 Deum
1183 2068 1352 2117 tuum
1384 2059 1641 2116 timebis.

457 2152 625 2207 XLII.
659 2151 783 2206 Non
809 2149 1108 2221 judicabis
1138 2149 1374 2219 injuste.

455 2240 649 2296 XLIII.
684 2239 966 2294 Personas
997 2254 1110 2292 non
1144 2237 1417 2308 accipies.

456 2327 642 2384 XLIV.
675 2327 802 2381 Non
833 2325 1164 2382 ambulabis
1189 2325 1408 2380 dolose.

458 2415 624 2473 XLV.
656 2416 780 2470 Non
815 2415 1046 2470 insistes
1077 2417 1134 2470 in
1166 2415 1514 2486 sanguinem
1551 2413 1793 2483 proximi
1826 2412 1932 2468 tui.

459 2504 648 2560 XLVI.
674 2503 800 2560 Non
824 2504 1017 2560 oderis
1038 2505 1058 2538 ³
1083 2503 1318 2559 fratrem
1350 2509 1542 2569 tuum,
1561 2517 1666 2557 nec
1695 2501 2021 2557 vindicabis
2047 2505 2102 2557 te

530 2607 752 2662 ipsum.

460 2679 677 2736 XLVII.
711 2678 925 2747 Diliges
957 2679 1286 2750 proximum
1319 2678 1483 2734 tuum
1514 2683 1794 2750 tanquam
1825 2683 1901 2735 te.

455 2767 691 2822 XLVIII.
714 2767 993 2822 Jumenta
1013 2771 1114 2822 tua
1133 2784 1244 2822 non
1269 2767 1428 2822 sines
1451 2767 1604 2823 coire
1627 2767 1856 2822 diverso
1880 2766 2097 2838 generi.

457 2855 661 2911 XLIX.
694 2858 888 2923 Veste,
930 2871 1056 2926 quis
1087 2872 1155 2912 ex
1200 2855 1590 2912 discoloribus
1611 2860 1720 2922 est,
1754 2872 1869 2910 non
1900 2855 2102 2910 indue-

527 2961 630 3000 1‘18.

461 3034 516 3088 L.
550 3034 609 3088 Si
643 3032 776 3105 quis
807 3033 1112 3090 dormierit
1159 3049 1293 3089 cum
1325 3032 1538 3088 ancilla
1563 3034 1920 3105 desponsata
1943 3032 2093 3088 viro-

462 3121 551 3176 LI.
585 3121 709 3176 Non
745 3122 1154 3193 augurandum
1184 3121 1270 3177 vel
1302 3122 1751 3193 auspicandum.

464 3212 575 3266 LII.
607 3210 732 3266 Non
769 3211 1103 3281 profanabis
1125 3209 1303 3266 filiam
1335 3217 1496 3265 tuam
1529 3211 1588 3265 in
1623 3211 1956 3268 mmchiam.

465 3297 611 3354 LIII.
647 3298 1054 3371 Ventriloquos
1085 3303 1142 3354 et
1172 3299 1566 3355 incantatores
1613 3316 1728 3355 non
1759 3301 2104 3356 audiendos.

465 3387 586 3442 LIV
635 3386 907 3443 Seniores
936 3391 993 3443 et
1019 3387 1384 3458 presbyteros
1418 3389 1809 3444 honorandos.

469 3473 578 3530 LV.
614 3475 908 3530 Advenam
943 3473 1324 3546 diligendam.

472 3562 611 3619 LVI.
646 3563 908 3618 Pondera
937 3568 993 3619 et
1026 3579 1333 3619 mensuras
1364 3581 1526 3636 aeque
1559 3565 1878 3622 habendas.

471 3649 636 3706 LVII.
669 3650 1014 3722 Quicunque
1042 3651 1266 3706 dederit
1295 3651 1476 3707 tiliam
1509 3670 1678 3708 suam
1709 3654 1958 3725 principi
1987 3659 2108 3710 Mo-

536 3737 691 3807 Ioch,
726 3743 912 3794 morte
944 3740 1240 3795 moriatur.

466 3827 665 3886 LVIII.
702 3827 1042 3898 Quicunque
1073 3835 1312 3886 secutus
1356 3829 1530 3886 fuerit
1561 3831 1959 3903 ventriloquoe
2008 3837 2110 3888 aut

531 3921 1000 3988 praecantatores,
1033 3923 1228 3988 pereat
1257 3919 1327 3972 de
1361 3919 1592 3990 populo.

462 4005 600 4062 LIX.
649 4007 755 4072 Qui
805 4006 1168 4062 maledixerit
1221 4008 1370 4079 patri
1419 4015 1522 4064 aut
1552 4009 1748 4076 matri,
1798 4011 2102 4066 moriatur.

459 4095 570 4151 LX.
602 4094 863 4150 Adulteri
896 4096 1113 4167 pariter
1144 4097 1485 4152 moriantur.

459 4184 599 4239 LXI.
622 4187 768 4240 Cum
791 4201 970 4240 uxore
995 4185 1179 4256 patris
1207 4186 1648 4257 quidormierit,
1664 4188 1837 4244 ambo
1854 4189 2105 4244 morian-

530 4275 643 4328 tur.

529 4480 546 4553 ξ
575 4476 686 4553 Ms.
719 4477 994 4546 Palatin.,
1025 4479 1124 4551 qui
1159 4481 1231 4553 ad
1259 4481 1428 4536 Deum
1455 4481 1792 4553 pertineant.

521 4549 544 4624 ξ
575 4548 733 4624 Idem
770 4567 936 4624 mss._,
969 4548 1084 4606 non
1119 4551 1402 4614 occideris,
1438 4548 1542 4624 pro
1573 4554 1774 4609 oderis.

523 4618 546 4653 ⁸
578 4621 875 4694 Integrum
907 4622 1084 4679 hocce
1133 4618 1455 4695 capitulum
1485 4627 1555 4680 66
1577 4626 1820 4682 Palatin.
1859 4641 1968 4682 me.
2006 4645 2099 4684 ne-

2283 463 2400 511 tur.

2213 546 2395 600 LXIII.
2429 546 2774 618 Quicunque
2805 547 3089 603 manserit
3125 565 3259 603 cum
3293 547 3556 604 masculo
3587 549 3744 604 coitu
3775 548 3861 604 fe-

2275 634 2490 701 mineo,
2524 637 2695 691 ambo
2730 637 3077 694 moriantur.

2211 723 2398 777 LXIV.
2423 724 2766 795 Quicunque
2815 727 3101 797 acceperit
3150 727 3456 782 mulierem
3502 731 3560 782 et
3610 732 3857 783 matrem

2277 812 2427 883 ejus,
2458 812 2578 885 igni
2609 815 3046 870 cremabuntur.

2213 901 2379 958 LXV.
2413 902 2755 973 Quicunque
2783 903 3009 959 dederit
3033 904 3408 960 concubitum
3441 904 3500 960 in
3523 905 3860 978 quadrupe-

2281 991 2434 1060 dem,
2467 991 2773 1058 moriatur,
2804 997 2862 1047 et
2908 994 3346 1064 quadrupedem
3395 996 3692 1050 occidetis.

2215 1079 2404 1135 LXVI.
2437 1081 2808 1151 Quaecunque
2830 1081 3041 1136 mulier
3079 1082 3151 1137 ad
3184 1082 3423 1154 aliquod
3456 1100 3632 1156 pecus
3663 1099 3859 1140 acces-

2285 1169 2426 1224 serit
2455 1186 2634 1225 causa
2663 1171 2875 1238 coitus,
2911 1171 3212 1227 occidatur
3239 1172 3280 1224 ⁸.

2215 1257 2406 1312 LXVII
2416 1257 2780 1328 .Quicunque
2798 1258 3084 1330 acceperit
3104 1277 3340 1316 uxorem
3365 1278 3624 1318 sororem
3641 1263 3860 1332 suam‘,

2284 1345 2765 1417 exstirpabuntur
2795 1347 2865 1401 de
2897 1347 3131 1419 populo.

2217 1434 2461 1488 LXVIII.
2495 1433 2549 1488 Si
2581 1435 2714 1506 quis
2744 1451 2874 1489 cum
2925 1441 3286 1493 menstruata
3335 1437 3557 1507 coierit,
3606 1440 3695 1496 vel
3725 1456 3861 1495 cum

2287 1539 2461 1577 uxore
2489 1523 2692 1592 patris,
2727 1526 2812 1578 vel
2844 1523 3138 1590 avunculi,
3168 1526 3260 1582 vel
3291 1526 3489 1583 fratris
3523 1528 3637 1594 sui,
3675 1534 3863 1584 morte

2288 1611 2592 1667 moriatur.

2221 1699 2409 1754 LXIV.
2456 1700 2899 1772 Ventriloquam
2927 1707 2983 1757 et
3025 1702 3442 1761 incantatorem
3490 1705 3862 1778 lapidandos.

2224 1789 2390 1844 LXX.
2423 1789 2768 1845 Sacerdotes
2799 1791 2856 1846 in
2890 1790 3054 1847 nullo
3083 1791 3400 1863 inquinari,
3435 1795 3535 1850 sed
3566 1809 3694 1851 esse
3726 1812 3864 1851 san-

2282 1883 2421 1934 utos.

2209 1965 2391 2019 LXXI.
2426 1964 2570 2020 Filia
2599 1964 2705 2019 viri
2755 1966 3098 2034 sacerdotis,
3148 1967 3196 2022 si
3231 1967 3618 2038 prostituatur
3647 1970 3718 2025 ad
3754 1969 3866 2026 Ior-

2283 2053 2624 2120 nicandnm,
2657 2053 2790 2124 igne
2817 2055 3196 2113 cremabitur.

2210 2141 2427 2196 LXXII.
2464 2141 2648 2197 Homo
2690 2142 2749 2196 in
2781 2159 2895 2214 quo
2947 2143 3122 2199 fuerit
3171 2144 3424 2216 macula,
3461 2145 3596 2216 {non
3628 2147 3868 2204 accedet

2284 2230 2490 2286 oli‘erre
2523 2231 2675 2286 dona
2702 2231 2840 2286 Deo.

2207 2319 2445 2374 LXXIII.
2481 2321 2869 2385 Sacerdotem,
2920 2320 2977 2374 in
3005 2339 3117 2392 quo
3149 2323 3328 2377 fuerit
3360 2323 3760 2393 immunditia,
3801 2329 3864 2381 et

2273 2409 2356 2463 sic
2387 2410 2701 2464 accesserit
2721 2409 2791 2465 ad
2823 2415 3044 2478 sancta,
3073 2412 3448 2468 exterminari
3479 2430 3513 2468 a
3543 2412 3679 2484 Deo,
3714 2419 3771 2470 et
3791 2415 3868 2470 de

2276 2497 2495 2552 sanctis
2525 2502 2834 2554 extraneos
2867 2516 2981 2554 non
3017 2499 3352 2555 manducet.

2206 2586 2434 2642 LXXIV.
2473 2587 2769 2643 Maculosa
2799 2594 2856 2644 et
2882 2588 3095 2644 vitiosa
3127 2607 3240 2645 non
3273 2591 3587 2648 offerenda.

2205 2674 2412 2729 LXXV.
2447 2675 2528 2731 De
2555 2677 2844 2732 sacrificio
2873 2678 3171 2733 orationis.

2202 2763 2442 2819 LXXVI.
2480 2769 2555 2818 De
2581 2765 2836 2820 Sabbato
2868 2766 3250 2822 observando.

2208 2851 2471 2908 LXXVII.
2507 2857 2586 2908 De
2615 2854 2840 2909 Pascha
2867 2859 2927 2909 et
2952 2856 3204 2927 Azymis.

2206 2939 2505 2996 LXXVIII.
2544 2945 2618 2997 De
2648 2941 2926 3012 primitiis
2953 2944 3160 2998 messis
3190 2943 3526 3000 afferendis.

2209 3027 2442 3083 LXXIX.
2474 3029 2553 3085 De
2587 3045 2788 3085 mense
2818 3031 3090 3102 septimo.

2140 3102 2181 3166 C
2226 3118 2428 3173 LXXX.
2461 3119 2545 3174 Ad
2580 3118 2778 3175 lumen
2811 3119 3058 3175 lucerna;
3090 3120 3284 3176 oleum
3318 3122 3713 3180 inferendum.

2218 3206 2458 3264 LXXXI.
2495 3209 2638 3262 Eum
2673 3209 2772 3278 qui
2808 3207 3317 3279 blasphemaverit,
3348 3211 3757 3282 lapidandum.

2217 3296 2498 3352 LXXXII.
2523 3297 2665 3351 Eum
2691 3299 2789 3368 qui
2814 3297 3112 3366 occiderit,
3135 3299 3541 3369 occidendum,
3575 3305 3632 3356 et
3663 3302 3732 3358 de
3753 3301 3868 3358 Ju-

2293 3385 2479 3439 bilzeo.

2219 3473 2507 3530 LXXXIII.
2543 3477 2618 3529 De
2649 3473 2825 3529 fratre
2855 3490 3128 3545 paupere.

2218 3561 2510 3618 LXXXIV.
2543 3563 2624 3617 De
2658 3563 2833 3618 fratre
2863 3564 3217 3619 venumdata
3246 3568 3303 3620 et
3327 3569 3682 3638 comparato.

2219 3650 2484 3708 LXXXV.
2517 3649 2678 3706 Idola
2711 3668 2826 3706 non
2859 3651 3144 3708 facienda.

2218 3739 2518 3795 LXXXVI.
2551 3740 2807 3796 Sabbata
2837 3741 3219 3798 observanda.

2217 3829 2535 3885 LXXXVII.
2583 3828 2806 3884 Bellum
2860 3829 3223 3897 abfuturum,
3274 3830 3322 3885 si
3354 3833 3631 3888 mandata
3659 3836 3863 3889 custo-

2286 3919 2542 3974 diantur.

2214 4007 2565 4064 LXXXVIII.
2588 4011 2648 4062 In
2675 4007 3239 4076 tribulationibus,et
3264 4010 3433 4075 fame,
3450 4014 3508 4066 et
3528 4011 3715 4083 plagis
3732 4028 3862 4066 ma-

2284 4097 2356 4152 lis
2386 4097 2779 4166 castigandos,
2813 4097 2861 4151 si
2891 4103 3181 4168 praecepta
3211 4115 3326 4153 non
3362 4108 3685 4156 servantur.

2213 4184 2498 4240 LXXXIX.
2520 4185 2733 4241 Votum
2760 4185 3006 4241 masculi
3030 4187 3113 4241 vel
3139 4187 3367 4242 feminae
3407 4187 3591 4258 pretio
3613 4188 3863 4243 offeren-

2284 4276 2446 4344 dum,
2478 4275 2536 4328 in
2567 4274 2894 4345 pecudibus
2918 4291 3053 4331 vero
3087 4291 3202 4330 non
3235 4276 3608 4332 mutandum.

2213 4490 2682 4612 scit.SuII‘erimus
2709 4567 2776 4608 ex
2808 4552 2984 4620 palat.
3019 4569 3128 4612 ms.
3161 4571 3412 4624 uxorem,
3445 4555 3599 4628 quod
3643 4571 3860 4613 nomen

2211 4631 2426 4686 deerat.
