4080 6186
1535 403 1749 456 LIBER
1786 404 2119 458 LEVITICI.

3421 404 3530 458 338

1680 638 1964 698 INCIPIT

901 796 1570 959 LIBER
1754 795 2729 963 VAIECRA

1475 1063 1580 1117 QUI
1631 1061 1841 1108 GRECE
1889 1064 2137 1110 DICITUB

1351 1185 2248 1280 LEVITICUS.

236 1518 302 1585 (T.
330 1519 368 1582 Ι,
397 1518 450 1571 Β.
483 1518 524 1585 Ι,
558 1521 618 1571 C.
649 1517 693 1583 Ι,
739 1515 868 1588 Cap.
899 1517 941 1571 Ι.
974 1517 989 1587 )
1036 1516 1276 1573 Vocavit
1307 1521 1505 1572 autem
1539 1518 1761 1582 Mosen,
1787 1518 1844 1585 Α
1873 1516 2092 1571 effundi
2154 1517 2362 1585 solent,
2397 1519 2834 1590 confringetque
2865 1520 3111 1577 ascellas
3140 1521 3287 1591 ejus,
3313 1525 3367 1576 et
3394 1538 3508 1576 non

188 1605 422 1660 allocutus
439 1611 596 1662 estes
608 1606 899 1662 Dominus
923 1606 992 1660 de
1015 1606 1751 1674 tabernaculotestimonii,

183 1694 347 1748 dicens:
377 1699 619 1766 Loquere
653 1695 791 1750 ﬁliis
823 1693 1018 1760 lsrael,
1050 1699 1108 1750 et
1136 1695 1293 1750 dices
1315 1695 1385 1750 ad
1423 1711 1542 1750 eos:
1568 1695 1752 1750 Homo

183 1781 251 1852 qui
267 1782 578 1854 obtuleriﬁex
601 1783 767 1838 vobis
793 1783 1044 1838 hostiam
1067 1784 1314 1838 Domino
1331 1785 1400 1838 de
1422 1783 1750 1853 pecoribus,

183 1870 310 1925 idest
335 1873 395 1926 de
423 1872 605 1927 bobus
640 1877 696 1926 et
728 1872 933 1926 ovibus
965 1873 1213 1928 offerens
1245 1873 1534 1942 victimas,
1569 1873 1617 1928 si
1650 1873 1751 1927 ho-

183 1957 438 2015 locaustum
493 1961 670 2016 fuerit
730 1962 859 2031 ejus
918 1962 1154 2028 oblatio,
1218 1978 1282 2016 ac
1334 1962 1403 2017 de
1459 1969 1746 2027 armento,

180 2048 432 2102 masculum
455 2049 899 2104 immaculatum
926 2050 1127 2105 oﬂ‘eret
1147 2050 1218 2104 ad
1241 2051 1452 2105 ostium
1477 2052 1746 2104 taberna-

177 2135 256 2188 culi
282 2138 593 2203 testimonii,
631 2139 703 2193 ad
740 2138 1099 2210 placandum
1127 2138 1239 2194 sibi
1275 2137 1610 2207 Dominum,
1643 2156 1745 2210 po-

177 2230 331 2294 netque
357 2243 588 2282 manum
626 2244 805 2298 super
831 2233 1005 2298 caput
1033 2227 1258 2294 hostiae,
1290 2232 1346 2282 et
1375 2228 1748 2300 acceptabilis

175 2313 249 2366 erit
275 2319 422 2385 atque
450 2315 508 2370 in
542 2317 934 2388 expiationem
971 2317 1098 2386 ejus
1120 2317 1446 2388 proficiens.
1473 2316 1743 2371 Immola-

172 2399 315 2472 bitque
335 2404 569 2460 vitulum
605 2421 801 2460 coram
835 2405 1121 2460 Domino:
1156 2405 1398 2460 offerent
1430 2404 1743 2460 ﬁliiAaron

173 2491 435 2548 sacerdotes
466 2493 819 2565 sanguinem
854 2495 1002 2565 ejus,
1034 2493 1346 2549 fundentes
1394 2510 1496 2564 per
1545 2493 1747 2548 altaris

169 2577 436 2647 circuitum,
470 2583 623 2652 quod
663 2586 750 2637 est
783 2587 920 2636 ante
950 2581 1165 2654 ostium
1195 2581 1593 2637 tabernaculi:
1645 2583 1744 2635 de-

170 2667 408 2738 tractaque
437 2669 584 2740 pelle
618 2670 848 2735 hostiae,
881 2677 1042 2724 artus
1073 2670 1131 2725 in
1179 2671 1364 2726 frusta
1397 2669 1742 2734 concident,

163 2758 202 2804 et
222 2756 500 2825 subjicient
530 2759 590 2813 in
627 2758 793 2813 altari
827 2758 1042 2830 ignem,
1091 2763 1250 2814 strue
1281 2759 1575 2830 lignorum
1615 2768 1745 2813 ante

164 2845 447 2916 composita,
480 2852 537 2902 et
568 2849 858 2915 membra,
908 2863 1031 2918 quae
1085 2864 1234 2902 caesa
1285 2853 1443 2915 sunt,
1491 2848 1745 2918 desuper
1774 2870 1820 2934 Β

160 2930 456 3005 ordinantes,
489 2942 672 3007 caput
697 2935 981 3005 videlicet,
1015 2939 1072 2990 et
1116 2940 1324 2991 cuncta
1373 2953 1499 3007 quas
1548 2937 1741 2991 adhae-

163 3022 457 3091 rentjecori,
485 3024 788 3080 intestinis
819 3028 878 3078 et
909 3023 1152 3093 pedibus
1175 3023 1310 3080 lotis
1335 3041 1521 3096 aqua:
1551 3024 1743 3079 adole-

168 3106 322 3179 bitque
350 3127 412 3167 ea
443 3114 726 3168 sacerdos
756 3129 934 3184 super
962 3113 1144 3167 altare
1177 3113 1234 3167 in
1252 3113 1660 3167 holocaustum
1687 3118 1744 3167 et

167 3212 350 3254 suavem
397 3202 955 3258 odorem'Domino.
1007 3203 1169 3267 Quod
1222 3201 1270 3257 si
1321 3203 1389 3257 de
1438 3203 1744 3274 pecoribus

161 3284 323 3344 oblatio
351 3295 454 3356 est,
490 3293 563 3347 de
598 3292 831 3355 nvibus,
857 3291 977 3346 sive
999 3292 1068 3346 de
1090 3291 1279 3361 capris
1311 3291 1742 3359 holocaustum,

163 3377 430 3434 masculum
465 3381 510 3449 ¹,
544 3381 773 3450 absque
809 3379 1034 3434 macula
1060 3380 1277 3434 oll‘cret:
1303 3379 1744 3450 immolabitque

161 3462 207 3514 ad
231 3463 358 3522 latus
377 3469 605 3534 altaris,
633 3469 787 3539 quod
807 3469 1044 3539 respicit
1066 3469 1134 3522 ad
1159 3468 1522 3539 Aquilonem,
1547 3485 1739 3522 coram

159 3548 366 3611 Domino:
398 3558 756 3630 sanguinem
777 3557 1084 3612 veroillius
1102 3558 1344 3611 fundent
1365 3574 1542 3628 super
1563 3557 1745 3613 altare

160 3637 232 3693 ﬁlii
254 3645 417 3701 Aaron
453 3663 556 3718 per
577 3645 920 3712 circuitum,
945 3646 1321 3717 dividentque
1344 3649 1624 3714 membra,
1648 3662 1744 3702 ca-

159 3735 230 3793 put
253 3739 300 3786 et
325 3735 518 3791 omnia
569 3751 707 3807 quae
753 3734 1051 3789 adhaerent
1082 3735 1287 3806 jecori,
1338 3739 1395 3789 et
1445 3736 1765 3811 imponent_

160 3830 288 3887 super
310 3822 480 3894 ligna,
513 3824 739 3896 quibus
771 3823 1174 3893 subjiciendus
1213 3829 1302 3878 est
1349 3823 1544 3895 ignis:
1597 3824 1743 3879 inte-

159 3907 270 3963 stiua
292 3929 412 3969 vero
441 3919 499 3970 et
531 3915 718 3986 pedes
749 3914 1028 3968 lavabunt
1055 3929 1227 3984 aqua.
1246 3917 1315 3968 Et
1335 3914 1528 3968 oblata
1550 3912 1747 3968 omnia

158 3995 356 4054 adolebit
382 4004 670 4058 sacerdos
696 4019 873 4074 super
903 4001 1106 4069 altare,
1140 4001 1200 4056 in
1252 4001 1658 4057 holocaustum
1690 4007 1746 4056 et

155 4083 337 4143 odorem
368 4091 802 4146 suavissimum
832 4091 1105 4146 Domino.
1138 4091 1192 4144 Si
1217 4094 1410 4144 autem
1433 4091 1502 4145 de
1519 4090 1742 4155 avibus,

154 4167 444 4233 holocausta
473 4179 705 4234 oblatio
735 4179 908 4234 fuerit
953 4179 1221 4245 Domino,
1272 4180 1341 4233 de
1390 4180 1742 4244 turturibus,

155 4269 225 4313 aut
250 4265 408 4333 pullis
439 4268 974 4335 columbae,oﬂ‘erat
1002 4283 1130 4322 eam
1156 4268 1425 4323 sacerdos
1447 4269 1516 4322 ad
1541 4267 1744 4334 altare,

156 4355 194 4398 et
217 4357 400 4410 retorto
433 4358 506 4411 ad
542 4356 767 4412 collum
800 4356 1011 4424 capite,
1045 4373 1109 4410 ac
1128 4361 1298 4427 rupto
1318 4356 1578 4412 vulneris
1601 4356 1746 4422 loco,

156 4436 402 4499 decurrere
416 4446 600 4501 faciet
619 4446 963 4516 sanguinem
981 4460 1159 4516 super
1176 4445 1534 4515 crepidinem
1550 4447 1749 4500 altaris

154 4530 438 4589 resticulam
454 4551 599 4590 vero
614 4534 894 4605 gutturis,
914 4537 970 4587 et
988 4534 1217 4602 plumas
1231 4533 1496 4605 projiciet
1521 4539 1754 4604 propter

153 4611 285 4673 altare
309 4621 374 4675 ad
408 4621 767 4677 orientalem
798 4619 1055 4692 plagam,
1079 4620 1284 4676 inloco
1307 4621 1365 4675 in
1391 4638 1505 4692 quo
1528 4622 1751 4676 cineres

203 4776 213 4806 '
241 4773 501 4836 Undecim
543 4795 698 4834 mss.
732 4779 984 4846 codices,
1018 4795 1166 4850 quos
1199 4779 1258 4833 in
1285 4779 1400 4850 hoc
1431 4794 1603 4850 opere
1624 4849 1628 4850 ί
1651 4781 1750 4834 ad-

149 4851 382 4923 gmussim
406 4851 810 4917 contulimus,
829 4849 1484 4923 duobusmodislegunt
1510 4849 1749 4923 hicloci.

150 4911 296 4990 [3311011
327 4924 500 4978 Hebr.
557 4923 757 4988 verit.,
798 4911 1124 4978 'Bibliorum
1176 4911 1368 4978 code)?
1404 4922 1642 4990 Regius,
1693 4938 1749 4976 η.

147 4983 266 5056 ὧ63,
294 5000 344 5048 et
373 4996 472 5050 alii
533 4983 801 5065 quatuor
835 4995 892 5048 S.
926 4993 1220 5059 Germani,
1255 4993 1340 5049 vel
1381 4983 1753 5048 Corbeiensis

147 5068 456 5137 {Ponasterih
492 5067 587 5120 sic
627 5065 884 5137 habent:
921 5065 1071 5133 Quod
1102 5067 1155 5119 si
1177 5067 1241 5120 de
1267 5065 1555 5137 pecoribus
1603 5065 1752 5118 obla-

146 5128 199 5178 tio
235 5139 343 5206 est,
391 5137 460 5191 de
523 5137 751 5201 ovibus,
809 5128 954 5190 sive'
983 5137 1047 5190 de
1103 5128 1284 5206 caprii
1333 5137 1751 5204 holocaustum,

145 5204 413 5278 cuniculum
446 5217 499 5264 et
535 5208 751 5278 absque
771 5207 994 5261 macula
1034 5204 1240 5276 offeret.
1274 5208 1616 5262 Colbertinae
1647 5224 1752 5261 au-

148 5272 226 5324 ‘em
254 5276 625 5334 bibliotheca:
656 5272 804 5332 mss.
840 5283 978 5338 tres,
1011 5272 1216 5346 nempe
1244 5279 1337 5342 74,
1370 5279 1496 5346 157,
1529 5284 1585 5333 et
1631 5279 1760 5345 181,

150 5352 240 5398 tum
271 5364 374 5406 uno
396 5352 577 5406 Corb.
621 5365 682 5403 n.
718 5353 768 5415 i,
820 5352 878 5402 et
929 5347 1109 5403 altero
1141 5347 1198 5405 S.
1258 5353 1452 5404 Germ.
1502 5365 1665 5403 num.
1695 5350 1750 5402 7.

153 5414 195 5492 δά
221 5422 674 5484 precedentium
707 5414 1010 5474 lectionem
1035 5420 1280 5492 addunt,
1311 5424 1544 5491 Agnum,
1567 5420 1621 5474 id
1642 5424 1753 5483 est,

157 5490 300 5562 ξ’ἓυβί
329 5492 433 5549 hoc
467 5493 683 5556 modo,
703 5507 907 5560 agnum
926 5490 1257 5545 anniculam
1275 5496 1328 5545 et
1348 5492 1544 5562 absque
1563 5506 1750 5544 macu-

159 5551 385 5631 1"isﬁeret.
410 5567 499 5620 Ad
539 5551 828 5617 Hebraeus
862 5579 967 5616 nec
997 5579 1197 5631 agnum
1229 5563 1424 5629 habet,
1447 5551 1552 5616 nec
1583 5563 1752 5615 anni-

163 5628 310 5703 utam,
338 5637 415 5689 ibi
450 5637 625 5690 enim
681 5632 929 5703 legimus
989 5628 1051 5686 ut
1105 5633 1161 5687 in
1220 5628 1416 5700 editis,
1468 5644 1636 5692 utrm
1667 5645 1760 5691 1:7

169 5699 320 5794 ἐἵην
364 5705 608 5765 Zachar
661 5699 894 5759 thamim
937 5705 1281 5776 iacribennu,
1333 5699 1486 5777 quod
1537 5704 1761 5775 signiti-

1871 1604 2256 1670 secabit,.nec
2279 1605 2429 1660 ferro
2462 1606 2682 1662 dividet
2735 1623 2885 1675 eam,
2935 1613 2991 1662 et
3029 1607 3285 1662 adolebit
3334 1624 3510 1680 super

1867 1690 2073 1760 altare,
2110 1692 2288 1764 lignis
2323 1695 2456 1764 igne
2490 1697 2814 1766 supposito.
2870 1696 3284 1751 llolocaustum
3335 1702 3424 1752 est
3456 1703 3513 1752 et

1863 1780 2086 1836 oblatio
2119 1782 2454 1838 suavissimi
2489 1785 2684 1839 odoris
2714 1785 2981 1841 Domino.

1934 1870 2090 1941 (Cap.
2130 1871 2224 1939 ll.)
2252 1873 2462 1927 Anima
2500 1888 2632 1926 cum
2681 1872 2958 1928 obtulerit
3011 1873 3366 1929 oblationem
3414 1875 3496 1942 (h.

1862 1975 1914 2013 m
1927 1960 2130 2029 unera)
2155 1960 2461 2015 sacriﬁciis
2477 1962 2738 2030 Domino,
2765 1960 2960 2016 simila
2980 1962 3090 2017 erit
3107 1963 3236 2033 ejus
3258 1963 3494 2029 oblatio,

1860 2048 2182 2117 fundetque
2215 2065 2395 2120 super
2425 2065 2552 2104 eam
2587 2049 2802 2115 oleum,
2835 2055 2891 2105 et
2921 2055 3097 2121 ponet
3117 2051 3277 2118 thus,
3306 2069 3371 2107 ac
3397 2053 3499 2106 de—

1858 2137 2001 2191 feret
2024 2137 2093 2190 ad
2129 2136 2278 2191 ﬁlios
2294 2140 2482 2193 Aaron
2507 2139 2857 2208 sacerdotes,
2880 2155 3129 2210 quorum
3155 2156 3309 2194 unus
3332 2139 3500 2196 tollet

1857 2223 2144 2295 pugillum
2183 2224 2420 2296 plenum
2455 2227 2663 2281 similae
2695 2231 2751 2282 et
2780 2227 2912 2291 olei,
2945 2243 3010 2282 ac
3038 2231 3229 2282 totum
3256 2229 3416 2296 thus,
3442 2235 3498 2284 et

1856 2318 2032 2384 ponet
2058 2314 2394 2369 memoriale
2424 2332 2602 2387 super
2627 2315 2830 2384 altare,
2862 2317 2919 2370 in
2953 2317 3186 2372 odorem
3214 2316 3496 2374 suavissi-

1856 2419 2014 2456 mum
2049 2403 2292 2457 Domino
2321 2421 2332 2456 :
2358 2405 2510 2473 quod
2545 2410 2742 2460 autem
2777 2405 3029 2476 reliqum
3063 2406 3240 2461 fuerit
3285 2407 3357 2462 de
3401 2424 3496 2462 sa-

1853 2491 2092 2560 criﬁcio,
2126 2491 2238 2546 erit
2265 2495 2457 2546 Aaron
2491 2498 2546 2547 et
2577 2494 2832 2549 ﬁliorum
2865 2495 3016 2564 ejus,
3045 2499 3314 2550 sanctum
3357 2513 3493 2551 san-

1854 2585 2079 2634 ctorum
2097 2580 2167 2634 de
2188 2579 2590 2636 oblationibus
2621 2582 2867 2636 Domini.
2889 2586 3028 2636 Cum
3051 2588 3244 2638 autem
3270 2584 3496 2640 obtule-

1853 2667 1934 2722 ris
1971 2667 2323 2723 sacriﬁcium
2357 2675 2586 2724 coctum
2619 2670 2678 2724 in
2711 2670 2963 2736 clibano,
2987 2672 3056 2726 de
3077 2671 3294 2739 simila,
3315 2689 3496 2743 panes

1854 2756 2079 2810 scilicet
2110 2757 2335 2828 absque
2365 2759 2672 2823 fermento,
2706 2775 3055 2831 conspersos
3083 2760 3228 2826 oleo,
3262 2765 3319 2815 et
3341 2760 3496 2832 laga-

1854 2861 1926 2898 na
1961 2861 2162 2916 azyma
2184 2845 2308 2900 oleo
2342 2845 2445 2901 lita
2477 2865 2491 2902 :
2521 2848 2569 2901 si
2603 2847 2826 2904 oblatio
2853 2853 2953 2903 tua
2985 2848 3160 2904 fuerit
3189 2849 3260 2903 de
3307 2855 3497 2904 sarta-

1851 2933 2008 3004 gine,
2041 2933 2250 2987 similae
2283 2950 2614 3005 conspersa:
2669 2935 2796 2991 oleo
2834 2940 2889 2991 et
2919 2936 3138 3006 absque
3185 2937 3492 3008 fermento,

1847 3022 2073 3076 divides
2134 3038 2262 3077 eam
2324 3023 2696 3086 minutatim,
2756 3029 2814 3079 et
2872 3025 3082 3080 fundes
3128 3042 3308 3098 super
3361 3041 3491 3081 eam

1847 3109 2059 3164 oleum.
2090 3111 2188 3165 Sin
2223 3117 2418 3166 autem
2453 3114 2524 3166 de
2548 3112 2827 3168 craticula
2875 3113 3049 3168 fuerit
3095 3115 3488 3171 sacrificium:

1847 3215 2009 3269 aeque
2053 3198 2249 3254 simila
2299 3200 2426 3255 oleo
2471 3206 2914 3273 conspergetur,
2947 3217 3125 3272 quam
3152 3203 3359 3260 offeres
3381 3208 3492 3259 Do-

1853 3289 2033 3354 mino,
2063 3289 2300 3343 tradens
2334 3289 2610 3345 manibus
2642 3291 2984 3347 sacerdotis.
3018 3291 3124 3357 Qui
3155 3307 3292 3347 cum
3321 3293 3494 3348 obtu-

1848 3375 1982 3430 lerit
2009 3392 2167 3444 eam,
2199 3377 2360 3433 tollet
2395 3377 2732 3434 memoriale
2751 3380 2821 3435 de
2854 3380 3226 3448 sacriﬁcio,et
3243 3380 3497 3436 adolebit

1849 3481 2028 3534 super
2051 3465 2253 3535 altare,
2268 3465 2327 3520 in
2346 3467 2578 3522 odorem
2596 3468 2903 3523 suavitatis
2925 3469 3190 3538 Domino;
3208 3469 3493 3541 quidquid

1860 3562 2053 3608 autem
2089 3554 2380 3626 reliquum
2423 3561 2530 3622 est,
2583 3557 2695 3611 erit
2739 3559 2927 3612 Aaron
2961 3563 3018 3612 et
3061 3557 3314 3614 ﬁliorum
3347 3559 3498 3628 ejus,

1861 3646 2129 3696 sanctum
2162 3649 2502 3698 sanctorum
2526 3644 2598 3699 de
2618 3643 3010 3700 oblationibus
3031 3645 3498 3701 Domini.0mnis

1849 3729 2087 3798 oblatio,
2114 3748 2241 3802 quae
2264 3732 2505 3788 otl'ertur
2535 3733 2804 3799 Domino,
2829 3733 3050 3804 absque
3069 3734 3354 3789 fcrmento
3376 3735 3494 3799 ﬂet,

1850 3834 1956 3873 nec
1989 3818 2304 3890 quidquam
2338 3821 2606 3877 fermenti
2631 3838 2697 3876 ac
2732 3822 2922 3878 mellis
2952 3822 3288 3878 adolebitur
3315 3821 3375 3876 in
3397 3839 3495 3878 sa-

1850 3906 2133 3962 criﬁcium
2154 3909 2420 3964 Domino.
2451 3910 2744 3965 Primitias
2762 3914 2991 3965 tantum
3018 3927 3219 3966 eorum
3242 3910 3498 3966 oﬁ'eretis

1851 4012 1916 4050 ac
1972 4012 2239 4051 munera:
2293 4013 2471 4068 super
2523 3997 2708 4054 altare
2752 4015 2886 4053 vero
2931 4015 3044 4054 non
3097 4003 3391 4070 ponentur
3439 3999 3494 4054 in

1851 4084 2088 4139 odirem
2151 4085 2476 4141 suavitatis.
2537 4085 2829 4157 Quidquid
2877 4086 3156 4142 obtuleris
3201 4087 3496 4152 sacriﬁcii,

1855 4175 1976 4228 sale
2007 4174 2268 4238 condias,
2304 4191 2408 4229 nec
2437 4175 2666 4229 auferes
2718 4174 2804 4230 sal
2859 4175 3092 4230 fmderis
3143 4175 3241 4230 Dei
3293 4176 3378 4231 tui
3427 4176 3499 4230 de

1860 4262 2146 4317 sacriﬁcio
2174 4269 2294 4318 tuo.
2327 4263 2387 4316 In
2415 4264 2573 4318 omni
2611 4263 2906 4318 oblatione
2961 4264 3148 4334 (Vulg.
3192 4265 3321 4328 add.
3373 4265 3497 4336 tua)

1860 4351 2066 4405 oll‘eres
2080 4351 2184 4405 sal.
2207 4351 2305 4405 Sin
2329 4355 2522 4406 autem
2549 4351 2832 4408 obtuleris
2860 4369 3077 4407 munus
3103 4353 3499 4423 primitiarum

1861 4438 2096 4510 frugum
2129 4444 2368 4494 tuarum
2398 4439 2643 4494 Domino
2677 4442 2746 4494 de
2797 4440 2976 4511 spicis
3021 4440 3212 4495 adhuc
3259 4441 3502 4496 virenti-

1859 4528 1994 4594 bus,
2025 4527 2278 4582 torrebis
2307 4543 2405 4582 eas
2437 4527 2633 4598 (Vulg.
2668 4535 2777 4583 (ac.
2812 4528 2929 4598 eas)
2961 4529 3102 4600 igni,
3136 4534 3194 4583 et
3242 4528 3501 4584 confrin-

1861 4632 1962 4688 ges
1990 4615 2049 4669 in
2083 4631 2305 4670 morem
2338 4616 2533 4686 farris,
2559 4621 2618 4671 et
2649 4616 2730 4671 sic
2760 4617 2967 4672 otl'eres
3017 4616 3309 4688 primitias
3361 4621 3498 4674 tuas

1861 4780 1975 4829 eat:
2005 4774 2313 4848 magculum
2364 4772 2788 4848 immaculatum
2835 4773 3083 4848 adducet,
3134 4776 3284 4848 sive,
3315 4778 3502 4848 offeret

1863 4848 2044 4901 illum.
2073 4845 2220 4900 Huic
2251 4845 2482 4918 lectioni
2515 4845 2894 4918 consentiunt
2942 4845 3082 4900 LXX
3130 4845 3500 4918 interpretes,

1862 4923 1918 4973 et
1954 4922 2146 4990 textus
2177 4916 2751 4990 Samaritanusrsed
2801 4916 3028 4990 diversa
3080 4916 3504 4990 consequenter

1864 4989 2234 5055 addiderunt,
2268 4993 2461 5042 textus
2507 4987 2740 5057 quidem
2795 4988 2954 5044 Sam.
3005 4988 3139 5053 ista,
3183 4987 3498 5045 ad'ostium

1863 5063 2210 5148 tabernaculi“
2236 5059 2472 5148 adducet,
2492 5074 2637 5146 eum.z
2671 5064 2778 5112 etc.
2813 5059 3198 5148 septuaginta
3227 5077 3382 5148 vero,
3411 5059 3500 5148 uel

1862 5130 2106 5199 ἐπιθήσει
2138 5131 2237 5197 τὴν
2265 5133 2426 5203 χεῖρα
2457 5126 2543 5180 ἐπὶ
2571 5133 2668 5196 τῆν
2702 5126 2948 5200 κτφαλῆν
2991 5126 3176 5203 αὖῖτοῦ,
3227 5132 3335 5188 hoc
3386 5138 3496 5198 est,

1865 5214 1915 5258 et
1947 5206 2185 5273 imponet
2219 5202 2446 5256 manum
2475 5217 2637 5273 super
2664 5206 2824 5273 caput
2859 5203 2995 5270 eius.
3029 5202 3312 5259 Craterum
3344 5219 3505 5259 error

1865 5271 2214 5330 manifestus
2246 5279 2336 5328 est
2366 5274 2423 5327 in
2447 5271 2734 5327 omnibus
2755 5271 2971 5328 Latinis
3009 5275 3308 5330 codicibus
3355 5291 3500 5332 mss.

1866 5345 1962 5400 ubi
1991 5345 2377 5418 exscriptores
2408 5360 2612 5418 agnum
2634 5344 3026 5418 etanniculum
3051 5351 3373 5416 posuerunt
3397 5363 3501 5418 pro

1863 5417 2106 5472 masculo
2132 5417 2252 5470 sive
2279 5417 2606 5470 masculum.
2643 5414 2727 5468 MA
2739 5431 2829 5469 ξιτ.

1937 5518 2005 5526 ——
2036 5487 2228 5541 Nostri
2258 5503 2397 5541 mss.
2429 5491 2485 5539 et
2516 5487 2732 5556 quibus
2764 5503 2906 5540 usus
2938 5490 3026 5540 est
3075 5486 3340 5542 Martian.
3392 5486 3508 5541 fere

1873 5574 2075 5612 omnes
2133 5557 2332 5624 legunt
2383 5557 2792 5620 holocaustum,
2851 5556 3171 5610 anniculam
3220 5561 3273 5610 et
3310 5557 3512 5627 absque

1875 5630 2095 5684 macula
2128 5646 2140 5684 :
2177 5629 2274 5683 alii
2304 5646 2512 5695 agnum
2552 5630 2899 5692 anniculam,
2959 5633 3068 5681 etc.
3122 5628 3393 5684 Hebrmus
3437 5629 3510 5683 ad

1875 5699 2131 5756 litteram
2165 5701 2474 5755 masculum
2506 5699 2923 5754 immaculatum
2951 5698 3143 5768 oﬂ'eret
3185 5699 3368 5756 illum.
