4068 6172
389 339 496 395 339
1451 345 1509 396 S.
1553 341 1959 410 HIERONYMI
1996 342 2249 394 DIVINA
2285 343 2784 397 BIBLIOTHRCA.
3685 343 3789 398 340

395 464 665 529 Domino,
691 465 941 520 fundens
972 451 1148 533 supra
1179 463 1391 531 oleum,
1425 471 1478 518 et
1510 464 1646 518 thus
1700 463 2032 534 imponens,
2068 467 2117 530 Α
2150 463 2337 518 causti
2370 464 2428 518 in
2462 464 2702 520 introitu
2733 465 3122 522 tabernaculi.
3150 467 3220 522 Et
3239 467 3471 537 adipem
3493 467 3665 522 vituli
3692 484 3791 523 au-

403 554 541 624 quia
563 553 778 609 oblatio
809 553 1039 608 Domini
1070 557 1196 607 est:
1231 554 1302 608 de
1334 569 1450 625 qua
1481 552 1735 608 adolebit
1767 553 2035 608 sacerdos
2151 552 2295 606 feret
2324 553 2404 623 ib.
2435 557 2491 608 et
2519 570 2751 609 omnem
2783 556 3012 624 adipem
3065 553 3235 610 vituli
3278 556 3494 627 peccati
3543 557 3787 629 auferet]

405 645 465 698 in
496 643 838 699 memoriam
869 645 1152 710 muneris,
1175 649 1394 716 partem
1417 645 1588 700 farris
1612 643 1805 709 fracti,
1830 647 1885 697 et
1906 643 2038 707 olei,
2152 655 2255 711 pro
2287 646 2540 711 peccato,
2573 646 2692 697 tam
2726 659 2860 697 eum
2892 642 3195 715 quioperit
3213 643 3434 711 vitalia,
3459 659 3636 715 quam
3665 662 3792 700 om-

408 748 472 786 ac
499 735 688 786 totum
720 732 880 786 thus.
2151 729 2250 782 nia
2280 746 2402 799 quae
2433 729 2789 787 intrinsecus
2816 737 2975 787 sunt:
3005 733 3153 788 duos
3185 732 3564 801 ranunculos,
3607 739 3663 789 et
3700 751 3792 790 re-

477 838 631 907 (Cap.
665 837 786 908 IlI.)
809 838 968 901 Quod
1005 837 1054 892 si
1080 838 1271 894 hostia
1299 839 1674 909 pacificorum
1709 837 1882 894 fuerit
1913 838 2041 909 ejus

2167 815 2418 887 .iculum,
2454 819 2608 890 quod
2639 825 2728 874 est
2757 835 2936 891 super
2964 836 3062 875 eos
3087 821 3255 889 juxta
3283 819 3407 890 ilia,
3457 829 3510 876 et
3558 823 3790 893 adipem

157 59 190 79 ⁷Ι

94 903 102 912 ο

49 2869 54 2878 ι

47 3179 52 3188 ι

19 3439 72 3466 ρ.

49 3575 52 3578 ,
123 3561 132 3574 \

23 3725 56 3754 θ’,

23 3757 52 3782 -ξ

53 3965 78 3986 .;
129 3971 138 3978 ο

47 4003 52 4012 α

51 4043 56 4052 υ

27 4083 78 4118 δ’.

51 4129 138 4172 φύε.

121 4297 124 4312 Ι

49 4341 64 4356 ι,
171 4345 176 4350 .

231 4779 235 4792 ι

51 4867 100 4892 έχ-

53 4915 84 4934 ἰ
139 4923 148 4938 ι

71 4949 116 4958 η.

51 5001 106 5014 ,,.

49 5015 102 5054 ‘1‘“

53 5061 58 5072 Ι
129 5059 142 5072 Δ.

53 5121 60 5134 ο
125 5139 130 5144 ι
157 5129 164 5134 .

51 5245 114 5276 ,τ’
169 5263 176 5268 ν

49 5311 64 5338 ι
105 5331 134 5348 -⁹⁷ο

51 5365 62 5376 "
175 5373 182 5388 ι

53 5411 66 5430 ⁵
139 5403 146 5406 .

47 5583 126 5630 ι’»
255 5609 258 5614 -

53 5651 56 5660 ¹
111 5661 114 5664 .

51 5675 80 5702 ζ’
121 5679 132 5690 α

51 5711 96 5742 ζΊ

49 5753 56 5762 ⁸
91 5743 104 5752 ο

55 5785 102 5802 ,ι
161 5801 166 5808 ’

41 5815 82 5840 Ἰ
177 5807 192 5824 ο

67 5859 112 5900 ,τ
147 5893 152 5898 β

406 905 642 996 oblatio,
674 929 730 980 et
751 905 822 980 de
849 928 1034 982 bobus
1084 905 1328 982 voluerit
1382 929 1608 996 offerre,
1657 944 1871 983 marem
1925 905 2043 981 sive
2145 905 2362 996 ιῖθβοτίε
2410 924 2543 996 Cum
2586 908 3115 979 Ρθηυοουίίδνείουῖ
3135 910 3792 966 ευῖθτίυνάθνίῐυιοῧο·

2154 995 2276 1050 stiaa
2310 995 2709 1068 paciﬁcorum,
2741 1003 2798 1053 et
2828 998 3084 1053 adolebit
3113 1013 3180 1053 ea
3212 1015 3391 1068 super
3413 999 3596 1055 altare
3627 999 3794 1055 holo-

2154 1086 2362 1139 causti.
2395 1085 2609 1140 Pellem
2641 1103 2794 1156 vero,
2828 1091 2884 1142 et
2913 1103 3119 1142 omnes
3163 1104 3369 1144 carnes
3419 1105 3553 1144 cum
3605 1089 3795 1161 capite

2155 1177 2213 1228 et
2242 1173 2489 1243 pedibus
2520 1179 2574 1229 et
2605 1175 2898 1232 intestinis
2928 1193 2962 1231 a
2990 1177 3148 1243 ﬁmo,
3191 1181 3248 1231 et
3287 1177 3510 1248 reliquo
3555 1192 3799 1249 corpore

2156 1261 2368 1316 ell'eret
2397 1268 2556 1317 extra
2587 1269 2780 1319 castra
2807 1263 2867 1317 in
2899 1263 3091 1319 locum
3127 1266 3440 1332 mundum,
3477 1265 3577 1320 ubi
3634 1266 3801 1321 cine-

2158 1367 2246 1405 res
2277 1351 2493 1406 eﬂ'undi
2524 1352 2734 1407 solent:
2767 1353 3158 1424 incendetque
3190 1370 3257 1409 ea
3287 1371 3468 1425 super
3499 1355 3794 1427 lignorum

2159 1443 2403 1508 struem,
2435 1456 2561 1507 quaa
2613 1441 2671 1494 in
2721 1440 2844 1496 loco
2893 1441 3210 1497 effusorum
3263 1441 3524 1498 cinerum
3577 1459 3802 1500 crema-

2157 1527 2398 1582 buntur.
2433 1529 2594 1594 Quod
2619 1529 2670 1583 si
2715 1528 2908 1584 omnis
2957 1530 3131 1585 turba
3178 1530 3357 1586 Israel
3415 1531 3797 1603 ignoraverit,

2158 1619 2215 1671 et
2245 1633 2347 1688 per
2378 1617 2733 1688 imperitiam
2765 1617 2966 1673 fecerit
2997 1620 3150 1690 quod
3201 1623 3408 1675 contra
3455 1621 3799 1676 mandatum

2164 1704 2387 1759 Domini
2417 1709 2526 1771 est,
2556 1710 2613 1760 et
2643 1710 2846 1777 postea
2875 1705 3223 1762 intellexerit
3255 1713 3555 1779 peccatum
3599 1725 3801 1779 suum,

2159 1803 2360 1858 oll‘eret
2386 1802 2635 1857 vitulum
2665 1819 2765 1874 pro
2797 1809 3030 1874 peccato
3061 1804 3239 1875 [ναις.
3271 1804 3398 1862 add.
3431 1811 3580 1873 suo],
3622 1807 3808 1861 addu-

2160 1897 2365 1963 cetque
2395 1909 2526 1946 eum
2563 1893 2631 1947 ad
2666 1892 2882 1948 ostium
2917 1893 3304 1950 tabernaculi.
3337 1894 3406 1948 Et
3458 1899 3676 1966 ponent
3712 1911 3805 1950 se-

2161 1981 2353 2036 niores
2383 1979 2584 2053 populi
2615 1997 2826 2036 manus
2841 1997 3017 2052 super
3036 1987 3213 2055 caput
3233 1982 3357 2052 ejus
3380 1999 3574 2038 eoram
3603 1984 3806 2039 Domi-

2162 2085 2256 2124 no.
2293 2070 2714 2141 Iminolatoque
2743 2070 2922 2126 vitulo
2954 2070 3012 2124 in
3065 2074 3379 2143 conspectu
3422 2072 3674 2139 Domini,
3710 2073 3806 2127 in-

2162 2159 2307 2213 feret
2335 2159 2626 2227 sacerdos,
2661 2159 2761 2230 qui
2794 2164 3008 2214 unctus
3053 2165 3158 2228 est,
3213 2161 3283 2215 de
3327 2160 3616 2232 sanguine
3675 2163 3808 2232 ejus

2162 2247 2220 2302 in
2253 2247 2695 2303 tabernaculum
2739 2247 3079 2315 testimonii,
3131 2249 3314 2304 tincto
3363 2249 3548 2321 digito
3599 2265 3804 2320 asper-

2160 2351 2307 2407 gens
2337 2336 2554 2408 septies
2586 2341 2791 2392 contra
2845 2336 3062 2394 velum.
3124 2337 3420 2409 Ponetque
3478 2338 3548 2393 de
3598 2339 3805 2394 eodem

2162 2425 2447 2497 sanguine
2506 2426 2562 2480 in
2618 2425 2894 2482 cornibus
2944 2425 3337 2498 altaris,quod
3361 2430 3661 2482 estcoram
3686 2427 3806 2483 Do-

407 1014 706 1082 feminam,
740 1015 1122 1071 immaculata
1144 1018 1344 1072 offeret
1373 1032 1568 1073 coram
1610 1019 1879 1072 Domino.
1930 1020 2038 1070 Po-

407 1108 622 1174 netque
667 1120 906 1158 manum
967 1121 1144 1175 super
1174 1110 1348 1176 caput
1405 1105 1647 1160 victimae
1710 1123 1850 1171 suae,
1913 1121 2043 1176 quae

405 1191 811 1246 immolabitur
867 1192 924 1246 in
974 1192 1212 1248 introitu
1274 1194 1635 1249 tabernaculi
1697 1193 2040 1261 testimonii,

407 1279 774 1351 fundentque
808 1280 909 1334 filii
939 1285 1127 1336 Aaron
1161 1284 1492 1338 sacerdotes
1548 1282 1893 1354 sanguinem
1946 1298 2045 1353 per

407 1367 714 1423 circuitum
749 1368 969 1426 altaris.
1003 1371 1073 1426 Et
1104 1371 1344 1426 offerent
1365 1373 1434 1426 de
1460 1371 1651 1426 hostia
1673 1372 2046 1442 paciﬁcorum

410 1457 469 1511 in
502 1457 855 1513 oblationem
880 1458 1148 1522 Domino,
1183 1459 1411 1530 adipem
1446 1460 1543 1530 qui
1597 1460 1783 1531 operit
1827 1459 2044 1525 vitalia,

412 1549 468 1600 et
499 1545 745 1616 quiquid
781 1547 1156 1618 pinguedinis
1185 1548 1542 1604 intrinsecus
1590 1553 1708 1604 est:
1757 1549 1905 1603 duos
1955 1564 2048 1602 re-

415 1649 517 1688 nes
549 1650 679 1688 cum
714 1635 883 1707 adipe
910 1652 1027 1708 qua
1055 1641 1336 1707 teguntur
1375 1637 1494 1707 ilia,
1527 1644 1577 1691 et
1612 1636 2046 1708 reticulum'jc-

412 1723 565 1777 coris
623 1739 754 1778 cum
815 1724 1155 1780 renunculis
1207 1743 1218 1780 :
1274 1725 1709 1796 adolebuntque
1765 1742 1832 1780 ea
1878 1741 2052 1796 super

413 1811 597 1866 altare
628 1811 687 1865 in
721 1811 1148 1868 holocaustum.
1199 1813 1376 1886 lignis
1424 1815 1557 1886 igne
1609 1815 1935 1886 supposito,
1986 1815 2043 1869 in
2085 1833 2128 1897 Β

412 1899 768 1956 oblationem
803 1902 1139 1958 suavissimi
1172 1904 1366 1958 odoris
1401 1903 1662 1958 Domino.
1697 1902 1754 1958 Si
1805 1920 1935 1958 vero
1980 1904 2051 1962 de

410 1988 616 2044 ovibus
638 1989 808 2044 fuerit
832 1991 960 2061 ejus
978 1990 1216 2057 oblatio,
1241 1995 1298 2046 et
1318 1991 1692 2061 paciﬁcorum
1711 1990 2050 2058 hostia,sive

410 2076 891 2146 masculum,sive
905 2079 1183 2134 feminam
1199 2078 1870 2146 obtulerit,immaculata
1883 2086 2052 2135 erunt

410 2165 468 2219 Si
501 2181 720 2237 agnum
745 2166 1026 2222 obtulerit
1056 2184 1250 2223 coram
1282 2169 1547 2236 Domino,
1584 2173 1760 2241 ponet
1809 2186 2050 2224 manum

413 2270 582 2309 suam
603 2270 783 2326 super
812 2261 986 2326 caput
1015 2255 1266 2311 victima
1299 2273 1437 2324 suae,
1472 2273 1600 2327 quae
1647 2256 2054 2313 immolabitur

412 2341 471 2395 in
499 2341 791 2398 vestibulo
819 2343 1173 2399 tabernaculi
1203 2345 1543 2410 testimonii,
1569 2345 1932 2416 fundentque
1949 2345 2052 2400 filii

412 2431 605 2486 Aaron
639 2431 988 2503 sanguinem
1020 2435 1149 2504 ejus
1195 2449 1296 2504 per
1343 2433 1543 2489 altaris
1598 2433 1933 2490 circuitum.
1985 2435 2054 2489 Et

413 2518 658 2574 offerent
689 2520 759 2574 de
781 2519 1156 2591 paciﬁcorum
1187 2521 1380 2577 hostia
1409 2521 1758 2577 sacriﬁcium
1788 2523 2049 2578 Domino:

419 2607 649 2678 adipem
683 2611 741 2663 et
764 2609 1010 2664 caudam
1043 2613 1226 2665 totam
1250 2626 1384 2665 cum
1415 2611 1678 2676 renibus,
1717 2615 1774 2666 et
1804 2612 2052 2683 pingue-

414 2695 610 2751 dinem
644 2712 767 2767 quaa
799 2696 986 2769 operit
1014 2701 1273 2754 ventrem
1306 2707 1478 2769 atque
1508 2699 1779 2755 universa
1829 2700 2049 2769 vitalia,

411 2787 468 2840 et
493 2788 809 2856 utrumque
839 2787 1227 2842 renunculum
1253 2803 1386 2842 cum
1437 2787 1607 2858 adipe
1639 2789 1739 2859 qui
1777 2789 2054 2859 estjuxta

420 2871 540 2942 ilia,
575 2873 1236 2946 reticulumquejecoris
1257 2892 1390 2930 cum
1425 2875 1784 2932 renunculis:
1820 2883 1876 2932 et
1914 2878 2054 2932 ado—

418 2961 566 3018 lebit
594 2978 661 3017 ea
686 2964 956 3019 sacerdos
987 2980 1164 3035 super
1193 2965 1395 3028 altare,
1430 2964 1487 3018 in
1523 2966 1803 3035 pabulum
1824 2965 1976 3036 ignis
1998 2969 2056 3020 et

416 3050 729 3106 oblationis
758 3050 1013 3106 Domini.
1044 3052 1101 3106 Si
1129 3068 1304 3122 capra
1354 3053 1526 3107 fuerit
1561 3054 1690 3124 ejus
1737 3053 1973 3119 oblatio,
1999 3062 2056 3112 et

411 3139 692 3194 obtulerit
718 3156 846 3196 eam
879 3141 1147 3206 Domino,
1181 3145 1354 3213 ponet
1383 3158 1622 3197 manum
1668 3159 1834 3198 suam
1877 3159 2055 3214 super

413 3231 590 3299 caput
620 3229 768 3299 ejus:
806 3228 1254 3300 immolabitque
1281 3247 1408 3285 eam
1443 3231 1499 3285 in
1532 3231 1769 3286 introitu
1791 3232 2059 3287 taberna-

415 3316 532 3371 culi
558 3316 913 3374 testimonii.
941 3319 1011 3373 Et
1053 3319 1301 3373 fundent
1333 3319 1436 3374 filii
1470 3324 1660 3374 Aaron
1713 3321 2061 3392 sanguinem

417 3408 546 3476 ejus
601 3421 704 3477 per
763 3406 968 3461 altaris
1018 3406 1352 3462 circuitum.
1407 3409 1740 3478 Tollentque
1795 3425 1862 3463 ex
1899 3408 2063 3464 eain

418 3498 653 3565 pastum
689 3495 841 3566 ignis
863 3495 1173 3567 Dominici,
1199 3496 1428 3568 adipem
1446 3497 1541 3566 qui
1566 3497 1748 3568 operit
1773 3502 2059 3557 ventrem,

417 3588 474 3636 et
519 3583 621 3654 qui
682 3583 826 3654 tegit
883 3583 1156 3638 universa
1210 3585 1432 3652 vitalia,
1487 3586 1635 3640 duos
1685 3584 2061 3653 renunculos,

416 3688 546 3728 cum
573 3671 819 3728 reticulo
851 3674 1005 3744 quod
1040 3677 1129 3728 est
1155 3690 1334 3744 super
1361 3691 1460 3729 eos
1483 3676 1654 3744 juxta
1686 3673 1830 3743 illia,
1862 3681 1918 3731 et
1970 3692 2060 3730 ar-

418 3764 615 3818 vinam
633 3763 853 3835 jecoris
884 3781 1018 3820 cum
1052 3764 1437 3833 renunculits,
1473 3764 1843 3836 adolebitque
1875 3783 1942 3821 ea
1974 3784 2062 3822 sa-

413 3853 618 3908 cerdos
649 3869 827 3925 super
852 3852 1056 3924 altare,
1076 3854 1134 3908 in
1150 3853 1493 3909 alimoniam
1520 3853 1671 3925 ignis
1695 3858 1751 3909 et
1772 3854 2060 3910 suavissi-

411 3942 489 3996 mi
520 3942 735 3998 odoris.
772 3943 975 3999 Omnis
1004 3944 1205 4014 adeps,
1242 3942 1466 3997 Domini
1499 3943 1758 4013 eritjure
1784 3950 2063 4015 perpetuo

412 4031 472 4087 in
521 4031 997 4103 generationibus
1045 4037 1100 4087 et
1148 4033 1374 4088 cunctis
1421 4031 1779 4088 habitaculis
1829 4036 2058 4092 vestris,

418 4137 522 4175 nec
553 4120 806 4190 adipem,
841 4137 946 4176 nec
977 4120 1326 4192 sanguinem
1359 4123 1600 4177 omnino
1633 4124 1974 4179 comedetis.

476 4226 760 4296 (T.Il,B.
796 4228 867 4293 II,
913 4226 972 4282 C.
1034 4227 1098 4295 ll,
1161 4227 1291 4298 Cap.
1351 4227 1468 4300 IV.)
1532 4232 1905 4300 Loeutusque
1975 4235 2064 4285 est

411 4313 692 4369 Dominus
725 4316 793 4370 ad
824 4316 1044 4383 Mosen,
1077 4316 1298 4371 dicens:
1346 4317 1599 4388 Loquere
1645 4318 1782 4373 filiis
1836 4318 2011 4373 Israel
2047 4336 2059 4374 :

410 4403 981 4474 Anima,cum(Vulg.
1009 4404 1154 4476 quae]
1173 4407 1495 4476 peccaverit
1517 4423 1615 4478 per
1655 4407 2047 4476 ignorantiam

410 4495 469 4548 et
497 4492 568 4546 de
599 4491 886 4547 universis
919 4495 1214 4550 mandatis
1240 4494 1498 4563 Domini,
1529 4512 1655 4566 quas
1691 4497 2061 4568 praecepit,ut

411 4597 524 4635 non
555 4580 780 4645 ﬁerent,
813 4581 1118 4652 quidpiam
1151 4583 1366 4637 fecerit:
1402 4583 1448 4637 si
1487 4585 1781 4651 sacerdos,
1817 4585 1914 4655 qui
1969 4589 2059 4638 est

412 4673 651 4733 unctus,
669 4670 1356 4742 peccaverit,delinquere
1371 4671 1594 4727 faciens
1610 4672 2062 4744 populum,oﬂ'e-

413 4762 502 4812 ret
532 4774 635 4828 pro
659 4764 892 4827 peccato
913 4775 1020 4814 suo
1042 4759 1290 4815 vitulum
1315 4761 1762 4815 immaculatum
1788 4761 2060 4829 Domino,

413 4850 472 4901 et
501 4847 747 4901 adducet
779 4846 949 4902 illum
985 4849 1053 4902 ad
1089 4849 1312 4903 ostium
1344 4848 1708 4903 tabernaculi
1739 4849 2065 4904 testimonii

411 4949 608 4988 coram
664 4933 951 4990 Domino:
1007 4941 1299 5007 ponetque
1352 4951 1594 4991 manum
1656 4953 1834 5007 super
1886 4940 2065 5008 caput

411 5021 560 5093 ejus,
593 5026 651 5078 et
680 5023 1010 5079 immolabit
1043 5040 1176 5078 eum
1209 5025 1476 5079 Domino.
1534 5024 1775 5080 Hauriet
1831 5041 2069 5096 quoque

413 5113 484 5165 de
515 5112 800 5181 sanguine
831 5111 1022 5180 vituli,
1056 5113 1310 5169 inferens
1343 5113 1507 5168 illum
1536 5115 1595 5169 in
1621 5113 2068 5169 tabernaculum

418 5199 762 5256 testimonii.
798 5200 1377 5272 Cumqueintinxerit
1399 5203 1649 5271 digitum
1674 5202 1730 5256 in
1759 5203 2068 5273 sanguine,

419 5295 693 5361 asperget
725 5305 791 5344 eo
825 5289 1040 5360 septies
1082 5306 1277 5345 coram
1334 5291 1576 5346 Domino
1627 5296 1830 5346 contra
1879 5290 2068 5345 velum

417 5377 783 5434 sanctuarii:
844 5383 1138 5449 ponetque
1187 5380 1258 5432 de
1303 5379 1508 5433 eodem
1565 5379 1846 5450 sanguine
1895 5395 2074 5450 super

427 5482 646 5520 cornua
702 5465 905 5521 altaris
967 5465 1371 5538 thymiamatis
1430 5467 1752 5539 gratissimi
1800 5467 2071 5534 Domino,

435 5555 588 5625 quod
617 5561 705 5609 est
735 5555 791 5610 in
822 5555 1200 5610 tabernaculo
1235 5554 1586 5621 testimonii;
1623 5571 1848 5609 omnem
1877 5560 2071 5610 autem

432 5641 718 5710 reliquum
752 5645 1102 5716 sanguinem
1138 5644 1340 5699 fundet
1370 5642 1429 5698 in
1462 5643 1648 5699 basim
1683 5644 1885 5699 altaris
1910 5643 2073 5699 bolo-

2164 2515 2322 2569 mino
2352 2514 2412 2568 in
2435 2514 2805 2570 tabernaculo
2838 2514 3160 2570 testimonii
3194 2534 3207 2584 ;
3261 2514 3555 2586 reliquum
3592 2520 3802 2571 autem

2161 2604 2507 2675 sanguinem
2541 2605 2745 2659 fundet
2768 2604 2933 2674 juxta
2962 2603 3153 2659 basim
3185 2603 3385 2660 altaris
3437 2604 3810 2660 holocaustu-

2163 2708 2314 2759 rum,
2362 2693 2516 2764 quod
2562 2697 2651 2748 est
2708 2693 2766 2747 in
2826 2693 2975 2748 ostio
3035 2693 3396 2748 tabernaculi
3458 2693 3805 2750 testimonii.

2161 2793 2525 2862 Omnemque
2554 2791 2682 2862 ejus
2713 2791 2943 2862 adipem
2998 2789 3182 2857 tollet,
3238 2795 3295 2846 et
3334 2790 3590 2846 adolebit
3628 2808 3813 2864 super

2164 2879 2383 2935 altare:
2418 2880 2500 2933 sic
2533 2879 2752 2935 faciens
2782 2883 2839 2934 et
2869 2879 2940 2933 de
2975 2879 3083 2935 hoc
3115 2877 3294 2934 vitulo
3345 2881 3634 2950 quomodo
3678 2881 3815 2935 fecit

2164 2975 2219 3022 et
2251 2967 2436 3039 prius,
2468 2973 2524 3022 et
2580 2972 2819 3040 rogante
2852 2985 2954 3040 pro
3008 2971 3093 3023 eis
3145 2969 3470 3037 sacerdote,
3521 2968 3816 3040 prOpitius

2163 3057 2272 3111 erit
2314 3056 2396 3111 eis
2432 3055 2730 3112 Dominus.
2767 3057 2969 3128 Ipsum
3027 3059 3224 3112 autem
3284 3055 3538 3112 vitulum
3605 3058 3815 3114 efferet

2169 3150 2331 3200 extra
2360 3151 2571 3216 castra,
2632 3149 2804 3216 atque
2862 3145 3188 3214 comburat,
3251 3145 3410 3201 sicut
3439 3151 3495 3200 et
3553 3146 3814 3218 priorem

2169 3233 2443 3305 vitulum,
2476 3234 2614 3305 quia
2645 3251 2746 3306 pro
2777 3238 3011 3305 peccato
3035 3240 3124 3289 est
3156 3234 3582 3290 multitudinis.
3605 3235 3662 3289 Si
3687 3251 3818 3306 pec-

2170 3322 2385 3378 caverit
2416 3321 2707 3394 princeps,
2743 3328 2800 3377 et
2849 3322 3050 3378 fecerit
3097 3339 3281 3378 unum
3325 3339 3355 3378 e
3405 3323 3677 3396 pluribus
3713 3340 3821 3395 per

2172 3411 2588 3484 ignorantiam,
2627 3412 2780 3484 quod
2816 3411 3045 3466 Domini
3092 3411 3171 3484 (h.
3225 3412 3380 3483 quod
3427 3412 3658 3467 Domini
3711 3413 3816 3468 Dei

2172 3500 2263 3555 sui
2314 3499 2458 3572 lege)
2489 3499 2615 3572 lege
2673 3499 3036 3571 prohibetur,
3093 3505 3149 3556 et
3205 3504 3406 3572 postea
3459 3499 3820 3556 intellexerit

2169 3593 2472 3660 peccatum
2503 3605 2698 3652 suum,
2722 3589 2918 3644 offeret
2941 3588 3195 3643 hostiam
3221 3589 3723 3658 Domino,hircum
3745 3591 3820 3646 de

2171 3677 2360 3748 capris
2414 3676 2898 3733 immaculatum.
2961 3681 3260 3748 Ponetque
3328 3693 3570 3732 manum
3640 3695 3814 3734 suam

2172 3782 2350 3838 super
2378 3770 2552 3838 caput
2578 3767 2707 3836 ejus
2738 3783 2992 3838 cumque
3014 3765 3556 3822 immolaveriteum
3585 3767 3820 3835 inloco,

2173 3855 2272 3909 ubi
2317 3854 2465 3909 solet
2516 3854 2765 3911 mactari
2824 3854 3229 3910 holocaustum
3288 3872 3483 3912 coram
3538 3856 3819 3923 Domino,

2173 3953 2311 4024 quia
2336 3969 2439 4024 pro
2471 3955 2709 4024 peccato
2739 3961 2847 4023 est,
2891 3953 3078 4025 tinget
3137 3954 3409 4009 sacerdos
3454 3953 3707 4026 digitum
3759 3955 3822 4008 in

2149 4041 2460 4113 'sanguine
2483 4041 2692 4097 hostias
2726 4059 2828 4114 pro
2859 4047 3116 4113 peccato,
3145 4047 3394 4114 tangens
3425 4059 3649 4110 cornua
3669 4043 3828 4100 alta-

2171 4131 2253 4186 ris
2283 4129 2630 4201 holocausti,
2679 4133 2737 4186 et
2796 4130 3086 4202 reliquum
3135 4132 3322 4202 (Vulg.
3383 4131 3517 4187 add.
3577 4132 3824 4203 sangui-

2175 4221 2334 4289 nem)
2366 4219 2615 4274 fundens
2646 4219 2716 4273 ad
2749 4219 2934 4275 basim
2967 4219 3116 4289 ejus.
3151 4219 3388 4291 Adipem
3433 4236 3566 4275 vero
3616 4219 3822 4275 adole-

2174 4308 2262 4363 bit
2293 4324 2492 4378 supra,
2525 4306 2679 4363 sicut
2707 4307 2765 4362 in
2798 4307 3050 4363 victimis
3083 4307 3463 4380 paciﬁcorum
3499 4309 3620 4363 ﬁeri
3651 4307 3830 4364 solet:

2176 4398 2518 4468 rogabitque
2573 4415 2675 4468 pro
2720 4414 2786 4452 eo
2817 4398 3122 4466 sacerdos,
3182 4404 3238 4453 et
3267 4415 3370 4470 pro
3402 4403 3638 4469 peccato
3670 4398 3832 4468 ejus,

2177 4503 2242 4541 ac
2275 4486 2607 4541 dimittetur
2636 4487 2709 4541 ei.
2768 4486 2927 4550 Quod
2983 4487 3033 4543 si
3087 4487 3416 4558 peccaverit
3467 4488 3670 4542 anima
3723 4503 3838 4558 per

2167 4575 2584 4644 ignorantiam,
2615 4575 2686 4629 de
2716 4574 2928 4646 populo
2960 4580 3146 4644 terrae,
3182 4582 3246 4630 ut
3279 4576 3452 4631 faciat
3496 4575 3833 4646 quidquam

2173 4680 2242 4716 ex
2270 4662 2342 4718 iis
2374 4679 2499 4734 quai
2528 4661 2761 4718 Domini
2817 4662 2941 4734 lege
2973 4663 3377 4734 prohibentur,
3430 4668 3606 4733 atque
3635 4662 3835 4717 delin-

2174 4755 2336 4822 quat,
2363 4759 2417 4806 et
2441 4751 2779 4824 cognoverit
2807 4759 3112 4824 peccatum
3140 4768 3340 4822 suum,
3364 4752 3566 4807 offeret
3585 4767 3838 4823 capram

2177 4841 2426 4894 immacu
2438 4839 2864 4911 latam.Ponetq
2876 4857 2944 4896 ue
2959 4857 3195 4896 manum
3219 4858 3284 4896 su
3296 4856 3397 4911 per
3410 4843 3586 4911 caput
3599 4839 3838 4907 hostias,

2177 4954 2302 5007 quas
2336 4953 2438 5008 pro
2489 4941 2722 5007 peccato
2772 4942 2861 4992 est
2913 4941 2969 4991 et
3012 4935 3343 4991 immolabit
3391 4923 3517 4992 eam
3582 4935 3639 4990 in
3702 4935 3840 4992 loco

2177 5025 2522 5080 holocausti.
2557 5025 2860 5096 Tollctque
2891 5025 3165 5081 sacerdos
3197 5026 3268 5080 dc
3301 5024 3588 5097 sanguine
3636 5024 3694 5080 in
3739 5025 3842 5080 di-

2179 5115 2298 5185 gito
2333 5131 2457 5176 suo,
2514 5118 2763 5182 tangens
2813 5129 3032 5168 cornua
3089 5113 3292 5168 altaris
3339 5113 3690 5181 holocausti,
3737 5131 3844 5170 re-

2179 5203 2409 5273 liquum
2470 5201 2673 5255 fundet
2731 5202 2800 5255 ad
2864 5202 3049 5256 basim
3109 5203 3274 5272 ejus.
3323 5203 3570 5258 Omnem
3632 5207 3844 5258 autem

2181 5291 2411 5360 adipem
2447 5291 2744 5355 auferens,
2796 5290 2949 5345 sicut
2990 5291 3207 5346 auferri
3259 5290 3407 5347 solet
3455 5291 3527 5346 de
3575 5289 3846 5348 victimis

2182 5379 2575 5450 pacificorum,
2609 5378 2868 5435 adolebit
2899 5396 3076 5451 super
3106 5378 3290 5436 altare
3316 5380 3374 5434 in
3408 5379 3645 5436 odorem
3685 5395 3841 5435 sua-

2181 5468 2377 5523 vitatis
2419 5467 2692 5535 Domino,
2737 5469 3083 5541 rogabitque
3124 5486 3227 5540 pro
3269 5486 3358 5534 eo,
3402 5473 3460 5524 et
3502 5467 3843 5524 dimittetur

2182 5558 2253 5613 ei.
2287 5557 2384 5611 Sin
2419 5562 2612 5612 autem
2639 5558 2710 5612 de
2740 5559 3050 5627 pecoribus
3083 5556 3361 5612 obtulerit
3380 5557 3680 5613 victimam
3717 5571 3841 5626 pro

2182 5649 2438 5716 peccato,
2455 5660 2618 5702 ovem
2643 5645 2862 5702 scilicet
2900 5643 3364 5714 immaculatam,
3388 5651 3836 5718 ponetmanum
