4068 6172
187 404 258 458 341
1524 410 1736 463 LIBER
1775 410 1793 461 Ι

1921 409 2106 464 ITICI.
3415 413 3523 469 342

184 544 318 600 super
341 532 500 598 caput
540 527 688 597 ejus,
722 531 779 582 et
809 527 1142 584 immolabit
1189 545 1316 585 eam
1365 531 1422 587 in
1480 530 1602 587 loco
1652 530 1748 586 ubi
1781 533 1832 597 Α
1867 531 2094 602 rogabit
2153 549 2253 604 pro
2311 549 2377 587 eo
2408 533 2655 588 offerens
2685 533 2949 602 arietem,
2980 539 3036 589 et
3079 535 3409 592 dimittetur
3437 540 3510 595 ei-

180 618 326 673 solent
350 614 804 670 holocaustorum
837 617 976 671 caedi
1019 617 1252 674 hostiae.
1285 621 1604 692 Sumetque
1653 637 1748 675 sa-
1859 620 2065 674 Anima
2101 622 2147 674 si
2208 621 2530 691 peccaverit
2585 638 2686 691 per
2742 622 3155 694 ignorantiam,
3192 625 3509 697 feceritque

180 707 333 762 cerdos
358 705 420 760 de
477 703 760 774 sanguine
815 706 946 774 ejus
1002 707 1187 779 digito
1247 725 1376 777 suo,
1405 713 1461 764 et
1506 714 1750 778 tangens
1859 724 2042 763 unum
2078 726 2145 763 ex
2177 710 2248 764 iis
2279 725 2408 779 qua:
2438 710 2668 764 Domini
2702 710 2826 781 lege
2857 711 3260 782 prohibentur,
3284 719 3340 768 et
3369 731 3502 784 pec-

178 811 343 849 coruua
367 791 553 847 altaris
596 792 946 862 holocausti,
971 795 1262 866 reliquum
1294 797 1516 866 fundet,
1543 798 1610 851 ad
1653 797 1747 852 ba-
1858 795 1969 848 cati
2002 811 2098 849 rea
2127 793 2476 850 intellexerit
2503 794 2872 866 iniquitatem
2906 815 3097 866 suam,
3123 799 3321 856 offeret
3350 802 3500 857 arie-

180 883 256 937 sim
285 883 410 952 ejus.
441 881 678 936 Omnem
713 897 950 952 quoque
999 883 1272 938 auferens
1309 885 1561 955 adipem,
1593 885 1746 941 sicut
1854 885 1969 936 tem
2028 882 2473 938 immaculatum
2535 884 2605 938 de
2663 885 2942 956 gregibus
3000 887 3285 944 sacerdoti
3323 889 3498 959 juxta

178 971 338 1024 auferri
365 969 499 1024 solet
525 971 703 1040 adeps
729 970 928 1024 arietis
958 971 1058 1040 qui
1089 970 1433 1026 immolatur
1453 989 1555 1044 pro
1588 974 1745 1044 paci-
1854 987 2190 1026 mensuram
2241 971 2807 1044 aestimationemque
2858 975 3118 1044 peccati:
3157 977 3256 1047 qui
3305 978 3496 1033 orabit

170 1059 278 1122 ﬁcis,
301 1057 560 1113 cremabit
617 1073 798 1128 super
827 1059 1010 1113 altare
1056 1060 1111 1113 in
1147 1059 1454 1116 incensum
1485 1061 1739 1132 Domini,
1851 1075 1954 1130 pro
1984 1076 2071 1123 eo,
2104 1061 2242 1130 quia
2271 1059 2536 1116 nesciens
2566 1061 2786 1131 fecerit,
2820 1066 2875 1117 et
2905 1063 3230 1119 dimittetur
3259 1065 3312 1122 ei
3355 1066 3497 1137 quia

170 1147 441 1219 rogabitque
471 1161 572 1217 pro
602 1162 670 1201 eo
699 1150 758 1201 et
787 1163 890 1216 pro
920 1151 1159 1218 peccato
1189 1149 1340 1219 ejus,
1373 1153 1430 1204 et
1477 1149 1737 1206 dimitte-
1851 1163 1954 1217 per
1980 1165 2233 1203 errorem
2267 1147 2512 1219 deliquit
2539 1148 2598 1203 in
2629 1150 2968 1206 Dominum.

168 1243 236 1289 tur
257 1235 316 1290 ei.
1923 1237 2004 1306 [Ο.
2033 1237 2128 1305 IV,
2159 1238 2288 1308 Cap.
2316 1238 2434 1309 VI.]
2459 1239 2713 1294 Locutus
2730 1243 2820 1294 est
2849 1239 3134 1296 Dominus
3158 1241 3228 1295 ad
3265 1241 3490 1314 Mosen,

217 1324 277 1393 ξε.
305 1323 389 1386 Ill,
418 1321 540 1393 Cap.
576 1323 670 1393 V.]
707 1322 765 1378 Si
803 1324 1126 1393 peccaverit
1176 1325 1397 1391 anima,
1433 1334 1486 1380 et
1536 1324 1738 1380 audie-
1847 1325 2083 1380 dicens:
2117 1327 2328 1380 Anima
2359 1343 2486 1397 quae
2519 1327 2860 1398 peccaverit,
2893 1333 2950 1384 et
2979 1330 3335 1401 comtemplo
3366 1332 3484 1387 Do-

163 1413 214 1466 rit
240 1427 402 1467 vocem
430 1411 776 1482 adjurantis,
803 1403 1282 1482 testisque'fuerit
1307 1415 1461 1484 quod
1487 1418 1588 1468 aut
1610 1415 1734 1485 ipse
1845 1416 2024 1482 mino,
2045 1415 2338 1485 negaverit
2363 1416 2693 1487 depositum
2724 1417 2986 1487 proximo
3010 1435 3138 1484 suo,
3166 1419 3318 1486 quod
3353 1420 3486 1475 fidei

161 1502 264 1553 vidit
311 1506 400 1555 aut
451 1501 722 1556 conscius
753 1505 876 1555 est:
913 1500 1023 1555 nisi
1082 1501 1444 1571 indicaverit,
1479 1503 1734 1574 portabit
1842 1503 1969 1572 ejus
1990 1503 2274 1558 creditum
2297 1505 2483 1559 fuerat
2514 1503 2702 1574 [h.aut
2725 1504 2779 1558 id
2815 1507 2970 1576 quod
2990 1507 3121 1561 fidei
3144 1509 3272 1576 ejus
3295 1509 3487 1564 credi-

157 1589 458 1659 iuiquitatem
515 1605 706 1644 suam.
738 1588 950 1644 Anima
1009 1606 1135 1660 quae
1195 1591 1451 1663 tetigerit
1505 1591 1728 1663 aliquid
1841 1591 2318 1663 tumfuerat],vel
2343 1593 2393 1645 vi
2419 1591 3103 1663 aliquidextorserit,aut
3125 1594 3480 1652 calumniam

155 1677 479 1747 immundum,
513 1677 633 1733 sive
666 1678 820 1749 quod
871 1678 1133 1734 occisum
1163 1695 1197 1734 a
1247 1679 1435 1734 bestia
1487 1685 1595 1749 est,
1630 1685 1730 1735 aut
1840 1679 2059 1748 fecerit,
2093 1681 2211 1735 sive
2255 1698 2374 1736 rem
2429 1682 2714 1751 perditam
2767 1681 3075 1748 invenerit,
3107 1686 3164 1738 et
3212 1683 3480 1740 inﬁcians

155 1783 225 1836 per
248 1783 296 1821 se
345 1771 657 1836 mortuum,
688 1765 776 1821 vel
837 1766 1140 1838 quodlibet
1199 1766 1357 1822 aliud
1416 1768 1640 1840 reptile,
1672 1776 1728 1824 et
1836 1767 2077 1839 insuper
2107 1770 2466 1838 pejeraverit,
2500 1774 2556 1824 et
2587 1769 2889 1840 quodlibet
2918 1769 3076 1825 aliud
3109 1787 3179 1826 ex
3209 1771 3479 1844 pluribus

153 1853 282 1908 oblita
301 1855 457 1910 fuerit
480 1855 558 1926 [h.
585 1854 785 1909 anima
803 1871 932 1925 quae
955 1855 1210 1926 tetigerit
1231 1855 1452 1927 aliquid
1477 1857 1726 1911 immun-
1758 1893 1802 1956 Β
1836 1855 2054 1921 fecerit,
2079 1857 2135 1910 in
2169 1859 2381 1927 quibus
2415 1874 2652 1928 peccare
2684 1858 2873 1913 solent
2902 1858 3192 1927 homines,
3217 1863 3482 1918 convicta

161 1942 274 2007 dum,
302 1949 392 1997 aut
420 1943 664 1998 cadaver
692 1943 890 1998 bestia
924 1944 1244 1999 immunda:
1291 1944 1379 1999 vel
1408 1944 1725 2015 cujuslibet
1758 1942 1802 1956 ”
1834 1943 2048 2010 delicti,
2074 1946 2274 2000 reddet
2307 1949 2526 2011 omnia,
2551 1962 2678 2016 quas
2712 1963 2812 2016 per
2830 1947 3093 2001 fraudem
3130 1947 3478 2004 voluitobti-

157 2032 483 2102 quadrupedis
513 2031 604 2087 vel
665 2032 896 2104 reptilis
952 2032 1268 2087 animantis
1326 2033 1634 2101 immundi,
1670 2039 1725 2088 et
1833 2049 1990 2103 nere,
2025 2034 2274 2105 integra,
2306 2040 2362 2088 et
2394 2033 2660 2105 quintam
2697 2034 2936 2106 insuper
2963 2041 3187 2108 partem
3221 2038 3480 2107 domino,

153 2119 280 2173 oblita
305 2120 480 2191 fuerit]
516 2121 910 2176 immunditiaa
941 2137 1085 2187 suae,
1109 2137 1208 2176 rea
1238 2127 1347 2190 est,
1368 2126 1423 2177 et
1453 2123 1718 2194 deliquit:
1832 2122 1922 2175 cui
1951 2123 2232 2176 damnum
2255 2121 2550 2177 intulerat.
2579 2122 2685 2177 Pro
2699 2129 2937 2193 peccato
2952 2129 3149 2178 autem
3168 2126 3484 2180 suooiferet

146 2207 456 2279 etsitetigerit
476 2209 765 2279 quidnam
781 2209 850 2263 de
872 2207 1249 2264 immunditia
1277 2209 1721 2280 hominisjuxta
1831 2211 2068 2265 arietem
2098 2210 2544 2266 immaculatum
2568 2211 2638 2265 de
2660 2226 2855 2282 grege,
2873 2215 2929 2266 et
2950 2211 3113 2267 dabit
3135 2228 3266 2267 eum
3290 2229 3480 2268 sacer-

147 2309 317 2350 omuem
347 2297 743 2368 impuritatem
771 2313 888 2367 qua
911 2295 1091 2368 pollui
1115 2296 1282 2366 solet,
1307 2297 1604 2369 oblitaque
1626 2316 1717 2354 co-
1831 2298 2150 2367 doti,juxta
2174 2299 2629 2354 aestimationem
2663 2304 3126 2370 mensuramque
3147 2299 3478 2371 delicti,qui

148 2383 340 2452 gnoverit
365 2390 581 2456 postea,
607 2385 938 2454 subjacebit
967 2385 1200 2440 delicto.
1223 2385 1434 2441 Anima
1464 2403 1590 2456 quae
1619 2387 1716 2456 ju-
1829 2387 2057 2455 rogabit
2090 2404 2193 2457 pro
2226 2404 2291 2442 eo
2316 2403 2508 2442 coram
2540 2387 2808 2452 Domino,
2833 2393 2893 2442 et
2919 2388 3246 2444 dimittetur
3265 2387 3346 2442 illi
3375 2405 3478 2460 pro

147 2472 299 2526 raverit
323 2478 373 2527 et
400 2474 707 2544 protulerit
755 2473 929 2529 labiis
958 2476 1103 2541 suis,
1139 2479 1204 2529 ut
1234 2475 1321 2530 vel
1375 2475 1527 2530 male
1578 2477 1714 2547 quid
1830 2475 2103 2545 singulis,
2157 2493 2282 2544 qua
2340 2476 2603 2531 faciendo
2665 2479 2942 2547 peccavit.
2998 2477 3081 2547 [B.
3129 2477 3224 2547 III,
3275 2477 3334 2534 C.
3391 2479 3477 2549 V.]

145 2559 298 2616 faceret
321 2561 398 2617 vel
428 2564 598 2628 bene,
631 2567 688 2618 et
717 2563 974 2635 idipsum
995 2565 1335 2634 juramento
1366 2569 1422 2619 et
1451 2581 1718 2621 sermone
1831 2563 2078 2618 Locutus
2111 2569 2200 2618 est
2242 2564 2531 2619 Dominus
2562 2564 2632 2618 ad
2686 2564 2911 2633 Mosen,
2942 2566 3146 2621 dicens
3173 2584 3186 2622 :
3219 2566 3475 2638 Praecipe

144 2647 408 2718 limaverit,
450 2651 754 2723 oblitaque
807 2656 1008 2724 postea
1050 2652 1400 2708 intellexerit
1429 2653 1707 2709 delictum
1825 2656 2020 2707 Aaron
2044 2657 2100 2706 et
2118 2652 2256 2707 filiis
2284 2653 2412 2722 ejus
2435 2669 2448 2706 :
2477 2654 2600 2707 Haec
2622 2658 2706 2707 est
2734 2652 2823 2706 lex
2846 2653 3171 2709 holocausti
3199 2669 3212 2709 :
3238 2657 3474 2711 Crema-

138 2741 811 2812 auum,agatp(enitentiam
827 2757 928 2812 pro
949 2742 1479 2812 peccato,etofferet
1495 2757 1707 2813 agnam
1827 2741 1985 2796 bitur
2016 2741 2074 2796 in
2108 2741 2278 2796 altari
2305 2746 2426 2796 tota
2448 2745 2613 2796 nocte
2647 2757 2834 2813 usque
2868 2758 3072 2797 mane:
3101 2743 3256 2814 ignis
3279 2759 3346 2798 ex
3377 2761 3472 2799 eo-

138 2823 186 2877 de
205 2829 460 2898 gregibus,
494 2829 615 2884 sive
646 2846 904 2900 capram,
938 2830 1248 2900 orabitque
1281 2848 1381 2901 pro
1413 2848 1479 2886 ea
1509 2848 1704 2886 saccr-
1833 2831 1958 2885 dem
1992 2829 2161 2886 altari
2194 2830 2321 2885 erit.
2357 2829 2653 2885 Vestietur
2683 2831 2956 2885 sacerdos
2988 2830 3186 2886 tunica
3214 2835 3273 2886 et
3302 2832 3472 2887 femi-

143 2913 216 2970 dos
237 2920 282 2970 et
308 2933 398 2988 pro
427 2923 665 2990 peccato
696 2919 863 2990 ejus:
899 2919 991 2974 sin
1040 2924 1235 2974 autem
1287 2937 1402 2974 non
1451 2923 1705 2991 potuerit
1828 2919 2064 2974 nalibus
2098 2918 2266 2974 lineis
2293 2935 2304 2974 :
2333 2918 2614 2989 tolletque
2645 2918 2870 2974 cineres
2900 2935 3048 2990 quos
3077 2935 3288 2975 vorans
3316 2920 3470 2992 ignis

141 3003 289 3059 offerre
314 3007 721 3075 pecus,offeral
743 3008 891 3062 duos
913 3011 1196 3073 turtures,
1218 3007 1306 3063 vel
1337 3009 1486 3064 duos
1516 3008 1708 3081 pullos
1826 3009 2106 3073 excussit,
2131 3012 2188 3062 et
2219 3024 2440 3078 ponens
2466 3007 2639 3077 juxta
2669 3006 2868 3077 altare,
2895 3005 3244 3078 spoliabitur
3267 3008 3472 3080 priori-

144 3090 476 3150 columbarum
508 3096 782 3165 Domino,
813 3113 995 3151 unum
1030 3113 1132 3166 pro
1173 3098 1428 3167 peccato,
1463 3104 1518 3152 et
1570 3097 1704 3152 aite-
1825 3096 1937 3151 bus
1969 3095 2739 3166 vestimentis,indutusque
2770 3094 2921 3164 aliis,
2956 3096 3152 3151 efferet
3184 3113 3283 3152 eos
3312 3101 3476 3153 extra

143 3195 231 3234 rum
256 3181 305 3237 in
335 3183 764 3249 holocaustum,
797 3186 1076 3256 dabitque
1125 3202 1222 3240 eos
1272 3185 1579 3253 sacerdoti,
1615 3185 1715 3258 qui
1758 3253 1786 3258 _
1824 3189 2014 3240 castra
2043 3189 2100 3240 et
2130 3184 2190 3239 in
2223 3183 2347 3239 loco
2385 3184 2779 3239 mundissimo
2806 3183 2889 3255 [h.
2913 3201 3028 3239 non
3061 3184 3256 3256 habet,
3281 3202 3472 3258 usque

141 3267 328 3336 primum
363 3273 612 3328 offerens
669 3289 769 3344 pro
827 3253 1085 3344 peccato,
1118 3274 1484 3345 retorquebit
1541 3253 1716 3344 caput
1746 3253 1787 3319 (ἶ
1827 3275 1894 3328 ad
1933 3272 2189 3327 favillam
2223 3273 2488 3328 consumi
2515 3272 2701 3338 faciet]
2728 3253 2915 3343 usque
2937 3273 3007 3326 ad
3043 3253 3298 3329 favillam
3331 3253 3472 3330 con-

142 3356 227 3423 ejus
245 3361 304 3414 ad
331 3361 599 3433 pinnulas
633 3362 715 3432 [h.
748 3361 1077 3432 cervicem],
1099 3361 1182 3417 ita
1211 3366 1276 3417 ut
1305 3362 1451 3418 oollo
1484 3363 1716 3435 haereat,
1826 3362 1978 3418 sumi
2016 3361 2204 3416 faciet.
2241 3362 2398 3433 Ignis
2433 3365 2629 3416 autem
2664 3360 2720 3415 in
2756 3360 2922 3416 altari
2956 3377 3190 3434 semper
3219 3362 3467 3434 ardebit,

145 3449 286 3502 etnon
314 3449 536 3520 penitus
569 3451 981 3522 abrumpatur.
1017 3451 1086 3505 Et
1135 3455 1406 3521 asperget
1455 3451 1525 3506 de
1575 3468 1716 3506 san—
1827 3466 1998 3520 quem
2030 3449 2248 3505 nutriet
2279 3450 2552 3505 sacerdos
2583 3448 2902 3520 subjiciens
2931 3448 3095 3521 ligna
3145 3464 3318 3507 mane
3366 3468 3471 3524 per

142 3533 264 3600 guine
289 3539 404 3607 ejus
434 3539 717 3610 parietem
769 3538 1007 3594 altaris:
1041 3538 1288 3609 quiquid
1339 3545 1533 3594 autem
1585 3538 1718 3594 reli-
1827 3538 2088 3609 singulos
2109 3539 2327 3605 dies,et
2349 3537 2622 3609 imposito
2643 3537 3309 3612 holauoausto,desuper
3329 3541 3468 3597 ado-

146 3636 270 3689 quum
298 3625 474 3694 fuerit,
502 3627 677 3683 faciet
699 3627 986 3682 distillare
1009 3627 1081 3682 ad
1103 3627 1544 3683 fundamentum
1569 3629 1719 3699 ejus,
1825 3628 1968 3683 lebit
1995 3627 2195 3698 adipes
2227 3626 2626 3698 pacificorum.
2662 3627 2820 3698 Ignis
2851 3630 2939 3682 est
2969 3627 3091 3699 ipse
3124 3633 3467 3701 perpetuus,

145 3714 240 3778 quia
263 3731 348 3784 pro
377 3722 618 3784 peccato
647 3721 755 3772 est.
789 3715 1055 3771 Alterum
1088 3732 1222 3771 vero
1271 3715 1528 3772 adolebit
1559 3716 1721 3772 holo-
1829 3717 1927 3788 qui
1961 3732 2260 3787 nunquam
2280 3715 2507 3771 deficiet
2530 3715 2590 3771 in
2613 3715 2802 3771 altari.
2829 3720 2958 3771 Haec
2978 3720 3070 3772 est
3089 3717 3179 3772 lex
3201 3718 3474 3774 sacrificii

148 3806 373 3869 caestum,
393 3810 455 3859 ut
484 3805 615 3860 ﬁeri
649 3804 795 3859 solet
822 3820 834 3858 :
862 3804 1202 3875 rogabitque
1232 3820 1330 3874 pro
1360 3819 1426 3858 eo
1449 3806 1721 3860 sacerdos
1829 3811 1885 3861 et
1908 3805 2387 3868 libamentorum,
2405 3821 2532 3876 qua
2554 3805 2799 3859 offerent
2821 3802 2922 3857 filii
2949 3805 3132 3860 Aaron
3151 3821 3344 3861 coram
3370 3805 3478 3862 Do-

149 3894 186 3938 et
208 3905 284 3958 pro
302 3897 529 3963 peccato
552 3893 685 3963 ejus
709 3892 783 3964 [h.
815 3892 1070 3964 expiabit
1090 3908 1268 3964 super
1292 3907 1424 3947 eum
1449 3894 1722 3949 sacerdos
1831 3893 2011 3960 mino,
2041 3896 2098 3947 et
2127 3908 2320 3948 coram
2354 3892 2523 3946 altari
2555 3891 2635 3962 [h.
2662 3909 2857 3948 coram
2889 3891 3134 3948 Domino
3165 3893 3222 3947 in
3259 3894 3475 3966 altari].

151 3990 220 4043 pro
244 3986 452 4048 peccato
497 3982 676 4052 ejus],
707 3985 764 4036 et
809 3981 1140 4036 dimittetur
1187 3981 1259 4035 ei.
1293 3981 1456 4044 Quod
1509 3983 1557 4038 si
1607 3999 1720 4038 non
1830 3981 2019 4036 Tollet
2047 3982 2319 4035 sacerdos
2346 3979 2635 4052 pugillum
2670 3979 3032 4052 similae,un
3051 3997 3368 4053 conspersa
3387 3988 3478 4038 est

147 4065 551 4133 quiveritmanus
583 4071 708 4141 ejus
740 4069 946 4125 offerre
976 4071 1123 4124 duos
1154 4073 1432 4138 turtures,
1455 4068 1540 4124 vel
1575 4072 1722 4126 duos
1831 4071 1974 4135 oleo,
2009 4074 2065 4125 et
2095 4074 2282 4124 totum
2319 4069 2480 4137 thus,
2513 4070 2664 4139 quod
2700 4085 2876 4140 super
2913 4069 3169 4124 similam
3219 4069 3476 4141 positum

151 4153 290 4219 pullos
315 4157 820 4223 columbae,ofi'eret
852 4173 955 4226 pro
986 4160 1221 4228 peccato
1252 4156 1526 4227 similam,
1585 4175 1724 4229 par-
1831 4164 1955 4214 est:
1989 4157 2356 4227 adolebitque
2385 4156 2531 4211 illud
2577 4157 2635 4210 in
2685 4156 2877 4227 altari,
2913 4157 2971 4212 in
3025 4162 3477 4215 monumentum

150 4244 229 4295 tem
250 4244 379 4316 epba
403 4246 714 4315 decimam,
748 4261 862 4300 non
894 4244 1086 4299 mittet
1114 4243 1173 4300 in
1205 4261 1335 4300 eam
1370 4245 1583 4312 oleum,
1618 4262 1724 4301 nec
1833 4247 2026 4302 odoris
2057 4245 2395 4300 suavissimi
2425 4244 2670 4300 Domino
2694 4262 2707 4300 :
2729 4243 3016 4316 reliquam
3039 4251 3233 4302 autem
3253 4250 3477 4318 partem

149 4326 290 4386 thuris
317 4333 528 4405 aliquid
564 4336 848 4406 imponet,
879 4333 1018 4403 quia
1048 4349 1151 4404 pro
1184 4339 1422 4405 peccato
1452 4340 1576 4402 est;
1607 4340 1724 4389 tra-
1833 4334 2040 4391 similes
2095 4333 2360 4389 comedat
2388 4335 2579 4388 Aaron
2610 4349 2743 4387 cum
2779 4332 2915 4389 filiis
2944 4333 3090 4399 suis,
3123 4334 3344 4406 absque
3374 4336 3478 4391 fer-

151 4415 304 4489 detque
329 4438 446 4478 eam
483 4422 799 4490 sacerdoti,
831 4422 928 4493 qui
964 4421 1202 4493 plenum
1232 4439 1300 4478 ex
1331 4439 1397 4478 ea
1437 4423 1724 4495 pugillum
1835 4428 2056 4488 mento,
2081 4427 2138 4477 et
2167 4423 2426 4478 comedet
2449 4422 2508 4476 in
2544 4422 2668 4477 loco
2693 4429 2894 4477 sancto
2925 4422 3058 4476 atrii
3091 4423 3475 4480 tabernaculi.

149 4503 427 4578 hauriens‘,
450 4512 740 4568 cremabit
769 4528 947 4583 super
977 4509 1158 4566 altare
1189 4511 1246 4566 in
1279 4517 1723 4568 monumentum
1835 4513 1968 4568 Ideo
2000 4515 2192 4567 autem
2234 4527 2349 4565 non
2383 4511 2853 4577 fermentabitur,
2885 4510 3026 4581 quia
3075 4528 3210 4583 pars
3258 4513 3386 4583 ejus
3415 4512 3475 4568 in

148 4592 254 4686 ejus,
297 4599 384 4670 qui
440 4600 678 4667 obtulit,
731 4615 947 4670 rogans
1006 4616 1110 4672 pro
1176 4599 1297 4670 illo,
1348 4605 1404 4656 et
1460 4602 1724 4672 expians,
1756 4622 1801 4686 Β
1832 4600 3476 4668 Dominoofi'erturincensum.Sanctumsanctorumerit,

151 4681 378 4754 reliquam
406 4705 540 4745 vero
601 4694 828 4761 partem
890 4688 1014 4759 ipse
1070 4688 1311 4744 habebit
1367 4689 1426 4744 in
1461 4705 1722 4746 munere.
1756 4681 1792 4686 ’⁷
1835 4692 1989 4746 sicut
2013 4705 2113 4760 pro
2136 4693 2374 4760 peccato
2391 4687 3012 4759 atquedelicto.Mares
3033 4691 3262 4744 tantum
3278 4689 3478 4762 stirpis

151 4768 208 4838 ξΤ.
231 4774 328 4846 Ill].
352 4777 724 4848 Locutusque
745 4783 830 4833 est
863 4777 1145 4832 Dominus
1168 4779 1236 4832 ad
1260 4781 1477 4846 Mosen,
1503 4779 1726 4836 dicens:
1836 4783 2020 4834 Aaron
2050 4778 2358 4832 comedent
2388 4776 2553 4832 illud.
2581 4776 2927 4848 Legitimum
2960 4793 3026 4832 ac
3048 4778 3475 4849 sempiternum

147 4861 303 4919 Anima
339 4867 384 4920 si
442 4866 830 4938 prevaricans
887 4867 1282 4935 caeremonias,
1320 4882 1421 4938 per
1475 4884 1729 4923 errorem
1835 4872 1926 4923 est
1958 4867 2135 4937 [Vulg.
2169 4865 2299 4934 erit]
2331 4864 2391 4920 in
2423 4864 2903 4936 generationibus
2931 4865 3140 4921 vestris
3171 4867 3242 4922 de
3281 4867 3477 4924 sarifl-

162 4948 305 5022 h.per
329 4955 774 5029 ignorantiam],
797 4956 854 5010 in
889 4955 980 5012 his
1009 4973 1136 5028 qua:
1169 4955 1415 5013 Domino
1435 4962 1572 5012 sunt
1593 4974 1728 5012 san-
1837 4953 2428 5011 ciisDomini.Omnis
2460 4952 2561 5023 qui
2590 4951 3473 5023 tetigeritilla,sanetiﬁcabitur.

143 5038 358 5112 ctiticata,
388 5045 728 5114 peccaverit,
763 5045 964 5100 offeret
1013 5061 1113 5115 pro
1162 5043 1372 5100 dilecto
1422 5063 1528 5100 suo
1577 5046 1724 5100 arie-
1837 5044 1922 5114 [T.
1953 5047 2048 5113 IV,
2085 5046 2142 5096 C.
2177 5041 2293 5112 VI.]
2326 5045 2397 5096 Et
2430 5040 2662 5096 locutus
2693 5045 2783 5096 est
2813 5041 3096 5096 Dominus
3127 5043 3197 5097 ad
3252 5039 3476 5112 Mosen,

146 5127 225 5180 lem
274 5131 709 5188 immaculatum
760 5133 831 5187 de
880 5133 1180 5204 gregibus,
1213 5133 1311 5203 qui
1367 5133 1482 5188 emi
1541 5137 1731 5204 potest
1837 5133 2076 5187 dicens:
2109 5132 2241 5186 Haec
2287 5135 2377 5186 est
2424 5129 2641 5185 oblatio
2688 5134 2881 5185 Aaron
2913 5135 2971 5185 et
3027 5129 3281 5186 ﬁliorum
3326 5133 3476 5202 ejus,

145 5213 320 5273 duobus
350 5222 511 5277 siclis
536 5223 708 5292 juxta
737 5221 967 5293 pondus
1021 5221 1342 5277 sanctuarii
1369 5239 1382 5277 :
1415 5222 1730 5292 ipsumque
1837 5237 2014 5291 quam
2047 5220 2220 5276 oﬂ‘ere
2252 5219 2464 5274 debent
2514 5217 2755 5274 Domino
2784 5217 2843 5272 in
2895 5219 2988 5274 die
3018 5219 3311 5276 unctionis
3337 5237 3476 5275 suae.

148 5305 254 5369 quod
285 5308 408 5364 tulit
437 5311 609 5365 damn
642 5311 722 5382 [h.
755 5326 869 5365 non
919 5309 1117 5382 habet]
1151 5311 1435 5380 restituet,
1466 5315 1522 5364 et
1551 5311 1728 5382 quin-
1838 5309 2130 5363 Decimam
2169 5314 2388 5378 partem
2423 5306 2574 5378 epha
2604 5307 2846 5362 offerent
2867 5306 3076 5362 similae
3109 5307 3166 5361 in
3191 5307 3477 5362 sacriﬁcio

146 5395 227 5446 tam
254 5404 458 5466 partem
515 5403 689 5470 ponet
748 5415 951 5469 supra,
983 5399 1218 5453 tradens
1279 5398 1593 5468 sacerdoti,
1627 5398 1725 5470 qui
1837 5398 2217 5468 sempiterno,
2255 5397 2514 5452 medium
2546 5397 2675 5465 ejus
2708 5411 2900 5465 mane,
2932 5400 2990 5450 et
3039 5395 3297 5451 medium
3349 5396 3478 5465 ejus

196 5555 206 5584 ¹
235 5553 388 5611 Aliter
420 5558 601 5612 codex
627 5557 842 5628 Regius
865 5573 975 5613 ms.
999 5554 1345 5621 Bibliorum,
1369 5573 1523 5611 unus
1554 5557 1724 5613 Corb.
1838 5573 1971 5611 num
2003 5572 2070 5610 ex
2098 5573 2162 5610 ea
2189 5555 2699 5628 pugillamrManr.

156 5625 363 5700 et'canon
392 5632 573 5684 Hebr.
597 5625 758 5685 verit.
786 5629 884 5700 qui
917 5629 1135 5700 legunt,
1158 5628 1380 5696 plenum
1398 5645 1472 5683 ex
1502 5633 1606 5683 toto
1626 5646 1730 5698 pu-
1912 5657 1978 5666 —
2009 5629 2250 5700 Palatin.
2284 5632 2340 5682 et
2370 5626 2619 5700 Urbinas
2654 5642 2820 5693 mss.,
2841 5625 3072 5700 plenum
3100 5639 3170 5679 ex
3196 5639 3256 5680 eo
3281 5625 3480 5698 pugil-

160 5691 430 5756 iillum.Sed
469 5700 681 5757 melius
713 5705 776 5758 ut
804 5691 861 5756 in
889 5691 1243 5767 editisjuxta
1265 5700 1590 5767 Hebraeum,
1615 5691 1728 5771 ple-
1842 5701 1956 5754 lum
1986 5715 1997 5753 :
2033 5699 2126 5754 alii
2161 5714 2341 5770 penes
2371 5699 2660 5768 Martian.,
2690 5713 2764 5751 ea:
2793 5691 2903 5752 toto
2933 5696 3137 5767 legunt
3166 5691 3380 5768 pro-ex.
3397 5714 3477 5756 eo.
