4068 6172
298 109 405 166 343

1307 121 1310 126 ’
1342 115 1401 167 8.
1442 113 1848 168 HIERONYMI
1885 116 2144 169 DIVINA
2181 114 2682 170 BIBLIOTHECA.

3599 104 3706 160 344

292 252 532 309 vespere
557 253 569 292 :
595 254 722 309 quae
753 237 810 292 in
845 237 1141 308 sartagine
1167 236 1291 292 oleo
1321 253 1639 308 conspersa
1670 238 1937 308 frigetur.
1974 242 2024 307 Α
2058 241 2340 306 mundus,
2363 248 2630 295 vescetur
2658 255 2743 293 ea.
2769 236 2978 292 Anima
2999 235 3242 308 polluta,
3269 251 3396 307 qua
3429 231 3617 289 ederit
3638 233 3711 288 de

299 327 514 383 Oﬁerat
530 334 724 382 autem
745 343 872 382 eam
893 327 1161 392 calidam,
1179 327 1239 380 in
1262 327 1496 381 odorem
1520 327 1947 382 suavissimum

302 417 572 485 Domino,
593 418 861 472 sacerdos
886 416 982 486 qui
1011 415 1162 485 patri
1185 416 1318 485 jure
1339 415 1689 470 successerit
1713 433 1725 469 :
1754 418 1809 471 et
1833 421 1954 470 tota

302 506 663 560 cremabitur
693 506 750 559 in
783 503 972 559 altari.
996 503 1180 559 Omne
1197 503 1350 558 enim
1379 503 1736 559 sacriﬁcium
1763 521 1955 559 sacer-

302 595 506 650 dotum
541 595 673 665 igne
704 598 1098 658 consumetur,
1125 609 1229 647 nec
1263 594 1576 664 quisquam
1603 594 1870 648 comedet
1889 610 1958 648 ex

301 699 390 738 eo.
417 683 500 753 [Ο.
527 682 671 751 VII.]
697 683 949 736 Locutus
980 687 1069 760 est
1099 688 1295 737 autem
1327 682 1615 737 Dominus
1638 684 1706 737 ad
1734 683 1953 739 Mosen,

301 771 540 825 dicens:
567 771 828 840 Loquere
860 771 930 824 ad
962 772 1152 826 Aaron
1179 776 1235 826 et
1265 772 1336 826 ad
1363 770 1511 826 lilios
1542 774 1705 839 ejus:
1732 771 1851 826 Ista
1871 781 1960 831 est

306 859 402 912 lex
427 858 632 913 hostiae
665 875 767 929 pro
800 865 1076 930 peccato:
1113 860 1174 914 In
1208 858 1332 914 loco
1369 859 1472 913 ubi
1522 860 1763 914 offertur
1794 859 1962 914 holo-

307 946 1021 1013 caustum,immolabitur
1039 965 1232 1002 coram
1253 947 1812 1004 Domino.Sanctum
1831 965 1962 1003 san-

301 1039 528 1089 ctorum
563 1039 670 1091 est.
699 1037 1001 1104 Sacerdos,
1029 1037 1127 1106 qui
1162 1038 1361 1092 offeret
1392 1038 1566 1108 [Vulg.
1607 1038 1839 1108 oll‘ert.],
1865 1054 1962 1092 co-

310 1123 505 1178 medet
536 1139 664 1178 eam
693 1123 750 1178 in
813 1123 938 1179 loco
999 1131 1224 1196 sancto,
1258 1126 1315 1179 in
1376 1127 1522 1181 atrio
1579 1125 1960 1181 tabernaculi.

305 1211 563 1282 Quiquid
595 1211 675 1285 (h.
702 1213 958 1284 quiquis]
993 1214 1251 1285 tetigerit
1283 1229 1488 1270 carnes
1520 1215 1673 1284 ejus,
1702 1215 1960 1270 sanctifi.

313 1302 570 1356 cabitur.
594 1302 655 1356 Si
687 1302 756 1355 de
782 1303 1068 1373 sanguine
1099 1302 1259 1358 illius
1295 1304 1472 1359 vestis
1496 1304 1672 1358 fuerit
1701 1319 1961 1372 aspersa,

320 1390 614 1446 lavabitur
645 1391 702 1445 in
735 1390 860 1446 loco
892 1396 1116 1446 sancto.
1149 1391 1265 1447 Vas
1297 1397 1494 1448 autem
1526 1391 1722 1459 ﬁctile,
1757 1392 1815 1446 in
1847 1408 1961 1463 quo

309 1485 470 1535 cocta
499 1485 608 1550 est,
637 1479 1044 1551 confringatur
1075 1497 1087 1535 :
1114 1482 1269 1551 quod
1307 1481 1352 1536 si
1384 1498 1484 1536 vas
1507 1497 1732 1536 aeneum
1768 1481 1962 1546 fuerit,

308 1568 711 1634 defricabitur,
738 1573 795 1622 et
820 1567 1116 1669 lavabitur
1137 1586 1311 1640 aqua.
1336 1569 1536 1625 Omnis
1569 1569 1871 1625 masculus
1892 1571 1961 1624 de
1997 1605 2041 1669 Β

309 1673 520 1729 genere
547 1655 893 1712 sacerdotali
917 1663 1184 1712 vescatur
1206 1659 1482 1714 carnibus
1507 1659 1656 1728 ejus,
1676 1660 1814 1728 quia
1833 1674 1965 1713 san-

310 1753 470 1800 ctum
506 1751 847 1800 sanctorum
878 1753 986 1800 est.
1024 1747 1228 1801 Hostia
1259 1747 1412 1802 enim
1437 1764 1563 1818 quae
1594 1747 1834 1802 caeditur
1864 1763 1964 1818 pro

308 1841 564 1906 peccato,
596 1836 767 1904 cujus
799 1835 1110 1905 sanguinis
1145 1835 1398 1890 infertur
1431 1836 1490 1890 in
1523 1835 1965 1891 tabernaculum

309 1922 638 1978 testimonii
672 1923 742 1978 ad
765 1923 1120 1994 expiandum
1153 1924 1212 1978 in
1246 1923 1743 1991 sanctuario,non
1778 1940 1965 1980 come-

325 2013 518 2079 detur,
553 2013 652 2067 sed
685 2012 1064 2067 comburetur
1093 2012 1234 2084 igni.

395 2135 555 2207 [ϐαρ.
576 2135 722 2205 VII.]
749 2140 883 2190 Haec
901 2152 1136 2207 quoque
1158 2141 1246 2192 est
1271 2136 1360 2191 lex
1383 2136 1586 2192 hostiae
1609 2153 1713 2208 pro
1737 2136 1967 2206 delicto,

331 2228 536 2278 sancta
564 2229 901 2278 sanctorum
925 2229 1013 2278 est
1036 2241 1048 2279 :
1075 2224 1290 2279 idcirco
1313 2226 1412 2280 ubi
1445 2225 1840 2280 immolabitur
1868 2225 1970 2279 ho-

327 2310 678 2378 locaustum,
700 2313 1051 2366 mactabitur
1079 2318 1134 2366 et
1163 2313 1398 2368 victima
1429 2330 1531 2384 pro
1563 2313 1809 2368 delicto:
1837 2329 1971 2368 san-

335 2402 467 2472 guis
499 2402 627 2471 ejus
661 2416 761 2472 per
775 2417 980 2472 gyrum
1011 2401 1287 2456 fundetur
1317 2401 1810 2458 altaris.0ﬁ'erent
1826 2418 1894 2456 ex
1909 2419 1976 2456 ea

337 2490 585 2545 caudam
618 2493 676 2545 et
707 2491 961 2560 adipem,
995 2489 1093 2560 qui
1125 2489 1312 2561 operit
1341 2490 1558 2545 vitalia.
1582 2489 1738 2545 Duos
1759 2507 1972 2545 renun-

334 2577 518 2645 culos,
536 2583 592 2634 et
618 2579 1031 2650 pinguedinem
1059 2578 1486 2649 quaajuxtailia
1506 2585 1614 2649 est,
1631 2579 1976 2634 reticulum-

342 2667 686 2738 quejecoris
708 2683 839 2721 cum
870 2666 1229 2722 ranunculis.
1257 2668 1320 2722 Et
1341 2667 1596 2723 adolebit
1616 2684 1682 2723 ea
1705 2669 1974 2723 sacerdos

336 2772 514 2826 super
535 2755 718 2810 altare
747 2772 760 2809 :
790 2755 1094 2810 incensum
1119 2760 1207 2811 est
1230 2757 1455 2811 Domini
1480 2773 1584 2828 pro
1605 2755 1974 2811 delicto.0m-

333 2846 424 2899 nis
459 2844 760 2900 masculus
791 2846 862 2899 de
893 2844 1237 2900 sacerdotali
1271 2861 1502 2917 genere,
1528 2846 1587 2900 in
1622 2846 1742 2900 loco
1774 2851 1973 2900 sancto

330 2937 595 2988 vescatur
624 2933 717 2988 his
749 2933 1044 3002 carnibus,
1065 2934 1204 3004 quia
1234 2935 1463 3005 sancta[
1489 2935 1642 3005 Vulg.
1679 2933 1971 3007 sanctum]
2003 2967 2046 3034 Ο

331 3025 669 3077 sanctorum
701 3027 809 3076 est.
834 3022 996 3076 Sicut
1027 3039 1130 3093 pro
1158 3026 1389 3092 peccato
1407 3023 1647 3076 oﬂ‘ertur
1664 3022 1873 3092 hostia,
1893 3023 1973 3077 ita

338 3115 394 3164 et
426 3126 530 3180 pro
563 3109 812 3164 delicto:
847 3111 1156 3181 utriusque
1204 3110 1411 3165 hostia
1459 3110 1546 3165 lex
1579 3128 1696 3167 una
1725 3112 1870 3180 erit;
1905 3113 1971 3164 ad

338 3199 720 3264 sacerdotem,
743 3200 877 3268 quia
893 3214 1016 3253 eam
1034 3198 1331 3265 obtulerit,
1346 3199 1676 3270 pertinebit.
1699 3201 1978 3255 Sacerdos

335 3287 436 3357 qui
460 3288 628 3340 otl'ert
656 3286 978 3341 holocausti
1005 3287 1319 3353 victimam,
1346 3287 1582 3342 habebit
1600 3287 1803 3358 pellem
1825 3290 1971 3358 ejus.

336 3375 406 3452 Et
435 3391 606 3430 omne
638 3375 989 3430 sacriﬁcium
1023 3375 1252 3443 similis,
1287 3376 1439 3446 quod
1472 3377 1741 3448 coquitur
1765 3378 1822 3431 in
1864 3377 1975 3431 cli-

337 3463 509 3531 bano,
534 3463 820 3534 quidquid
846 3464 979 3518 etin
1013 3463 1292 3520 craticula
1313 3464 1402 3519 vel
1430 3466 1485 3520 in
1511 3466 1805 3536 sartagine
1830 3483 1976 3538 prse-

338 3557 602 3622 paratur,
627 3553 755 3622 ejus
786 3553 896 3607 erit
924 3553 1246 3607 sacerdotis
1279 3571 1309 3608 a
1340 3569 1456 3624 quo
1488 3555 1728 3609 offertur
1751 3572 1764 3610 ε
1791 3555 1871 3626 (h.
1897 3559 1974 3626 et)

337 3641 458 3695 sive
489 3640 614 3695 oleo
631 3629 977 3712 conspersa,
1011 3640 1131 3696 sive
1163 3641 1324 3696 arida
1355 3641 1549 3711 fuerit,
1582 3643 1807 3698 cunctis
1841 3644 1976 3698 ﬁliis

334 3733 527 3783 Aaron
562 3744 841 3783 mensura
871 3745 1039 3800 inqua
1069 3745 1169 3799 per
1199 3729 1464 3801 singulos
1489 3731 1810 3788 devidetur.
1847 3732 1976 3787 Herc

338 3821 429 3872 est
457 3817 550 3871 lex
579 3817 780 3872 hostiae
805 3816 1179 3887 paciﬁcorum
1205 3835 1332 3889 quae
1364 3819 1604 3873 offertur
1629 3820 1888 3875 Domino.
1915 3821 1973 3875 Si

337 3922 440 3975 pro
462 3906 782 3977 gratiarum
817 3907 1044 3961 actione
1063 3906 1237 3960 fuerit
1260 3907 1499 3975 oblatio,
1526 3908 1767 3963 offerent
1798 3925 1975 3980 panes

334 3995 556 4065 absque
585 3995 866 4050 fermento
895 4011 1242 4066 conspersos
1272 3995 1420 4064 oleo,
1450 4001 1507 4052 et
1537 3996 1748 4067 lagana
1777 4014 1978 4069 azyma

337 4087 515 4137 uncta
544 4082 689 4151 oleo,
713 4088 1057 4154 coctumque
1103 4083 1385 4151 similam,
1434 4090 1492 4139 et
1516 4084 1829 4156 collyridas
1867 4085 1976 4141 olei

336 4167 681 4226 admistione
701 4187 1051 4242 conspersae
1075 4188 1087 4226 :
1116 4189 1296 4244 panes
1319 4189 1552 4243 quoque
1575 4174 1976 4243 fermentatos,

336 4277 468 4315 cum
507 4260 698 4315 hostia
725 4260 1974 4332 gratiarum,quaeimmolaturpropaciﬁcis:

2066 329 2343 384 carnibus
2375 327 2577 383 hostiae
2611 327 3001 398 paciﬁcorum,
3037 343 3166 397 quae
3216 325 3412 380 oblata
3460 328 3550 377 est
3600 322 3710 376 Do-

2066 417 2247 482 mino,
2282 417 2494 488 peribit
2523 417 2594 470 de
2625 414 2857 486 p0pulis
2888 414 3033 470 suis.
3058 415 3124 468 Et
3147 430 3274 484 quae
3309 410 3568 483 tetigerit
3596 410 3710 464 im-

2068 506 2418 560 munditiam
2469 503 2746 574 hominis,
2777 503 2863 559 vel
2904 501 3182 573 jumenti,
3217 503 3338 556 sive
3383 499 3578 555 omnis
3627 497 3710 553 rei

2067 610 2194 666 quae
2230 594 2488 666 polluere
2518 599 2729 665 potest,
2759 597 2817 648 et
2845 591 3164 648 comederit
3194 591 3262 646 de
3295 585 3710 660 hujuscemodi

2067 685 2360 751 carnibus,
2386 683 2648 738 interibit
2677 683 2746 737 de
2778 680 3010 753 populis
3041 679 3184 735 suis.
3212 680 3590 748 Locutusque
3619 679 3712 730 est

2065 773 2353 828 Dominus
2382 774 2452 827 ad
2484 771 2702 839 Mosen,
2734 771 2972 826 dicens:
3007 773 3266 840 Loquere
3318 766 3458 822 ﬁliis
3492 763 3668 820 Israel
3695 779 3709 817 :

2066 862 2306 931 Adipem
2357 861 2500 926 ovis,
2534 865 2591 916 et
2637 859 2821 927 bovis,
2867 863 2924 914 et
2971 874 3179 929 caprae,
3225 873 3341 912 non
3393 853 3712 910 comedetis

2069 951 2317 1020 Adipem
2349 948 2645 1004 cadaveris
2670 946 2986 1013 morticini,
3012 952 3069 1000 et
3097 945 3226 1016 ejus
3256 942 3532 1000 animalis
3555 940 3712 1012 quod

2070 1056 2104 1094 a
2134 1038 2322 1094 bestia
2354 1043 2590 1109 captum
2639 1041 2748 1104 est,
2782 1035 3074 1092 habebitis
3108 1034 3166 1088 in
3220 1049 3364 1088 usus
3412 1031 3625 1086 varios.
3655 1028 3716 1084 Si

2072 1129 2205 1200 quis
2235 1129 2490 1200 adipem,
2525 1127 2624 1196 qui
2658 1126 2854 1182 offerri
2905 1125 3080 1180 debet
3110 1125 3169 1178 in
3203 1123 3510 1178 incensum
3545 1119 3626 1191 (h.
3659 1117 3718 1172 Si

2072 1217 2202 1287 quis
2233 1217 2463 1286 adipem
2495 1214 2840 1271 animalium
2869 1230 2996 1283 quae
3027 1211 3216 1284 σηεννί
3235 1211 3428 1265 debent
3450 1208 3508 1264 in
3540 1205 3717 1262 sacri-

2073 1304 2308 1376 ﬁcium)
2329 1303 2585 1366 Domini,
2619 1302 2958 1367 comederit,
2993 1299 3206 1372 peribit
3237 1300 3308 1354 de
3341 1296 3555 1369 populo
3585 1311 3713 1350 suo.

2072 1393 2432 1464 Sanguinem
2464 1407 2696 1462 quoque
2719 1390 2913 1446 omnis
2935 1387 3209 1445 animalis
3241 1403 3357 1441 non
3387 1385 3633 1441 sumetis
3655 1384 3714 1438 in

2072 1481 2222 1547 cibo,
2256 1487 2376 1536 tam
2408 1482 2478 1536 de
2518 1481 2724 1536 avibus
2754 1495 2928 1549 quam
2977 1479 3049 1532 de
3104 1475 3414 1548 pecoribus
3479 1473 3561 1541 (h.
3595 1488 3713 1528 non

2074 1553 2398 1628 sumetis‘in
2413 1571 2549 1639 cibo,
2570 1570 2630 1625 in
2659 1569 2871 1625 cunctis
2897 1568 3226 1624 habitaculis
3249 1566 3481 1635 vestris).
3507 1562 3714 1618 Omnis

2074 1661 2294 1725 anima,
2326 1676 2452 1730 quae
2484 1659 2668 1714 ederit
2699 1657 3069 1728 sanguinem,
3101 1655 3317 1726 peribit
3365 1655 3436 1708 de
3485 1650 3716 1722 p0pulis

2072 1749 2220 1804 suis.
2253 1749 2336 1810 (Ο.
2368 1748 2460 1817 ΙΧ)
2494 1749 2869 1817 Locutusque
2913 1751 3002 1802 est
3045 1743 3329 1800 Dominus
3373 1759 3446 1798 an
3495 1745 3716 1807 Mosen,

2075 1838 2316 1893 dicens:
2350 1837 2606 1908 Loquere
2655 1835 2792 1892 [iliis
2849 1833 3027 1890 Israel
3087 1834 3241 1903 (Vulg
3289 1832 3415 1888 add.
3451 1830 3716 1900 dicens):

2076 1927 2184 1989 Qui
2228 1927 2396 1982 offert
2441 1926 2739 1981 victimam
2793 1925 3168 1995 paciﬁcorum
3219 1923 3487 1985 Domino,
3521 1919 3724 1972 oﬁ‘erat

2078 2012 2256 2071 simul
2285 2019 2343 2070 et
2373 2014 2750 2082 sacriﬁcium,
2775 2013 2831 2068 id
2862 2018 2971 2080 est,
2996 2016 3054 2066 et
3081 2010 3406 2066 libamenta
3434 2009 3588 2077 ejus.
3612 2011 3720 2061 Te-

2080 2103 2240 2158 nehit
2285 2103 2560 2158 manibus
2613 2103 2845 2172 adipem
2897 2100 3124 2169 hostiae,
3157 2103 3215 2155 et
3270 2094 3720 2168 pectusculum:

2080 2207 2332 2262 cumque
2351 2192 2525 2246 ambo
2557 2190 2753 2246 oblata
2784 2189 3030 2244 Domino
3060 2183 3508 2249 consecraverit,
3535 2183 3724 2238 tradet

2080 2279 2388 2344 sacerdoti,
2421 2278 2522 2350 qui
2576 2278 2833 2334 adolebit
2875 2277 3104 2348 adipem
3152 2291 3330 2345 super
3379 2271 3581 2340 altare,
3615 2287 3720 2342 pe-

2082 2371 2283 2423 ctuscu
2297 2371 2421 2422 lum
2445 2371 2640 2422 autem
2660 2367 2771 2421 erit
2789 2367 2979 2420 Aaron
2995 2368 3052 2420 et
3074 2362 3328 2418 ﬁliorum
3345 2361 3719 2432 ejus.Armus

2082 2472 2314 2527 quoque
2332 2456 2532 2512 dexter
2547 2455 2618 2510 de
2641 2451 3238 2525 paciﬁcorumhostiis
3259 2450 3422 2505 cedet
3441 2448 3496 2502 in
3521 2446 3723 2518 primi-

2081 2546 2195 2600 tias
2219 2545 2559 2600 sacerdotis.
2579 2543 2686 2609 Qui
2713 2542 2990 2599 obtulerit
3010 2540 3359 2612 sanguinem
3386 2541 3443 2592 et
3468 2536 3722 2607 adipem,

2082 2634 2336 2688 ﬁliorum
2371 2637 2576 2697 Aaron,
2611 2633 2736 2704 ipse
2779 2631 3018 2687 habebit
3065 2643 3295 2685 armum
3343 2627 3608 2682 dextrum
3661 2624 3721 2678 in

2081 2721 2346 2794 portione
2376 2738 2502 2776 sua.
2537 2719 2950 2776 Pectusculum
2978 2717 3134 2774 enim
3165 2714 3508 2772 elevationis
3541 2717 3598 2767 et
3625 2729 3723 2766 ar-

2083 2827 2241 2867 mum
2259 2811 2642 2881 separationis
2667 2809 2773 2864 tuli
2794 2807 2979 2864 aﬁliis
2999 2805 3174 2862 Israel
3195 2805 3265 2861 de
3287 2803 3496 2860 hostiis
3519 2817 3724 2858 eorum

2082 2900 2363 2970 paciﬁcis,
2394 2904 2451 2955 et
2499 2898 2631 2953 dedi
2691 2903 2881 2952 Aaron
2937 2895 3224 2952 sacerdoti
3282 2909 3349 2948 ac
3399 2891 3538 2946 ﬁliis
3567 2890 3722 2960 ejus,

2083 2987 2209 3058 lege
2240 2993 2536 3058 perpetua,
2570 2989 2640 3042 ab
2671 2987 2824 3042 omni
2855 2986 3073 3058 populo
3107 2981 3407 3051 Israel.(T.
3429 2979 3574 3048 V,B.
3601 2977 3726 3046 IV.)

2087 3080 2214 3132 Haec
2245 3082 2334 3133 est
2366 3077 2562 3132 unctio
2591 3079 2746 3130 Aron
2774 3080 2832 3130 et
2863 3074 3115 3130 ﬁliorum
3164 3073 3296 3144 ejus
3345 3071 3404 3126 in
3451 3083 3730 3124 caeremo-

2085 3167 2200 3222 niis
2230 3165 2484 3234 Domini,
2518 3165 2611 3220 die
2641 3181 2758 3235 qua
2789 3162 3002 3220 obtulit
3033 3178 3132 3218 eos
3182 3162 3400 3228 Moses,
3434 3163 3498 3213 ut
3543 3171 3735 3212 sacer-

2084 3257 2242 3311 dotio
2277 3257 2680 3326 fungerentur,
2713 3258 2768 3308 et
2799 3270 2923 3323 qua:
2955 3251 3230 3324 praecepit
3257 3247 3386 3304 dari
3417 3247 3502 3303 eis
3533 3245 3617 3302 Do
3635 3244 3740 3299 mi-

2084 3361 2195 3399 nus
2218 3361 2251 3399 a
2280 3343 2417 3398 ﬁliis
2440 3343 2617 3399 Israel
2651 3341 2931 3414 religione
2958 3344 3241 3412 perpetua
3262 3338 3320 3393 in
3344 3331 3742 3408 generationi-

2084 3432 2195 3489 bus
2231 3433 2377 3488 suis.
2399 3435 2518 3487 lsta
2538 3431 2628 3486 lex
2645 3430 2973 3486 holocausti
2997 3435 3054 3484 et
3074 3426 3347 3484 sacriﬁcii
3371 3441 3474 3497 pro
3498 3427 3743 3496 peccato

2086 3526 2259 3592 atque
2289 3520 2524 3588 delicto,
2557 3523 2614 3576 et
2645 3536 2748 3591 pro
2779 3516 3218 3574 consecratione
3247 3521 3305 3571 et
3354 3513 3736 3586 pacificorum

2081 3609 2376 3676 victimis;
2429 3625 2574 3678 quas
2624 3607 2802 3680 (Vulg.
2841 3607 3040 3678 quam)
3089 3604 3396 3662 constituit
3443 3599 3743 3658 Dominus

2085 3697 2228 3754 Mosi
2293 3697 2352 3752 in
2418 3702 2616 3752 monte
2675 3695 2856 3766 Sinai,
2915 3697 3153 3766 quando
3221 3693 3526 3750 mandavit
3599 3686 3738 3744 ﬁliis

2083 3779 2264 3841 Israel
2282 3791 2346 3840 ut
2366 3786 2639 3841 offerrent
2662 3784 2988 3840 oblationes
3000 3800 3139 3840 suas
3160 3783 3408 3839 Domino
3430 3782 3489 3837 in
3511 3781 3742 3836 deserto

2085 3874 2268 3930 Sinai.

2161 3999 2242 4068 (C.
2274 3997 2340 4064 X,
2375 3997 2506 4068 Cap.
2541 3998 2719 4070 VIII.)
2754 3998 3130 4069 Locutusque
3178 4001 3268 4052 est
3314 3996 3598 4052 Dominus
3647 3995 3718 4049 ad

2087 4087 2312 4156 Mosen,
2343 4087 2584 4142 dicens:
2619 4086 2780 4142 Tolle
2812 4093 3001 4142 Aaron
3035 4102 3164 4141 cum
3201 4085 3336 4141 filiis
3369 4086 3493 4140 suis
3533 4089 3726 4140 vestes

2089 4192 2311 4242 eorum,
2340 4181 2398 4230 et
2429 4175 2725 4230 unctionis
2774 4175 2989 4244 oleum,
3019 4175 3268 4229 vitulum
3321 4191 3425 4245 pro
3476 4177 3734 4245 peccato,

2091 4264 2239 4318 duos
2272 4265 2504 4329 arietes,
2535 4269 2592 4318 et
2618 4266 2938 4319 canistrum
2971 4280 3104 4319 cum
3137 4263 3380 4335 azymis,
3406 4269 3463 4318 et
3491 4277 3733 4333 congre-

338 4363 408 4402 ex
439 4347 656 4418 quibus
691 4326 846 4402 unus
879 4364 980 4418 pro
1013 4326 1296 4418 primittis
1327 4326 1602 4404 offeretur
1633 4326 1897 4421 Domino,
1927 4357 1986 4407 et
2018 4326 2062 4389 Ῑ)
2101 4352 2267 4424 gahis
2286 4326 2517 4407 omnem
2537 4358 2747 4408 costum
2767 4355 2838 4408 ad
2867 4353 3086 4407 ostium
3114 4326 3498 4408 tabernaculi.
3522 4326 3740 4421 (6.30.)

338 4437 448 4492 erit
474 4436 790 4492 sacerdotis
824 4436 922 4507 qui
957 4437 1160 4491 fundet
1181 4438 1386 4491 hostiae
1411 4440 1784 4510 sanguinem.
1811 4442 1988 4509 (lujus

339 4542 552 4581 carnes
577 4527 776 4580 eadem
804 4527 1183 4581 comedentur
1213 4527 1440 4592 die,uec
1468 4528 1785 4582 remanebit
1816 4545 1885 4583 ex
1907 4530 1989 4584 eis

337 4614 661 4685 quidquam
687 4630 872 4684 usque
893 4630 1083 4668 mane.
1100 4615 1308 4668 Sivoto
1331 4614 1416 4669 vel
1439 4620 1645 4685 sponte
1668 4616 1983 4688 quisquam

335 4702 612 4759 obtulerit
649 4703 917 4770 hostiam,
957 4704 1158 4758 eadem
1193 4702 1466 4758 similiter
1494 4705 1700 4759 edetur
1729 4707 1857 4760 die:
1883 4708 1982 4762 sed

333 4797 392 4847 et
421 4793 471 4848 si
503 4793 642 4863 quid
683 4792 739 4846 in
790 4792 1118 4847 crastinum
1168 4795 1539 4861 remanserit,
1575 4793 1726 4848 vesci
1755 4794 1981 4850 licitum

330 4886 438 4938 est:
456 4882 744 4953 quidquid
778 4885 972 4936 autem
996 4880 1206 4936 tertius
1232 4881 1521 4935 invenerit
1541 4882 1691 4949 dies,
1713 4883 1867 4953 ignis
1890 4885 1986 4937 ab-

330 4976 544 5027 sumet.
563 4971 838 5038 (C.VIII.)
879 4969 1007 5024 Etsi
1034 4968 1166 5040 quis
1193 4970 1263 5023 de
1285 4969 1563 5024 carnibus
1614 4970 1857 5026 victima:
1880 4989 1984 5043 pa-

330 5061 630 5115 ciﬁcorum
663 5058 756 5114 die
786 5058 955 5112 tertio
993 5056 1342 5121 comederit,
1377 5056 1544 5112 irrita
1593 5059 1693 5113 ﬁet
1739 5060 1979 5116 oblatio.

331 5165 437 5202 nec
500 5147 759 5218 proderit
827 5146 1090 5201 offerenti
1123 5161 1135 5200 :
1171 5143 1309 5214 quin
1370 5150 1567 5216 potius
1619 5163 1982 5218 quaecunque

333 5236 532 5290 anima
562 5235 662 5290 tali
696 5250 758 5289 se
789 5234 982 5288 edulio
1016 5234 1530 5301 contaminaverit,
1564 5237 1982 5300 praevaricatio-

335 5325 428 5380 nis
443 5341 537 5379 rea
559 5326 689 5378 erit.
710 5325 876 5386 Caro,
902 5339 1027 5394 quae
1056 5321 1273 5391 aliquid
1302 5323 1560 5392 tetigerit
1582 5325 1978 5393 immundum,

337 5429 450 5468 non
502 5413 860 5481 comedetur,
894 5411 993 5466 sed
1055 5409 1433 5464 comburetur
1481 5411 1597 5480 igni
1632 5426 1644 5465 :
1679 5412 1774 5481 qui
1809 5413 1981 5469 fuerit

2105 4441 2256 4495 Fecit
2291 4441 2481 4496 Moses
2514 4447 2578 4495 ut
2606 4441 3316 4512 Dominusimperaverat.
3341 4440 3740 4511 Congregata-

2099 4545 2209 4599 que
2237 4531 2395 4583 omni
2425 4530 2596 4585 turba
2618 4535 2751 4584 ante
2781 4531 2933 4583 fores
2958 4529 3346 4596 tabernaculi,
3366 4530 3448 4585 ait
3473 4546 3486 4584 ε
3517 4531 3628 4598 Iste
3649 4531 3735 4582 est

2097 4634 2310 4688 sermo,
2330 4619 2695 4688 quemjussit
2714 4619 2997 4674 Dominus
3015 4617 3158 4673 ﬁeri.
3176 4617 3503 4689 Statimque
3523 4616 3740 4671 obtulit

2097 4709 2284 4762 Aaron
2319 4712 2374 4761 et
2403 4706 2553 4761 filios
2582 4707 2730 4777 ejus.
2765 4710 3023 4777 Cumque
3071 4705 3308 4761 lavisset
3359 4722 3475 4770 eos,
3509 4703 3743 4760 vestivit

2095 4795 2430 4866 pontificem
2455 4795 2743 4851 subucula
2765 4796 2938 4861 linea,
2956 4796 3268 4866 accingens
3292 4811 3426 4849 eum
3452 4793 3742 4861 balteo,et

2096 4883 2347 4938 induens
2405 4885 2587 4954 (Vulg.
2616 4885 2739 4938 add.
2775 4886 2929 4953 eum)
2985 4885 3186 4938 tunica
3245 4882 3659 4953 hyacinthyna,
3686 4889 3742 4936 et

2093 4971 2348 5042 desuper
2380 4971 2680 5028 humerale
2710 4972 3012 5044 imposuit,
3045 4971 3202 5042 quod
3253 4972 3586 5042 astringens
3618 4969 3738 5024 cin-

2092 5059 2251 5130 gulo,
2284 5061 2505 5130 aptavit
2537 5061 2827 5128 rationali,
2861 5061 2920 5115 in
2953 5077 3068 5132 quo
3100 5065 3226 5115 erat
3252 5060 3526 5115 Doctrina
3556 5064 3614 5114 et
3635 5059 3738 5115 Ve-

2091 5148 2256 5205 ritas.
2280 5149 2469 5204 Cidari
2495 5166 2729 5220 quoque
2757 5151 2895 5205 texit
2915 5155 3091 5219 caput
3117 5166 3128 5203 :
3163 5155 3222 5204 et
3238 5165 3415 5218 super
3442 5164 3570 5204 eam
3594 5164 3736 5202 con-

2089 5240 2179 5291 tra
2211 5239 2483 5304 frontem,
2519 5240 2717 5309 posuit
2745 5238 3023 5292 laminam
3051 5252 3288 5292 auream
3325 5240 3725 5291 consecratam

2091 5326 2148 5380 in
2185 5326 2667 5392 sanctiﬁcatione,
2699 5327 2852 5382 sicut
2909 5330 3261 5398 praeceperat
3315 5327 3366 5380 ei
3421 5323 3726 5379 Dominus.

2089 5414 2249 5470 Tulit
2271 5420 2328 5469 et
2361 5416 2655 5472 unctionis
2688 5416 2905 5486 oleum,
2929 5431 3043 5486 quo
3067 5414 3258 5470 linivit
3283 5411 3722 5470 tabernaculum
