4068 6172
241 232 318 289 345
1562 228 1773 283 LIBER
1812 229 2151 284 LEVITICI.

3449 221 3556 279 346

238 370 332 411 cum
369 350 497 408 omni
540 349 878 423 supellectili
922 367 1052 406 sua.
1100 351 1365 422 Cumque
1409 350 1784 405 sanctiﬁcans
1815 350 1867 415 Α
1897 366 2000 405 nes
2033 355 2165 407 ante
2198 353 2347 410 fores
2388 353 2749 410 tabernaculi
2773 352 2856 423 (h.
2890 348 3254 407 tabernaculi
3281 348 3551 403 testimo-

236 440 684 515 aspersissetaltare
702 447 924 511 septem
949 440 1196 505 vicibus,
1224 440 1388 495 unxit
1410 440 1577 504 illud,
1599 443 1655 494 et
1671 455 1793 493 om-

238 534 305 587 nia
327 548 434 585 vasa
452 530 582 600 ejus,
618 529 968 601 labrumqne
1003 546 1134 584 cum
1172 530 1296 584 basi
1330 530 1411 600 (h.
1447 528 1666 599 ﬁstula)
1686 544 1794 582 sua

235 618 535 676 sanctiﬁcavit
559 617 702 672 oleo.
723 618 881 680 Quod
911 618 1159 672 fundens
1176 635 1352 688 super
1377 622 1553 688 caput
1578 621 1789 672 Aaron.

237 709 357 763 unxit
380 723 490 762 eum
512 712 562 760 et
592 706 987 774 consecravit;
1024 706 1174 761 ﬁlios
1211 723 1443 777 quoque
1473 708 1601 777 ejus
1632 706 1795 761 obla-

236 804 300 853 tos
322 796 508 850 vestivit
535 794 953 863 tunicislineis,
986 794 1239 849 etcinxit
1260 794 1450 851 balteo
1475 796 1648 865 (Vulg.
1676 794 1793 849 bal-

236 884 720 955 teis),imposuitque
745 884 968 951 mitras,
996 886 1327 954 utjusserat
1352 885 1650 940 Dominus.
1679 884 1791 939 Ob-

236 972 333 1027 tulit
349 978 393 1027 et
414 972 640 1028 vitulum
675 990 777 1043 pro
808 977 1061 1043 peccato.
1096 973 1357 1043 Cumque
1389 989 1568 1044 super
1619 976 1795 1043 caput

231 1063 323 1131 ejus
348 1062 695 1132 imposuisset
729 1066 942 1130 Aaron,
970 1068 1027 1117 et
1068 1061 1168 1116 ﬁlii
1202 1062 1332 1132 ejus
1372 1078 1585 1117 manus
1634 1078 1793 1124 suas,

234 1148 487 1204 immolavit
527 1166 682 1213 eum,
718 1149 995 1205 hauriens
1028 1150 1477 1221 sanguinem,fet
1501 1150 1681 1205 tincto
1703 1150 1793 1203 di-

228 1237 329 1308 gito,
354 1237 519 1309 tetigit
546 1255 766 1294 cornua
797 1238 997 1293 altaris
1030 1255 1130 1308 per
1158 1255 1382 1310 gyrum.
1416 1240 1538 1302 Quo
1570 1239 1794 1308 expiato

228 1332 266 1380 et
281 1327 613 1396 sanctiﬁcato,
639 1327 789 1382 fudit
809 1328 1100 1398 reliquum
1126 1328 1469 1398 sanguinem
1488 1328 1559 1383 ad
1582 1327 1797 1381 funda-

224 1419 374 1468 menta
390 1416 521 1483 ejus.
544 1416 791 1486 Adipem
816 1424 1010 1471 autem
1031 1417 1274 1487 quierat
1301 1432 1477 1487 super
1498 1416 1717 1483 vitalia,
1740 1422 1795 1470 et

224 1503 411 1556 relicum
435 1504 654 1573 jecoris,
690 1505 955 1575 duosque
986 1505 1338 1560 renunculos
1369 1522 1503 1561 cum
1560 1505 1796 1559 arvinu-

221 1588 273 1643 lis
296 1590 416 1659 suis,
445 1591 686 1648 adolevit
717 1609 893 1664 super
925 1594 1145 1648 altare:
1180 1592 1417 1648 vitulum
1452 1610 1585 1648 cum
1626 1593 1794 1664 pelle,

222 1679 461 1744 carnibus,
488 1686 539 1735 et
569 1682 730 1750 ﬁmo,
762 1698 1031 1736 cremans
1061 1688 1222 1736 extra
1252 1688 1461 1745 castra,
1486 1682 1794 1753 sicutprae-

221 1769 698 1835 ceperatDominus.
717 1769 1262 1826 Obtulitetarietem
1279 1771 1333 1826 in
1360 1771 1793 1834 holocaustum,

220 1870 354 1924 super
379 1858 533 1925 cujus
566 1864 743 1929 caput
773 1877 907 1914 cum
938 1859 1358 1930 imposuissent
1388 1862 1571 1914 Aaron
1604 1865 1661 1914 et
1692 1858 1792 1913 ﬁlii

219 1942 311 2011 ejus
338 1960 520 1999 manus
549 1963 714 2014 suas,
750 1947 1076 2003 immolavit
1104 1964 1263 2014 eum,
1295 1952 1353 2002 et
1384 1948 1793 2019 fuditsangui~

216 2048 311 2087 nem
326 2035 432 2104 ejus
456 2053 631 2106 super
644 2038 824 2092 altare
848 2055 949 2110 per
991 2038 1301 2094 circuitum
1327 2040 1506 2109 (Vulg.
1560 2054 1663 2109 per
1682 2038 1793 2092 cir-

218 2120 383 2176 cuitum
412 2123 649 2193 altaris).
679 2131 996 2197 Ipsumque
1027 2128 1267 2182 arietem
1301 2129 1359 2181 in
1393 2128 1579 2181 frusta
1609 2126 1797 2181 conci-

216 2208 339 2276 dens,
359 2217 517 2283 caput
545 2216 697 2283 ejus,
730 2220 787 2270 et
815 2220 996 2282 artus,
1030 2225 1082 2271 et
1114 2215 1346 2286 adipem
1379 2215 1628 2271 adolevit
1650 2216 1793 2286 igni,

216 2294 314 2351 lotis
340 2300 483 2370 prius
508 2304 809 2359 intestinis
840 2309 896 2358 et
943 2305 1211 2375 pedibus,
1268 2309 1577 2375 totumque
1617 2304 1794 2361 simul

216 2388 400 2442 arietem
428 2390 684 2446 incendit
715 2409 891 2463 super
921 2393 1122 2459 altare,
1157 2409 1222 2447 eo
1253 2393 1407 2463 quod
1447 2398 1601 2449 esset
1630 2394 1793 2449 bolo-

215 2480 422 2532 causturn
455 2480 791 2535 suavissimi
824 2481 1018 2536 odoris
1050 2480 1318 2550 Domino,
1335 2481 1489 2537 sicut
1511 2498 1793 2554 praecepe-

213 2568 278 2616 rat
300 2565 359 2618 ei.
381 2566 594 2623 Obtulit
625 2574 682 2624 et
709 2570 945 2624 arietem
978 2568 1324 2638 secundum,
1376 2572 1432 2625 in
1490 2588 1794 2627 consecra-

217 2648 335 2707 tione
347 2657 730 2723 sacerdotum,
751 2663 1227 2729 possueruntque
1248 2664 1611 2729 supercaput
1637 2658 1795 2713 illius

212 2740 359 2796 Aaron
390 2748 440 2798 et
472 2745 719 2816 ﬁliiejus
735 2763 942 2801 manus
961 2764 1114 2801 suas.
1140 2746 1320 2809 Quem
1336 2763 1465 2801 cum
1492 2748 1794 2803 immolas-

214 2832 465 2901 setMoses,
482 2852 729 2890 sumens
751 2836 822 2890 de
834 2836 1139 2907 sanguine,
1158 2837 1675 2908 tetigitextremum
1692 2854 1795 2892 au-

213 2918 369 2974 riculae
396 2923 606 2979 dextra
639 2931 855 2992 Aaron,
887 2928 943 2979 et
972 2924 1237 2995 pollicem
1270 2942 1481 2981 manus
1511 2926 1638 2995 ejus
1670 2926 1801 2981 dex-

212 3008 303 3072 trze,
331 3010 588 3068 similiter
610 3019 667 3069 et
687 3014 873 3085 pedis.
898 3013 1124 3069 Obtulit
1143 3019 1199 3069 et
1219 3014 1370 3069 ﬁlios
1386 3017 1596 3070 Aaron.
1619 3016 1797 3071 Cum-

206 3110 290 3164 que
305 3098 364 3153 de
380 3103 867 3173 sanguinearietis
880 3101 1165 3157 immolati
1180 3102 1462 3173 teligisset
1474 3109 1795 3159 extremum

210 3187 437 3243 auriculae
460 3190 835 3264 singulorum
871 3192 1107 3260 dextrae,
1137 3197 1193 3246 et
1225 3192 1462 3262 pollices
1493 3209 1700 3247 manus
1731 3210 1796 3247 ac

205 3274 334 3343 pedis
353 3278 549 3350 dextri,
576 3279 872 3351 reliquum
909 3282 1057 3336 fudit
1074 3297 1250 3352 super
1271 3281 1451 3336 altare
1474 3299 1574 3352 per
1595 3281 1799 3336 circui-

203 3364 297 3417 tum
320 3382 330 3419 :
360 3368 582 3439 adipem
614 3385 767 3437 vero,
793 3371 1475 3441 etcaudam,omnemque
1498 3372 1797 3441 pinguedi-

205 3465 302 3507 nam
330 3470 445 3525 qua
476 3458 969 3529 operitintestina
999 3459 1433 3530 reticulumque
1473 3460 1709 3530 jecoris,
1743 3468 1800 3516 et

204 3539 312 3597 duos
340 3561 495 3600 renes
526 3564 665 3602 cum
695 3548 968 3618 adipibus
999 3549 1125 3604 suis
1156 3556 1203 3603 et
1238 3565 1402 3603 armo
1418 3549 1615 3604 dextro
1630 3566 1799 3621 sepa-

210 3630 322 3686 ravit
368 3634 593 3691 Tollens
628 3643 825 3690 autem
856 3637 926 3691 de
957 3637 1210 3692 canistro
1235 3654 1594 3709 azymorum,
1640 3641 1792 3709 quod

202 3726 292 3773 erat
314 3738 492 3779 coram
526 3726 804 3794 Domino,
837 3742 1046 3795 panem
1106 3728 1323 3797 absque
1379 3730 1687 3795 fermento,
1743 3734 1800 3784 et

204 3808 491 3881 collyridam
506 3830 888 3886 consparsam
904 3815 1050 3880 oleo,
1075 3816 1385 3887 laganumq
1398 3834 1467 3871 ue
1481 3817 1676 3886 posuit
1699 3835 1796 3872 su-

202 3910 276 3963 per
299 3901 565 3971 adipeszet
587 3919 820 3958 armum
837 3904 1132 3973 dextrum,
1153 3905 1391 3960 tradens
1413 3904 1587 3960 simul
1605 3907 1801 3960 omnia

199 3985 347 4043 Aaron
376 3996 426 4045 et
456 3992 595 4047 ﬁiiis
629 3994 784 4062 ejus.
825 3993 932 4057 Qui
978 3997 1287 4064 postquam
1339 3994 1677 4050 levaverunt
1733 4011 1801 4050 ea

198 4087 351 4132 coram
382 4081 627 4136 Domino
661 4083 703 4146 ¹,
737 4096 974 4136 rursum
997 4086 1271 4152 suscepta
1302 4083 1372 4136 de
1396 4083 1671 4137 manibus
1702 4100 1799 4139 eo-

200 4176 317 4234 rum,
357 4169 603 4225 adolevit
650 4186 827 4241 super
870 4170 1051 4225 altare
1110 4171 1457 4241 holocausti,
1517 4187 1583 4226 eo
1644 4174 1797 4242 quod

198 4260 609 4315 consecrationis
641 4264 797 4315 esset
826 4259 1064 4326 oblatio,
1108 4262 1167 4315 in
1200 4261 1436 4316 odorem
1496 4262 1800 4317 suavitatis

199 4346 417 4402 Sacriﬁcii
452 4351 722 4406 Domina.
770 4349 924 4404 Tulit
983 4356 1039 4405 et
1088 4350 1519 4421 pectusculum,
1565 4351 1798 4407 elevans

1902 442 2096 505 nii),et
2125 442 2537 513 ibijcomedetis
2557 460 2678 499 eas.
2702 436 3132 512 Panesquoque
3155 436 3554 493 consecratio-

1902 529 1996 584 nis
2025 532 2179 585 edite
2209 533 2307 602 qui
2341 533 2509 602 positi
2545 532 2762 588 suntin
2795 532 3072 597 canistro,
3097 527 3247 583 sicut
3273 525 3550 597 praecepit

1902 618 2048 673 mihi
2083 621 2384 687 Dominus,
2411 622 2649 676 dicens:
2678 626 2867 675 Aaron
2890 623 2943 674 et
2966 617 3212 687 ﬁliiejus
3238 614 3551 670 comedent

1900 723 2000 763 eos
2020 725 2033 763 :
2058 708 2342 779 quidquid
2356 715 2551 765 autem
2566 709 2861 779 reliquum
2887 708 3063 762 fuerit
3083 707 3153 760 de
3175 719 3349 759 carne
3369 707 3425 757 et
3451 719 3550 774 pa-

1903 796 2098 863 nibus,
2131 798 2284 869 ignis
2318 799 2607 854 absumet.
2641 799 2721 853 De
2751 797 2898 852 ostio
2922 811 3156 868 quoque
3180 794 3548 852 tabernaculi

1903 903 2019 942 non
2049 888 2282 944 exibitis
2310 893 2532 960 septem
2564 888 2790 956 diebus,
2846 902 3033 958 usque
3084 887 3156 942 ad
3214 886 3369 941 diem
3429 901 3546 955 quo

1902 976 2295 1048 complebitur
2323 983 2555 1048 tempus
2585 974 3042 1032 consecrationis
3073 979 3294 1031 vestrae.
3312 977 3542 1045 Septem

1903 1067 2060 1119 enim
2083 1066 2290 1121 diebus
2315 1066 2515 1121 ﬁnitur
2534 1064 2927 1121 consecratio:
2953 1062 3105 1119 sicut
3126 1066 3185 1117 et
3201 1062 3547 1132 impraesen-

1902 1154 2119 1209 tiarum
2160 1156 2375 1211 factum
2408 1160 2516 1222 est,
2552 1159 2617 1211 ut
2647 1154 2796 1210 ritus
2847 1151 3121 1208 sacriﬁcii
3181 1150 3547 1221 compleatur

1905 1244 2098 1314 (Vulg.
2123 1243 2660 1316 compleretur).Die
2680 1259 2745 1297 ac
2762 1246 2929 1297 nocte
2951 1238 3262 1295 manebitis
3279 1238 3338 1292 in
3357 1237 3547 1292 taber-

1904 1332 2114 1389 naculo
2145 1334 2523 1390 observantes
2555 1332 2855 1388 custodias
2885 1328 3140 1394 Domini,
3200 1344 3270 1381 ne
3330 1325 3545 1380 moria-

1906 1422 2088 1477 mini:
2123 1423 2206 1477 sic
2226 1422 2381 1477 enim
2416 1422 2558 1477 mihi
2594 1425 2945 1493 praeceptum
2988 1422 3095 1473 est.
3148 1419 3549 1483 Feceruntque

1902 1516 2099 1565 Aaron
2130 1515 2187 1566 et
2219 1511 2320 1566 ﬁlii
2342 1513 2471 1581 ejus
2503 1519 2711 1566 cuncta
2743 1526 2871 1580 qua:
2896 1508 3132 1563 locutus
3153 1509 3242 1561 est
3267 1503 3549 1558 Dominus

1907 1616 2009 1671 per
2030 1616 2270 1654 manum
2307 1600 2473 1656 Mosi.

1979 1690 2139 1760 (ϐαρ.
2170 1690 2293 1759 ΙΧ.)
2323 1690 2492 1744 Facto
2526 1692 2720 1743 autem
2749 1691 2951 1742 octavo
2974 1684 3089 1751 die,
3112 1681 3335 1739 vocavit
3358 1680 3548 1735 Moses

1901 1780 2092 1833 Aaron
2124 1784 2181 1833 et
2212 1777 2363 1833 ﬁlios
2394 1780 2542 1848 ejus,
2576 1793 2641 1831 ac
2673 1775 2923 1841 majores
2954 1777 3093 1828 natu
3129 1769 3325 1836 Israel,
3377 1767 3545 1822 dixit-

1902 1882 2016 1937 que
2047 1867 2117 1921 ad
2150 1868 2340 1922 Aaron
2363 1883 2382 1919 :
2411 1865 2571 1920 Tolle
2608 1867 2677 1920 de
2708 1868 2975 1919 armento
3007 1859 3256 1916 vitulum
3287 1874 3389 1929 pro
3410 1871 3543 1927 pec-

1905 1961 2054 2021 cato,
2107 1959 2163 2010 et
2209 1956 2449 2011 arietem
2482 1955 2539 2008 in
2575 1953 2997 2018 holocaustum,
3058 1955 3375 2019 utrumque
3434 1946 3544 1998 im-

1905 2044 2288 2111 maculatum,
2323 2050 2379 2098 et
2435 2044 2578 2099 otfer
2632 2042 2767 2097 illos
2824 2056 3020 2097 coram
3058 2038 3324 2092 Domino.
3358 2035 3426 2088 Et
3471 2032 3543 2087 ad

1904 2132 2057 2187 ﬁlios
2087 2132 2261 2186 Israel
2296 2130 2550 2202 loqueris
2578 2146 2590 2184 :
2625 2128 2836 2184 Tollite
2867 2128 3093 2183 hircum
3126 2140 3228 2196 pro
3281 2125 3538 2195 peccato,

1903 2226 1959 2276 et
1990 2220 2235 2274 vitulum
2268 2225 2443 2289 atque
2466 2234 2681 2291 agnum
2709 2215 3037 2279 anniculos,
3068 2219 3126 2269 et
3141 2212 3267 2268 sine
3291 2207 3547 2275 macula,

1904 2309 1961 2364 in
1996 2308 2427 2375 holocaustum,
2460 2308 2663 2363 bovem
2706 2312 2762 2362 et
2811 2305 3051 2361 arietem
3086 2318 3189 2374 pro
3236 2298 3496 2371 paciﬁcis
3529 2312 3544 2364 ;

1903 2403 1960 2453 et
1990 2397 2289 2452 immolata
2318 2413 2417 2452 eos
2475 2412 2671 2451 coram
2702 2394 2968 2463 Domino,
3002 2393 3060 2447 in
3093 2388 3381 2446 sacriﬁcio
3423 2387 3549 2441 sin-

1902 2486 2171 2556 gulorum
2204 2485 2461 2540 similam
2481 2484 2605 2540 oleo
2627 2498 3002 2554 conspersum
3019 2480 3345 2537 offerentes.
3364 2475 3548 2531 Hodie

1904 2573 2349 2631 enimDominus
2363 2574 2669 2644 apparebit
2686 2570 3311 2638 vobis.Tnleruntergo
3332 2568 3547 2620 cuncta

1905 2680 2035 2735 quas
2058 2664 2321 2733 jusserat
2360 2666 2545 2717 Moses
2605 2662 2675 2716 ad
2737 2660 2954 2715 ostium
2992 2654 3395 2721 tabernaculi,
3444 2651 3544 2706 ubi

1906 2768 2038 2807 cum
2073 2752 2263 2807 omnis
2294 2756 2509 2806 astaret
2540 2750 2878 2815 multitudo,
2912 2748 2989 2802 ait
3020 2746 3245 2802 Moses:
3312 2743 3427 2797 Iste
3458 2743 3547 2796 est

1906 2856 2120 2911 sermo,
2152 2856 2328 2912 quem
2364 2840 2633 2910 praecepit
2662 2836 2984 2893 Dominus:
3015 2834 3205 2899 facite,
3248 2836 3307 2888 et
3362 2844 3543 2900 appa—

1907 2931 2056 2987 rebit
2084 2930 2246 2985 vobis
2277 2928 2462 3000 gloria
2492 2930 2641 2999 ejus.
2671 2926 2943 2997 Dixitque
2974 2925 3044 2980 ad
3070 2926 3259 2978 Aaron
3287 2938 3300 2976 :
3326 2917 3547 2973 Accede

1912 3022 1981 3077 ad
2017 3019 2218 3087 altare,
2250 3024 2308 3073 et
2338 3016 2578 3072 immota
2609 3032 2708 3087 pro
2738 3019 2973 3087 peccato
3004 3018 3103 3068 tuo
3130 3028 3143 3065 :
3179 3010 3321 3067 offer
3378 3005 3545 3062 bolo-

1912 3114 2204 3173 caustum,
2237 3115 2292 3162 et
2320 3107 2630 3177 deprecare
2662 3121 2765 3175 pro
2793 3108 2850 3158 te
2879 3108 2936 3158 et
2968 3118 3069 3173 pro
3102 3098 3336 3172 populo.
3368 3097 3545 3152 Cum-

1906 3214 2018 3270 que
2051 3195 2393 3252 mactaveris
2415 3194 2669 3250 hostiam
2704 3192 2928 3264 populi,
2959 3208 3060 3246 ora
3110 3204 3212 3260 pro
3245 3203 3333 3256 eo,
3392 3183 3547 3239 sicut

1904 3285 2178 3357 praecepit
2199 3286 2501 3340 Dominus.
2532 3282 2859 3353 Statimque
2890 3282 3079 3336 Aaron
3130 3276 3412 3333 accedens
3472 3272 3544 3326 ad

1906 3375 2108 3441 altare,
2136 3372 2525 3428 immmolavit
2544 3371 2793 3426 vitulum
2814 3386 2916 3441 pro
2948 3371 3183 3440 peccato
3206 3382 3312 3420 suo
3336 3383 3352 3431 ;
3375 3363 3548 3433 cujus

1907 3464 2255 3534 sanguinem
2287 3461 2625 3517 obtulerunt
2654 3461 2713 3514 ei-
2738 3459 2843 3513 ﬁlii
2874 3459 2967 3514 sui
2994 3476 3008 3525 ;
3042 3457 3101 3511 in
3146 3471 3261 3527 quo
3314 3452 3549 3523 tingens

1908 3553 2179 3624 digitum,
2214 3550 2402 3619 tetigit
2430 3566 2648 3605 cornua
2678 3547 2902 3614 altaris,
2933 3552 2992 3601 et
3040 3545 3192 3600 fudit
3248 3541 3549 3597 residuum

1909 3642 1979 3697 ad
2012 3641 2197 3696 basim
2224 3641 2374 3708 ejus.
2434 3638 2799 3710 Adipemque
2846 3639 2903 3691 et
2959 3632 3313 3689 renunculos
3343 3646 3408 3685 ac
3456 3644 3548 3683 re-

1907 3731 2151 3786 ticulum
2178 3729 2412 3799 jecoris,
2463 3744 2590 3799 quas
2648 3731 2789 3781 sunt
2832 3740 2934 3796 pro
2994 3726 3250 3794 peccato,
3302 3714 3551 3773 adolevit

1908 3836 2085 3891 super
2115 3819 2317 3883 altare,
2350 3818 2503 3872 sicut
2533 3818 2884 3887 praeceperat
2904 3811 3189 3868 Dominus
3214 3806 3359 3863 Mosi
3386 3821 3545 3873 ;car-

1910 3926 2011 3964 nes
2046 3924 2176 3963 vero
2208 3904 2483 3977 etpellem
2509 3906 2637 3974 ejus
2659 3907 2819 3957 extra
2842 3907 3033 3957 castra
3056 3897 3380 3952 combussit
3401 3892 3546 3963 igni.

1908 3996 2236 4053 Immolavit
2261 3998 2317 4050 et
2346 3992 2669 4048 holocausti
2727 3990 3049 4057 victimam,
3092 3983 3548 4051 obtuleruntque

1910 4086 1960 4141 ei
1994 4086 2094 4140 ﬁlii
2129 4084 2218 4139 sui
2244 4084 2590 4154 sanguinem
2620 4081 2768 4150 ejus,
2793 4093 2967 4149 quem
3001 4074 3151 4130 fudit
3194 4088 3292 4142 per
3347 4069 3548 4124 altaris

1906 4175 2238 4230 circuitum.
2271 4174 2457 4242 Ipsam
2490 4169 2664 4224 etiam
2709 4167 2958 4222 hostiam
2988 4165 3048 4218 in
3108 4165 3296 4216 frusta
3351 4156 3543 4213 conci-

1908 4279 2057 4320 sam.
2092 4278 2223 4317 cum
2258 4261 2448 4331 capite
2480 4264 2538 4313 et
2565 4255 2849 4311 membris
2898 4251 3151 4323 singulis
3181 4248 3547 4305 obtulerunt.

1908 4355 2042 4418 Quae
2074 4350 2271 4406 omnia
2300 4365 2477 4419 super
2506 4346 2684 4401 altare
2711 4342 2973 4399 cremavit
2997 4339 3117 4411 igni
3143 4338 3223 4408 (h.
3275 4353 3391 4391 non
3450 4334 3550 4417 ha-

194 4429 304 4489 illud
333 4453 520 4493 coram
562 4438 831 4503 Domino,
876 4440 946 4493 de
995 4414 1173 4494 ariete
1224 4414 1681 4495 consecrationis
1738 4441 1799 4496 in
1828 4428 1874 4491 D
1908 4414 2045 4512 bet),
2078 4440 2215 4495 lotis
2246 4414 2410 4508 prius
2441 4452 2595 4506 aqua
2624 4433 2921 4489 intestinis
2945 4436 3003 4486 et
3032 4428 3301 4500 pedibus.
3348 4425 3417 4479 Et
3446 4414 3548 4495 pro

195 4530 379 4585 partem
408 4543 580 4581 suam
640 4526 725 4597 (h.
778 4527 836 4580 in
881 4532 1103 4597 partem
1156 4544 1323 4582 suam
1357 4530 1590 4599 Moses),
1647 4529 1801 4584 sicut

194 4622 502 4683 praeceperat
522 4614 576 4670 ei
608 4614 911 4669 Dominus.
944 4617 1388 4687 Assumensque
1430 4623 1797 4687 unguentum

193 4703 233 4748 et
256 4704 586 4773 sanguinem
622 4704 721 4774 qui
756 4709 881 4758 erat
912 4720 1091 4774 super
1120 4704 1304 4759 altare
1348 4706 1529 4773 (Vulg.
1584 4705 1800 4773 altari),

190 4791 395 4857 aspersit
425 4808 612 4864 super
640 4794 828 4846 Aaron
861 4798 917 4847 et
947 4792 1294 4847 vestimenta
1342 4794 1493 4863 ejus,
1525 4800 1582 4848 et
1628 4810 1804 4864 super

191 4873 310 4930 ﬁlios
336 4879 491 4935 illius
525 4896 597 4936 ac
633 4886 821 4935 vestes
850 4895 1074 4935 eorum.
1101 4883 1362 4953 Cumque
1377 4882 1802 4938 sanctiﬁcasset

193 4978 267 5019 eos
293 4968 343 5021 in
376 4970 595 5024 vestitu
630 4985 737 5023 suo
760 4969 842 5039 (h.
868 4968 1130 5040 Cumque
1153 4970 1609 5025 sanctiﬁcassset
1626 4986 1725 5026 eos
1748 4976 1805 5025 et

191 5062 341 5110 vestes
371 5060 629 5127 eorum),
662 5057 934 5128 praecepit
965 5057 1069 5125 eis,
1104 5057 1340 5114 dicens:
1374 5059 1615 5129 Coquite
1674 5075 1801 5113 car-

244 5235 256 5264 ²
284 5232 397 5288 Non
430 5235 761 5304 incongrua
794 5249 971 5289 sensu
1004 5234 1224 5290 habent
1254 5235 1347 5290 hic
1382 5252 1591 5302 canon,
1633 5241 1690 5291 et
1743 5242 1800 5291 S.

194 5298 427 5360 Germani
461 5322 579 5361 ms.
617 5298 811 5378 codex,
860 5323 1024 5361 num.
1057 5307 1109 5377 3,
1157 5311 1445 5378 postquam
1494 5298 1804 5362 libaverant

191 5388 413 5431 auroram
445 5380 701 5443 Domino,
736 5377 922 5431 MART.

245 5474 301 5485 -
328 5450 578 5512 Quidam
618 5464 791 5521 pones
824 5447 1089 5503 Martian.
1114 5466 1264 5521 gms,
1316 5449 1648 5516 libaverant,
1702 5465 1804 5521 pro

192 5512 491 5588 levaverunt,
528 5512 680 5576 satis
704 5520 973 5586 absurde,
1022 5512 1309 5591 quidquid
1362 5522 1471 5591 ipsi
1516 5512 1802 5590 videatur,

1909 4533 2143 4601 peccato
2175 4525 2373 4599 populi
2395 4525 2642 4581 oli‘erens
2676 4520 2950 4577 mactavit
2983 4519 3249 4573 hircum:
3284 4514 3549 4601 expiato-

1912 4600 2025 4691 que
2057 4617 2225 4672 altari
2260 4616 2340 4687 (h.
2379 4630 2492 4685 quo
2524 4613 2638 4668 loto
2678 4617 2854 4681 atque
2900 4608 3139 4677 oblato),
3197 4604 3335 4658 fecit
3383 4600 3547 4657 holo-

1909 4712 2207 4772 caustum,
2267 4704 2488 4759 addens
2544 4702 2605 4756 in
2658 4699 2942 4756 sacriﬁcio
3002 4696 3346 4758 libamenta,
3420 4708 3549 4762 quas

1910 4797 2129 4869 pariter
2159 4794 2500 4858 oﬂ‘cruntur,
2534 4796 2591 4845 et
2620 4788 2859 4845 adolens
2890 4803 2958 4842 ea
2987 4800 3163 4855 super
3190 4781 3393 4845 altare,
3416 4779 3550 4869 abs-

1911 4867 2025 4956 que
2063 4882 2420 4938 caeremoniis
2480 4877 2803 4934 holocausti
2865 4873 3157 4930 matutini.
3220 4867 3552 4956 Immolavit

1911 4954 1967 5029 et
1997 4973 2200 5027 bovem
2235 4975 2411 5040 atque
2440 4968 2701 5035 arietem,
2734 4964 2957 5020 hostias
2989 4960 3260 5032 paciﬁcas
3312 4954 3505 5027 populi
3537 4971 3551 5021 ;

1911 5059 2366 5129 obtuleruntque
2395 5056 2443 5111 ei
2484 5055 2589 5109 filii
2621 5055 2711 5109 sui
2760 5052 3132 5124 sanguinem,
3178 5062 3353 5119 quem
3406 5043 3556 5098 fudit

1912 5254 2100 5309 neque
2118 5237 2274 5291 enim
2287 5229 3092 5309 degustareHebraaislicebat
3113 5244 3241 5309 quae
3258 5225 3554 5304 offerrent:

1914 5301 2254 5365 Latinorum
2287 5307 2337 5361 is
2359 5301 2447 5361 cst
2477 5306 2850 5360 librariorum
2903 5301 3185 5377 solemnis
3232 5312 3411 5377 error,
3450 5301 3550 5377 qui

1912 5381 2136 5436 litteras
2168 5380 2188 5433 1
2222 5395 2323 5449 pro
2353 5383 2420 5445 E,
2464 5383 2520 5433 et
2552 5378 2590 5432 Β
2623 5393 2725 5449 pro
2757 5378 2816 5445 V,
2842 5392 2909 5430 ex
2940 5373 3097 5443 vulgi
3130 5371 3552 5442 pronuntiatio-

1915 5470 1985 5508 ne
2007 5451 2438 5507 substitununt.
