4068 6172
321 339 431 399 347

1355 348 1416 401 S.
1457 345 1868 402 HIERONYMI
1910 345 2162 400 DIVINA
2198 343 2697 399 BIBLIOTHECA.

3621 341 3738 397 348

323 470 696 542 snperaltare
715 474 776 529 in
807 472 1504 544 circuitu.Adipesautem
1543 471 1727 536 bovis,
1765 475 1968 525 etcau-
2003 475 2052 540 Α
2087 467 2223 524 ﬁliis
2258 469 2376 523 tuis
2405 469 2476 523 de
2497 466 2893 524 oblationibus
2925 466 3176 532 Domini,
3211 465 3734 540 sicutprmceptum

327 561 460 614 dam
493 561 694 616 arietis
718 562 801 634 (h.
837 562 1073 632 Adipem
1106 567 1302 616 autem
1341 560 1502 616 bovis
1546 565 1603 614 et
1632 558 1853 626 arietis,
1915 562 1972 612 et

322 649 568 705 caudam
602 650 820 719 arietis)
850 649 1325 720 renuneulosque
1360 664 1492 704 cum
1527 647 1799 718 adipibus
1821 648 1968 717 suis,

325 742 382 791 et
405 737 710 793 reticulum
734 737 952 808 jecoris
971 742 1294 808 posuerunt
1317 753 1493 808 super
1523 741 1776 806 pectora.
1792 734 1968 790 Cum-

323 840 437 894 que
466 827 707 880 cremati
738 832 939 882 essent
967 827 1169 897 adipes
1186 826 1244 880 in
1269 825 1463 894 altari,
1485 830 1717 897 pectora
1739 839 1966 891 eorum,

318 920 374 968 et
403 931 598 970 armos
628 917 860 973 dextros
892 917 1185 988 separavit
1229 918 1435 981 Aaron,
1492 915 1723 970 elevans
1770 930 1966 969 coram

322 1003 586 1070 Domino,
621 1003 774 1060 sicut
802 1009 1158 1076 praeceperat
1190 1005 1404 1061 Moses.
1441 1004 1510 1058 Et
1529 1005 1776 1058 tendens
1833 1019 1967 1056 ma-

318 1107 460 1146 num
493 1098 694 1148 contra
724 1095 1007 1165 populum
1041 1097 1083 1160 ¹,
1117 1094 1416 1149 benedixit
1445 1093 1514 1148 ei.
1551 1093 1761 1168 Sicque
1808 1107 1966 1145 com-

318 1179 488 1250 pletis
515 1181 726 1238 hostiis
758 1199 860 1254 pro
885 1188 1139 1253 peccato,
1173 1188 1230 1237 et
1264 1180 1645 1250 holocaustis,
1680 1186 1738 1235 et
1768 1180 1966 1251 pacili-

318 1268 424 1337 cis,
461 1270 784 1326 descendit.
816 1270 1072 1342 Iugressi
1105 1277 1299 1326 autem
1333 1277 1391 1326 et
1421 1271 1610 1325 Moses
1670 1273 1727 1324 et
1771 1276 1963 1325 Aaron

314 1358 758 1413 tabernaculum
783 1359 1128 1424 testimonii,
1163 1364 1220 1414 et
1251 1359 1534 1429 deinceps
1571 1357 1815 1429 egressi,
1873 1357 1966 1412 be-

315 1447 666 1502 nedixerunt
698 1449 932 1518 populo.
965 1449 1053 1514 (Β.
1086 1448 1179 1518 ν.)
1211 1448 1612 1520 Apparuitque
1642 1446 1824 1518 gloria
1855 1446 1962 1500 De-

320 1534 461 1588 mini
484 1536 640 1590 omni
675 1536 1062 1597 multitudini,
1095 1542 1152 1591 et
1173 1552 1306 1591 ecce
1334 1551 1606 1608 egressus
1629 1534 1782 1606 ignis
1805 1552 1836 1589 a
1857 1534 1963 1589 Do-

319 1623 499 1690 mino,
527 1626 816 1680 devoravit
846 1625 1282 1691 holocaustum,
1316 1631 1373 1680 et
1405 1625 1608 1696 adipes
1647 1625 1746 1696 qui
1795 1629 1964 1679 erant

317 1727 495 1782 super
523 1713 725 1768 altare.
763 1715 924 1778 Quod
957 1730 1091 1769 cum
1113 1714 1402 1770 vidissent
1442 1714 1647 1779 turbae,
1690 1713 1960 1768 laudave-

317 1807 456 1855 runt
487 1801 824 1871 Dominum,
856 1803 1173 1858 ruentesin
1207 1802 1384 1858 iacies
1409 1819 1566 1858 suas.

389 1889 466 1955 (Ο.
500 1891 631 1946 XII.
670 1893 796 1960 Cap.
831 1890 1335 1962 X.)Arreptisque
1355 1891 1558 1946 Nadab
1590 1895 1647 1945 et
1673 1889 1822 1945 Abiu
1853 1888 1956 1944 ﬁlii

318 1979 503 2034 Aaron
520 1979 863 2042 thuribulis,
911 1985 1234 2050 posuerunt
1250 1979 1444 2051 ignem
1467 1979 1844 2034 etincensum
1866 1978 1962 2032 de-

314 2083 513 2139 super,
545 2071 852 2124 oll‘erentes
884 2085 1077 2124 coram
1120 2069 1370 2124 Domino
1415 2067 1613 2139 ignem
1655 2066 1916 2122 alienum
1939 2085 1958 2122 :

314 2156 468 2226 quod
502 2156 586 2212 eis
609 2161 960 2228 praeceptum
999 2174 1115 2213 non
1143 2162 1284 2212 erat.
1322 2158 1716 2226 Egressusque
1749 2154 1903 2225 ignis
1924 2172 1958 2210 a

315 2243 586 2310 Domino,
610 2244 908 2301 devoravit
937 2262 1056 2311 eos,
1091 2250 1149 2300 et
1179 2247 1395 2300 mortui
1430 2249 1567 2300 sunt
1596 2259 1793 2299 coram
1848 2249 1956 2298 lno-

313 2331 496 2387 mino.
520 2332 674 2387 Dixit
703 2333 892 2389 Moses
923 2337 995 2388 ad
1027 2337 1214 2389 Aaron
1241 2325 1268 2388 τ’
1289 2334 1406 2388 Hoc
1435 2338 1526 2388 est
1553 2332 1707 2402 quod
1728 2331 1956 2386 locutus

311 2420 688 2476 estDominus
718 2422 1163 2479 :Sanctiﬁeabor
1194 2423 1252 2477 in
1275 2423 1348 2478 iis
1362 2423 1461 2493 qui
1480 2421 1956 2493 appropinquant

310 2509 478 2576 mihi,
512 2513 568 2563 et
599 2511 659 2564 in
695 2515 1009 2582 conspectu
1059 2510 1254 2566 omnis
1303 2509 1501 2581 populi
1561 2508 1952 2581 gloritieabor.

309 2597 472 2660 Quod
499 2598 746 2654 audiens
768 2601 952 2654 tacuit
981 2605 1198 2656 Aaron.
1228 2599 1462 2655 Vocatis
1525 2604 1719 2654 autem
1767 2601 1954 2653 Moses

309 2683 548 2740 Misaele
578 2690 636 2740 et
667 2685 980 2757 Elsapban,
1013 2686 1115 2740 ﬁlii
1140 2686 1317 2751 Oziel,
1354 2685 1548 2757 patrui
1595 2692 1810 2748 Aaron,
1873 2683 1954 2738 ait

314 2774 384 2828 ad
407 2790 545 2830 eos:
583 2775 666 2830 Ite
694 2784 750 2830 et
786 2775 974 2830 tollite
1014 2779 1220 2831 fratres
1268 2779 1490 2830 vestros
1535 2775 1605 2828 de
1636 2778 1949 2843 conspectu

309 2863 654 2932 sanctuarii,
682 2870 738 2918 et
769 2869 1064 2935 asportate
1095 2870 1254 2919 extra
1274 2868 1485 2919 castra.
1515 2862 1952 2932 Confestimque

305 2957 634 3023 pergentes,
686 2953 951 3008 tulerunt
1002 2969 1100 3009 eos
1159 2955 1314 3008 sicut
1351 2952 1646 3022 jacebant,
1706 2951 1950 3006 vestitos

304 3039 476 3095 lineis
502 3040 740 3105 tunicis,
767 3047 824 3096 et
853 3042 1146 3111 ejecerunt
1173 3042 1326 3096 foras
1383 3040 1466 3111 (h.
1526 3039 1950 3109 confestimque

303 3133 610 3199 pergentes
642 3129 904 3184 tulerunt
927 3146 1026 3184 eos
1059 3130 1117 3183 in
1141 3129 1362 3184 tunicis
1393 3129 1538 3193 suis,
1571 3134 1628 3182 et
1655 3129 1952 3199 ejecerunt

2079 564 2169 612 est
2199 556 2362 612 mihi.
2387 555 2800 611 Pectusculum
2832 572 3066 627 quoque
3097 557 3250 627 quod
3294 554 3558 612 oblatum
3617 561 3726 623 est,

2079 650 2136 700 et
2164 662 2391 700 armum
2425 644 2527 716 qui
2559 649 2863 716 separatus
2893 651 3002 709 est,
3034 645 3216 701 edetis
3248 645 3307 700 in
3359 645 3483 701 loco
3538 661 3717 702 mun-

2080 733 2326 790 dissimo
2357 738 2418 788 tu
2453 739 2508 789 et
2539 733 2643 787 ﬁlii
2676 735 2784 799 tui,
2836 751 2902 788 ac
2958 733 3091 788 filia:
3150 737 3263 789 tum
3314 739 3530 790 tecum.
3592 733 3723 790 Tibi

2077 823 2233 878 enim
2267 839 2330 877 ac
2364 823 2566 878 liberis
2598 822 2714 878 tuis
2747 823 3000 894 reposita
3032 827 3174 878 sunt
3201 823 3272 878 de
3309 822 3519 878 hostiis
3563 823 3724 879 salu-

2079 912 2304 967 taribus
2338 910 2590 967 ﬁliorum
2621 911 2797 966 Israel
2833 928 2935 967 :eo
2966 913 3120 983 quod
3152 927 3380 967 armum
3413 917 3468 968 et
3500 917 3721 984 pectus,

2076 1006 2134 1054 et
2178 1001 2377 1071 adipes
2436 1001 2536 1072 qui
2596 1005 2930 1055 cremantur
2991 1001 3050 1055 in
3107 1000 3302 1069 altari,
3357 998 3724 1056 elevaverunt

2075 1105 2270 1144 coram
2303 1089 2571 1155 Domino,
2605 1093 2661 1144 et
2711 1089 3041 1160 pertineant
3098 1090 3170 1145 ad
3220 1093 3298 1158 te,
3333 1097 3387 1144 et
3447 1091 3518 1145 ad
3567 1089 3720 1146 ﬁlios

2074 1181 2230 1244 tuos,
2262 1177 2388 1249 lege
2421 1182 2717 1249 perpetua,
2750 1177 2904 1232 sicut
2935 1178 3530 1249 praacepitDominus.
3562 1183 3722 1235 Inter

2074 1267 2194 1322 haac
2226 1267 2478 1334 hircum,
2513 1267 2613 1338 qui
2647 1266 2878 1322 oblatus
2911 1267 3102 1322 fuerat
3129 1284 3231 1338 pro
3264 1273 3522 1339 peccato,
3583 1284 3718 1323 cum

2073 1361 2356 1427 quaereret
2385 1355 2596 1420 Moses,
2624 1361 2894 1411 exustum
2928 1357 3161 1427 reperit,
3194 1357 3498 1428 iratusque
3517 1361 3720 1413 contra

2073 1444 2307 1500 Eleazar
2332 1449 2389 1498 et
2418 1443 2698 1509 Ithamar,
2730 1443 2880 1500 filios
2909 1447 3124 1513 Aaron,
3157 1445 3256 1516 qui
3288 1451 3714 1513 remanserant,

2069 1533 2183 1588 ait:
2213 1532 2472 1603 (Σωπείθου
2505 1533 2842 1588 comedistis
2887 1534 3140 1589 hostiam
3199 1551 3302 1606 pro
3361 1538 3594 1606 peccato
3655 1534 3713 1589 in

2070 1620 2195 1677 loco
2219 1625 2442 1687 sancto,
2481 1637 2609 1692 quae
2650 1626 2853 1676 sancta
2897 1627 3235 1677 sanctorum
3295 1628 3407 1691 est,
3461 1628 3520 1678 et
3575 1623 3713 1679 data

2067 1710 2230 1766 vobis
2262 1715 2328 1765 ut
2353 1711 2597 1781 portetis
2626 1709 2996 1781 iniquitatem
3023 1710 3445 1780 multitudinis,
3469 1716 3527 1766 et
3555 1727 3712 1780 roge-

2067 1798 2142 1854 tis
2173 1815 2275 1869 pro
2307 1815 2373 1854 ea
2405 1799 2463 1853 in
2495 1805 2811 1870 conspectu
2850 1799 3100 1868 Domini,
3135 1799 3464 1872 praesertim
3491 1816 3624 1854 cum
3639 1801 3710 1855 de

2067 1887 2355 1958 sanguine
2400 1886 2560 1942 illius
2610 1905 2725 1942 non
2777 1889 2855 1943 sit
2903 1887 3130 1944 illatum
3187 1892 3341 1945 intra
3382 1895 3604 1960 sancta,
3655 1893 3712 1944 et

2064 1975 2368 2030 comedere
2397 1991 2524 2031 eam
2557 1976 2898 2032 debueritus
2929 1976 2990 2031 in
3015 1977 3371 2044 sanctuario,
3399 1977 3551 2033 sicut
3574 1994 3712 2048 pm-

2063 2067 2297 2134 ceptum
2329 2069 2418 2119 est
2449 2063 2644 2119 mihi?
2703 2064 3018 2135 Respondit
3072 2067 3303 2121 Aaron:
3362 2064 3569 2121 Oblata
3619 2071 3711 2122 est

2061 2152 2234 2208 hodie
2264 2152 2500 2208 victima
2531 2170 2632 2224 pro
2666 2159 2920 2224 peccato,
2955 2159 3013 2208 et
3055 2152 3460 2210 holocaustum
3511 2171 3707 2210 coram

2060 2240 2342 2297 Domino:
2381 2239 2525 2296 mihi
2555 2245 2752 2298 autem
2804 2242 3037 2308 accidit,
3098 2243 3253 2313 quod
3313 2243 3496 2299 vides.
3557 2245 3708 2308 Quo-

2061 2331 2234 2385 modo
2265 2331 2427 2402 potui
2457 2333 2760 2386 comedere
2807 2348 2959 2395 eam,
3020 2337 3123 2388 aut
3180 2331 3406 2404 placere
3464 2332 3706 2388 Domino

2059 2417 2122 2474 in
2151 2418 2534 2484 caeremoniis,
2561 2425 2755 2476 mente
2782 2419 3017 2490 lugubri
3041 2420 3068 2474 ?
3099 2422 3263 2487 Quod
3283 2437 3416 2476 cum
3441 2421 3708 2478 audisset

2058 2505 2270 2575 Moses,
2304 2507 2526 2578 recepit‘
2549 2508 3023 2564 satisfactionem.

2126 2597 2208 2666 (Β.
2242 2595 2335 2665 VI,
2369 2599 2427 2652 C.
2489 2595 2607 2662 XV,
2642 2599 2782 2668 Cap.
2816 2597 2941 2665 XI.)
2975 2598 3232 2654 Locutus
3266 2604 3355 2654 est
3412 2598 3701 2657 Dominus

2055 2685 2126 2740 ad
2162 2685 2361 2741 Mosen
2394 2689 2453 2740 et
2497 2688 2687 2741 Aaron
2749 2687 2980 2742 dicens:
3036 2687 3222 2743 Dicite
3279 2687 3418 2743 ﬁliis
3477 2689 3697 2744 Israel:

2057 2774 2184 2829 Hinc
2213 2782 2350 2830 sunt.
2379 2774 2658 2830 animalia
2688 2792 2817 2846 qua:
2849 2777 3151 2832 comedere
3181 2777 3406 2832 debetis
3452 2779 3522 2833 de
3554 2795 3704 2833 cun-

2054 2863 2164 2918 ctis
2194 2863 2598 2919 animantibus
2628 2865 2709 2934 (h.
2747 2865 3254 2938 quadrupedibus)
3285 2874 3446 2921 terra:
3473 2883 3485 2920 :
3521 2865 3706 2923 Omne

2055 2950 2208 3020 quod
2242 2949 2421 3005 habet
2453 2950 2700 3006 divisam
2735 2951 3041 3021 ungulam,
3076 2957 3134 3008 et
3154 2953 3414 3009 ruminat
3442 2955 3500 3009 in
3535 2971 3703 3026 peco-

2054 3037 2236 3106 ribus,
2271 3039 2610 3094 comedetis.
2634 3039 2926 3110 Quidquid
2951 3045 3147 3115 autem
3165 3041 3704 3114 ruminatquidem,

2054 3131 2111 3182 et
2134 3127 2309 3182 habet
2341 3127 2648 3199 ungulam,
2682 3129 2781 3183 sed
2816 3144 2930 3183 non
2963 3129 3172 3184 dividit
3201 3145 3351 3196 eam,
3395 3129 3549 3186 sicut
3602 3149 3701 3188 ca-

298 3218 499 3285 foras),
523 3223 590 3272 ut
613 3217 726 3272 sibi
759 3217 946 3273 fuerat
968 3218 1344 3289 imperatum.
1373 3217 1444 3272 Et
1473 3217 1619 3271 dixzt
1649 3222 1836 3272 Moses
1869 3216 1938 3270 ad
1972 3201 2015 3268 C
2055 3217 2244 3272 melus
2271 3220 2329 3272 et
2385 3221 2612 3285 caetera,
2672 3233 2787 3272 non
2846 3218 3163 3274 comedetis
3220 3217 3388 3286 illud,
3446 3225 3504 3276 et
3552 3220 3704 3276 inter

296 3311 488 3360 Aaron
519 3315 572 3360 et
603 3307 675 3361 ad
709 3306 958 3374 Eleazar,
1013 3313 1189 3377 atque
1248 3305 1523 3370 Ithamar,
1583 3305 1734 3360 ﬁlios
1785 3307 1935 3375 ejus,

294 3393 495 3464 Capita
539 3398 730 3449 vestra
763 3393 942 3449 nolite
972 3395 1216 3462 nudare,
1250 3400 1308 3448 et
1355 3395 1705 3448 vestimenta
1761 3393 1937 3449 nolite

292 3483 578 3547 scindere,
623 3499 694 3538 ne
733 3484 879 3537 forte
939 3482 1300 3546 moriamini,
1359 3489 1416 3538 et
1475 3498 1649 3553 super
1701 3497 1936 3536 omnem

293 3575 509 3626 ccetum
533 3570 755 3626 oriatur
784 3571 1137 3642 indignatio.
1169 3571 1402 3626 Fratres
1447 3587 1680 3642 quoque
1736 3572 1934 3638 vestri,

297 3659 490 3714 omnis
521 3660 734 3714 domus
786 3661 985 3726 Israel,
1047 3660 1326 3730 plangant
1382 3659 1720 3714 incendium
1782 3660 1935 3730 quod

294 3746 582 3804 Dominus
612 3749 1081 3804 suscitavit:vos
1124 3754 1323 3804 autem
1383 3764 1498 3803 non
1558 3747 1937 3818 egrediemini

292 3836 444 3892 fores
470 3837 855 3902 tabernaculi,
888 3837 1150 3908 alioquin
1178 3836 1445 3908 peribitis
1467 3852 1480 3890 :
1505 3835 1698 3892 oleum
1720 3835 1938 3908 quippe

291 3930 505 3980 sancta:
538 3926 833 3981 unctionis
862 3930 951 3981 est
981 3941 1159 3997 super
1181 3943 1302 3980 vos.
1347 3925 1450 3988 Qui
1503 3925 1761 3980 fecerunt
1805 3941 1930 3980 on“.-

291 4012 388 4068 nia
406 4015 572 4083 juxta
607 4019 959 4085 praeceptum
986 4014 1149 4069 Mosi.
1185 4014 1269 4083 ('1‘.
1321 4013 1416 4069 Vl.
1469 4016 1527 4068 t1.
1575 4013 1926 4084 XIII.)Dixit

294 4117 526 4173 qucque
558 4102 846 4158 Dominus
877 4103 949 4158 ad
993 4106 1220 4157 Aaron:
1274 4103 1490 4156 Vinum
1545 4118 1718 4156 omne
1778 4102 1933 4172 quod

293 4189 584 4246 inebriare
613 4196 824 4259 potest,
859 4208 974 4246 non
1008 4191 1221 4246 bibetis
1251 4195 1311 4245 tu
1347 4195 1405 4245 et
1434 4189 1538 4245 ﬁlii
1562 4191 1670 4260 tui,
1703 4191 1935 4262 quando

292 4277 522 4334 intretis
549 4279 607 4332 in
630 4279 1074 4334 tabernaculum
1103 4279 1446 4348 testimonii,
1469 4295 1540 4334 ne
1561 4278 1891 4335 morianimi
1918 4299 1932 4347 ;

293 4369 433 4437 quia
457 4367 541 4434 (h.
577 4384 691 4422 non
716 4367 909 4432 habet)
935 4373 1288 4439 praeceptum
1316 4368 1741 4439 sempiternum
1763 4368 1938 4424 estin

294 4456 701 4527 generationes
730 4463 974 4513 vestras.
1009 4457 1080 4512 Et
1111 4463 1175 4511 ut
1197 4457 1458 4511 habeatis
1490 4457 1796 4512 scientiam
1822 4456 1936 4512 dis-

283 4543 558 4599 cernendi
591 4545 744 4600 inter
763 4549 1034 4600 sanctum
1057 4551 1114 4600 et
1134 4545 1624 4616 profanum,inter
1646 4544 1934 4616 pollutum
1972 4569 2015 4632 υ

280 4638 339 4688 et
370 4634 1237 4705 mundum,doceatisqueﬁlios
1262 4633 1442 4690 Israel
1462 4634 1933 4705 omnialegitima

282 4737 413 4778 mea
459 4738 589 4793 qua:
620 4721 852 4778 locutus
883 4727 972 4778 est
1003 4724 1286 4778 Dominus
1319 4723 1390 4778 ad
1425 4739 1524 4779 eos
1556 4740 1658 4794 per
1689 4739 1928 4778 manum

284 4812 450 4868 Mosi.
485 4814 566 4883 (C.
599 4812 769 4883 XIV.)
812 4813 1186 4884 Locutusq'ie
1215 4818 1306 4868 est
1355 4817 1544 4868 Moses
1597 4815 1667 4868 ad
1715 4818 1927 4879 Aaron,

281 4905 339 4957 et
369 4903 439 4956 ad
469 4902 729 4971 Eleazar,
761 4907 819 4956 et
842 4937 847 4942 -
868 4903 1127 4956 Ithamar
1181 4903 1334 4957 ﬁlios
1389 4903 1517 4973 ejus
1577 4901 1678 4973 qui
1710 4901 1929 4958 residui

276 4995 444 5046 erant
471 5008 483 5046 :
519 4989 726 5046 Tollite
760 4991 1136 5057 sacriﬁcium,
1160 4991 1315 5062 quod
1342 4991 1624 5047 remansit
1649 4991 1720 5046 de
1770 4991 1928 5046 obla-

276 5080 437 5134 tione
469 5080 726 5148 Domini,
757 5085 814 5136 et
843 5081 1125 5136 eomedite
1160 5079 1303 5135 illud
1364 5081 1588 5150 absque
1643 5080 1928 5136 fermento

269 5170 439 5239 juxta
463 5168 670 5234 altare,
706 5169 846 5240 quia
879 5173 1152 5224 sanctum
1185 5174 1524 5225 sanctorum
1573 5174 1680 5224 est.
1721 5171 1928 5224 Come-

273 5255 426 5312 detis
458 5261 654 5312 autem
688 5256 746 5311 in
777 5255 902 5311 loco
934 5261 1164 5323 sancto,
1186 5256 1337 5326 quod
1373 5256 1575 5310 datum
1609 5262 1696 5311 est
1735 5256 1841 5311 tibi
1872 5262 1929 5312 et

349 5419 364 5452 ¹
401 5416 652 5472 Diversa:
684 5421 1002 5472 occurrunt
1034 5415 1252 5471 vocula:
1277 5415 1384 5472 hoc
1415 5414 1540 5472 loco
1573 5416 1632 5471 in
1691 5415 1926 5472 Hebraeo

273 5510 331 5558 et
361 5504 730 5559 Samaritano
788 5509 968 5559 textu.
1031 5505 1309 5558 Hebraeus
1355 5505 1496 5574 legit
1552 5516 1678 5569 cum
1727 5490 1825 5573 ΒΝ,
1877 5506 1927 5560 el

277 5591 461 5658 haam,
497 5594 553 5646 id
585 5598 673 5646 est
704 5593 772 5646 ad
800 5592 1068 5662 populum
1099 5608 1112 5646 :
1143 5593 1552 5647 Samaritanus
1575 5605 1703 5657 nun
1735 5578 1826 5661 ὃν,
1867 5594 1924 5648 al

276 5663 464 5733 haam,
494 5678 661 5735 super
685 5664 777 5719 vel
807 5669 1002 5720 contra
1027 5664 1316 5736 populum.
1350 5668 1530 5720 MART.

2045 3305 2353 3360 immunda
2383 3305 2754 3376 reputabitis.
2788 3305 3243 3379 Choerogryllius
3276 3307 3374 3379 qui
3411 3309 3699 3378 ruminat,

2043 3394 2446 3466 ungulamque
2481 3411 2594 3449 non
2646 3393 2876 3462 dividit,
2924 3395 3268 3452 immundus
3317 3401 3456 3452 est:
3521 3397 3693 3469 lepus

2043 3499 2295 3554 quoque,
2330 3500 2464 3538 nam
2497 3488 2556 3538 et
2586 3483 2712 3554 ipse
2760 3483 3038 3551 ruminat,
3086 3485 3187 3540 sed
3240 3485 3523 3557 ungulam
3573 3503 3687 3542 non

2041 3572 2266 3628 dividit.
2303 3577 2367 3626 Et
2397 3589 2520 3640 sus,
2554 3572 2649 3642 qui
2685 3588 2816 3627 cum
2851 3573 3130 3644 ungulam
3163 3573 3403 3641 dividat,
3437 3592 3552 3630 non
3585 3593 3680 3630 ru-

2045 3661 2246 3716 minat.
2280 3660 2497 3716 Horum
2532 3660 2808 3716 carnibus
2841 3678 2953 3716 non
2983 3663 3321 3728 veseemini,
3357 3679 3462 3718 nec
3510 3665 3680 3719 cada-

2043 3766 2178 3805 vera
2207 3750 2584 3820 eontingetis,
2617 3750 2759 3820 quia
2787 3749 3098 3806 immunda
3126 3751 3311 3807 vobis.
3373 3753 3452 3822 (C.
3515 3752 3684 3824 XVI.)

2040 3842 2174 3893 Haec
2231 3843 2371 3892 sunt
2425 3838 2600 3892 etiam
2659 3853 2786 3908 qua:
2861 3838 3188 3910 gignuntur
3243 3837 3303 3894 in
3360 3840 3550 3912 aquis,
3627 3845 3685 3896 et

2040 3925 2194 3981 vesci
2226 3925 2452 3980 licitum
2485 3929 2595 3980 est.
2627 3925 2812 3981 Omne
2854 3927 3008 3996 quod
3062 3925 3238 3983 habet
3296 3928 3574 3998 pinnulas
3631 3934 3687 3985 et

2043 4029 2344 4085 squamas,
2379 4018 2499 4068 tam
2532 4013 2590 4068 in
2623 4015 2770 4068 mari
2805 4031 2982 4086 quam
3012 4015 3069 4069 in
3101 4015 3450 4073 ﬂuminibus
3481 4022 3538 4072 et
3569 4024 3685 4073 sta-

2039 4103 2172 4175 gnis
2196 4102 2278 4174 (b.
2305 4119 2419 4158 non
2443 4102 2636 4170 habet,
2659 4107 2717 4158 et
2745 4103 3685 4176 stagnis),eomedetis.Quidquid

2042 4196 2238 4248 autem
2280 4192 2557 4264 pinnulas
2610 4197 2667 4248 et
2724 4209 3005 4264 squamas
3058 4210 3174 4249 non
3227 4193 3400 4251 habet
3458 4213 3685 4260 eorum,

2043 4296 2170 4352 quas
2202 4281 2258 4334 in
2307 4281 2478 4351 aquis
2538 4287 2847 4336 moventur
2901 4287 2960 4337 et
3013 4281 3233 4349 vivunt,
3295 4283 3687 4340 abominabile

2041 4367 2205 4423 vobis
2235 4372 2292 4424 et
2323 4369 2738 4425 exsecrandum
2769 4369 2901 4437 erit,
2936 4386 3138 4426 carnes
3175 4387 3378 4426 eorum
3424 4390 3540 4428 non
3599 4389 3686 4428 co-

2043 4456 2311 4523 medetis,
2345 4461 2402 4512 et
2452 4457 2761 4530 morticina
2817 4457 3090 4514 vitabitis.
3153 4459 3374 4516 Cuncta
3403 4477 3524 4531 qua:
3569 4478 3685 4516 non

2046 4544 2266 4600 habent
2317 4545 2590 4616 pinnulas
2645 4551 2701 4600 ct
2750 4563 3032 4618 squamas
3088 4546 3146 4602 in
3208 4548 3404 4620 aquis,
3464 4551 3686 4622 polluta

2046 4637 2236 4688 erunt.
2317 4633 2401 4704 (C.
2489 4637 2690 4706 XVII.)
2759 4639 2891 4691 Haec
2963 4639 3102 4691 sunt
3171 4653 3298 4708 qua:
3357 4638 3428 4692 de
3481 4639 3686 4694 avibus

2041 4722 2345 4778 comedere
2377 4739 2489 4778 non
2521 4724 2764 4790 debetis,
2799 4729 2856 4779 et
2886 4724 3278 4780 vitandasunt
3294 4727 3457 4782 vobis
3482 4743 3496 4781 :
3521 4728 3684 4798 aqui-

2039 4809 2155 4865 lam
2185 4815 2241 4866 et
2269 4811 2574 4884 gryphem,
2608 4817 2666 4868 et
2718 4812 3070 4880 haliaeetum,
3131 4813 3374 4870 milvum
3435 4831 3500 4870 ac
3557 4814 3684 4870 vul-

2039 4902 2228 4954 turem
2253 4900 2425 4970 juxta
2453 4917 2640 4972 genus
2672 4918 2870 4972 suum,
2903 4907 2959 4957 et
2987 4917 3160 4958 omne
3191 4902 3408 4959 corvini
3451 4904 3684 4976 generis

2037 4987 2096 5043 in
2129 4987 2575 5046 similitudinem
2610 5006 2799 5058 suam,
2852 4992 3211 5059 strutionem,
3262 4995 3337 5062 {et
3385 4998 3679 5058 noctuam,

2038 5082 2096 5132 et
2125 5077 2337 5148 larum,
2371 5083 2428 5134 et
2457 5079 2796 5150 accipitrem
2822 5082 2995 5150 juxta
3024 5097 3208 5152 genus
3241 5097 3420 5137 suum
3448 5098 3461 5135 :
3493 5081 3680 5138 bubo-

2041 5182 2194 5230 nem,
2211 5165 2865 5238 etmergulum,etibin,
2881 5184 3156 5240 cygnum,
3175 5174 3232 5224 et
3253 5169 3680 5238 onocrotalum,

2037 5259 2095 5308 et
2126 5255 2594 5325 porphyrionem,
2630 5256 3004 5312 herodionem
3036 5263 3092 5312 et
3123 5257 3467 5314 charadrion
3510 5260 3685 5331 juxta

2107 5443 2176 5454 —
2207 5413 2460 5470 Urbinas
2490 5418 2547 5471 et
2576 5414 2822 5472 Palatin.
2860 5433 3025 5474 mss..
3060 5418 3392 5475 extendens:
3430 5425 3552 5476 tum
3582 5420 3679 5478 ille

2037 5503 2502 5583 paulopressius
2533 5505 2792 5583 Hebraeo,
2825 5508 2903 5560 ad
2947 5507 3230 5578 populum,
3288 5519 3414 5573 mm
3465 5495 3563 5580 5N,
3622 5517 3680 5565 et

2035 5577 2318 5630 benedixit
2347 5578 2418 5641 ei,
2455 5593 2555 5647 pro
2584 5579 2682 5632 eis.

2105 5663 2125 5696 ³
2155 5662 2348 5720 Nostri
2386 5679 2523 5733 ms.,
2555 5667 2618 5721 Et
2646 5665 2849 5734 omnis,
2880 5668 2991 5722 etc.
