4068 6172
230 377 314 432 349
1587 387 1803 439 LIBER
1840 387 2169 442 LEVITICI.

3472 390 3580 447 350

229 512 382 567 genus
405 512 590 563 suum,
641 513 897 569 upupam
951 515 1202 570 quoque,
1236 506 1292 555 et
1319 502 1816 574 vespertilionem.
1851 509 1900 571 Α
1936 506 2143 576 replili,
2177 509 2330 579 quod
2366 513 2628 564 movetur
2657 526 2834 582 super
2859 514 3064 566 teram.
3097 514 3212 582 Ego
3245 510 3401 566 enim
3441 527 3574 566 sum

230 585 294 654 (Ο.
323 584 531 656 XVIII.)
561 585 740 641 Omne
765 587 837 642 de
869 587 1210 644 volucribus
1243 592 1394 662 quod
1435 591 1698 663 graditur
1727 610 1824 648 su-

229 691 310 746 per
327 681 552 745 quatuor
570 675 764 745 pedes,
785 676 1180 732 abominabile
1200 680 1308 733 erit
1326 680 1508 736 vobis.
1529 681 1821 754 Quidquid

230 769 387 817 autem
419 762 672 818 ambulat
711 765 945 836 quidem
985 784 1162 838 super
1202 773 1452 839 quatuor
1492 771 1690 841 pedes,
1725 771 1823 825 sed

232 851 368 906 habet
401 850 655 923 longiora
693 860 847 909 retro
879 871 1065 920 crura,
1125 873 1226 927 per
1254 873 1383 928 qua:
1431 859 1568 914 salit
1616 876 1824 930 super-

229 944 424 1008 terram,
445 943 742 996 comedere
768 943 1017 1011 debetis,
1044 950 1211 1000 utest
1250 946 1507 1005 bruchus
1527 946 1584 1001 in
1617 964 1825 1019 genere

227 1045 329 1097 suo,
369 1032 420 1083 et
449 1035 673 1086 attacus
733 1035 906 1103 atque
967 1034 1411 1102 ephiomachus,
1464 1053 1527 1090 ac
1576 1036 1820 1107 locusta,

227 1117 607 1188 singulajuxta
628 1135 815 1190 genus
843 1137 1038 1176 suum.
1073 1122 1367 1194 Quidquid
1401 1130 1595 1179 autem
1629 1142 1695 1180 ex
1725 1143 1824 1180 vo-

224 1205 444 1260 lucribus
473 1211 723 1278 quatuor
754 1214 983 1264 tantum
1023 1211 1196 1266 habet
1241 1213 1438 1283 pedes,
1471 1214 1824 1269 exsecrabile

222 1295 307 1349 erit
324 1295 492 1364 vobis,
511 1300 566 1350 et
589 1297 950 1368 quicumque
974 1299 1284 1355 morticina
1321 1317 1521 1356 eorum
1545 1303 1820 1374 tetigerit,

221 1382 494 1454 polluetur,
525 1389 582 1438 et
613 1386 723 1440 erit
763 1386 1107 1444 immundus
1140 1405 1326 1460 usque
1370 1391 1442 1445 ad
1490 1408 1821 1462 vesperum,

217 1471 319 1524 etsi
347 1486 574 1528 necesse
605 1473 781 1530 fuerit
812 1481 875 1530 ut
924 1482 1114 1547 portet
1158 1479 1454 1550 quippiam
1488 1479 1697 1536 horum
1738 1481 1819 1551 (h.

218 1563 261 1612 et
285 1560 369 1631 qui
401 1563 708 1631 portaverit
731 1564 1032 1636 quippiam
1067 1566 1297 1637 horum)
1323 1573 1640 1639 mortuum,
1674 1568 1826 1624 lava-

218 1647 284 1701 bit
307 1649 640 1705 vestimenta
696 1669 824 1718 sua,
883 1659 940 1708 et
998 1654 1343 1712 immundus
1393 1657 1503 1711 erit
1533 1674 1718 1729 usque
1751 1659 1819 1713 ad

219 1752 440 1792 occasum
491 1740 649 1794 solis.
683 1741 865 1797 Omne
923 1743 1140 1798 animal
1192 1746 1344 1817 quod
1379 1746 1554 1802 habet
1586 1747 1816 1818 quidem

219 1826 482 1896 ungulam,
517 1830 618 1883 sed
674 1847 789 1885 non
834 1831 1042 1887 dividit
1071 1850 1220 1905 eam,
1255 1851 1358 1890 nec
1400 1836 1679 1901 ruminat,
1713 1837 1820 1891 im-
1857 1873 1900 1937 Β

220 1916 588 1937 ___,______,,
649 1922 692 1937 ,ι
727 1935 748 1937 ,ν
805 1920 854 1937 .,
901 1920 934 1937 ,.
1052 1921 1083 1937 .,
1241 1924 1254 1937 .
1419 1929 1428 1937 .
1543 1925 1554 1935 .

220 1916 462 1970 mundum
482 1918 614 1986 erit,
640 1922 696 1973 et
718 1920 818 1990 qui
840 1920 1093 1993 tetigerit
1113 1922 1280 1992 illud,
1305 1924 1820 1979 contamirlabitur.

216 2013 344 2076 Quod
371 2014 634 2069 ambulat
671 2033 851 2088 super
881 2034 1114 2087 manus,
1147 2037 1214 2075 ex
1245 2021 1474 2077 cunctis
1505 2021 1819 2076 animanti-

217 2099 320 2164 bus,
344 2117 461 2172 quae
485 2103 813 2159 incendunt
835 2107 1258 2180 quadrupedia,
1283 2108 1656 2165 immundum
1682 2112 1818 2166 erit:

217 2190 293 2259 qui
322 2191 566 2262 tetigerit
599 2194 906 2250 morticina
939 2211 1162 2264 eorum,
1198 2199 1492 2270 polluetur
1524 2217 1712 2271 usque
1751 2202 1822 2255 ad

216 2294 505 2349 vesperum.
534 2282 611 2336 Et
631 2285 726 2353 qui
751 2286 1065 2355 portaverit
1089 2287 1494 2358 hujuscemodi
1520 2291 1822 2356 cadavera,

215 2364 395 2422 lavabit
412 2371 764 2426 vestimenta
793 2389 921 2439 sua,
955 2380 1012 2429 et
1037 2376 1381 2432 immundus
1413 2379 1521 2432 erit
1540 2395 1726 2449 usque
1750 2379 1819 2433 ad

213 2470 500 2525 vesperum,
537 2460 681 2531 quia
730 2461 928 2517 omnia
957 2461 1078 2519 hinc
1108 2463 1413 2522 immunda
1462 2473 1602 2522 sunt
1633 2469 1818 2528 vobis.

212 2546 314 2599 Haec
341 2562 562 2618 quoque
599 2549 754 2604 inter
772 2551 991 2622 polluta
1013 2555 1444 2624 reputabuntur
1473 2559 1542 2612 de
1573 2559 1666 2615 his
1696 2578 1822 2632 qua}

213 2640 480 2690 moventur
505 2637 565 2691 in
601 2641 781 2707 terra,
831 2641 1085 2696 mustela
1116 2647 1174 2697 et
1219 2660 1350 2699 mus
1382 2649 1438 2700 et
1468 2650 1820 2716 crocoditus,

212 2719 410 2792 singula
433 2725 605 2792 juxta
633 2741 821 2797 genus
851 2745 1048 2792 suum.
1074 2731 1323 2802 mygale,
1359 2737 1416 2786 et
1445 2733 1821 2806 chamaeleon,

210 2825 251 2872 et
279 2819 470 2888 stellio,
505 2827 564 2878 et
592 2821 829 2892 lacerta,
861 2830 918 2880 et
944 2825 1118 2898 talpa,
1146 2830 1339 2883 omnia
1369 2829 1490 2887 haec
1518 2833 1826 2893 immunda

205 2915 351 2977 sunt;
398 2911 493 2979 qui
539 2913 801 2983 tetigerit
847 2915 1156 2971 morticina
1204 2934 1428 2987 eorum,
1477 2923 1822 2984 immundus

205 2997 291 3050 erit
318 3015 492 3070 usque
538 3001 617 3055 ad
668 3017 998 3073 vesperum,
1034 3011 1091 3059 et
1147 3023 1324 3077 super
1369 3011 1522 3079 quod
1555 3015 1826 3072 ceciderit

203 3085 480 3156 quidquam
513 3090 590 3145 de
615 3089 940 3147 morticinis
961 3109 1184 3164 eorum,
1218 3095 1534 3167 polluetur,
1569 3106 1687 3158 tam
1721 3122 1823 3161 vas

202 3172 419 3242 ligneum
452 3183 508 3232 et
539 3179 980 3247 vestimentum,
1006 3199 1182 3253 quam
1215 3185 1395 3255 pelles
1426 3194 1482 3242 et
1512 3189 1722 3256 cilicia,
1769 3201 1826 3250 et

206 3262 249 3316 in
286 3281 623 3338 quocunque
649 3268 712 3321 fit
751 3285 897 3340 opus
931 3270 1300 3342 intingentur
1327 3283 1571 3346 aqua,et
1602 3279 1824 3349 polluta

204 3361 344 3408 erunt
367 3372 550 3426 usque
578 3357 651 3411 ad
675 3374 1006 3428 vesperum,
1033 3364 1090 3414 et
1108 3360 1191 3416 sic
1223 3367 1424 3434 postea
1444 3369 1823 3424 mundabun-

206 3445 296 3496 tur.
320 3442 426 3498 Vas
455 3451 655 3500 autem
693 3446 885 3516 fictile,
937 3447 999 3502 in
1045 3451 1195 3519 quod
1251 3450 1459 3507 horum
1495 3456 1819 3528 quidquam

1938 593 2221 662 Dominus
2254 597 2353 658 qui
2384 598 2554 652 eduxi
2574 615 2674 654 vos
2697 601 2768 653 de
2804 604 2958 654 terra
2999 599 3246 671 Egypti,
3291 604 3357 654 ut
3385 615 3575 654 essem

1933 683 2096 738 vobis
2129 684 2184 738 in
2212 689 2410 740 Deum.
2443 687 2634 741 Sancti
2681 687 2863 755 eritis,
2895 689 3167 758 quoniam
3198 704 3303 758 ego
3335 695 3578 744 sanctus

1935 789 2088 826 sum.
2116 776 2232 828 Ista
2252 778 2339 829 est
2362 774 2449 830 lex
2473 775 2863 831 animantium
2879 793 2943 831 ac
2957 779 3279 846 volucrum,
3309 780 3367 831 et
3384 777 3575 832 omnis

1935 863 2138 916 animae
2165 863 2430 930 viventis,
2465 880 2593 934 qua:
2624 871 2886 920 movetur
2915 864 2975 919 in
2998 881 3170 934 aqua,
3205 868 3262 919 et
3291 868 3483 936 reptat
3513 864 3574 919 in

1933 953 2107 1020 terra,
2134 955 2198 1007 ut
2227 952 2582 1009 differentias
2627 953 2900 1008 noveritis
2929 953 3136 1008 mundi
3167 958 3224 1006 et
3260 952 3572 1020 immundi,

1934 1043 1991 1094 et
2013 1039 2211 1097 sciatis
2234 1041 2371 1113 quid
2408 1044 2708 1099 comedere
2739 1042 2946 1114 etquid
2983 1058 3259 1115 respuere
3291 1042 3570 1098 debeatis.

2004 1193 2090 1264 (B.
2124 1193 2245 1260 VII,
2279 1197 2337 1249 C.
2368 1198 2499 1265 XX,
2534 1196 2670 1268 Cap.
2704 1196 2846 1266 XII.)
2875 1196 3239 1265 Locutusque
3268 1197 3356 1250 est
3387 1195 3578 1250 Domi-

1934 1300 2048 1338 nus
2071 1283 2140 1337 ad
2164 1283 2382 1352 Mosen,
2409 1284 2643 1340 dicens:
2671 1286 2930 1357 Loquere
2955 1285 3092 1338 filiis
3118 1282 3313 1352 Israel,
3337 1288 3395 1338 et
3416 1283 3575 1338 dices

1934 1375 2003 1428 ad
2036 1391 2133 1428 eos
2167 1391 2180 1428 :
2208 1374 2438 1440 Mulier,
2463 1375 2510 1429 si
2535 1380 2802 1446 suscepto
2828 1375 3051 1430 semine
3071 1373 3155 1444 (h.
3179 1374 3308 1428 fuso
3329 1372 3574 1442 semine)

1933 1463 2221 1535 pepererit
2242 1463 2591 1533 masculum,
2631 1463 2936 1518 immunda
2955 1462 3063 1517 erit
3085 1467 3305 1533 septem
3347 1461 3574 1526 diebus,

1932 1553 2092 1622 juxta
2133 1551 2255 1607 dies
2298 1552 2686 1624 separationis
2739 1556 3071 1608 menstruae.
3128 1551 3197 1604 Et
3253 1549 3345 1604 die
3377 1555 3577 1605 octavo

1932 1640 2726 1696 circumcideturinfantulus
2751 1657 2763 1696 :
2791 1640 2919 1711 ipsa
2938 1656 3069 1694 vero
3103 1638 3344 1708 triginta
3389 1637 3578 1693 tribus

1932 1729 2137 1784 diebus
2154 1729 2480 1783 manebitin
2497 1729 2782 1800 sanguine
2803 1727 3372 1799 puriﬁcationissute.
3393 1725 3578 1782 Omne

1932 1823 2201 1872 sanctum
2216 1834 2330 1871 non
2355 1821 2686 1889 tanget,nec
2708 1816 3136 1888 ingredieturin
3152 1815 3550 1870 sanctuarium
3563 1857 3577 1882 ,

1933 1908 2114 1961 donec
2146 1906 2509 1977 impleantur
2539 1907 2663 1961 dies
2683 1905 3108 1976 puriﬁcationis
3129 1905 3354 1975 ejus(C.
3390 1903 3567 1972 XXI).

1932 1995 2030 2050 Sin
2057 1999 2250 2050 autem
2268 1995 2543 2049 feminam
2570 1993 3189 2066 pepererit,immunda
3209 1991 3317 2047 erit
3339 1991 3574 2046 duabus

1931 2084 2572 2153 hebdomadibusjuxta
2590 2085 2766 2138 ritum
2791 2082 2982 2137 ﬂuxus
3005 2080 3312 2144 menstrui,
3337 2085 3394 2134 et
3415 2094 3574 2134 sexa-

1931 2172 2095 2244 ginta
2124 2189 2190 2227 ac
2219 2190 2318 2228 sex
2349 2173 2557 2227 diebus
2587 2171 2844 2227 manebit
2866 2171 2924 2225 in
2969 2169 3257 2242 sanguine
3305 2167 3578 2240 purifica-

1931 2261 2109 2316 tionis
2140 2279 2280 2317 suae.
2315 2265 2573 2332 Cumque
2593 2259 2808 2332 expleti
2831 2260 3050 2313 fuerint
3071 2258 3196 2312 dies
3215 2254 3573 2328 puriﬁcatio-

1933 2349 2026 2404 nis
2051 2350 2202 2420 ejus,
2239 2366 2339 2420 pro
2365 2349 2526 2416 ﬁilio,
2550 2350 2670 2404 sive
2693 2364 2796 2419 pro
2829 2346 3196 2412 filia,deferet
3227 2359 3444 2415 agnum
3468 2359 3573 2418 an-

1932 2436 2194 2492 niculum
2228 2437 2284 2491 in
2309 2437 2740 2505 holocaustum,
2772 2441 2830 2492 et
2861 2434 3086 2507 pullum
3123 2433 3427 2497 columbae,
3453 2430 3574 2486 sive

1931 2529 2221 2581 turturem
2254 2543 2357 2598 pro
2390 2531 2622 2598 peccato
2663 2527 2734 2581 ad
2778 2527 2996 2581 ostium
3019 2521 3380 2579 tabernaculi
3411 2519 3578 2575 testi-

1935 2616 2135 2684 monii,
2169 2619 2227 2670 et
2269 2616 2459 2670 tradet
2502 2615 2810 2678 sacerdoti,
2860 2614 2961 2684 qui
3017 2613 3216 2668 offeret
3251 2609 3350 2665 illa
3381 2625 3573 2666 coram

1936 2703 2200 2772 Domino,
2260 2709 2315 2759 et
2376 2703 2600 2773 rogabit
2631 2719 2732 2774 pro
2773 2719 2860 2770 ea,
2911 2707 2969 2757 et
2998 2701 3082 2756 sic
3132 2697 3576 2755 mundabitura

1932 2793 2214 2864 profluvio
2255 2792 2560 2862 sanguinis
2592 2791 2704 2846 sui.
2741 2792 2859 2846 Ista
2888 2795 2977 2845 est
3006 2790 3095 2844 lex
3123 2787 3406 2859 parientis
3456 2802 3578 2840 ma-

1933 2881 2163 2936 sculum
2198 2885 2297 2936 aut
2327 2881 2624 2936 feminam.
2651 2880 2812 2944 Quod
2828 2879 3011 2934 sinon
3043 2875 3326 2932 invenerit
3368 2891 3576 2930 manus

1932 2971 2081 3040 ejus,
2116 2986 2218 3024 nec
2247 2969 2494 3041 potuerit
2525 2970 2726 3024 offerre
2748 2984 2989 3039 agnum,
3041 2969 3232 3021 sumet
3271 2969 3416 3018 duos
3446 2968 3574 3017 tur-

1932 3065 2092 3114 tures
2113 3057 2200 3113 vel
2232 3059 2378 3112 duos
2412 3057 2601 3130 pullos
2625 3057 2930 3126 columbae,
2962 3071 3144 3110 unum
3196 3053 3255 3106 in
3288 3051 3572 3107 holocau-

1933 3153 2111 3212 stum,
2144 3153 2200 3202 et
2232 3147 2480 3202 alterum
2537 3163 2640 3218 pro
2673 3150 2928 3218 peccato.
2984 3142 3301 3214 Orabitque
3347 3156 3454 3212 pro
3502 3155 3576 3194 ea

1855 3239 1896 3303 C
1934 3236 2223 3298 sacerdos,
2268 3238 2325 3288 et
2363 3234 2446 3288 sic
2489 3233 2893 3288 mundabitur.

2002 3391 2086 3456 (Β.
2119 3385 2238 3450 VII,
2271 3388 2328 3439 Ο.
2353 3384 2531 3454 XXII,
2578 3384 2707 3456 Cap.
2735 3384 2914 3452 XIII.)
2952 3385 3320 3453 Locutusque
3353 3385 3443 3437 est
3467 3385 3577 3436 Do-

1931 3474 2130 3530 minus
2162 3476 2233 3529 ad
2282 3474 2481 3529 Mosen
2512 3479 2568 3529 et
2616 3477 2821 3543 Aaron,
2869 3474 3107 3528 dicens:
3140 3471 3344 3538 Homo,
3378 3471 3438 3525 in
3470 3488 3579 3526 cu-

206 3528 328 3586 intro
371 3533 665 3600 ceciderit,
714 3535 1028 3606 polluetur,
1063 3543 1118 3592 et
1164 3539 1379 3596 idcirco
1432 3544 1819 3616 frangendum

1934 3565 2022 3634 ius
2053 3569 2185 3618 cute
2215 3568 2271 3618 et
2299 3579 2472 3618 carne
2517 3568 2680 3618 ortus
2712 3563 2888 3617 fuerit
2921 3562 3188 3617 diversus
3239 3560 3400 3616 color
3445 3560 3573 3616 sive

207 3624 290 3673 est.
318 3623 511 3678 Omnis
543 3623 921 3723 cibus-quem
973 3629 1307 3723 comedetis,
1359 3631 1403 3684 si
1461 3633 1589 3688 fusa
1650 3637 1823 3690 fuerit
1921 3623 2187 3723 ᾖυειυιε,
2223 3656 2324 3707 aut
2350 3652 2517 3722 quasi
2567 3652 2770 3707 lucens
2811 3652 3136 3722 quidpiam,
3179 3651 3233 3704 id
3267 3655 3357 3705 est
3380 3649 3575 3721 plaga,

205 3723 494 3812 “Wlfflin
523 3729 704 3812 δίίιξδυ
737 3713 1084 3812 ίῐξπηυηάυε
1117 3718 1262 3812 ϐτί-ιτ
1298 3724 1354 3774 et
1396 3738 1568 3776 omne
1593 3724 1821 3793 “quem!
1931 3713 2132 3812 lepraa,
2156 3743 2482 3796 adducetur
2501 3741 2570 3795 ad
2594 3743 2782 3795 Aaron
2801 3738 3280 3806 sacerdotem,vel
3307 3739 3373 3792 ad
3401 3755 3583 3793 unum

205 3800 326 3900 qui)?
357 3800 583 3900 δξὶξίιιξν
606 3802 678 3856 de
709 3803 977 3900 υιῐξίγθξδίξ
1009 3821 1165 3900 Υξὶῧθ,
1192 3805 1568 3900 immundum
1598 3813 1725 3868 θνίῖ·
1752 3815 1821 3868 Et
1929 3800 2251 3900 quemlibet
2280 3828 2532 3883 ﬁliorum
2556 3829 2703 3898 ejus.
2738 3829 3002 3894 Quicum
3027 3800 3234 3882 viderit
3257 3826 3476 3897 lepram
3513 3826 3572 3879 in

203 3887 447 3988 fillidﬂlfld
498 3891 575 3945 de
609 3891 934 3988 [Porticlnis
964 3892 1302 3988 ξδιίυῆφοάί
1337 3899 1611 3954 calide?“
1642 3919 1820 3974 super
1926 3887 2078 3985 cute,
2111 3923 2168 3972 et
2198 3917 2348 3988 pilos
2381 3918 2437 3972 in
2464 3887 2661 3972 album
2684 3921 2936 3972 mutatos
2959 3916 3236 3983 colorem,
3261 3915 3577 3986 ipsamque

205 3973 340 4040 illud,
369 3979 744 4034 immundum
770 3980 901 4050 erit,
934 3980 1054 4036 sive
1091 3981 1326 4053 clibani,
1356 3986 1475 4041 sive
1507 3973 1815 4061 chytropo-

1934 4007 2177 4079 speciem
2210 4011 2382 4078 lepraa
2433 4005 2806 4061 humiliorem
2850 4011 2984 4060 cute
3009 4010 3068 4060 et
3106 4021 3282 4060 carne
3324 4002 3577 4074 reliqua,

204 4062 303 4167 ὀξεῖ
337 4067 731 4167 ,destmef‘m’
779 4075 836 4167 fit
862 4070 1152 4126 immundi
1195 4082 1384 4130 emm'
1441 4076 1651 4167 FQUtos
1679 4096 1816 4136 νθΓο
1925 4062 2092 4167 plaga
2151 4062 2321 4166 lepra;
2350 4099 2459 4164 est,
2518 4095 2589 4150 ad
2623 4095 2936 4148 arbitrium
2972 4095 3102 4163 ejus
3135 4062 3505 4164 separabitur
3533 4126 3553 4147 .

203 4153 524 4226 θίοίεῖθτΰω,
552 4162 613 4212 et
633 4158 828 4212 omnis
866 4175 1150 4229 αςυεινυτη
1189 4165 1560 4236 congregatio
1597 4170 1816 4224 ωυηάι
1915 4153 2232 4240 Sinuautem
2260 4153 2458 4238 lucens
2487 4183 2705 4238 candor
2745 4183 2913 4238 fuerit
2962 4182 3021 4236 in
3052 4186 3203 4249 cute,
3240 4197 3345 4236 nec
3378 4179 3576 4233 humi-

203 4248 432 4342 el'ilanIi
461 4255 842 4309 Πιοΐῐίοίηυω
876 4271 1076 4312 eorum
1104 4259 1381 4329 tetigerit,
1416 4261 1726 4332 POlluelUI‘.
1754 4267 1811 4321 Si
1918 4274 2030 4342 lior
2059 4289 2232 4328 carne
2256 4271 2500 4342 reliqua,
2529 4277 2585 4326 et
2618 4271 2719 4342 pili
2751 4270 2962 4326 coloris
2999 4270 3256 4342 pristini,
3309 4267 3576 4325 recludet

204 4339 481 4396 ceciderint
513 4358 695 4413 super
733 4348 1078 4432 sementem,
1123 4363 1236 4402 non
1288 4349 1549 4419 polluent
1577 4369 1727 4408 eam.
1757 4356 1813 4410 Si
1918 4339 2056 4418 eum
2106 4339 2634 4431 sacerdos-septem—
2691 4359 2922 4429 diebus,
2970 4339 3026 4415 et
3059 4358 3452 4418 considerabit
3483 4358 3579 4413 die

204 4432 364 4484 autem
413 4431 708 4522 quiSpiam
769 4449 919 4500 aqua
961 4431 1298 4492 sementem
1358 4439 1698 4510 perfuderit,
1757 4449 1814 4498 et
1920 4451 2210 4522 septimo:
2239 4449 2606 4520 etsiquidem
2640 4448 2801 4521 lepra
2838 4449 2991 4504 ultra
3022 4467 3136 4504 non
3169 4448 3438 4517 creverit,
3472 4463 3577 4502 nec

204 4521 373 4583 Ροθῖεα
403 4520 731 4576 ωοΐῐίϐίηίε
761 4526 916 4578 tacta
960 4524 1154 4589 fuerit.
1197 4525 1349 4582 illico
1409 4527 1720 4598 POlluetUP-
1754 4532 1811 4586 Si
1921 4520 3578 4609 transierintincuteprioresterminos,rursumincludet

204 4610 463 4701 mortuum
499 4609 676 4701 fuerit
708 4611 1120 4701 ani_mal,quod
1152 4612 1282 4669 licet
1304 4616 1466 4672 vobis
1489 4619 1813 4686 comedere,
1850 4609 1892 4671 Ῐ)
1931 4631 2080 4701 Vulg,
2115 4628 2431 4698 reclaudet)
2461 4643 2594 4682 eum
2639 4631 2861 4698 septem
2908 4625 3114 4682 diebus
3170 4626 3328 4682 aliis.
3365 4626 3432 4681 Et
3482 4627 3578 4681 die

202 4693 280 4760 qui
300 4696 539 4752 cadaver
557 4700 688 4769 ejus
715 4698 988 4771 tetigerit,
1019 4702 1360 4758 immundus
1391 4706 1500 4759 erit
1528 4722 1717 4776 usque
1748 4710 1819 4764 ad

201 4795 498 4853 vesperum,
533 4792 591 4841 et
631 4789 730 4858 qui
763 4789 1077 4844 comederit
1127 4806 1196 4845 ex
1228 4807 1292 4845 eo
1339 4793 1664 4864 quidpiam,
1699 4796 1820 4852 sive

204 4875 502 4942 portaverit,
557 4874 774 4930 lavabit
830 4877 1180 4934 vestimenta
1229 4897 1353 4950 sua,
1390 4886 1446 4936 et
1477 4883 1820 4941 immundus

201 4959 289 5012 erit
333 4977 513 5034 usque
561 4963 631 5018 ad
673 4979 1002 5035 vesperum.
1064 4967 1145 5027 (C.
1201 4969 1376 5041 XIX.)
1426 4971 1610 5028 Omne
1660 4975 1816 5043 quod

200 5054 360 5118 reptat
389 5067 570 5124 super
599 5055 832 5120 terram,
855 5051 1249 5112 abominabile
1280 5060 1523 5123 erit,nec
1555 5078 1816 5117 assume-

205 5138 359 5194 turin
391 5139 610 5195 cibum.
672 5141 965 5213 Quidquid
1018 5161 1193 5215 super
1233 5154 1435 5218 pectus
1481 5150 1818 5221 quadrupes

202 5228 456 5292 graditur,
490 5233 548 5282 et
578 5228 792 5285 multos
851 5231 1025 5288 habet
1047 5236 1243 5305 pedes,
1277 5235 1396 5291 sive
1438 5255 1536 5307 per
1568 5237 1814 5294 humum

204 5317 444 5391 trahitur,
497 5337 611 5376 non
675 5323 1013 5392 comedetis,
1074 5323 1211 5394 quia
1265 5326 1655 5382 abominabile
1703 5333 1813 5384 est.

205 5415 363 5476 Nolite
392 5424 795 5480 contaminare
841 5421 1070 5477 animas
1109 5427 1351 5489 vestras,
1408 5441 1511 5479 nec
1559 5425 1816 5497 tangatis

204 5509 494 5581 quidquam
529 5527 750 5577 eorum,
778 5527 846 5566 ne
867 5510 1156 5565 immundi
1181 5511 1333 5568 sitis.
1362 5512 1477 5578 Ego
1495 5513 1650 5568 enim
1682 5531 1814 5569 sum

205 5597 455 5654 Dominus
487 5601 640 5655 Deus
670 5607 896 5655 vester:
933 5601 1116 5655 sancti
1149 5608 1351 5668 estote,
1381 5603 1520 5672 quia
1550 5618 1654 5672 ego
1681 5620 1814 5657 san-

205 5687 311 5739 ctus
354 5701 508 5742 sum.
556 5693 633 5744 Ne
683 5687 958 5761 polluatis
1006 5688 1234 5745 animas
1284 5695 1506 5746 vestras
1554 5689 1614 5745 in
1655 5690 1814 5747 omni

1930 4717 2180 4788 septimo
2211 4714 2702 4786 contemplabitur
2727 4731 2748 4776 ;
2775 4714 2823 4770 si
2858 4715 3166 4770 obscurior
3187 4715 3363 4770 fuerit
3393 4714 3577 4786 lepra,

1928 4811 2113 4861 etnon
2128 4805 2370 4860 creverit
2385 4803 3181 4869 mundabiteum,mundabit
3197 4803 3336 4874 quia
3349 4804 3578 4860 scabies

1928 4902 2054 4963 est;
2090 4893 2420 4962 lavabitque
2451 4892 2626 4947 homo
2673 4892 3024 4947 vestimenta
3063 4909 3190 4959 sua,
3225 4899 3281 4947 et
3312 4894 3574 4949 mundus

1928 4983 2052 5038 erit.
2085 4983 2243 5046 Quod
2281 4981 2330 5036 si
2391 4987 2700 5051 postquam
2735 4998 2768 5035 a
2816 4981 3117 5036 sacerdote
3163 4981 3320 5036 visus
3373 4986 3481 5049 est,
3516 4986 3575 5037 et

1928 5073 2191 5127 redditus
2247 5069 2568 5136 munditiae,
2609 5069 2821 5124 iterum
2855 5071 3014 5140 lepra
3036 5071 3298 5141 creverit,
3324 5071 3576 5125 adduce-

1926 5167 2023 5214 tur
2052 5160 2120 5213 ad
2146 5176 2302 5224 eum,
2335 5164 2392 5212 et
2424 5158 2810 5212 immunditize
2838 5159 3351 5214 condemnabitur.
3394 5159 3575 5230 Plaga

1927 5248 2097 5317 lepra:
2130 5249 2175 5300 si
2207 5246 2380 5301 fuerit
2424 5247 2485 5300 in
2538 5247 2794 5315 homine,
2829 5248 3149 5302 adducetur
3179 5249 3246 5303 ad
3303 5248 3571 5302 sacerdo-

1925 5341 2063 5399 tem,
2099 5340 2153 5389 et
2201 5334 2420 5389 videbit
2455 5350 2610 5390 eum.
2647 5338 2910 5406 Cumque
2951 5335 3109 5391 color
3143 5335 3308 5390 albus
3349 5335 3410 5390 in
3440 5341 3572 5393 cute

1924 5425 2118 5494 fuerit,
2144 5430 2200 5480 et
2219 5423 2562 5495 capillorum
2591 5424 2902 5480 mutaverit
2923 5428 3248 5495 aspectum,
3275 5424 3401 5495 ipsa
3422 5441 3569 5496 quo-

1926 5531 2035 5585 que
2067 5531 2196 5569 caro
2225 5513 2354 5568 viva
2385 5513 2757 5585 apparuerit:
2787 5513 2948 5583 lepra
2978 5513 3380 5568 vetustissima
3401 5515 3569 5584 judi-

1924 5603 2172 5668 cabitur,
2199 5600 2596 5674 atqueinolita
2615 5601 3566 5673 cuti.Contaminabititaqueeum

1925 5693 2222 5759 sacerdos,
2255 5695 2446 5748 etnon
2477 5689 2759 5759 recludet,
2795 5690 2932 5762 quia
2963 5689 3280 5762 perspicuae
3309 5691 3568 5752 immun-
