4068 6172
257 262 357 319 351

1317 264 1377 317 8.
1418 261 1830 317 HIERONYMI
1869 261 2121 314 DIVINA
2159 259 2656 315 BIBLIOTHBCA.

3571 252 3680 308 352

260 388 417 445 ditia
447 392 536 443 est
573 390 615 443 ί.
663 387 724 443 Si
783 390 975 442 autem
1033 385 1351 440 efﬂoruerit
1379 384 1717 439 discurrens
1749 384 1908 455 lepra
1938 385 1991 450 Α
2023 397 2122 438 eos
2151 383 2443 438 sacerdos.
2474 381 2532 438 Si
2565 379 3016 453 deprehenderit
3052 378 3482 434 subobscuram
3516 376 3674 434 albo-

258 477 318 532 in
351 483 503 544 cute,
536 483 587 532 et
619 475 913 547 operuerit
958 488 1191 528 omnem
1225 477 1415 527 cutem
1450 490 1483 526 a
1505 473 1695 544 capite
1729 488 1916 543 usque

259 567 330 622 ad
384 566 562 638 pedes
586 563 902 636 :quidquid
919 563 1028 617 sub
1060 565 1364 634 aspectum
1401 559 1704 617 oculorum
1737 561 1912 616 cadit.

259 652 652 710 considerabit
683 667 816 706 eum
846 650 1122 706 sacerdos
1169 649 1251 718 (h.
1287 649 1398 705 sub
1439 654 1677 721 aspectu
1719 650 1912 705 oculo-

260 759 392 798 rum
422 739 786 810 sacerdotis),
821 742 878 795 et
931 738 1115 794 teneri
1147 737 1309 810 lepra
1342 737 1734 794 mundissima
1749 737 1914 808 judi-

259 831 417 886 cabit
449 845 550 885 :eo
597 829 752 899 quod
810 828 1005 883 omnis
1044 829 1103 882 in
1153 828 1469 883 candorem
1527 843 1696 882 versa
1729 827 1827 893 sit,
1859 830 1916 882 et

255 919 470 974 idcirco
501 917 677 972 homo
700 917 959 972 mundus
979 916 1105 973 erit.
1131 916 1375 983 Quando
1395 932 1529 971 vero
1551 931 1683 970 caro
1713 915 1913 971 vivens

257 1006 315 1062 in
340 1022 406 1062 eo
437 1005 800 1077 apparuerit,
829 1008 970 1059 tunc
999 1004 1317 1059 sacerdotis
1341 1003 1563 1074 judicio
1596 1001 1909 1074 polluetur,

255 1095 484 1152 etinter
530 1095 829 1149 immudos
888 1093 1276 1164 reputabitur.
1321 1097 1462 1148 Caro
1505 1091 1662 1147 enim
1692 1091 1820 1147 viva
1862 1094 1910 1148 si

257 1184 420 1256 lepra
448 1189 814 1256 aspergatur,
867 1183 1178 1238 immunda
1220 1187 1329 1238 est.
1364 1183 1524 1246 Quod
1576 1182 1625 1237 si
1675 1197 1909 1237 rursum

252 1289 423 1329 versa
447 1273 620 1328 fuerit
643 1273 699 1327 in
726 1271 1007 1339 alborem,
1043 1275 1100 1327 et
1124 1276 1309 1326 totum
1351 1271 1644 1326 hominem
1677 1286 1914 1341 operue-

254 1361 350 1428 rit,
384 1361 780 1417 considerabit
825 1376 960 1415 eum
993 1361 1287 1426 sacerdos,
1344 1363 1402 1413 et
1452 1359 1741 1412 mundum
1782 1374 1911 1414 esse

255 1450 542 1506 decernet.
576 1453 716 1505 Caro
749 1454 804 1504 et
838 1448 1009 1515 cutis,
1042 1449 1100 1502 in
1127 1464 1242 1519 qua
1298 1448 1469 1502 ulcus
1500 1451 1701 1502 natum
1724 1450 1814 1502 est
1853 1451 1912 1502 et

253 1543 550 1603 sanatum,
583 1543 640 1593 et
667 1538 724 1592 in
750 1537 874 1592 loco
892 1537 1101 1592 ulceris
1121 1537 1363 1591 cicatrix
1384 1536 1723 1607 apparuerit
1751 1535 1906 1600 alba,

251 1628 371 1683 sice
395 1628 654 1696 subruta,
701 1627 1028 1681 adducetur
1059 1626 1233 1680 homo
1263 1627 1332 1680 ad
1367 1625 1726 1680 sacerdotem
1754 1641 1766 1679 :
1809 1623 1907 1694 qui

251 1733 384 1772 cum
447 1717 658 1772 viderit
708 1716 900 1770 locum
948 1715 1121 1786 lepra
1152 1715 1524 1770 humiliorem
1575 1730 1749 1769 carne
1776 1712 1909 1768 reli-
1938 1741 1984 1805 Β

250 1822 388 1876 qua,
417 1810 476 1860 et
523 1803 676 1876 pilos
729 1820 928 1859 versos
986 1804 1045 1858 in
1095 1803 1429 1870 candorem,
1477 1802 1902 1857 contauiinabit

251 1908 407 1963 eum,
440 1893 612 1964 plaga
635 1893 789 1948 enim
825 1893 996 1964 lepra
1027 1897 1153 1948 orta
1183 1897 1271 1947 est
1301 1892 1359 1945 in
1393 1889 1604 1945 ulcere.
1639 1892 1798 1955 Quod
1829 1890 1901 1944 si-

249 1980 408 2052 pitus
443 1981 656 2036 coloris
708 1985 796 2035 est
830 1979 1086 2051 pristini,
1133 1983 1189 2034 et
1227 1978 1467 2034 cicatrix
1509 1979 1896 2044 subobscure,

249 2074 308 2125 et
346 2069 540 2126 vicina
589 2086 764 2124 carne
816 2085 931 2123 non
965 2072 1056 2124 est
1103 2067 1404 2134 humilior,
1457 2066 1716 2123 recludet
1761 2083 1894 2122 eum

251 2162 473 2230 septem
507 2158 738 2213 diebus.
771 2158 842 2211 Et
887 2156 1177 2228 siquidem
1223 2156 1487 2222 creverit,
1537 2155 1900 2225 adjudicabit

247 2262 380 2302 eum
415 2245 609 2317 lepra.
641 2246 739 2299 Sin
773 2250 965 2300 autem
1009 2244 1236 2300 steterit
1277 2249 1336 2298 in
1367 2243 1492 2299 loco
1523 2260 1651 2313 suo,
1686 2243 1896 2298 ulceris

245 2340 338 2391 est
367 2333 624 2404 cicatrix,
679 2343 735 2388 et
783 2333 962 2388 homo
996 2334 1252 2388 mundus
1294 2332 1425 2388 erit.
1458 2333 1603 2387 Caro
1635 2338 1689 2387 et
1721 2332 1892 2399 cutis,

248 2439 424 2494 quam
458 2423 614 2493 ignis
646 2422 954 2491 exusseril,
987 2427 1045 2478 et
1076 2427 1284 2477 sanata
1316 2422 1509 2476 albam
1550 2422 1671 2476 sive
1701 2422 1892 2476 rufam

247 2511 518 2566 habuerit
578 2511 931 2579 cicatricem,
983 2510 1380 2566 considerabit
1409 2526 1536 2564 eam
1596 2511 1890 2579 sacerdos,

245 2605 306 2656 et
337 2616 468 2656 ecce
487 2617 651 2656 versa
672 2604 760 2656 est
786 2600 844 2653 in
866 2599 1122 2655 alborem
1146 2600 1227 2672 (h.
1261 2607 1312 2654 et
1343 2615 1474 2654 ecce
1505 2597 1658 2669 pilus
1689 2615 1892 2655 versus

245 2694 335 2744 est
363 2689 420 2744 in
456 2689 760 2757 alborem),
781 2691 840 2743 et
857 2687 1019 2744 locus
1032 2690 1160 2758 ejus
1183 2689 1410 2759 reliqua
1431 2693 1562 2743 cute
1576 2687 1887 2743 humilior:

241 2776 663 2833 contaminabit
699 2793 858 2842 eum,
891 2777 1031 2848 quia
1074 2776 1246 2848 plaga
1299 2775 1470 2848 lepra
1513 2778 1572 2830 in
1623 2775 1890 2832 cicatrice

242 2871 369 2923 orta
399 2870 506 2922 est.
531 2866 691 2932 Quod
725 2868 772 2921 si
809 2865 1058 2938 pilorum
1091 2865 1250 2921 color
1272 2882 1385 2920 non
1411 2865 1584 2921 fuerit
1619 2865 1892 2920 immuta-

243 2959 365 3024 tus,
403 2971 506 3010 nec
528 2954 806 3009 humilior
829 2953 999 3026 plaga
1020 2969 1191 3008 carne
1215 2953 1460 3024 reliqua,
1487 2956 1544 3008 et
1563 2953 1692 3024 ipsa
1716 2955 1890 3024 lepra

244 3043 470 3114 species
492 3043 660 3098 fuerit
683 3041 1345 3106 subobscura,recludet
1365 3058 1496 3097 eum
1521 3046 1744 3112 septem
1768 3043 1888 3096 die-

242 3105 381 3197 bus,
413 3136 472 3187 et
501 3132 597 3186 die
627 3133 880 3201 septimo
911 3130 1444 3202 contemplabitur:
1478 3131 1527 3185 si
1559 3105 1803 3186 creverit
1829 3131 1888 3185 in
1920 3105 1962 3171 (ἶ

243 3219 589 3290 cutelcpra,
648 3218 1073 3274 contaminabit
1118 3235 1274 3274 eum.
1307 3219 1400 3272 Sin
1448 3224 1644 3274 autem
1676 3219 1734 3273 in
1768 3219 1892 3275 loco

244 3325 352 3364 suo
383 3308 603 3364 candor
633 3308 863 3386 steterit
894 3324 1006 3362 non
1027 3306 1170 3362 satis
1199 3305 1414 3374 clarus,
1448 3306 1620 3378 plaga
1649 3308 1890 3362 combu-

243 3397 456 3456 stionis
486 3399 595 3464 est,
628 3401 686 3450 et
715 3395 930 3451 idcirco
950 3395 1352 3465 mundabitur,
1383 3395 1520 3464 quia
1543 3395 1780 3450 cicatrix
1801 3400 1890 3450 est

245 3486 659 3543 combustura.
693 3483 814 3550 Vir,
858 3483 980 3540 sive
1024 3483 1257 3549 mulier,
1281 3484 1339 3537 in
1372 3484 1542 3553 cujus
1566 3482 1772 3554 capite,
1807 3483 1891 3537 vel

244 3573 431 3630 barba
468 3572 884 3646 germinaverit
913 3572 1094 3643 lepra,
1124 3571 1342 3628 videbit
1370 3588 1470 3627 eos
1502 3573 1793 3628 sacerdos.
1826 3573 1894 3626 Et

242 3662 532 3733 siquidem
566 3660 816 3716 humilio
878 3662 1053 3715 fuerit
1110 3660 1274 3716 locus
1330 3677 1504 3716 carne
1553 3661 1803 3730 reliqua,
1835 3664 1893 3714 et

242 3750 491 3819 capillus
521 3751 707 3806 ﬂavus
763 3749 1056 3821 solitoque
1115 3748 1407 3817 subtilior,
1469 3748 1893 3805 contaminabit

239 3857 364 3907 eos,
399 3840 540 3911 quia
588 3839 749 3909 lepra
775 3838 982 3910 capitis
1041 3855 1106 3893 ac
1159 3837 1351 3893 barba
1410 3844 1515 3892 est.
1557 3837 1650 3892 Sin
1693 3843 1890 3893 autem

159 3959 161 3962 ‹
242 3929 454 3985 viderit
485 3929 676 3984 locum
737 3926 979 3982 macula
1033 3925 1300 3998 aqualem
1358 3928 1560 3982 vicina
1620 3927 1892 3994 carni,et

245 4017 522 4090 capillum
557 4017 816 4088 nigrum,
861 4015 1121 4070 recludet
1151 4031 1285 4070 eum
1315 4020 1541 4086 septem
1574 4015 1802 4081 diebus,
1834 4019 1892 4070 et

199 4093 204 4098 ’
245 4108 340 4163 die
371 4107 624 4178 septimo
657 4104 998 4160 intuebitur.
1029 4104 1087 4158 Si
1134 4121 1248 4158 non
1280 4105 1525 4158 creverit
1555 4103 1801 4169 macula,
1834 4109 1892 4158 et

245 4194 494 4265 capillus
515 4195 606 4250 sui
639 4192 849 4248 coloris
875 4197 1048 4257 est,et
1068 4192 1230 4248 locus
1251 4193 1432 4265 plaga
1463 4192 1620 4247 carni
1651 4192 1888 4263 reliqua

241 4283 507 4354 aqualis,
530 4283 768 4337 radetur
794 4281 964 4336 homo
997 4281 1373 4352 absqucloco
1423 4280 1686 4348 macula,
1718 4285 1776 4336 et
1805 4281 1890 4335 in-

241 4373 509 4429 cludetur
538 4375 760 4441 septem
794 4370 1000 4425 diebus
1050 4369 1202 4424 aliis.
1235 4370 1294 4425 Si
1345 4369 1436 4424 die
1483 4369 1734 4440 septimo
1765 4369 1889 4425 visa

2026 487 2148 526 rem
2181 471 2376 526 lucere
2404 471 2464 525 in
2496 475 2647 538 cute,
2676 471 2821 526 sciat
2851 485 2964 524 non
2988 467 3376 539 esselepram,
3408 467 3508 523 sed
3551 484 3676 523 ma-

2025 559 2218 615 culam
2251 559 2459 615 coloris
2490 558 2747 625 candidi,
2778 561 2836 612 et
2865 556 3167 612 hominem
3209 556 3522 611 mundum.
3561 555 3678 623 Vir,

2027 649 2097 704 de
2114 649 2285 719 cujus
2305 647 2495 720 capite
2516 646 2710 718 capilli
2734 649 2943 712 ﬂuunt,
2963 645 3159 701 calvus
3185 661 3249 699 ac
3267 644 3528 701 mundus
3548 649 3639 701 est
3663 665 3680 714 ;

2024 740 2082 793 et
2113 737 2160 792 si
2194 753 2227 792 a
2258 736 2444 792 fronte
2473 735 2810 790 ceciderunt
2858 733 2984 805 pili,
3030 732 3381 789 recalvaster
3411 737 3468 788 et
3509 750 3680 789 mun-

2023 826 2134 881 dus
2164 833 2268 881 est.
2301 825 2357 880 Si
2391 829 2586 879 autem
2634 823 2695 878 in
2741 822 2975 878 calvitio
3015 823 3135 878 sive
3186 821 3244 876 in
3295 821 3680 878 recalvalione

2022 915 2194 970 albus
2225 913 2311 970 vel
2345 914 2512 969 rufus
2542 912 2703 968 color
2732 911 2908 967 fuerit
2937 915 3195 978 exortus,
3235 916 3293 966 et
3335 910 3445 966 hoc
3486 927 3678 966 sacer-

2021 1003 2127 1059 dos
2159 1002 2390 1070 viderit,
2432 1001 2846 1058 condemnabit
2882 1016 3015 1056 eum
3049 999 3200 1056 haud
3263 1000 3438 1054 dubie
3480 999 3674 1071 lepra,

2021 1108 2151 1164 qua
2179 1097 2308 1147 orta
2336 1095 2426 1146 est
2455 1090 2514 1146 in
2546 1089 2795 1146 calvitio.
2844 1089 3207 1160 Quicumque
3245 1104 3384 1160 ergo
3415 1087 3670 1144 macula-

2019 1189 2118 1238 tus
2147 1180 2320 1236 fuerit
2347 1180 2531 1252 lepra,
2552 1184 2610 1234 et
2637 1183 2946 1251 separatus
2967 1179 3039 1234 ad
3063 1177 3376 1234 arbitrium
3404 1178 3673 1234 sacerdo-

2019 1268 2116 1337 tis,
2146 1268 2384 1324 habebit
2433 1267 2781 1323 vestimenta
2827 1266 3057 1322 dissuta
3103 1265 3184 1337 (h.
3240 1263 3468 1336 scissa),
3501 1269 3677 1337 caput

2021 1358 2272 1425 nudum,
2298 1375 2364 1413 os
2385 1361 2543 1412 veste
2572 1360 2927 1423 contectum,
2957 1354 3421 1411 contaminatum
3449 1370 3516 1410 ac
3555 1370 3672 1410 sor-

2021 1447 2225 1502 didum
2260 1463 2322 1502 se
2353 1445 2632 1500 clamabit
2660 1444 2740 1515 (h.
2766 1443 3232 1500 contaminatum
3265 1459 3330 1498 ac
3369 1443 3671 1498 sordidum

2021 1553 2155 1592 eum
2187 1534 2699 1603 clamabit).,0mni
2732 1539 2993 1604 tempore
3015 1549 3130 1604 quo
3151 1531 3420 1604 leprosus
3442 1536 3529 1587 est
3561 1532 3672 1586 im-

2021 1624 2304 1691 mundus,
2328 1623 2492 1679 solus
2530 1622 2820 1678 habitabit
2840 1628 3002 1677 extra
3023 1627 3232 1676 castra.
3253 1618 3440 1676 Vestis
3477 1619 3666 1690 lanea,

2018 1712 2458 1783 sivelinea,qua
2481 1709 3060 1783 lepramhabueritin
3085 1709 3336 1764 stamine
3348 1713 3524 1780 atque
3536 1709 3670 1765 sub-

2015 1802 2296 1873 tegmine,
2316 1807 2419 1856 aut
2439 1806 2591 1856 certe
2610 1799 2804 1870 pellis,
2837 1799 2922 1854 vel
2947 1798 3234 1870 quidquid
3257 1815 3326 1852 ex
3347 1797 3496 1869 pelle
3525 1814 3665 1853 con-

2010 1892 2227 1946 fectum
2252 1895 2362 1958 est,
2387 1890 2437 1945 si
2464 1889 2597 1945 alba
2620 1888 2706 1944 vel
2730 1889 2861 1943 rufa
2882 1887 3114 1943 macula
3135 1887 3306 1942 fuerit
3329 1887 3564 1955 infecta,
3591 1886 3666 1942 le-

2010 1997 2116 2052 pra
2128 1981 2517 2051 reputabitur,
2540 1978 2998 2048 ostendeturque
3013 1976 3319 2032 sacerdoti.
3341 1976 3448 2040 Qui
3475 1975 3666 2032 consi-

2007 2069 2271 2124 deratam
2297 2066 2558 2121 recludet
2576 2072 2800 2136 septem
2821 2065 3050 2131 diebus,
3082 2070 3138 2118 et
3157 2064 3251 2120 die
3272 2064 3525 2136 septimo
3541 2080 3668 2119 rur-

2008 2173 2111 2212 sus
2142 2155 2435 2227 aspiciens
2463 2155 2512 2209 si
2545 2154 2795 2210 crevisse
2826 2153 3301 2224 deprehenderit,
3334 2152 3496 2224 lepra
3526 2169 3664 2223 per-

2007 2260 2281 2300 severans
2311 2247 2439 2300 est:
2475 2242 2764 2314 pollutum
2789 2242 3088 2313 judicabit
3130 2242 3568 2310 vestimentum,
3600 2243 3660 2296 et

2005 2350 2178 2388 omne
2207 2335 2268 2388 in
2299 2349 2414 2403 quo
2448 2331 2621 2387 fuerit
2651 2331 2888 2386 inventa
2913 2348 2925 2386 :
2958 2335 3015 2385 et
3037 2330 3254 2386 idcirco
3275 2329 3654 2384 comburetur

2003 2422 2281 2478 ﬂammis.
2314 2421 2474 2484 Quod
2505 2420 2553 2475 si
2582 2436 2709 2474 eam
2742 2420 2948 2475 viderit
2993 2436 3107 2474 non
3141 2419 3414 2485 crevisse,
3445 2417 3648 2490 praci-

2002 2512 2140 2583 piet,
2173 2517 2230 2565 et
2285 2510 2560 2565 lavabunt
2592 2509 2647 2564 id
2683 2509 2738 2562 in
2789 2525 2905 2579 quo
2935 2507 3098 2579 lepra
3127 2512 3236 2575 est,
3269 2507 3646 2578 recludetque

2000 2597 2144 2654 illud
2177 2602 2398 2670 septem
2459 2597 2666 2652 diebus
2699 2596 2848 2652 aliis.
2885 2600 2952 2650 Et
2993 2613 3126 2652 cum
3171 2596 3380 2651 viderit
3435 2595 3641 2650 faciem

2000 2687 2238 2758 quidem
2255 2687 2566 2758 pristinam
2585 2703 2698 2741 non
2716 2702 3028 2753 reversam,
3053 2701 3157 2740 nec
3179 2691 3373 2740 tamen
3398 2683 3649 2739 crevisse

1998 2775 2242 2847 lepram,
2277 2775 2651 2830 immundum
2694 2775 3006 2846 judicabit,
3040 2779 3097 2829 et
3143 2773 3277 2846 igne
3325 2773 3646 2839 comburel,

1999 2882 2066 2921 eo
2106 2865 2258 2937 quod
2292 2863 2488 2919 infusa
2509 2865 2587 2919 sit
2617 2864 2675 2918 in
2695 2863 3004 2935 superficie
3043 2861 3402 2930 vestimenti,
3425 2861 3511 2916 vel
3545 2877 3651 2934 per

1997 2959 2209 3021 totum,
2242 2954 2422 3025 lepra.
2456 2953 2558 3009 Sin
2598 2959 2793 3008 autem
2828 2953 3133 3008 obscurior
3161 2953 3339 3008 fuerit
3368 2952 3530 3006 locus
3560 2949 3642 3005 le-

2002 3060 2140 3115 pra,
2167 3048 2480 3114 postquam
2513 3043 2691 3097 vestis
2717 3048 2808 3097 est
2838 3041 2976 3109 lota,
3009 3041 3314 3113 abrumpet
3343 3057 3501 3107 eum,
3525 3046 3582 3096 et
3611 3057 3645 3094 a

2003 3132 2187 3189 solido
2219 3132 2456 3187 dividet.
2489 3131 2652 3197 Quod
2667 3131 2717 3186 si
2743 3129 2896 3186 ultra
2919 3131 3257 3202 apparuerit
3288 3131 3348 3186 in
3380 3130 3472 3185 his
3503 3130 3646 3186 locis

2002 3238 2128 3293 qua
2147 3221 2308 3293 prius
2333 3219 2911 3287 immaculataerant,
2951 3220 3112 3288 lepra
3129 3219 3380 3275 volatilis
3401 3225 3458 3274 et
3479 3237 3643 3292 vaga,

2001 3311 2170 3366 debet
2197 3309 2329 3378 igne
2361 3309 2654 3365 comburi.
2685 3309 2741 3362 Si
2775 3303 3115 3377 cessaverit,
3141 3309 3359 3364 lavabit
3388 3325 3457 3364 ea
3483 3310 3646 3379 qua‘

2003 3416 2150 3471 pura
2182 3403 2341 3466 sunt,
2375 3399 2654 3464 secundo,
2687 3404 2746 3452 et
2801 3397 3018 3452 munda
3063 3401 3254 3452 erunt.
3288 3397 3405 3453 Ista
3435 3403 3526 3452 est
3556 3399 3647 3453 lex

2000 3487 2169 3558 lepra
2200 3485 2534 3541 vestimenti
2559 3484 2710 3541 lanci
2739 3489 2798 3540 et
2818 3485 2953 3541 linei
2975 3487 3268 3552 staminis,
3295 3491 3472 3557 atque
3503 3486 3648 3541 sub-

1999 3574 2298 3646 tegminis,
2331 3573 2643 3645 omnisque
2664 3573 3065 3646 supellectilis,
3091 3573 3328 3645 pellicia
3361 3577 3650 3646 quomodo

2001 3663 2274 3718 mundari
2305 3664 2512 3718 debeat
2538 3663 2626 3718 vel
2666 3663 3074 3718 contaminari.

2072 3755 2154 3825 (C.
2188 3753 2386 3822 XXIII,
2424 3753 2566 3822 Cap.
2599 3753 2774 3824 XIV).
2811 3757 3175 3822 Locutusque
3231 3757 3322 3808 est
3368 3752 3654 3809 Dominus

2000 3843 2071 3898 ad
2104 3843 2324 3909 Mosen,
2357 3842 2558 3896 dicens
2588 3859 2602 3897 :
2667 3842 2770 3898 Hic
2801 3847 2891 3897 est
2949 3841 3096 3897 ritus
3141 3841 3381 3913 leprosi,
3414 3843 3653 3912 quando

1999 3931 2375 3987 mandandus
2391 3936 2498 3986 est:
2516 3930 2936 3986 Adduceturad
2953 3931 3439 4002 sacerdotem,qui
3453 3947 3650 4002 egres-

1997 4036 2101 4076 sus
2131 4023 2292 4074 extra
2322 4024 2534 4079 castra.
2567 4035 2700 4074 cum
2732 4018 3019 4074 invenerit
3050 4017 3268 4091 lepram
3302 4036 3432 4075 esse
3474 4037 3645 4075 mun-

1999 4109 2217 4176 datam,
2261 4107 2558 4179 pracipiet
2589 4108 2638 4162 ei
2673 4108 2771 4178 qui
2808 4107 3174 4180 puriﬁcatur,
3210 4113 3275 4163 ut
3305 4109 3510 4164 offerat
3543 4126 3645 4181 pro

1995 4213 2058 4253 se
2085 4197 2232 4252 duos
2263 4212 2528 4266 passeres
2574 4196 2755 4263 vivos,
2815 4197 3034 4267 quibus
3065 4197 3216 4252 vesci
3273 4197 3502 4252 licitum
3535 4204 3646 4265 est,

1998 4291 2054 4341 et
2078 4285 2304 4357 lignum
2334 4285 2664 4352 cedrinum,
2687 4285 3193 4355 vermiculumque
3217 4291 3275 4340 et
3305 4285 3648 4357 hyssopum.

1997 4374 2068 4429 Et
2099 4390 2282 4428 unum
2315 4389 2382 4428 ex
2413 4372 2754 4444 passeribus
2779 4373 3318 4444 immolarijubebit
3347 4375 3406 4429 in
3431 4390 3562 4428 vase
3584 4374 3649 4427 fi-

240 4457 416 4514 iuerit
445 4457 682 4514 stetisse
708 4454 881 4528 plaga
905 4455 964 4510 in
992 4456 1114 4511 loco
1137 4472 1264 4525 suo,
1291 4472 1394 4511 nec
1417 4455 1698 4511 humilior
1718 4472 1892 4512 carne
1926 4468 1970 4532 Β
2003 4460 2122 4516 ctili
2147 4477 2323 4532 super
2343 4477 2528 4532 aquas
2543 4461 2799 4516 viventes
2825 4477 2837 4516 :
2863 4461 3046 4516 alium
3077 4467 3274 4518 autem
3298 4463 3491 4518 vivum
3515 4479 3649 4518 cum

239 4545 485 4617 reliqua,
506 4544 818 4600 mundabit
832 4559 990 4614 eum,
1011 4541 1261 4612 lotisque
1273 4545 1538 4600 vestibus
1557 4545 1704 4610 suis,
1722 4561 1890 4599 mun-

239 4636 351 4693 dus
380 4636 510 4691 erit.
533 4634 632 4689 Sin
655 4638 851 4689 autem
879 4637 1011 4704 post
1030 4634 1506 4690 emundationem
1541 4650 1748 4689 rursus
1770 4650 1891 4689 cre-

236 4724 383 4782 verit
415 4723 645 4779 macula
674 4724 732 4777 in
767 4727 918 4789 cute,
978 4738 1092 4777 non
1136 4727 1354 4794 quaret
1402 4723 1660 4794 amplius
1693 4728 1890 4777 utrum

233 4813 478 4885 capillus
510 4813 567 4867 in
634 4811 851 4866 ﬂavum
885 4808 1136 4866 colorem
1170 4810 1248 4865 sit
1306 4816 1720 4878 commutatus,
1755 4811 1895 4882 quia

232 4909 432 4976 aperte
460 4901 805 4956 immundus
835 4903 946 4955 est.
1008 4905 1183 4955 Porro
1216 4899 1263 4956 si
1295 4899 1524 4955 steterit
1555 4899 1804 4966 macula,
1836 4905 1895 4954 et

234 4991 431 5064 capilli
455 4990 609 5061 nigri
629 4989 868 5055 fuerint,
889 4989 1114 5043 noverit
1130 4987 1427 5043 hominem
1446 5004 1576 5044 esse
1594 4994 1891 5058 sanatum,

234 5086 293 5138 et
322 5079 683 5138 conﬁdenter
709 5093 841 5132 eum
876 5077 1214 5148 pronuntiet
1258 5077 1568 5132 mundum.
1603 5077 1723 5145 Vir,
1774 5076 1896 5133 sive

242 5169 476 5237 mulier,
510 5169 568 5223 in
603 5167 778 5239 cujus
799 5170 933 5221 cute
956 5166 1175 5221 candor
1195 5166 1551 5238 apparuerit,
1570 5165 1898 5222 intuebitur

323 5354 341 5389 ί
369 5349 500 5422 Legi
537 5347 711 5404 etiam
749 5346 844 5422 hic
888 5350 1100 5422 potest,
1136 5351 1201 5422 ut
1246 5345 1305 5399 in
1334 5361 1557 5422 canone
1595 5351 1653 5400 et
1677 5345 1902 5422 aliquot

254 5439 395 5476 mss.
431 5417 625 5486 libris,
668 5419 799 5490 quia
843 5417 1534 5490 perspicuegz‘mmundz'lia
1589 5427 1686 5471 est.
1718 5421 1897 5472 ΜΑιιτ.

322 5492 487 5548 Unus
525 5487 777 5555 Palatin,
814 5487 1219 5560 rrode’mnabit:
1255 5493 1311 5560 ct
1354 5487 1525 5558 paulo
1579 5493 1710 5560 post
1765 5504 1900 5543 cum

257 5562 756 5632 Urbinate,atque
773 5559 904 5615 aliis
935 5560 1086 5632 apud
1110 5558 1401 5625 Martian.,
1449 5558 1593 5628 Quid
1621 5563 1903 5632 perspicue

2002 4549 2161 4622 ligno
2192 4550 2450 4617 cedrino,
2484 4554 2542 4605 et
2571 4565 2741 4605 cocco
2772 4554 2830 4605 et
2861 4549 3137 4623 hyssopo,
3190 4551 3378 4623 tinget
3421 4551 3478 4606 in
3509 4568 3645 4606 san-

2001 4638 2179 4711 guine
2210 4638 2465 4708 passeris
2509 4637 2816 4708 immolati,
2851 4654 2967 4708 quo
3026 4645 3297 4712 asperget
3325 4638 3513 4707 illum,
3547 4639 3650 4710 qui

2006 4727 2384 4782 mundandus
2416 4732 2526 4793 est,
2550 4725 2789 4795 septies,
2816 4727 3029 4797 utjure
3051 4732 3349 4798 purgetur,
3371 4732 3427 4782 ct
3449 4727 3652 4782 dimit-

2008 4821 2082 4870 tet
2115 4831 2408 4887 passerem
2441 4815 2663 4880 vivum,
2699 4820 2763 4869 ut
2809 4814 2868 4868 in
2903 4831 3108 4888 agrum
3158 4817 3365 4872 avolet.
3398 4820 3656 4887 Curaque

2005 4903 2207 4959 laverit
2227 4902 2398 4958 homo
2428 4904 2777 4959 vestimenta
2801 4920 2927 4965 sua.
2945 4903 3107 4959 radet
3128 4921 3335 4960 omnes
3359 4905 3504 4976 pilos
3527 4921 3651 4960 cor-

2005 4992 2184 5063 poris,
2209 4994 2268 5047 ct
2290 4990 2778 5063 lavabituraqua:
2819 4992 3656 5065 puriﬁcatusqueingredietur

2005 5080 2313 5148 castra,ita
2346 5080 2628 5134 duntaxat
2661 5085 2722 5134 ut
2746 5085 2979 5136 maneat
3009 5086 3169 5136 extra
3208 5081 3651 5136 tabernaculum

2007 5185 2181 5225 suum
2215 5173 2435 5240 septem
2459 5168 2689 5237 diebus,
2723 5173 2780 5224 et
2811 5172 2868 5226 in
2895 5169 2989 5224 die
3019 5171 3270 5242 septimo
3288 5171 3456 5226 radat
3475 5170 3654 5243 capil-

2009 5344 2392 5402 immunditia
2419 5355 2519 5400 est.

2080 5419 2100 5451 ²
2137 5418 2379 5471 Videtur
2409 5433 2476 5472 ex
2509 5416 2751 5472 vocibus
2783 5434 2848 5472 ea
2871 5435 2988 5488 qua
3035 5435 3326 5476 nonnemo
3352 5419 3660 5488 scripsisse

2009 5505 2174 5560 aqua,
2207 5505 2274 5570 ex
2305 5504 2422 5615 ςςιο
2460 5489 2698 5558 factum,
2723 5495 2787 5544 ut
2809 5498 3124 5560 utrumque
3151 5491 3326 5548 simul
3351 5489 3661 5564 praeferant

2009 5561 2233 5615 vulgati
2282 5559 2320 5614 Ιι
2367 5575 2438 5615 ri.

2051 5576 2233 5632 uigau
2282 5576 2438 5615 uari.
