4068 6172
300 325 390 380 353
1662 334 1877 388 LIBER
1916 335 2006 388 LE
2014 336 2252 391 VITICI.

3557 341 3665 399 354

298 456 370 513 los
396 455 599 527 capitis,
629 460 993 526 barbamque
1018 457 1073 509 et
1094 453 1432 525 supercilia,
1468 471 1533 509 ac
1563 455 1745 511 totius
1776 472 1901 510 cor-
1933 471 1986 533 Α
2019 458 2206 526 [ναις.
2241 459 2491 531 leprosa]
2524 461 2618 530 sit,
2672 479 2739 517 ne
2772 463 3077 520 immunda
3131 465 3272 522 fiant
3311 468 3508 523 omnia
3538 485 3665 540 qua

298 553 428 623 poris
456 551 612 624 pilos.
638 555 707 605 Et
736 548 870 604 lotis
894 559 1129 600 rursum
1157 542 1418 598 vestibus
1440 547 1496 597 et
1527 559 1785 613 corpore,
1810 544 1903 598 die

300 646 468 696 octavo
496 644 753 697 assumet
782 637 933 691 duos
963 648 1145 704 agnos
1183 631 1617 697 immaculatos,
1653 636 1710 687 et
1738 648 1903 687 ovem

296 729 588 785 anniculam
620 729 845 798 absque
876 722 1126 787 macula,
1163 726 1219 775 et
1258 726 1376 775 tres
1406 721 1665 776 decimas
1695 720 1903 776 simila:

292 820 339 874 in
365 819 717 886 sacriﬁcium,
749 832 878 887 qua:
918 828 1233 882 conspersa
1263 811 1340 865 sit
1369 809 1514 877 oleo,
1548 815 1605 865 et
1636 826 1903 865 seorsum

291 907 380 963 olei
406 907 732 962 sextarium.
759 904 1025 972 Cumque
1056 899 1327 956 sacerdos
1362 899 1679 968 purificans
1710 898 1902 953 homi-

291 1012 414 1064 nem,
444 995 701 1050 statuerit
748 1008 883 1048 eum
915 994 973 1044 et
1003 990 1122 1043 haec
1174 988 1373 1043 omnia
1404 1004 1599 1043 coram
1656 986 1902 1042 Domino

290 1085 336 1139 in
357 1085 489 1139 ostio
509 1080 878 1139 taburnaculi
899 1076 1243 1145 testimonii,
1261 1076 1427 1133 tollet
1444 1093 1683 1149 agnum,
1700 1077 1905 1131 oll‘eret

290 1188 399 1227 eum
431 1189 523 1243 pro
545 1170 776 1236 delicto,
802 1168 1035 1239 oleique
1061 1166 1403 1222 sextarium.
1429 1166 1499 1220 Et
1530 1164 1746 1220 oblatis
1768 1168 1903 1219 ante

286 1261 562 1316 Dominum
597 1260 898 1326 omnibus,
938 1255 1272 1311 immolabit
1298 1270 1539 1326 agnum,
1570 1253 1668 1309 ubi
1703 1253 1903 1307 immo-

287 1350 373 1403 lari
423 1350 565 1405 solet
618 1348 811 1405 hostia
869 1362 972 1418 pro
1029 1348 1298 1415 peccato,
1352 1347 1410 1399 et
1470 1341 1900 1418 holocaustum,

286 1447 333 1500 id
358 1451 455 1513 est,
484 1448 538 1500 in
573 1446 701 1500 loco
733 1449 954 1499 sancto.
1007 1442 1172 1497 Sicut
1202 1439 1358 1495 cnim
1407 1456 1509 1511 pro
1542 1441 1797 1510 peccato,
1823 1438 1903 1491 ita

284 1540 331 1589 et
350 1551 438 1605 pro
455 1535 661 1589 delicto
687 1534 757 1588 ad
785 1531 1145 1587 sacerdotem
1172 1528 1422 1600 pertinet
1443 1526 1636 1581 hostia
1661 1544 1672 1581 :
1698 1532 1902 1581 sancta

283 1628 589 1678 sanctorum
626 1630 731 1676 est.
756 1622 1199 1689 Assumensque
1221 1617 1496 1672 sacerdos
1522 1617 1592 1670 de
1615 1616 1901 1685 sanguine

284 1711 481 1776 hostiae,
513 1727 642 1781 qua:
673 1709 976 1765 immolata
1005 1712 1093 1764 est
1125 1724 1225 1778 pro
1256 1706 1488 1771 delicto,
1523 1709 1696 1775 ponet
1726 1720 1903 1773 super

282 1806 577 1854 extremum
611 1796 890 1853 auriculae
922 1798 1134 1851 dextra
1161 1797 1313 1866 ejus,
1346 1795 1448 1865 qui
1482 1794 1820 1858 mundatur,
1845 1796 1903 1847 et
1932 1837 1977 1900 B

281 1904 433 1958 super
453 1889 689 1960 pollices
714 1902 925 1942 manus
949 1886 1162 1940 dextrae
1181 1888 1237 1939 et
1258 1883 1444 1954 pedis,
1471 1886 1526 1937 et
1548 1883 1618 1936 de
1640 1880 1748 1936 olei
1772 1897 1897 1936 sex-

280 1976 401 2032 tario
431 1977 619 2031 mittet
646 1976 706 2029 in
740 1990 972 2029 manum
1008 1989 1178 2028 suam
1226 1970 1551 2035 sinistram,
1598 1970 1900 2041 tingetque

282 2065 504 2136 digitum
536 2065 809 2119 dextrum
841 2063 901 2117 in
927 2078 1013 2127 eo,
1048 2068 1106 2117 et
1136 2065 1405 2131 asperget
1452 2058 1671 2128 septies
1701 2062 1901 2112 contra

277 2153 560 2208 Dominum
609 2151 795 2223 [Vulg.
827 2168 1022 2207 coram
1056 2149 1343 2219 Domino].
1375 2147 1538 2212 Quod
1584 2151 1778 2202 autem
1810 2162 1894 2200 res

274 2241 473 2313 liquum
487 2247 577 2298 est
594 2242 704 2297 olei
726 2242 787 2295 in
802 2240 942 2296 laeva
960 2239 1369 2307 manu,fundet
1385 2253 1562 2307 super
1573 2240 1898 2291 extremum

278 2330 520 2386 auriculae
552 2332 773 2385 dextrae
803 2331 954 2400 ejus,
986 2327 1085 2399 qui
1114 2326 1455 2395 mundatur,
1488 2330 1545 2379 et
1573 2339 1752 2394 super
1782 2323 1901 2393 pol-

275 2418 391 2473 lices
412 2436 626 2475 manus
650 2435 715 2474 ac
741 2418 905 2489 pedis
928 2415 1206 2482 dextri,et
1221 2430 1396 2486 super
1412 2412 1761 2484 sanguinem
1797 2410 1897 2482 qui

276 2516 417 2571 fusus
446 2522 531 2571 est
555 2533 661 2588 pro
684 2515 918 2582 delicto,
942 2518 997 2569 et
1027 2529 1205 2585 super
1236 2516 1410 2581 caput
1439 2512 1588 2580 ejus.
1621 2507 1899 2579 Rogabit-

278 2622 370 2676 que
394 2622 491 2677 pro
520 2621 590 2661 eo
623 2620 818 2661 coram
846 2604 1113 2669 Domino,
1144 2608 1202 2657 et
1223 2600 1391 2657 faciet
1412 2598 1762 2654 sacriﬁcium
1795 2614 1898 2667 pro

274 2701 505 2763 peccato.
554 2696 724 2749 Tunc
788 2692 1122 2748 immolabit
1168 2690 1601 2751 holocaustum.
1642 2692 1698 2741 et
1727 2693 1899 2756 ponet

272 2781 397 2837 illud
428 2784 483 2837 in
515 2784 693 2839 altari
726 2798 858 2837 cum
891 2781 1230 2836 libamentis
1274 2778 1422 2845 suis,
1468 2782 1524 2831 et
1577 2776 1750 2831 homo
1790 2775 1898 2830 rite

277 2872 661 2927 mandabitur.
686 2871 847 2935 Quod
873 2870 921 2925 si
946 2885 1168 2942 pauper
1192 2873 1300 2937 est,
1329 2870 1387 2922 et
1407 2882 1522 2921 non
1550 2868 1742 2937 potest
1774 2880 1897 2918 ma-

267 2976 364 3013 nus
383 2962 506 3030 ejus
525 2960 792 3015 invenire
813 2975 940 3029 quae
966 2959 1118 3013 dicta
1143 2962 1304 3023 sunt,
1327 2959 1522 3009 sumet
1543 2970 1760 3025 agnum
1792 2969 1895 3023 pro

268 3048 454 3103 delicto
485 3049 555 3103 ad
582 3048 941 3104 oblationem
972 3052 1036 3101 ut
1056 3050 1220 3117 roget
1250 3061 1352 3116 pro
1381 3060 1447 3098 eo
1479 3042 1773 3110 sacerdos,
1796 3042 1894 3095 de-

264 3136 573 3210 cimamque
606 3143 829 3208 partem
856 3134 1058 3191 similae
1080 3149 1407 3204 conspersae
1434 3131 1560 3187 oleo
1581 3132 1639 3185 in
1672 3130 1893 3187 sacrifi-

2016 546 2073 600 in
2106 547 2279 604 domo
2298 554 2457 604 sunt.
2492 552 2854 623 Intrabitque
2877 559 3100 624 postea,
3129 560 3194 609 ut
3218 557 3552 612 consideret
3573 558 3670 613 do-

2016 651 2148 689 mus
2181 635 2440 706 lepram:
2473 643 2694 695 etcum
2753 642 2965 696 viderit
3020 642 3078 696 in
3131 644 3457 714 parietibus
3507 645 3667 701 illius

2016 725 2185 793 quasi
2234 725 2538 783 valliculas
2581 728 2799 799 pallore
2846 732 2964 785 sive
2998 732 3211 787 rubore
3264 733 3577 801 deformes,
3611 739 3669 789 et

2015 811 2359 869 humiliores
2412 817 2722 886 superficie
2772 817 3020 889 reliqua,
3070 820 3406 891 egredietur
3449 823 3667 877 ostium

2014 902 2247 970 domus,
2280 908 2336 958 et
2365 905 2568 959 statim
2600 905 2830 961 claudet
2861 923 2986 962 eam
3020 914 3242 978 septem
3275 910 3511 965 diebus.
3546 910 3663 966 Re-

2012 1007 2333 1062 versusque
2368 994 2461 1049 die
2491 994 2764 1064 septimo,
2809 995 3205 1051 considerabit
3234 1012 3387 1052 eam.
3417 998 3473 1052 Si
3504 998 3668 1056 inve-

2014 1080 2163 1135 nerit
2192 1081 2443 1139 crevisse
2488 1082 2730 1154 lepram,
2757 1085 2992 1154 jubebit
3021 1087 3143 1141 erui
3178 1087 3402 1158 lapides
3442 1088 3502 1143 in
3537 1088 3667 1159 qui-

2013 1168 2122 1223 bus
2154 1170 2316 1240 lepra
2345 1177 2453 1242 est,
2484 1177 2540 1228 et
2568 1174 2774 1245 projici
2823 1189 2923 1229 eos
2952 1179 3113 1230 extra
3143 1176 3435 1231 civitatem
3485 1176 3544 1231 in
3578 1177 3665 1232 lo-

2012 1274 2144 1314 cum
2171 1260 2579 1316 immundum:
2608 1262 2846 1317 domum
2874 1267 3071 1319 autem
3098 1263 3286 1336 ipsam
3310 1264 3436 1319 radi
3462 1265 3675 1324 intrin.

2011 1362 2180 1402 secus
2234 1364 2336 1419 per
2377 1349 2711 1418 circuitum,
2758 1357 2813 1406 et
2855 1352 3051 1424 spargi
3103 1350 3401 1422 pulverem
3448 1370 3669 1411 rasura

2011 1439 2172 1489 extra
2193 1436 2396 1491 urbem
2426 1437 2486 1492 in
2507 1437 2701 1494 locum
2729 1440 3495 1512 immundum,lapidesque
3518 1441 3668 1498 alios

2012 1524 2213 1592 reponi
2246 1542 2348 1596 pro
2382 1526 2473 1580 his
2505 1528 2606 1598 qui
2639 1527 2818 1583 ablati
2848 1529 3087 1599 fuerint,
3120 1535 3176 1584 et
3206 1528 3329 1584 luto
3361 1529 3477 1585 alio
3509 1530 3670 1585 liniri

2011 1611 2270 1667 domum.
2304 1615 2403 1669 Sin
2429 1621 2619 1670 autem
2647 1622 2959 1687 postquam
2994 1617 3143 1673 eruti
3168 1624 3308 1672 sunt
3336 1618 3589 1690 lapides,
3615 1624 3673 1675 et

2012 1699 2204 1771 pulvis
2234 1719 2458 1771 erasus,
2491 1710 2547 1758 et
2576 1704 2691 1759 alia
2722 1704 3017 1775 terralita,
3048 1706 3353 1778 ingressus
3397 1708 3669 1763 sacerdos

2010 1790 2215 1845 viderit
2236 1808 2525 1848 reversam
2550 1794 2794 1865 lepram,
2817 1798 2874 1850 et
2896 1794 3146 1867 parietes
3169 1812 3442 1867 aspersos
3475 1795 3664 1867 [Vulg].

2012 1882 2330 1951 respersos]
2366 1882 2631 1952 maculis,
2679 1882 2841 1953 lepra
2888 1888 2977 1939 est
3027 1900 3430 1955 perseverans,
3462 1890 3521 1940 et
3553 1886 3663 1941 im-

2011 1968 2230 2023 munda
2260 1970 2509 2025 domus:
2544 1987 2723 2042 quam
2751 1972 2947 2027 statim
2981 1972 3306 2040 destruent,
3342 1977 3400 2028 et
3442 1972 3663 2040 lapides

2009 2057 2137 2125 ejus
2168 2074 2231 2111 ac
2251 2057 2428 2129 ligna,
2451 2064 2625 2130 atque
2651 2058 2992 2115 universum
3021 2059 3319 2131 pulverem
3356 2060 3667 2131 projicient

2008 2149 2170 2201 extra
2186 2146 2469 2217 oppidum
2501 2146 2559 2201 in
2582 2147 2776 2203 locum
2805 2148 3200 2203 immundum.
3225 2149 3332 2214 Qui
3362 2148 3667 2206 intraverit

2008 2234 2248 2289 domum
2282 2236 2518 2306 quando
2549 2236 2752 2292 clausa
2798 2242 2906 2304 est,
2940 2235 3286 2292 immundus
3330 2236 3441 2292 erit
3478 2254 3663 2308 usque

2009 2322 2081 2376 ad
2112 2337 2418 2393 vesperum
2446 2339 2459 2377 :
2494 2328 2551 2379 et
2583 2324 2684 2396 qui
2715 2324 3022 2380 dormierit
3055 2325 3113 2380 in
3145 2342 3233 2394 ea,
3262 2331 3319 2380 et
3348 2326 3664 2381 comederit

2007 2411 2325 2481 quippiam,
2352 2411 2568 2467 lavabit
2592 2414 2940 2469 vestimenta
2962 2429 3088 2469 sua.
3113 2414 3274 2479 Quod
3302 2414 3351 2469 si
3375 2414 3665 2471 introierit

2008 2500 2303 2569 sacerdos,
2336 2504 2392 2554 et
2425 2500 2635 2556 viderit
2663 2501 2887 2573 lepram
2939 2519 3053 2557 non
3087 2503 3339 2558 crevisse
3372 2503 3431 2557 in
3465 2503 3659 2572 domo,

2009 2590 2320 2657 potsquam
2345 2589 2537 2644 denuo
2560 2589 2663 2644 lita
2684 2590 2875 2656 fuerit,
2894 2591 3232 2661 puriﬁcabit
3252 2607 3404 2659 eam,
3434 2592 3663 2647 reddita

2007 2676 2276 2743 sanitate,
2305 2685 2357 2731 el
2386 2676 2446 2731 in
2480 2677 2943 2747 purilicationem
2968 2680 3097 2748 ejus
3128 2685 3323 2733 sumet
3348 2680 3495 2734 duos
3526 2696 3663 2751 pas-

2007 2779 2183 2833 seres,
2217 2764 2565 2837 lignumque
2599 2767 2930 2835 cedrinum,
2978 2773 3034 2821 et
3064 2767 3453 2822 vermiculum
3486 2774 3661 2838 atque

2006 2852 2349 2925 hyssopum,
2383 2859 2439 2909 et
2469 2854 2771 2910 immolato
2822 2872 2935 2910 uno
2968 2871 3203 2926 passere
3237 2856 3292 2909 in
3326 2872 3461 2911 vase
3495 2856 3658 2911 fictili

2006 2958 2184 3012 super
2239 2959 2422 3013 aquas
2475 2943 2653 3011 vivas,
2715 2943 2881 2999 tollet
2936 2943 3160 3014 lignum
3219 2944 3550 3010 cedrinum,
3600 2950 3657 3000 et

2004 3030 2350 3102 byssOpum,
2383 3035 2440 3087 et
2458 3048 2722 3100 coccum,
2742 3038 2799 3088 et
2820 3049 3117 3104 passerem
3140 3032 3357 3096 vivum,
3377 3038 3434 3087 et
3452 3033 3643 3105 tinget

2004 3120 2202 3174 omnia
2224 3122 2281 3175 in
2304 3122 2591 3193 sanguine
2610 3123 2867 3193 passeris
2885 3120 3191 3191 immolati,
3215 3121 3464 3192 atquein
3483 3123 3654 3193 aquis

266 3224 424 3289 cium,
475 3198 532 3282 ξι
579 3198 693 3281 όιθί
741 3226 1084 3289 sextarium,
1117 3198 1384 3293 duo-sque
1429 3225 1711 3285 turtures,
1772 3219 1893 3275 sive
1922 3198 1966 3266 C
2002 3208 2353 3279 viventibus,
2384 3219 2440 3265 et
2462 3215 2730 3282 asperget
2748 3211 2988 3266 domum
3013 3210 3249 3281 septies,
3285 3209 3653 3281 puriﬁcabit-

264 3313 392 3369 duos
413 3316 613 3386 pullos
660 3314 968 3379 columbae,
1025 3328 1277 3384 quorum
1327 3312 1404 3365 sit
1429 3326 1583 3365 unus
1614 3326 1717 3380 pro
1759 3325 1892 3380 pec-

261 3406 389 3470 cato,
440 3409 496 3458 et
547 3402 704 3457 alter
731 3402 793 3456 in
845 3401 1248 3457 holocaustum
1288 3415 1299 3453 :
1341 3398 1656 3469 offeretque
1703 3413 1769 3452 ea
1800 3396 1894 3452 die

258 3504 436 3555 octavo
477 3500 917 3573 purificationis
968 3515 1082 3553 suae
1116 3495 1425 3563 sacerdoti,
1460 3497 1529 3551 ad
1563 3496 1777 3551 ostium
1810 3502 1890 3551 ta-

255 3586 532 3645 bernaculi
589 3588 919 3644 testimonii
972 3604 1167 3642 coram
1232 3586 1491 3641 domino.
1545 3586 1650 3650 Qui
1701 3586 1891 3640 susci-

258 3674 400 3746 piens
430 3693 656 3751 agnum
691 3693 793 3749 pro
824 3676 1035 3731 delicto
1066 3681 1122 3730 et
1154 3675 1471 3730 sextarium
1503 3674 1634 3743 olei,
1675 3673 1892 3730 lavabit

258 3765 450 3833 simul;
483 3766 913 3836 immolatoque
970 3780 1143 3836 agno,
1175 3764 1245 3817 de
1292 3762 1576 3833 sanguine
1625 3763 1754 3831 ejus
1789 3779 1890 3833 po—

258 3857 339 3907 net
383 3871 559 3927 super
608 3858 937 3909 extremum
992 3852 1274 3907 auriculae
1331 3851 1541 3905 dextrae
1593 3850 1755 3904 illius
1788 3850 1887 3921 qui

258 3944 581 4009 mandatur,
614 3948 675 3999 et
717 3956 895 4013 super
924 3940 1161 4011 pollices
1213 3956 1424 3994 manus
1462 3940 1591 4008 ejus
1624 3955 1690 3994 ac
1722 3939 1887 4009 pedis

256 4028 456 4087 dextri:
512 4032 625 4088 olei
656 4046 790 4085 vero
842 4034 1065 4100 partem
1113 4029 1305 4082 mittet
1334 4026 1393 4081 in
1446 4043 1683 4082 manum
1718 4044 1886 4083 suam

254 4117 556 4186 sinistram,
587 4121 646 4175 in
710 4136 825 4190 quo
858 4119 1092 4189 tingcns
1142 4115 1390 4188 digitum
1424 4118 1637 4170 dextra:
1672 4132 1885 4171 manus

253 4214 498 4281 aspergat
529 4208 753 4279 septies
784 4222 982 4262 coram
1019 4204 1261 4260 Domino
1298 4222 1310 4259 :
1343 4209 1661 4275 tangetque
1693 4211 1883 4260 extre-

251 4310 389 4351 mum
423 4299 637 4353 dextrae
657 4296 933 4369 auriculae
964 4293 1124 4348 illius
1174 4293 1273 4365 qui
1302 4294 1640 4359 mundatur,
1676 4298 1732 4348 et
1765 4293 1885 4364 pol-

247 4379 367 4439 lices
398 4401 615 4441 manus
646 4400 713 4439 ac
738 4384 906 4455 pedis
940 4382 1147 4449 dextri,
1194 4382 1252 4435 in
1285 4381 1410 4436 loco
1442 4381 1750 4453 sanguinis
1780 4382 1882 4453 qui

247 4472 446 4529 eli'usus
475 4480 569 4530 est
620 4490 725 4545 pro
776 4472 1030 4527 delicto:
1082 4470 1369 4540 reliquam
1418 4474 1613 4525 autem
1661 4477 1882 4542 partem

2004 3314 2116 3369 que
2173 3314 2302 3353 eam
2359 3298 2419 3353 in
2478 3299 2765 3370 sanguine
2821 3299 3075 3371 passeris
3133 3314 3311 3369 quam
3364 3298 3422 3353 in
3481 3302 3654 3370 aquis

2000 3387 2357 3458 viventibus,
2380 3393 2438 3443 et
2462 3388 2519 3443 in
2545 3405 2779 3459 passere
2807 3390 2962 3458 vivo,
3010 3388 3286 3460 lignoque
3336 3386 3573 3443 cedrino
3597 3394 3656 3443 et

1999 3475 2250 3547 hyssopo
2280 3481 2454 3547 atque
2500 3478 2837 3533 vermiculo.
2892 3478 3157 3550 Cumque
3195 3476 3488 3532 dimiserit
3522 3493 3651 3548 pas-

2000 3581 2188 3619 serem
2232 3564 2461 3620 avolare
2491 3566 2549 3621 in
2603 3583 2811 3639 agrum
2860 3566 3062 3636 libere,
3095 3566 3283 3621 orabit
3314 3582 3419 3638 pro
3452 3566 3647 3632 domo,

1999 3657 2055 3707 et
2074 3654 2209 3722 jure
2258 3654 2660 3710 mundabitur.
2721 3655 2839 3710 Ista
2868 3662 2957 3710 est
3003 3654 3095 3709 lex
3142 3655 3335 3709 omnis
3389 3653 3560 3725 lepraa
3591 3657 3649 3709 et

1998 3757 2384 3811 percussum,
2419 3741 2590 3813 leprze
2613 3743 2884 3812 vestium,
2917 3747 2971 3798 et
2993 3744 3325 3809 domorum,
3359 3740 3649 3797 cicatricis

1997 3834 2054 3882 et
2084 3830 2517 3899 erumpentium
2542 3830 2910 3901 papularum,
2946 3830 3194 3886 lucentis
3227 3829 3491 3895 maculae,
3511 3828 3648 3883 etin

1996 3916 2186 3971 varias
2217 3918 2439 3987 species
2469 3917 2762 3974 coloribus
2806 3918 3165 3988 immutatis,
3191 3923 3253 3973 ut
3272 3917 3461 3989 possit
3512 3917 3649 3972 sciri

1997 4020 2113 4075 quo
2164 4012 2421 4076 tempore
2468 4008 2754 4062 mundum
2804 4008 2945 4079 quid
2997 4007 3083 4062 vel
3132 4006 3511 4061 immundum
3546 4005 3642 4060 sit.

2068 4130 2151 4202 [T.
2190 4130 2328 4195 VIII,
2364 4134 2424 4185 Β.
2459 4131 2606 4197 VIII,
2638 4132 2698 4187 C.
2732 4130 2897 4201 XXV,
2944 4130 3072 4201 Cap.
3106 4130 3240 4200 XV.]
3275 4129 3644 4198 Locutusque

1993 4223 2082 4273 est
2116 4218 2395 4273 Dominus
2438 4220 2510 4274 ad
2541 4222 2736 4273 Mosen
2784 4223 2840 4274 et
2878 4226 3093 4286 Aaron,
3144 4219 3389 4274 dicens:
3426 4217 3644 4287 Loqui-

1993 4307 2139 4361 mini
2200 4306 2336 4363 ﬁliis
2397 4307 2595 4373 Israel,
2648 4313 2704 4362 et
2733 4307 2909 4362 dicite
2940 4308 3066 4363 eis:
3120 4307 3235 4372 Vir,
3270 4309 3369 4378 qui
3425 4307 3646 4378 patitur

1992 4396 2216 4451 ﬂuxum
2247 4396 2513 4463 seminis,
2545 4396 2888 4452 immundus
2919 4399 3049 4452 erit.
3085 4398 3154 4452 Et
3184 4403 3323 4452 tunc
3347 4395 3644 4464 judicabi-

1992 4488 2089 4540 tur
2116 4484 2251 4539 huic
2281 4484 2419 4539 vitio
2438 4485 2761 4554 subjacere,
2792 4501 2926 4540 cum
2959 4502 3061 4557 per
3077 4490 3376 4541 momenta
3406 4484 3645 4555 singula

246 4558 359 4626 olei,
390 4579 514 4634 qua:
546 4568 642 4619 est
673 4563 732 4617 in
755 4561 1007 4616 sinistra
1029 4575 1231 4625 manu,
1260 4559 1455 4613 mittet
1488 4574 1665 4631 super
1702 4564 1879 4631 caput

2003 4574 2296 4629 idhaeserit
2352 4572 2510 4629 carni
2556 4572 2736 4642 illius,
2797 4578 2972 4644 atque
3021 4575 3381 4630 concreverit
3451 4573 3642 4628 fmdus

244 4650 541 4721 purificati,
576 4651 849 4721 utplacet
894 4665 996 4720 pro
1018 4664 1084 4703 eo
1116 4648 1464 4703 Dominum;
1503 4654 1560 4703 et
1594 4652 1878 4705 turturem

245 4744 345 4801 sive
375 4748 608 4818 pullum
640 4746 930 4802 culumsz
952 4745 1170 4814 offeret,
1206 4761 1389 4799 unum
1416 4761 1519 4815 pro
1547 4744 1779 4812 delicto,
1822 4751 1880 4801 et

244 4832 469 4892 alterum
504 4837 564 4891 in
600 4836 1011 4892 holocaustum
1042 4850 1175 4889 cum
1208 4832 1545 4888 libamentis
1585 4832 1729 4889 suis.
1761 4833 1879 4892 Hoc

245 4929 319 4977 est
345 4926 702 4982 sacriﬁcium
737 4923 971 4996 leprosi,
1006 4925 1105 4995 qui
1147 4923 1361 4979 habere
1392 4938 1507 4977 non
1540 4925 1733 4993 potest
1753 4938 1878 4978 om-

244 5012 327 5068 nia
352 5016 410 5070 in
454 5014 943 5073 emundationem
990 5013 1082 5069 sui
1116 5014 1200 5083 [Ο.
1244 5011 1467 5083 XXIV.]
1504 5012 1879 5085 Locutusque

242 5107 315 5155 est
345 5104 632 5159 Dominus
671 5105 741 5159 ad
765 5107 959 5159 Mosen
991 5107 1047 5159 et
1094 5104 1305 5168 Aaron,
1340 5100 1579 5155 dicens:
1613 5101 1755 5156 Cum
1787 5101 1878 5156 in-

239 5192 404 5258 gressi
435 5192 672 5248 fueritis
702 5198 922 5248 terram
972 5192 1270 5269 Chanaan,
1324 5205 1504 5261 quam
1563 5206 1670 5262 ego
1728 5190 1876 5247 dabo

240 5279 383 5335 vobis
407 5282 466 5337 in
498 5282 962 5353 possessionem,
993 5282 1043 5338 si
1068 5279 1240 5335 fuerit
1259 5278 1434 5351 plaga
1459 5278 1629 5350 leprae
1660 5278 1719 5333 in
1746 5278 1879 5334 mdi-

239 5364 351 5439 bus,
382 5369 494 5425 ibit
525 5370 698 5440 cujus
743 5375 833 5426 est
874 5372 1117 5437 domus,
1150 5368 1429 5423 nuntians
1478 5368 1788 5435 sacerdoti,
1821 5373 1879 5424 et

1989 4663 2221 4718 humor.
2255 4666 2438 4719 Omne
2469 4666 2737 4728 stratum,
2784 4663 2842 4718 in
2876 4680 2990 4733 quo
3023 4662 3352 4729 dormierit,
3385 4662 3641 4717 immun-

1988 4753 2129 4806 dum
2163 4750 2294 4818 erit,
2340 4756 2396 4806 et
2426 4750 2762 4822 ubicunque
2812 4752 3044 4806 sederit.
3080 4753 3147 4806 Et
3201 4752 3251 4806 si
3284 4750 3420 4822 quis
3450 4750 3643 4805 homi-

1988 4856 2130 4893 num
2164 4839 2416 4911 tetigerit
2445 4839 2658 4895 lectum
2706 4840 2855 4910 ejus,
2887 4839 3108 4895 lavabit
3132 4840 3483 4895 vestimenta
3507 4855 3638 4906 sua,

1989 4933 2044 4985 et
2070 4928 2196 5000 ipse
2227 4927 2383 4984 lotus
2414 4945 2589 4999 aqua,
2614 4928 2960 4983 immundus
2990 4928 3099 4983 erit
3120 4942 3307 4998 usque
3339 4928 3409 4982 ad
3441 4941 3639 4997 vespe-

1988 5034 2141 5073 rum.
2176 5018 2234 5073 Si
2267 5017 2483 5073 sederit
2514 5016 2613 5073 ubi
2645 5017 2742 5071 ille
2772 5018 3023 5086 sederat,
3055 5021 3111 5072 et
3146 5017 3268 5087 ipse
3300 5015 3519 5071 lavabit
3542 5030 3636 5069 ve-

1987 5108 2265 5163 stimenta
2296 5124 2424 5173 sua,
2457 5112 2512 5161 et
2546 5106 2701 5162 lotus
2734 5122 2909 5178 aqua,
2943 5106 3290 5161 immundus
3315 5104 3426 5159 erit
3449 5117 3636 5174 usque

1987 5195 2057 5251 ad
2108 5210 2437 5267 vesperum.
2484 5194 2591 5259 Qui
2641 5194 2902 5266 tetigerit
2959 5210 3189 5249 carnem
3247 5194 3375 5263 ejus
3419 5190 3636 5245 lavabit

1987 5283 2336 5339 vestimenta
2364 5299 2493 5353 sua,
2516 5288 2572 5339 et
2599 5282 2727 5355 ipse
2775 5282 2929 5339 lotus
2957 5299 3113 5355 aqua
3154 5279 3495 5336 immundus
3526 5278 3636 5334 erit

1987 5386 2176 5442 usque
2197 5371 2268 5425 ad
2298 5385 2632 5442 vesperum.
2657 5371 2717 5427 Si
2748 5370 2994 5426 salivam
3021 5366 3432 5439 hujuscemodi
3459 5366 3633 5421 homo

242 5454 407 5514 dicet:
439 5458 625 5522 Quasi
650 5458 822 5531 plaga
841 5459 1013 5531 lepra;
1034 5458 1265 5513 videtur
1288 5456 1433 5511 mihi
1456 5471 1583 5511 esse
1614 5455 1671 5509 in
1700 5457 1874 5513 domo
1978 5460 2188 5530 jecerit
2217 5475 2393 5530 super
2422 5476 2579 5528 eum,
2614 5461 2715 5532 qui
2773 5460 3034 5516 mundus
3066 5463 3171 5524 est,
3206 5455 3424 5512 lavabit
3454 5455 3631 5509 vesti-

240 5558 369 5601 mea.
389 5550 459 5603 At
484 5548 588 5603 ille
613 5547 923 5619 praecipiet,
942 5554 1005 5603 ut
1029 5547 1272 5603 efferant
1293 5544 1563 5601 universa
1583 5544 1654 5599 de
1675 5545 1871 5601 domo.

238 5639 573 5711 priusquam
607 5639 970 5712 ingrediatur
997 5655 1148 5709 eam,
1180 5638 1232 5693 el
1263 5636 1456 5693 videat
1487 5640 1685 5692 utrum
1710 5636 1872 5710 lepra

1985 5553 2185 5604 menta
2217 5564 2344 5614 sua,
2376 5551 2607 5606 etlotus
2638 5565 2812 5621 aqua,
2834 5546 3174 5604 immundus
3205 5545 3316 5600 erit
3347 5543 3631 5616 usquead

1981 5654 2314 5711 vesperum.
2350 5638 2565 5711 Sagma
2590 5655 2770 5711 super
2799 5637 2954 5710 quod
2983 5633 3220 5703 sederit,
3256 5633 3632 5693 immundum
