4068 6172
240 261 341 318 351

1301 263 1361 316 8.
1402 261 1814 316 HIERONYMI
1852 261 2106 314 DIVINA
2143 259 2640 315 BIBLIOTHECA.

3555 253 3662 309 352

243 386 401 442 ditia
431 389 519 442 est
557 389 599 442 ¹.
647 385 708 441 Si
766 389 959 440 autem
1016 384 1335 440 efﬂoruerit
1363 383 1701 439 discurrens
1733 383 1893 455 lepra
1922 384 1975 450 Α
2007 397 2106 437 eos
2135 383 2426 438 sacerdos.
2458 381 2516 438 Si
2549 380 3000 453 deprehenderit
3035 379 3466 435 subobscurum
3499 378 3656 434 albo-

242 474 300 530 in
335 480 487 541 cute,
519 482 571 530 et
603 473 896 546 operuerit
941 487 1175 527 omnem
1209 476 1398 526 cutem
1434 489 1466 527 a
1489 472 1679 544 capite
1712 487 1899 542 usque

243 564 313 620 ad
367 563 545 635 pedes
570 561 886 634 :quidquid
902 561 1012 615 sub
1043 564 1347 633 aspectum
1385 559 1688 616 oculorum
1720 560 1896 616 cadit,

242 651 636 708 considerabit
666 666 800 705 eum
830 649 1105 704 sacerdos
1153 648 1235 717 (h.
1271 647 1380 704 sub
1423 653 1660 721 aspectu
1703 649 1896 704 oculo-

243 756 375 796 rum
406 738 770 809 sacerdotis),
804 741 862 793 et
914 737 1098 792 teneri
1130 737 1292 809 lepra
1325 737 1718 793 mundissima
1733 737 1897 808 judi—

242 829 401 884 cahit
432 843 533 883 :eo
580 827 734 898 quod
794 826 988 882 omnis
1027 827 1086 881 in
1136 827 1452 882 candorem
1509 843 1679 881 versa
1713 825 1810 893 sit,
1842 829 1899 882 et

238 917 454 972 idcirco
485 916 660 971 homo
683 916 942 970 mundus
962 915 1089 971 erit.
1115 915 1358 982 Quando
1379 931 1512 970 vero
1534 931 1666 970 caro
1696 914 1896 971 vivens

240 1004 299 1061 in
323 1021 390 1061 eo
421 1004 784 1075 apparuerit,
812 1007 953 1058 tunc
983 1003 1300 1058 sacerdotis
1325 1003 1546 1073 judicio
1580 1001 1893 1074 polluetur,

239 1093 467 1150 etinter
513 1093 813 1148 immudos
871 1091 1260 1163 reputabitur.
1305 1096 1444 1147 Caro
1489 1090 1646 1146 enim
1676 1090 1804 1146 viva
1845 1094 1894 1149 si

240 1182 403 1254 lepra
431 1188 797 1254 aspergatur,
849 1181 1161 1236 immunda
1204 1185 1312 1237 est.
1347 1182 1508 1246 Quod
1559 1181 1609 1236 si
1659 1196 1892 1236 rursum

235 1287 406 1327 versa
429 1272 602 1326 fuerit
625 1271 682 1325 in
710 1270 991 1337 alborcm,
1026 1274 1083 1325 et
1106 1274 1292 1326 totum
1334 1270 1627 1325 hominem
1660 1286 1896 1341 operue-

237 1360 333 1428 rit,
367 1359 763 1415 considerabit
808 1375 943 1414 eum
977 1360 1270 1426 sacerdos,
1327 1362 1385 1412 et
1435 1358 1724 1412 mundum
1765 1373 1894 1413 esse

237 1449 525 1504 decernet.
559 1451 699 1503 Caro
731 1453 788 1502 et
821 1447 992 1514 cutis,
1025 1447 1082 1501 in
1109 1463 1224 1518 qua
1281 1446 1452 1501 ulcus
1482 1450 1684 1501 natum
1707 1450 1797 1502 est
1837 1451 1894 1502 et

236 1541 532 1602 sanatum,
566 1541 622 1591 et
650 1536 707 1591 in
733 1536 856 1592 loco
875 1535 1084 1591 ulceris
1105 1535 1346 1590 cicatrix
1367 1536 1706 1606 apparuerit
1735 1535 1888 1599 alba,

234 1626 354 1682 eice
377 1626 636 1696 subrui’a,
684 1625 1011 1680 adducetur
1041 1625 1216 1679 homo
1246 1626 1316 1678 ad
1350 1624 1709 1679 sacerdotem
1737 1641 1750 1678 :
1791 1623 1890 1694 qui

235 1732 367 1771 cum
430 1716 640 1770 viderit
691 1715 883 1769 locum
930 1713 1104 1785 lepra
1135 1713 1507 1770 humiliorem
1558 1729 1731 1769 carne
1759 1712 1892 1768 reli-
1921 1741 1966 1805 B

233 1820 370 1874 qua,
400 1807 458 1858 et
505 1802 658 1874 pilos
713 1819 910 1858 versos
969 1803 1028 1856 in
1078 1803 1412 1870 candorem,
1460 1801 1885 1856 contaminabit

233 1907 389 1961 eum,
422 1891 595 1963 plaga
618 1891 772 1947 enim
807 1892 979 1963 lepra
1010 1895 1136 1947 orta
1166 1895 1254 1946 est
1283 1891 1341 1944 in
1376 1889 1586 1944 ulcere.
1622 1892 1780 1954 Quod
1811 1890 1882 1944 si-

231 1979 390 2051 pitus
425 1979 639 2035 coloris
691 1984 778 2034 est
813 1979 1068 2050 pristini,
1116 1982 1170 2034 et
1209 1977 1450 2034 cicatrix
1491 1978 1878 2044 subobscure,

231 2072 290 2123 et
329 2068 522 2124 vicina
571 2085 746 2123 carne
799 2084 914 2122 non
947 2071 1038 2122 est
1085 2066 1387 2133 humilior,
1439 2065 1698 2122 recludet
1744 2082 1876 2121 eum

234 2161 456 2228 septem
490 2157 720 2212 diebus.
753 2156 824 2210 Et
869 2155 1159 2226 siquidem
1205 2156 1469 2220 creverit,
1519 2155 1882 2224 adjudicabit

230 2260 362 2300 sum
397 2244 592 2316 lepra.
623 2245 721 2298 Sin
755 2249 948 2299 autem
991 2243 1219 2298 steterit
1259 2248 1318 2297 in
1349 2242 1474 2298 loco
1505 2260 1633 2313 suo,
1669 2241 1878 2298 ulceris

229 2338 320 2390 est
349 2333 606 2403 cicatrix,
661 2341 717 2387 et
765 2333 944 2387 homo
977 2333 1234 2387 mundus
1276 2331 1406 2387 erit.
1440 2332 1585 2386 Caro
1617 2337 1672 2386 et
1703 2332 1874 2400 cutis,

230 2438 406 2493 quam
440 2421 596 2492 ignis
628 2421 936 2491 exusseril,
970 2426 1027 2476 et
1058 2426 1266 2476 sanata
1299 2421 1490 2476 albam
1533 2421 1653 2476 sive
1685 2422 1874 2476 rufam

229 2509 500 2565 habuerit
560 2510 913 2578 cicatricem,
966 2509 1362 2565 considerabit
1391 2526 1518 2564 eam
1577 2511 1872 2579 sacerdos,

228 2604 288 2654 et
319 2614 450 2654 eccs
469 2615 633 2654 versa
654 2603 743 2654 est
767 2599 826 2652 in
848 2598 1104 2654 alborem
1127 2599 1208 2671 (h.
1243 2605 1295 2653 et
1325 2615 1457 2653 ecce
1487 2597 1640 2668 pilus
1671 2615 1874 2654 versus

227 2692 317 2743 est
345 2688 402 2742 in
437 2687 742 2755 alborem),
764 2691 821 2742 et
839 2685 1001 2743 locus
1015 2689 1143 2757 ejus
1165 2688 1392 2758 reliqua
1413 2692 1544 2742 cute
1558 2687 1868 2743 humilior:

223 2775 645 2831 contaminabit
681 2791 840 2841 eum,
873 2775 1013 2846 quia
1056 2775 1227 2847 plaga
1279 2774 1452 2847 lepra
1494 2777 1553 2830 in
1605 2775 1872 2832 cicatrice

225 2869 350 2921 orta
381 2869 489 2921 est.
513 2865 674 2930 Quod
708 2866 754 2919 si
791 2864 1039 2936 pilorum
1073 2863 1232 2920 color
1254 2881 1367 2919 non
1393 2864 1566 2920 fuerit
1601 2864 1874 2920 immuta-

225 2958 347 3023 tus,
385 2969 488 3008 nec
510 2953 788 3007 humilior
811 2951 980 3024 plaga
1002 2969 1172 3008 carne
1197 2952 1441 3024 reliqua,
1469 2955 1526 3007 et
1545 2953 1673 3024 ipsa
1698 2954 1872 3023 lepra

226 3042 451 3112 species
473 3041 643 3096 fuerit
665 3041 1326 3105 subobscura,recludet
1347 3057 1478 3096 eum
1503 3045 1725 3111 septem
1750 3042 1870 3096 die-

2010 487 2131 526 rem
2166 471 2360 526 lucere
2388 471 2448 526 in
2481 475 2631 537 cute,
2660 471 2805 526 sciat
2835 486 2948 524 non
2972 467 3359 540 esselepram,
3391 467 3492 524 sed
3535 485 3658 525 ma-

2009 559 2202 615 culam
2235 559 2443 616 coloris
2473 559 2731 626 candidi,
2763 561 2820 613 et
2849 557 3150 612 hominem
3192 557 3504 612 mundum.
3545 556 3660 626 Vir,

2010 650 2081 704 de
2097 649 2269 718 cujus
2289 648 2479 720 capite
2500 646 2695 718 capilli
2717 650 2926 712 ﬂuunt,
2947 645 3142 702 calvus
3168 661 3232 700 ac
3251 645 3511 702 mundus
3532 649 3622 702 est
3646 667 3661 716 ;

2007 741 2065 793 et
2097 737 2144 792 si
2177 753 2211 792 a
2240 737 2428 792 fronte
2457 735 2794 791 ceciderunt
2841 733 2967 806 pili,
3013 733 3364 790 recalvaster
3395 738 3452 789 et
3493 751 3663 790 mun-

2006 826 2118 882 dus
2147 834 2252 881 est.
2285 825 2341 880 Si
2375 830 2569 880 autem
2618 823 2680 878 in
2725 822 2959 879 calvitio
2998 823 3118 878 sive
3169 822 3228 876 in
3277 822 3662 880 recalvatione

2005 914 2177 971 albus
2209 913 2294 970 vel
2329 915 2495 969 rufus
2526 912 2686 968 color
2715 911 2892 968 fuerit
2921 916 3178 979 exortus,
3219 917 3276 966 et
3319 910 3428 967 hoc
3469 928 3661 968 sacer-

2004 1003 2110 1059 dos
2142 1002 2373 1070 viderit,
2415 1001 2830 1058 condemnabit
2865 1017 2998 1057 eum
3032 1000 3184 1058 haud
3245 1001 3421 1056 dubie
3464 999 3657 1072 lepra,

2005 1108 2134 1163 qua
2163 1097 2290 1147 orta
2319 1095 2410 1146 est
2438 1091 2497 1146 in
2529 1089 2778 1146 calvitio.
2828 1090 3190 1161 Quicumque
3229 1105 3366 1161 ergo
3397 1088 3652 1146 macula-

2003 1188 2102 1238 tus
2131 1180 2303 1236 fuerit
2331 1180 2514 1254 lepra,
2536 1184 2592 1235 et
2621 1184 2929 1252 separatus
2949 1179 3022 1235 ad
3046 1178 3358 1235 arbitrium
3387 1179 3656 1236 sacerdo-

2001 1268 2099 1338 tis,
2129 1268 2368 1324 habebit
2415 1267 2765 1324 vestimenta
2810 1267 3040 1322 dissuta
3085 1266 3167 1337 (h.
3223 1265 3451 1337 scissa),
3483 1270 3660 1338 caput

2004 1358 2254 1425 nudum,
2281 1374 2347 1413 os
2367 1362 2526 1412 veste
2556 1361 2910 1423 contectum,
2940 1355 3403 1411 contaminatum
3431 1372 3499 1411 ac
3538 1371 3656 1411 sor-

2004 1447 2207 1502 didum
2243 1463 2305 1502 se
2336 1445 2616 1501 clamabit
2643 1445 2723 1516 (h.
2749 1444 3215 1500 contaminatum
3248 1460 3313 1499 ac
3353 1444 3654 1500 sordidum

2003 1553 2137 1592 eum
2169 1534 2681 1604 clatnabit).,0mni
2716 1539 2976 1604 tempore
2998 1550 3112 1605 quo
3135 1532 3402 1604 leprosus
3424 1537 3511 1588 est
3544 1533 3654 1588 im-

2004 1625 2286 1692 mundus,
2311 1624 2475 1679 solus
2513 1623 2803 1678 habitabit
2823 1629 2984 1678 extra
3005 1628 3215 1677 castra.
3235 1620 3422 1677 Vestis
3459 1620 3649 1691 lanea,

2001 1713 2118 1768 sive
2131 1712 2441 1783 linea,qua
2465 1711 2687 1784 lepram
2701 1711 2973 1766 habuerit
2986 1710 3043 1764 in
3067 1710 3318 1765 stamine
3330 1714 3506 1781 atque
3519 1711 3652 1766 sub-

1998 1802 2278 1874 tegmine,
2299 1807 2402 1856 aut
2421 1807 2574 1856 certe
2594 1799 2786 1870 pellis,
2819 1799 2903 1854 vel
2930 1799 3216 1870 quidquid
3239 1816 3308 1853 ex
3330 1798 3478 1871 pelle
3508 1815 3648 1854 con-

1993 1892 2210 1947 fectum
2234 1896 2345 1958 est,
2370 1890 2420 1946 si
2447 1889 2580 1946 alba
2603 1889 2690 1944 vel
2713 1890 2843 1943 rufa
2864 1888 3096 1944 macula
3116 1888 3289 1944 fuerit
3311 1888 3547 1956 infecta,
3573 1887 3648 1943 le-

1993 1997 2099 2052 pra
2111 1981 2499 2050 reputabitur,
2522 1978 2980 2049 ostendeturque
2995 1977 3301 2033 sacerdoti.
3323 1976 3430 2040 Qui
3457 1976 3649 2033 consi-

1989 2069 2253 2123 deratam
2279 2066 2540 2121 recludet
2559 2071 2782 2136 septem
2803 2066 3032 2131 diebus,
3064 2070 3120 2119 et
3139 2065 3233 2121 die
3254 2065 3507 2137 septimo
3523 2081 3650 2121 rur-

1991 2173 2093 2212 sus
2124 2154 2418 2227 aspiciens
2445 2155 2494 2210 si
2527 2154 2778 2210 crevisse
2809 2153 3283 2226 deprehenderit,
3316 2153 3478 2224 lepra
3507 2169 3646 2224 per-

1989 2260 2263 2300 severans
2294 2247 2422 2300 est:
2457 2242 2747 2314 pollutum
2772 2242 3070 2313 judicabit
3113 2243 3550 2310 vestimentum,
3583 2245 3641 2297 et

1987 2349 2160 2388 omne
2190 2334 2250 2388 in
2281 2349 2396 2403 quo
2431 2331 2603 2387 fuerit
2633 2331 2870 2386 inventa
2895 2349 2907 2386 :
2940 2336 2997 2386 et
3019 2332 3236 2386 idcirco
3257 2330 3636 2386 comburetur

1985 2422 2262 2478 ﬂammis.
2296 2421 2456 2484 Quod
2487 2420 2536 2474 si
2564 2436 2691 2474 eam
2724 2421 2930 2476 viderit
2976 2436 3088 2474 non
3123 2420 3397 2486 crevisse,
3429 2418 3631 2491 praci-

1985 2512 2121 2583 piet,
2155 2516 2212 2566 et
2267 2510 2543 2565 lavabunt
2574 2510 2629 2564 id
2664 2509 2721 2562 in
2771 2526 2887 2580 quo
2917 2507 3079 2580 lepra
3109 2513 3218 2576 est,
3251 2508 3628 2579 recludetque

1982 2597 2126 2653 illud
2159 2602 2380 2670 septem
2441 2598 2649 2652 diebus
2681 2596 2830 2652 aliis.
2866 2601 2934 2651 Et
2976 2613 3106 2652 cum
3152 2597 3362 2652 viderit
3417 2596 3622 2651 faciem

1983 2686 2220 2758 quidem
2236 2687 2548 2758 pristinam
2567 2703 2680 2741 non
2697 2703 3010 2754 reversam,
3035 2702 3138 2740 nec
3160 2692 3354 2741 tamen
3379 2685 3630 2740 crevisse

1981 2775 2224 2847 lepram,
2260 2775 2633 2830 immundum
2675 2775 2988 2846 judicabit,
3022 2780 3078 2830 et
3125 2774 3259 2846 igne
3307 2774 3628 2840 comburel,

1981 2882 2048 2920 eo
2088 2866 2241 2937 quod
2273 2863 2470 2920 infusa
2491 2864 2569 2919 sit
2598 2864 2656 2918 in
2677 2863 2985 2935 superficie
3023 2861 3384 2931 vestimenti,
3407 2862 3494 2918 vel
3527 2878 3632 2934 per

1979 2959 2191 3021 totum,
2225 2954 2403 3025 lepra.
2438 2954 2540 3009 Sin
2579 2959 2775 3008 autem
2809 2953 3115 3009 obscurior
3143 2953 3321 3009 fuerit
3349 2953 3512 3008 locus
3542 2951 3623 3006 le-

1984 3060 2122 3114 pra,
2148 3048 2462 3114 postquam
2494 3043 2673 3098 vestis
2699 3049 2789 3097 est
2819 3041 2957 3110 lota,
2990 3043 3296 3114 abrumpet
3324 3058 3483 3110 eum,
3507 3047 3564 3097 et
3592 3057 3626 3095 a

225 3104 362 3195 b-us,
395 3134 454 3185 et
483 3131 578 3185 die
609 3131 861 3200 septimo
893 3130 1426 3202 contemplabitur:
1460 3130 1508 3185 si
1540 3104 1785 3185 creverit
1810 3130 1870 3184 in
1901 3104 1943 3170 Ο
1985 3104 2169 3189 solidd
2201 3104 2437 3188 dividet.
2471 3131 2633 3197 Quod
2649 3131 2697 3186 si
2724 3129 2877 3186 ultra
2899 3104 3239 3203 apparuerit
3270 3132 3328 3186 in
3361 3104 3627 3188 his'locis

224 3217 571 3288 cutelcpra,
629 3217 1054 3273 contaminabit
1099 3233 1255 3274 eum.
1289 3218 1381 3272 Sin
1429 3222 1624 3273 autem
1658 3218 1716 3272 in
1749 3219 1874 3275 loco

225 3323 333 3362 suo
365 3306 585 3363 candor
615 3307 844 3384 steterit
875 3323 988 3360 non
1009 3304 1152 3360 satis
1181 3305 1396 3373 clarus,
1429 3305 1600 3376 plaga
1631 3308 1872 3361 combu-

225 3395 436 3454 stionis
467 3399 576 3462 est,
609 3399 667 3449 et
695 3394 912 3449 idcirco
931 3394 1333 3464 mundabitur,
1364 3395 1501 3462 quia
1524 3394 1760 3449 cicatrix
1782 3400 1871 3449 est

227 3484 640 3541 combustura.
674 3482 796 3548 Vir,
839 3481 961 3538 sive
1006 3482 1238 3547 mulier,
1262 3483 1320 3536 in
1353 3483 1523 3552 cujus
1548 3481 1752 3553 capite,
1788 3482 1872 3537 vel

226 3572 412 3629 harba
449 3570 866 3644 germinaverit
894 3571 1076 3642 lepra,
1105 3570 1324 3626 videbit
1351 3587 1451 3627 eos
1483 3573 1774 3628 sacerdos.
1807 3573 1876 3626 Et

224 3661 514 3731 siquidem
547 3659 797 3715 humilio
859 3660 1034 3714 fuerit
1091 3659 1256 3716 locus
1311 3676 1485 3716 carne
1534 3660 1784 3730 reliqua,
1817 3663 1874 3714 et

223 3748 472 3818 capillus
503 3749 688 3805 ﬂavus
744 3748 1037 3820 solitoque
1097 3747 1388 3816 subtilior,
1449 3748 1874 3804 contaminabit

219 3855 344 3905 eos,
381 3839 521 3910 quia
567 3837 729 3908 lepra
757 3837 964 3908 capitis
1021 3854 1087 3892 ac
1141 3837 1332 3892 barba
1391 3842 1496 3891 est.
1538 3837 1632 3891 Sin
1674 3843 1871 3892 autem

223 3928 436 3984 viderit
467 3927 656 3982 locum
719 3924 960 3981 macula
1014 3924 1280 3996 aqualem
1339 3927 1540 3981 vicina
1601 3927 1874 3994 carni,et

226 4016 503 4088 capillum
539 4015 797 4087 nigrum,
843 4014 1102 4069 recludet
1133 4030 1265 4069 eum
1296 4019 1521 4085 septem
1555 4014 1783 4082 diebus,
1814 4018 1873 4070 et

226 4106 321 4161 die
352 4105 605 4177 septimo
636 4103 979 4158 intuebitur.
1010 4103 1068 4158 Si
1114 4119 1228 4158 non
1261 4104 1506 4158 creverit
1535 4102 1781 4169 macula,
1815 4108 1872 4158 et

227 4193 475 4263 capillus
497 4193 586 4248 sui
620 4191 830 4247 coloris
857 4195 1028 4256 est,et
1049 4191 1211 4247 locus
1231 4192 1412 4264 plaga
1443 4191 1602 4246 carni
1632 4192 1869 4262 reliqua

223 4281 487 4353 aqualis,
512 4281 749 4335 radetur
775 4280 944 4336 homo
977 4280 1354 4351 absquejoco
1404 4279 1667 4348 macula,
1699 4285 1757 4336 et
1786 4280 1869 4335 in-

221 4371 489 4426 cludetur
519 4374 740 4440 septem
774 4368 980 4424 diebus
1030 4368 1182 4423 aliis.
1216 4370 1274 4424 Si
1325 4368 1416 4424 die
1463 4369 1714 4440 septimo
1745 4368 1870 4424 visa

1984 3237 2110 3292 qua
2129 3221 2290 3293 prius
2314 3220 2892 3288 immaculataerant,
2931 3221 3093 3289 lepra
3111 3220 3362 3276 volatilis
3383 3226 3439 3276 et
3461 3237 3624 3293 vaga,

1983 3310 2152 3366 debet
2179 3309 2310 3378 igne
2343 3309 2635 3364 comburi.
2666 3309 2723 3363 Si
2756 3304 3097 3377 cessaverit,
3122 3309 3341 3365 lavahit
3370 3327 3437 3366 ea
3463 3311 3628 3380 qua‘

1983 3415 2132 3471 pura
2163 3403 2322 3465 sunt,
2356 3400 2635 3464 secundo,
2668 3404 2727 3452 et
2782 3398 2999 3453 munda
3044 3402 3234 3453 erunt.
3269 3398 3386 3454 Ista
3416 3404 3507 3454 est
3538 3400 3627 3454 lex

1981 3486 2150 3557 lepra
2182 3485 2513 3540 vestimenti
2539 3484 2691 3541 lanci
2720 3490 2778 3540 et
2800 3485 2934 3541 linei
2956 3487 3250 3554 staminis,
3277 3492 3452 3558 atque
3484 3488 3628 3542 sub-

1980 3574 2280 3646 tegminis,
2312 3574 2624 3645 omnisque
2645 3573 3046 3646 supellectilis,
3073 3574 3310 3646 pellicia
3342 3577 3631 3646 quomodo

1983 3662 2256 3719 mundari
2286 3664 2492 3718 debeat
2520 3663 2606 3718 vel
2647 3663 3055 3718 contaminari.

2053 3754 2134 3825 (C.
2169 3752 2368 3821 XXIII,
2405 3754 2546 3823 Cap.
2580 3753 2755 3824 XIV).
2792 3758 3156 3822 Locutusque
3211 3757 3302 3809 est
3348 3753 3635 3809 Dominus

1981 3842 2052 3898 ad
2085 3842 2305 3910 Mosen,
2338 3842 2539 3896 dicens
2569 3859 2582 3897 :
2647 3843 2750 3898 Hic
2781 3847 2872 3898 est
2929 3842 3077 3897 ritus
3122 3842 3362 3914 leprosi,
3395 3844 3634 3914 quando

1981 3930 2277 3986 mundand
2288 3947 2355 3986 us
2372 3935 2479 3986 est:
2497 3930 2917 3986 Adduceturad
2934 3932 3420 4002 sacerdotem,qui
3433 3948 3631 4004 egres-

1979 4036 2082 4075 sus
2111 4024 2272 4074 extra
2302 4024 2515 4079 castra.
2547 4035 2681 4074 cum
2713 4018 3000 4075 invenerit
3031 4019 3248 4092 lepram
3283 4037 3412 4076 esse
3455 4037 3625 4076 mun-

1979 4109 2198 4175 datam,
2243 4107 2539 4179 praecipiet
2570 4107 2619 4162 ei
2654 4108 2751 4179 qui
2788 4108 3155 4180 puriﬁcatur,
3191 4113 3255 4164 ut
3285 4110 3490 4165 offerat
3523 4127 3625 4182 pro

1977 4213 2039 4252 se
2065 4197 2212 4252 duos
2244 4212 2509 4266 passeres
2555 4197 2736 4263 vivos,
2795 4197 3015 4267 quibus
3046 4197 3196 4253 vesci
3253 4197 3482 4253 licitum
3517 4205 3626 4265 est,

1978 4291 2035 4340 et
2058 4284 2284 4356 lignum
2315 4285 2645 4352 cedrinum,
2668 4285 3174 4356 vermiculumque
3197 4291 3255 4341 et
3285 4285 3627 4358 hyssopum.

1978 4373 2048 4428 Et
2080 4390 2262 4428 unum
2295 4389 2362 4428 ex
2393 4372 2734 4444 passeribus
2759 4373 3297 4445 immolarijubehit
3326 4375 3386 4430 in
3411 4391 3542 4429 vase
3563 4375 3629 4428 ii-

221 4456 397 4511 tuerit
426 4455 662 4512 stetisse
689 4453 861 4527 plaga
885 4454 945 4508 in
973 4455 1095 4510 loco
1117 4471 1244 4524 suo,
1272 4471 1375 4510 nec
1397 4455 1679 4510 humilior
1699 4472 1872 4511 carne
1907 4467 1950 4532 Ι)
1984 4460 2102 4516 ctili
2127 4477 2303 4532 super
2324 4477 2509 4532 aquas
2524 4461 2779 4517 viventes
2805 4477 2818 4517 :
2843 4461 3025 4517 alium
3057 4468 3254 4518 autem
3278 4464 3470 4518 vivum
3497 4480 3628 4519 cum

219 4543 466 4616 reliqua,
487 4543 798 4598 mundabit
812 4559 970 4612 eum,
991 4540 1240 4610 totisque
1254 4543 1518 4599 vestibus
1537 4544 1684 4610 suis,
1703 4561 1870 4598 mun-

218 4633 332 4691 dus
360 4633 490 4690 erit.
513 4633 612 4687 Sin
636 4637 831 4688 autem
860 4636 991 4703 post
1010 4633 1486 4688 emundationem
1522 4649 1729 4688 rursus
1751 4649 1871 4688 cre-

216 4722 364 4780 verit
395 4721 625 4777 macula
655 4723 712 4775 in
747 4726 898 4788 cute,
958 4737 1072 4775 non
1117 4727 1334 4792 quaret
1382 4722 1640 4793 amplius
1674 4727 1870 4776 utrum

213 4810 460 4884 capillus
490 4810 548 4864 in
614 4810 831 4864 ﬂavum
866 4808 1116 4864 colorem
1150 4810 1228 4864 sit
1286 4815 1700 4877 commutatus,
1736 4810 1874 4881 quia

213 4907 413 4974 aperte
440 4899 786 4954 immundus
816 4902 926 4954 est.
988 4903 1163 4954 Porro
1195 4898 1243 4954 si
1275 4899 1504 4954 steterit
1535 4899 1784 4965 macula,
1816 4905 1874 4954 et

214 4989 412 5062 capilli
435 4987 591 5059 nigri
610 4986 848 5053 fuerint,
869 4987 1094 5041 noverit
1110 4986 1407 5042 hominem
1426 5003 1556 5043 esse
1574 4994 1871 5056 sanatum,

214 5083 275 5136 et
302 5076 664 5136 conﬁdenter
689 5091 821 5130 eum
856 5075 1194 5147 pronuntiet
1238 5076 1548 5130 mundum.
1582 5076 1703 5144 Vir,
1754 5076 1875 5133 sive

221 5166 458 5234 mulier,
491 5165 551 5220 in
584 5164 758 5236 cujus
780 5168 913 5220 cute
936 5165 1155 5219 candor
1175 5165 1531 5236 apparuerit,
1550 5165 1877 5221 intuebitur

304 5352 321 5387 ί
350 5347 482 5420 Legi
518 5345 692 5402 etiam
729 5344 824 5420 hic
867 5348 1080 5420 potest,
1115 5350 1181 5398 ut
1225 5343 1285 5398 in
1313 5360 1536 5420 canone
1574 5349 1632 5400 et
1656 5344 1882 5416 aliquot

234 5436 376 5474 mss.
412 5415 605 5489 libris,
649 5417 780 5489 quia
823 5415 1514 5489 perspicuc_z'mmundz'l_ia
1568 5427 1665 5471 est.
1697 5415 1877 5472 Μλιιτ.

301 5490 468 5547 Unus
505 5486 757 5554 Palatia,
792 5486 1199 5560 Δζὀαεητηςιρξιε
1234 5492 1291 5560 et
1333 5486 1504 5560 paulo
1558 5492 1690 5560 post
1744 5504 1878 5543 cum

237 5559 736 5632 Urbinate,atque
753 5557 885 5614 aliis
914 5559 1065 5631 apud
1089 5557 1381 5626 Martianl,
1428 5557 1574 5628 Quid
1599 5562 1882 5632 perspicue

1983 4549 2141 4621 ligno
2172 4549 2430 4617 cedrino,
2464 4555 2522 4605 et
2552 4566 2722 4605 cocco
2752 4554 2811 4606 et
2842 4550 3116 4623 hyssopo,
3169 4551 3358 4624 tinget
3401 4552 3458 4607 in
3489 4569 3625 4608 san—

1981 4637 2158 4710 guine
2190 4637 2445 4708 passeris
2489 4637 2796 4709 immolati,
2831 4654 2947 4708 quo
3006 4645 3277 4712 aspergat
3305 4639 3494 4709 illum,
3527 4639 3628 4711 qui

1986 4726 2364 4782 mandandus
2396 4732 2506 4793 est,
2530 4726 2769 4794 septies,
2796 4727 3009 4797 utjure
3031 4733 3329 4799 purgetur,
3351 4733 3407 4783 et
3429 4729 3631 4783 dimit-

1988 4821 2062 4870 tet
2095 4831 2388 4886 passerem
2420 4814 2643 4880 vivum,
2679 4820 2743 4869 ut
2790 4815 2848 4868 in
2883 4833 3088 4888 agrum
3138 4817 3344 4872 avolat.
3378 4822 3635 4889 Cumque

1985 4903 2187 4959 laverit
2206 4901 2378 4958 homo
2408 4903 2757 4958 vestimenta
2780 4920 2907 4965 sua.
2925 4905 3088 4959 radet
3108 4921 3314 4961 omnes
3338 4906 3483 4977 pilos
3507 4923 3630 4961 cor-

1983 4991 2164 5063 poris,
2189 4994 2248 5046 et
2269 4989 2563 5046 lavabitur
2575 5007 2758 5062 aqua:
2799 4992 3634 5066 purificatusqueingredietur

1985 5079 2292 5148 castra,ita
2326 5080 2608 5134 duntaxat
2640 5085 2702 5134 ut
2725 5085 2959 5135 maneat
2989 5086 3148 5136 extra
3187 5081 3630 5138 tabernaculum

1986 5185 2161 5224 suum
2195 5173 2415 5240 septem
2439 5168 2669 5237 diebus,
2703 5173 2760 5225 et
2790 5172 2848 5226 in
2875 5169 2970 5224 die
2999 5171 3249 5242 septimo
3268 5172 3435 5227 radat
3454 5172 3633 5244 capil-

1988 5344 2371 5402 immunditz'a
2399 5355 2498 5400 est.

2059 5418 2080 5450 ²
2115 5418 2358 5471 Videtur
2389 5434 2456 5472 ex
2489 5417 2730 5473 vocibus
2763 5434 2828 5473 ea
2850 5435 2966 5489 qua
3015 5436 3304 5476 nonnemo
3331 5421 3638 5489 scripsisse

1989 5505 2154 5559 aqua,
2186 5505 2255 5570 ex
2284 5505 2401 5615 gLuo
2440 5491 2678 5558 factum,
2703 5496 2767 5545 ut
2789 5498 3103 5561 utrumque
3129 5491 3304 5548 simul
3330 5491 3640 5565 praferant

1989 5559 2212 5632 vulgati
2261 5559 2300 5614 Ιι
2347 5559 2416 5616 ri.

2031 5577 2212 5616 1112a“
2261 5577 2416 5616 llDI‘l.
