4068 6172
312 324 406 379 353

1694 334 1908 389 LIBER
1948 336 2283 391 LEVITICI.

3588 342 3697 399 354

311 456 388 512 los
414 454 628 527 capitis,
661 460 1024 526 barbamque
1048 457 1104 509 et
1124 452 1463 525 supercilia,
1499 471 1564 509 ac
1593 456 1776 511 totius
1807 472 1932 510 cor-
1964 472 2016 533 Α
2050 458 2237 527 [ναις.
2272 459 2522 531 leprosa]
2554 461 2650 529 sit,
2703 479 2771 518 ne
2804 463 3107 521 immunda
3161 465 3303 522 ﬁant
3341 468 3539 523 omnia
3569 485 3695 540 qua

312 552 449 623 poris
476 552 643 623 pilos.
671 555 738 605 Et
768 548 901 603 lotis
925 559 1161 600 rursum
1188 542 1450 598 vestibus
1471 547 1528 597 et
1558 559 1817 613 corpore,
1842 545 1935 599 die

314 646 490 696 octavo
520 644 784 696 assumat
814 637 965 691 duos
994 648 1177 704 agnos
1215 631 1649 698 immaculatos,
1685 636 1742 688 et
1770 648 1935 687 ovem

310 729 620 785 anniculam
652 730 876 798 absque
908 722 1157 788 macula,
1194 726 1250 776 et
1290 726 1408 775 tres
1438 721 1696 776 decimas
1727 721 1934 776 simila

306 820 356 874 in
383 818 748 887 sacriﬁcium,
780 832 908 887 qua
949 828 1265 883 conspersa
1295 810 1371 866 sit
1400 809 1546 876 oleo,
1580 814 1637 865 et
1668 826 1934 865 seorsum

306 907 400 963 olei
428 907 762 963 sextarium.
790 904 1056 972 Cumque
1087 899 1358 956 sacerdos
1393 899 1710 968 purificans
1742 899 1933 953 homi-

306 1012 436 1064 nem,
468 995 731 1050 statuarit
778 1008 914 1048 eum
946 995 1005 1044 at
1033 990 1153 1043 hac
1206 989 1404 1043 omnia
1435 1004 1630 1043 coram
1687 986 1933 1042 Domino

306 1085 354 1139 in
376 1085 516 1139 ostio
538 1080 908 1139 taburnaculi
931 1077 1274 1145 testimonii,
1292 1076 1458 1133 tollet
1474 1093 1714 1149 agnum,
1731 1077 1936 1131 offeret

306 1188 421 1228 eum
454 1189 555 1243 pro
577 1170 807 1236 delicto,
833 1168 1067 1240 oleique
1093 1166 1434 1222 sextarium.
1461 1166 1531 1220 Et
1560 1164 1777 1220 oblatis
1800 1168 1935 1219 ante

302 1261 594 1316 Dominum
628 1260 929 1325 omnibus,
968 1255 1303 1311 immolabit
1329 1270 1571 1326 agnum,
1601 1253 1699 1309 ubi
1734 1253 1935 1307 immo-

303 1351 394 1403 lari
447 1349 598 1405 solet
648 1348 841 1404 hostia
900 1363 1003 1418 pro
1061 1348 1329 1416 peccato,
1384 1347 1441 1399 et
1502 1341 1931 1418 holocaustum,

303 1446 353 1501 id
379 1451 481 1513 est,
512 1448 571 1501 in
607 1446 732 1500 loco
764 1448 986 1499 sancto.
1038 1442 1203 1498 Sicut
1234 1439 1389 1494 cnim
1438 1456 1540 1510 pro
1573 1442 1828 1510 peccato,
1854 1437 1935 1492 ita

301 1541 352 1589 et
370 1551 463 1605 pro
481 1534 691 1589 delicto
717 1533 789 1588 ad
816 1532 1176 1587 sacerdotem
1203 1528 1453 1600 pertinet
1474 1526 1668 1582 hostia
1692 1544 1704 1581 :
1728 1532 1933 1581 sancta

301 1628 623 1677 sanctorum
656 1630 761 1676 est.
787 1623 1230 1689 Assumensque
1252 1617 1527 1672 sacerdos
1553 1617 1623 1670 de
1646 1618 1932 1686 sanguine

301 1711 509 1777 hostia,
544 1728 672 1781 qua
704 1708 1007 1765 immolata
1036 1713 1126 1764 est
1157 1723 1256 1778 pro
1287 1706 1520 1771 delicto,
1554 1710 1728 1776 ponet
1757 1720 1935 1773 super

299 1806 611 1855 extremum
642 1796 921 1853 auricula
953 1798 1165 1851 dextra
1192 1797 1345 1865 ejus,
1378 1795 1479 1865 qui
1513 1795 1851 1858 mundatur,
1876 1796 1934 1847 at

299 1904 459 1959 super
480 1889 720 1960 pollices
743 1902 956 1942 manus
980 1886 1193 1940 dextra
1212 1889 1268 1939 at
1290 1883 1476 1954 pedis,
1502 1886 1557 1937 at
1579 1883 1649 1936 de
1672 1880 1779 1937 olei
1804 1897 1929 1936 sax-

298 1976 427 2032 tario
459 1978 649 2031 mittet
677 1977 735 2029 in
770 1990 1003 2030 manum
1039 1989 1209 2028 suam
1257 1970 1582 2035 sinistram,
1630 1970 1932 2041 tingetque

301 2065 535 2137 digitum
571 2065 839 2119 dextrum
872 2064 932 2118 in
958 2078 1044 2128 eo,
1080 2068 1137 2117 et
1168 2064 1437 2132 aspergat
1484 2058 1702 2128 septies
1732 2061 1932 2112 contra

296 2154 598 2209 Dominum
641 2152 825 2224 [Vulg.
857 2168 1053 2207 coram
1087 2148 1375 2219 Domino].
1406 2147 1569 2212 Quod
1614 2151 1809 2202 autem
1841 2162 1925 2200 ra-

294 2241 502 2313 liquum
516 2248 612 2298 ast
627 2242 735 2297 olei
759 2242 817 2295 in
831 2240 973 2296 lava
990 2239 1400 2307 manu,fundet
1417 2253 1593 2307 super
1604 2240 1929 2291 extremum

297 2330 554 2386 auricula
590 2332 804 2386 dextra
834 2331 985 2401 ejus,
1017 2327 1117 2399 qui
1145 2327 1485 2394 mundatur,
1519 2330 1575 2380 et
1604 2339 1783 2394 super
1812 2324 1933 2393 pol-

295 2419 417 2474 lices
438 2436 657 2475 manus
681 2435 746 2474 ac
772 2418 937 2489 pedis
959 2415 1237 2482 dextri,et
1252 2430 1427 2486 super
1443 2412 1792 2483 sanguinem
1828 2410 1928 2482 qui

296 2517 445 2571 fusus
474 2522 567 2572 est
593 2532 693 2588 pro
716 2515 949 2583 delicto,
973 2518 1029 2569 et
1058 2529 1237 2585 super
1267 2517 1442 2581 caput
1470 2512 1619 2581 ejus.
1652 2508 1930 2579 Rogabit-

297 2622 396 2677 que
421 2623 521 2678 pro
554 2621 624 2661 eo
655 2621 849 2661 coram
876 2603 1144 2669 Domino,
1175 2607 1233 2657 at
1252 2600 1422 2656 faciet
1443 2598 1793 2655 sacriﬁcium
1826 2614 1929 2667 pro

295 2700 535 2764 peccato.
592 2695 756 2749 Tunc
818 2691 1153 2748 immolabit
1200 2690 1632 2750 holocaustum.
1673 2691 1729 2741 et
1758 2692 1931 2757 ponet

293 2783 424 2838 illud
456 2784 513 2838 in
549 2784 724 2838 altari
757 2798 889 2837 cum
922 2780 1261 2836 libamentis
1305 2778 1453 2845 suis,
1499 2782 1556 2831 et
1608 2776 1781 2830 homo
1822 2775 1929 2830 rite

298 2872 692 2928 mandabitur.
717 2871 878 2935 Quod
904 2870 953 2925 si
976 2885 1199 2941 pauper
1223 2873 1331 2937 est,
1360 2871 1418 2921 et
1438 2882 1553 2921 non
1581 2868 1774 2937 potest
1805 2880 1928 2917 ma-

288 2976 390 3015 nus
409 2962 537 3031 ejus
559 2959 823 3015 invenire
845 2975 971 3029 qua
998 2959 1149 3013 dicta
1174 2961 1335 3023 sunt,
1358 2958 1553 3009 sumet
1574 2969 1791 3025 agnum
1823 2969 1927 3023 pro

289 3049 483 3104 delicto
515 3049 594 3104 ad
618 3048 972 3104 oblationem
1004 3052 1067 3101 ut
1087 3050 1251 3117 roget
1282 3061 1383 3116 pro
1412 3060 1478 3098 eo
1510 3042 1804 3109 sacerdos,
1827 3042 1925 3095 de-

284 3138 611 3210 cimamque
636 3144 861 3208 partem
887 3134 1089 3191 simila
1111 3150 1249 3190 cons
1262 3149 1438 3204 persa
1465 3130 1591 3187 oleo
1612 3132 1670 3185 in
1703 3130 1924 3186 sacriﬁ-

287 3226 452 3293 cium,
505 3232 570 3282 at
615 3225 723 3281 olei
772 3225 1115 3290 sextarium,
1148 3224 1415 3293 duosque
1461 3225 1742 3284 turtures,
1803 3219 1924 3274 sive

286 3314 420 3370 duos
442 3315 643 3387 pullos
690 3314 999 3378 columba,
1056 3328 1307 3384 quorum
1359 3312 1435 3365 sit
1460 3326 1614 3365 unus
1646 3326 1748 3380 pro
1791 3324 1924 3380 pec-

281 3408 416 3472 cato,
468 3409 527 3459 et
586 3402 734 3457 alter
762 3401 823 3456 in
875 3400 1279 3457 holocaustum
1318 3416 1331 3453 :
1371 3398 1687 3469 oil‘aratqua
1734 3413 1801 3452 ea
1831 3396 1925 3452 die

278 3505 465 3555 octavo
507 3500 949 3573 purificationis
1000 3515 1114 3553 sua
1148 3495 1455 3563 sacerdoti,
1491 3497 1561 3551 ad
1593 3496 1809 3550 ostium
1841 3503 1922 3550 ta-

276 3588 573 3645 bernaculi
623 3587 950 3644 testimonii
1003 3603 1200 3642 coram
1263 3586 1522 3640 domino.
1576 3585 1681 3649 Qui
1732 3585 1923 3639 susci-

278 3676 427 3748 piens
458 3693 688 3751 agnum
721 3693 823 3749 pro
855 3676 1067 3731 delicto
1097 3680 1153 3730 et
1184 3675 1502 3730 sextarium
1534 3673 1665 3741 olei,
1706 3672 1923 3729 lavabit

279 3766 480 3834 simul;
514 3766 943 3836 immolatoqua
1001 3780 1174 3836 agno,
1206 3764 1276 3817 de
1323 3762 1607 3833 sanguine
1656 3762 1785 3831 ejus
1820 3778 1921 3833 po-

280 3859 366 3909 net
412 3872 593 3927 super
642 3859 969 3909 extremum
1024 3852 1305 3907 auricula
1362 3851 1572 3905 dextra
1622 3849 1786 3904 illius
1819 3850 1917 3921 qui

280 3944 613 4009 mandatur,
647 3948 705 3998 et
747 3957 925 4013 super
956 3940 1192 4012 pollices
1244 3956 1455 3994 manus
1494 3940 1623 4008 ejus
1656 3955 1721 3994 ac
1754 3939 1918 4010 pedis

278 4030 487 4087 dextri:
544 4030 660 4087 olei
688 4046 821 4085 varo
872 4034 1096 4100 partem
1144 4028 1336 4082 mittet
1366 4026 1425 4081 in
1478 4043 1714 4082 manum
1749 4044 1917 4083 suam

275 4118 588 4185 sinistram,
620 4121 678 4174 in
741 4136 856 4190 quo
888 4119 1122 4188 tingens
1172 4116 1422 4188 digitum
1456 4117 1669 4170 dextra
1704 4132 1915 4171 manus

274 4214 530 4281 aspergat
562 4208 784 4279 septies
815 4222 1013 4261 coram
1050 4204 1291 4260 Domino
1329 4222 1341 4260 :
1375 4208 1692 4275 tangatque
1724 4210 1914 4260 extra-

273 4311 419 4352 mum
453 4299 669 4353 dextra
689 4295 964 4351 auricula
994 4293 1155 4348 illius
1205 4293 1305 4364 qui
1333 4294 1671 4359 mandatur,
1708 4299 1764 4349 at
1798 4293 1916 4364 pol-

269 4380 396 4438 lices
427 4401 648 4440 manus
678 4368 744 4438 ac
769 4384 937 4455 pedis
971 4382 1178 4449 dextri,
1224 4381 1283 4435 in
1316 4381 1441 4436 loco
1473 4381 1781 4452 sanguinis
1812 4382 1912 4452 qui

269 4473 478 4529 eli'usus
507 4479 601 4529 est
654 4490 757 4544 pro
807 4472 1061 4526 delicto:
1113 4469 1399 4540 reliquam
1449 4474 1645 4525 autem
1692 4476 1913 4541 partem

1963 1837 2008 1900 B

2046 546 2105 600 in
2138 547 2310 604 domo
2329 555 2488 604 sunt.
2523 552 2885 623 Intrabitqua
2908 559 3131 624 postea,
3160 560 3224 609 ut
3248 557 3582 612 considerat
3604 558 3700 613 do-

2048 651 2179 689 mus
2211 635 2471 707 lepram:
2504 643 2725 695 etcum
2784 642 2995 696 viderit
3052 642 3110 696 in
3163 645 3488 714 parietibus
3537 644 3697 701 illius

2046 725 2216 793 quasi
2265 725 2569 783 valliculas
2612 728 2830 799 pallore
2878 732 2996 786 sive
3030 733 3242 787 rubore
3294 733 3608 801 deformes,
3642 739 3700 789 et

2046 811 2390 869 humiliores
2443 817 2753 887 superﬁcie
2802 817 3051 889 reliqua,
3101 821 3437 891 egrediatur
3480 823 3697 877 ostium

2045 902 2278 971 domus,
2311 908 2367 958 et
2397 905 2599 959 statim
2630 905 2861 961 claudet
2892 924 3017 962 eam
3052 914 3273 978 septem
3306 910 3541 965 diebus.
3577 910 3693 966 Ra-

2044 1007 2365 1062 versusque
2399 994 2492 1048 die
2522 994 2794 1065 septimo,
2840 996 3236 1051 considerabit
3265 1012 3418 1052 eam.
3448 998 3504 1052 Si
3534 998 3699 1055 inva-

2045 1080 2194 1135 nerit
2223 1082 2473 1139 crevisse
2519 1082 2761 1154 lapram,
2788 1085 3022 1155 jubebit
3052 1087 3175 1142 erui
3209 1087 3433 1157 lapides
3473 1088 3533 1143 in
3568 1087 3698 1159 qui-

2044 1168 2153 1223 bus
2185 1169 2347 1240 lepra
2376 1178 2484 1242 ast,
2514 1177 2571 1228 et
2599 1174 2804 1245 projici
2855 1189 2955 1230 eos
2983 1180 3143 1230 extra
3174 1176 3466 1231 civitatem
3516 1176 3575 1230 in
3609 1176 3697 1232 ιο.

2043 1274 2176 1314 cum
2202 1259 2610 1317 immundum:
2639 1263 2877 1318 domum
2904 1267 3101 1319 autem
3129 1264 3317 1336 ipsam
3341 1264 3465 1319 radi
3493 1264 3706 1324 intrin.

2042 1363 2210 1402 secus
2266 1365 2367 1419 per
2408 1349 2741 1418 circuitum,
2788 1356 2843 1406 et
2886 1352 3082 1424 spargi
3133 1350 3431 1422 pulverem
3478 1370 3700 1410 rasura

2042 1440 2203 1489 extra
2225 1436 2427 1492 urbem
2458 1437 2517 1492 in
2537 1437 2733 1493 locum
2760 1439 3160 1508 immundum,
3177 1440 3525 1512 lapidesque
3549 1441 3699 1498 alios

2042 1524 2244 1593 reponi
2278 1542 2380 1596 pro
2412 1526 2504 1581 his
2536 1528 2637 1598 qui
2670 1528 2848 1583 ablati
2879 1529 3117 1599 fuerint,
3150 1534 3207 1584 at
3237 1529 3360 1584 luto
3392 1529 3507 1585 alio
3540 1530 3701 1585 liniri

2042 1611 2301 1667 domum.
2335 1615 2435 1669 Sin
2461 1621 2651 1670 autem
2678 1622 2990 1688 postquam
3024 1617 3174 1673 eruti
3199 1624 3339 1673 sunt
3368 1618 3620 1689 lapides,
3646 1624 3704 1674 et

2043 1699 2236 1771 pulvis
2265 1719 2489 1772 erasus,
2522 1710 2578 1759 et
2608 1705 2722 1759 alia
2753 1705 3048 1775 terralita,
3079 1706 3384 1779 ingressus
3428 1708 3699 1763 sacerdos

2042 1791 2247 1845 viderit
2268 1808 2557 1848 reversam
2581 1794 2825 1865 lapram,
2849 1799 2905 1851 at
2926 1794 3177 1867 parietes
3200 1812 3473 1867 aspersos
3506 1796 3696 1867 [ναις.

2043 1882 2362 1951 respersos]
2397 1882 2662 1953 maculis,
2710 1882 2872 1954 lepra
2919 1889 3008 1939 est
3058 1900 3462 1955 perseverans,
3493 1889 3552 1939 et
3585 1886 3695 1940 im-

2042 1968 2261 2023 munda
2291 1970 2540 2025 domus:
2575 1987 2753 2042 quam
2782 1972 2979 2027 statim
3012 1972 3337 2040 destruent,
3373 1977 3431 2028 at
3473 1972 3695 2039 lapides

2040 2057 2168 2127 ejus
2199 2057 2459 2129 acligna,
2483 2064 2657 2130 atque
2682 2058 3022 2115 universum
3052 2060 3350 2131 pulverem
3388 2060 3698 2131 projicient

2040 2149 2201 2201 extra
2218 2146 2501 2217 oppidum
2532 2146 2591 2201 in
2614 2147 2807 2203 locum
2836 2148 3231 2203 immundum.
3256 2149 3362 2214 Qui
3393 2148 3698 2207 intraverit

2040 2234 2279 2289 domum
2314 2236 2549 2306 quando
2580 2235 2783 2292 clausa
2830 2242 2937 2304 est,
2971 2235 3317 2291 immundus
3360 2236 3472 2292 erit
3509 2254 3695 2308 usque

2041 2322 2112 2376 ad
2144 2336 2450 2393 vesparum
2477 2338 2490 2377 :
2525 2328 2583 2379 at
2614 2324 2715 2396 qui
2746 2324 3054 2380 dormiarit
3087 2325 3143 2380 in
3176 2342 3264 2394 ea,
3293 2331 3351 2380 at
3379 2326 3695 2382 comederit

2038 2411 2356 2481 quippiam,
2384 2410 2599 2467 lavabit
2623 2413 2971 2468 vestimenta
2994 2429 3119 2469 sua.
3143 2414 3305 2479 Quod
3333 2414 3381 2469 si
3406 2414 3695 2472 introierit

2040 2500 2334 2569 sacerdos,
2366 2505 2424 2554 et
2456 2500 2666 2556 viderit
2694 2501 2919 2573 lepram
2972 2519 3084 2557 non
3119 2503 3370 2558 crevisse
3403 2503 3463 2557 in
3496 2504 3690 2572 domo,

2040 2590 2352 2657 potsquam
2377 2589 2568 2644 denuo
2591 2589 2694 2644 lita
2716 2590 2907 2655 fuerit,
2926 2590 3263 2660 puriﬁcahit
3283 2607 3435 2659 eam,
3465 2592 3695 2647 reddita

2038 2676 2307 2742 sanitate,
2337 2685 2388 2731 et
2418 2676 2477 2731 in
2511 2678 2974 2747 purilicationam
2999 2680 3128 2749 ejus
3159 2685 3354 2733 sumet
3379 2680 3526 2735 duos
3557 2697 3694 2751 pas-

2039 2779 2214 2833 seres,
2247 2763 2596 2836 lignumque
2631 2767 2961 2835 cedrinum,
3009 2772 3066 2821 at
3096 2766 3485 2822 vermiculum
3517 2774 3693 2838 atque

2038 2851 2380 2924 hyssopum,
2414 2859 2471 2909 at
2500 2854 2803 2910 immolato
2854 2872 2966 2911 uno
3000 2870 3234 2926 passere
3268 2856 3323 2909 in
3357 2872 3492 2911 vasa
3526 2856 3689 2910 ﬁctili

2037 2957 2215 3012 super
2270 2959 2453 3012 aquas
2507 2943 2685 3010 vivas,
2746 2943 2912 2999 tollet
2969 2943 3192 3014 lignum
3251 2944 3582 3010 cedrinum,
3631 2950 3688 3000 et

2035 3030 2381 3102 hyssOpum,
2415 3036 2471 3086 et
2490 3048 2754 3100 coccum,
2774 3037 2830 3088 at
2852 3048 3148 3104 passerem
3172 3032 3389 3095 vivum,
3408 3038 3464 3087 et
3485 3033 3675 3104 tinget

2035 3120 2233 3173 omnia
2256 3121 2312 3173 in
2335 3121 2622 3192 sanguine
2642 3122 2898 3192 passeris
2916 3120 3223 3191 immolati,
3247 3121 3495 3192 atquein
3515 3123 3686 3194 aquis

1953 3198 1997 3266 C
2034 3208 2384 3278 viventibus,
2416 3218 2471 3264 et
2493 3215 2762 3282 aspergat
2780 3211 3020 3266 domum
3044 3210 3280 3281 septies,
3316 3210 3685 3281 puriﬁcabit-

2035 3314 2147 3368 que
2204 3314 2333 3353 eam
2391 3298 2450 3353 in
2510 3298 2796 3370 sanguine
2852 3298 3106 3370 passeris
3164 3314 3342 3369 quam
3395 3298 3454 3353 in
3512 3302 3685 3371 aquis

2030 3387 2389 3457 viventibus,
2412 3393 2469 3443 et
2494 3387 2550 3443 in
2576 3405 2810 3459 passere
2838 3390 2993 3458 vivo,
3041 3388 3317 3459 lignoque
3367 3386 3604 3443 cedrino
3629 3394 3686 3443 at

2031 3475 2281 3547 hyssopo
2311 3481 2485 3547 atque
2532 3477 2868 3532 vermiculo.
2924 3478 3189 3549 Cumque
3227 3476 3520 3532 dimiserit
3553 3494 3682 3548 pas-

2031 3580 2219 3618 serem
2263 3564 2493 3620 avolare
2523 3566 2580 3620 in
2635 3582 2843 3639 agrum
2892 3565 3094 3635 libera,
3126 3566 3313 3621 orabit
3345 3582 3451 3637 pro
3483 3566 3678 3631 domo,

2030 3653 2240 3722 etjure
2290 3653 2691 3710 mundabitur.
2752 3654 2870 3709 Ista
2899 3662 2989 3710 est
3034 3654 3126 3709 lex
3173 3655 3367 3709 omnis
3421 3653 3591 3725 lepra
3622 3656 3680 3709 at

2030 3757 2415 3811 percussura,
2450 3741 2621 3813 lepra
2645 3743 2916 3811 vestium,
2949 3746 3003 3798 at
3025 3743 3357 3809 domorum,
3391 3740 3680 3797 cicatricis

2029 3834 2086 3883 at
2115 3830 2549 3899 erumpentium
2574 3829 2941 3901 papularum,
2977 3830 3226 3886 lucentis
3260 3829 3523 3895 macula,
3543 3828 3680 3883 etin

2027 3916 2217 3971 varias
2248 3918 2470 3987 species
2500 3918 2793 3973 coloribus
2838 3918 3196 3988 immutatis,
3223 3917 3493 3989 utpossit
3544 3917 3680 3972 sciri

2029 4020 2143 4075 quo
2195 4012 2452 4077 tempore
2500 4008 2786 4061 mundum
2836 4007 2978 4079 quid
3029 4007 3116 4061 vel
3163 4006 3543 4061 immundum
3577 4005 3673 4060 sit.

2100 4130 2182 4201 [T.
2220 4129 2359 4196 VIII,
2394 4135 2454 4184 Β.
2490 4131 2636 4196 VIII,
2668 4132 2729 4187 C.
2764 4129 2928 4200 XXV,
2976 4130 3105 4201 Cap.
3139 4129 3271 4200 XV.]
3307 4129 3675 4198 Locutusque

2024 4223 2113 4273 est
2147 4217 2426 4272 Dominus
2469 4219 2540 4273 ad
2572 4222 2767 4273 Mosen
2815 4223 2872 4273 at
2910 4226 3126 4285 Aaron,
3176 4218 3421 4274 dicens:
3458 4217 3675 4288 Loqui-

2024 4307 2169 4361 mini
2230 4305 2367 4361 filiis
2427 4306 2627 4373 Israel,
2678 4307 2942 4363 etdicita
2973 4308 3098 4363 eis:
3152 4307 3267 4372 Vir,
3301 4310 3400 4378 qui
3456 4308 3678 4379 patitur

2023 4395 2247 4450 ﬂuxum
2277 4395 2544 4462 seminis,
2576 4396 2920 4452 immundus
2950 4398 3081 4451 erit.
3117 4397 3186 4451 Et
3216 4402 3355 4451 tunc
3379 4396 3675 4464 judicabi-

2023 4487 2120 4539 tur
2146 4484 2281 4539 huic
2312 4483 2450 4539 vitio
2469 4484 2791 4553 suhjacere,
2823 4501 2957 4540 cum
2990 4501 3091 4556 per
3108 4489 3407 4540 momenta
3438 4484 3676 4555 singula

268 4559 388 4626 olei,
420 4579 547 4634 qua
579 4566 674 4618 est
705 4562 763 4616 in
786 4560 1038 4616 sinistra
1060 4575 1262 4624 manu,
1291 4559 1486 4613 mittet
1519 4574 1696 4631 super
1733 4564 1909 4631 caput

2034 4573 2327 4628 idhaserit
2383 4572 2540 4628 carni
2588 4572 2768 4641 illius,
2828 4578 3002 4644 atque
3052 4573 3413 4629 concreverit
3482 4572 3673 4628 fadus

267 4650 574 4720 puriﬁcati,
608 4650 881 4721 utplacet
925 4665 1027 4719 pro
1049 4664 1116 4702 eo
1147 4649 1495 4703 Dominum:
1533 4653 1591 4702 et
1624 4652 1909 4704 turturem

268 4744 375 4801 sive
405 4747 640 4819 pullum
672 4746 961 4801 culumba
984 4744 1202 4813 offerat,
1237 4761 1420 4799 unum
1447 4760 1550 4815 pro
1578 4744 1810 4813 delicto,
1853 4750 1911 4800 at

267 4833 502 4892 alterum
536 4837 597 4891 in
632 4835 1043 4892 holocaustum
1074 4849 1206 4889 cum
1239 4832 1576 4888 libamentis
1616 4832 1759 4889 suis.
1792 4833 1911 4891 Hoc

267 4930 347 4979 ast
374 4926 733 4982 sacriﬁcium
767 4923 1003 4996 leprosi,
1037 4923 1136 4995 qui
1178 4922 1392 4978 habere
1422 4939 1538 4977 non
1572 4925 1764 4993 potest
1784 4938 1909 4978 om-

266 5013 355 5070 nia
382 5016 441 5070 in
487 5014 974 5072 amundationam
1020 5012 1114 5069 sui
1148 5014 1231 5083 [C.
1275 5011 1499 5083 XXIV.]
1534 5012 1910 5084 Locutusque

264 5108 343 5157 est
375 5104 662 5159 Dominus
702 5105 771 5159 ad
796 5107 989 5160 Mosen
1022 5108 1078 5159 at
1125 5104 1336 5168 Aaron,
1371 5100 1610 5156 dicens:
1644 5101 1786 5156 Cum
1818 5101 1909 5156 in-

261 5194 436 5260 gressi
467 5193 703 5249 fueritis
734 5198 953 5249 terram
1003 5192 1302 5269 Chanaan,
1356 5206 1536 5261 quam
1594 5205 1701 5262 ego
1760 5190 1908 5247 dabo

263 5280 413 5337 vobis
439 5283 497 5338 in
531 5283 992 5353 possessionem,
1024 5282 1075 5337 si
1099 5279 1271 5336 fuerit
1290 5279 1466 5351 plaga
1491 5278 1661 5350 lepra
1691 5278 1749 5333 in
1776 5278 1910 5334 adi-

262 5366 381 5440 bus,
412 5370 527 5425 ibit
559 5371 729 5442 cujus
774 5376 863 5426 est
905 5372 1041 5426 dom
1058 5386 1149 5437 us,
1181 5368 1461 5423 nuntians
1510 5368 1819 5435 sacerdoti,
1852 5373 1909 5425 et

2020 4662 2252 4718 humor.
2286 4666 2469 4718 Omne
2500 4666 2768 4728 stratum,
2816 4662 2873 4718 in
2907 4679 3022 4733 quo
3054 4660 3383 4728 dormierit,
3416 4660 3672 4715 immun-

2020 4752 2161 4806 dum
2195 4750 2325 4817 erit,
2370 4756 2428 4806 at
2457 4750 2794 4821 ubicunque
2842 4751 3075 4806 sedarit.
3111 4752 3179 4805 Et
3233 4751 3283 4805 si
3316 4749 3451 4820 quis
3480 4748 3674 4803 homi-

2020 4856 2161 4893 num
2194 4838 2447 4911 tetigerit
2476 4839 2689 4894 lactum
2737 4840 2886 4909 ejus,
2919 4838 3139 4895 lavabit
3162 4838 3515 4894 vestimenta
3538 4853 3669 4905 sua,

2020 4933 2076 4985 et
2101 4928 2227 5000 ipse
2259 4926 2414 4984 lotus
2445 4944 2621 4999 aqua,
2646 4928 2991 4983 immundus
3021 4927 3130 4982 erit
3150 4941 3339 4998 usque
3370 4927 3441 4981 ad
3473 4941 3671 4997 vespe-

2020 5034 2173 5073 rum.
2207 5018 2265 5073 Si
2298 5017 2515 5073 sederit
2546 5016 2645 5073 ubi
2677 5016 2773 5071 illa
2804 5018 3055 5086 sederat,
3085 5021 3142 5072 et
3176 5016 3299 5087 ipsa
3331 5014 3551 5071 lavabit
3573 5030 3667 5069 ve-

2018 5107 2296 5163 stimenta
2328 5124 2455 5173 sua,
2488 5112 2544 5161 et
2577 5106 2733 5161 lotus
2766 5122 2939 5178 aqua,
2975 5106 3321 5161 immundus
3346 5104 3458 5159 erit
3481 5118 3668 5174 usque

2019 5195 2089 5251 ad
2140 5210 2468 5267 vesperum.
2516 5194 2622 5259 Qui
2672 5193 2933 5266 tetigerit
2990 5209 3220 5249 carnem
3278 5194 3407 5263 ejus
3451 5190 3668 5246 lavabit

2019 5283 2368 5339 vestimenta
2396 5300 2524 5352 sua,
2547 5287 2603 5339 et
2631 5282 2758 5354 ipse
2807 5281 2961 5338 lotus
2988 5299 3143 5355 aqua
3186 5279 3526 5336 immundus
3559 5278 3668 5335 erit

2017 5386 2207 5442 usque
2228 5371 2299 5426 ad
2328 5385 2663 5442 vesparum.
2688 5370 2748 5427 Si
2780 5370 3025 5426 salivam
3052 5367 3465 5439 hujuscemodi
3490 5366 3665 5421 homo

264 5456 439 5514 dicet:
471 5459 654 5522 Quasi
680 5458 1044 5532 plagalepra
1066 5458 1297 5513 videtur
1320 5455 1466 5511 mihi
1488 5471 1615 5511 esse
1645 5455 1703 5510 in
1731 5457 1905 5513 domo
2009 5460 2219 5531 jacerit
2249 5476 2425 5530 super
2454 5476 2611 5528 eum,
2646 5460 2746 5531 qui
2805 5460 3064 5515 mundus
3097 5463 3203 5524 est,
3238 5457 3456 5513 lavabit
3486 5456 3663 5510 vesti-

263 5560 399 5604 mea.
419 5550 492 5603 At
516 5548 619 5603 ille
641 5547 954 5620 praecipiet,
973 5554 1036 5603 ut
1060 5547 1303 5603 eﬂ'erant
1325 5544 1595 5601 universa
1615 5544 1685 5600 de
1706 5546 1902 5601 domo.

260 5641 606 5712 priusquam
636 5640 1001 5713 ingrediatur
1028 5655 1179 5709 eam,
1211 5637 1264 5694 el
1295 5636 1488 5693 videat
1519 5641 1717 5692 utrum
1741 5636 1903 5710 lepra

2016 5553 2217 5605 manta
2248 5565 2376 5614 sua,
2407 5554 2464 5604 at
2484 5550 2639 5605 lotus
2669 5565 2844 5620 aqua,
2865 5547 3205 5603 immundus
3237 5547 3347 5601 erit
3380 5561 3570 5617 usque
3590 5544 3662 5599 ad

2012 5654 2345 5711 vesperum.
2380 5638 2597 5711 Sagma
2622 5654 2801 5710 super
2831 5638 2985 5710 quod
3015 5634 3252 5703 sederit,
3288 5634 3663 5695 immundum
