4068 6172
473 294 579 350 355

1517 297 1575 348 s.
1619 265 2023 350 HIRRONYMI
2062 298 2319 352 DIVINA
2355 301 2854 357 BlBLlOTHECA.

3763 315 3858 370 356

471 422 602 489 erit,
636 425 691 476 et
723 419 1006 492 quidquid
1038 417 1147 473 sub
1178 433 1244 472 eo
1278 417 1449 472 fuerit
1477 419 1576 488 qui
1609 419 1832 474 ﬂuxum
1864 420 2105 477 seminis
2138 445 2188 507 Α
2219 428 2440 494 septem
2465 424 2590 480 dies
2614 427 3040 495 puriﬁcationis
3061 447 3218 500 sua);
3249 437 3304 488 et
3323 439 3525 493 octavo
3549 439 3643 494 die
3663 442 3858 498 oﬂ'eret

471 512 711 583 patitur,
763 510 1052 580 pollutum
1105 507 1214 560 erit
1258 522 1442 577 usque
1495 509 1563 562 ad
1614 525 1944 580 vesperum.
2001 510 2105 574 Qui

471 600 786 673 portaverit
813 597 1023 651 horum
1057 594 1304 666 aliquid,
1351 594 1568 651 lavabit
1600 597 1950 653 vestimenta
1979 614 2108 666 sua,

471 694 529 744 et
575 688 700 759 ipse
746 685 899 740 lotus
931 700 1106 755 aqua,
1153 684 1493 740 immundus
1533 685 1646 741 erit
1674 695 1880 758 "usque
1911 687 1979 742 ad
2014 703 2108 742 ve-

472 790 731 849 Sperum.
765 772 968 827 Omnis
989 787 1162 843 quem
1187 772 1438 840 tetigerit
1459 773 1560 843 qui
1582 773 1717 828 talis
1746 777 1854 838 est,
1887 791 2002 830 non
2025 774 2109 829 lo-

468 866 544 921 tis
576 868 710 919 ante
742 861 1038 928 manibus,
1072 861 1288 915 lavabit
1327 863 1680 917 vestimenta
1711 879 1840 929 sua,
1871 867 1928 917 et
1956 862 2111 918 lotus

464 968 640 1022 aqua,
672 949 1021 1005 immundus
1065 948 1172 1002 erit
1204 963 1392 1018 usque
1441 949 1512 1002 ad
1545 964 1873 1046 vesperum.
1907 950 2016 1006 Vas
2051 949 2113 1046 (i-

463 1039 598 1094 ctile
629 1038 782 1110 quod
818 1036 1090 1106 tetigerit,
1143 1038 1544 1106 conl’ringetur
1573 1035 1655 1106 [h.
1691 1041 1910 1092 ﬂuxum
1943 1036 2112 1092 semi-

461 1130 555 1184 nis
613 1128 864 1200 patiens,
932 1123 1390 1194 confringetur]:
1451 1141 1556 1180 vas
1622 1130 1818 1180 autem
1881 1125 2106 1225 lignum

456 1216 739 1272 lavacilur
769 1231 942 1286 aqua.
976 1213 1036 1267 Si
1069 1218 1313 1267 sanatus
1363 1213 1537 1267 fuerit
1569 1213 1666 1283 qui
1703 1213 2110 1284 hujuscemodi

387 1313 394 1318 ’
461 1307 715 1361 sustinet
764 1302 1122 1374 passionem,
1183 1301 1521 1356 numerabit
1570 1306 1792 1374 septem
1827 1303 1949 1358 dies
1981 1306 2112 1372 post

461 1393 939 1451 emundationem
967 1389 1080 1456 sui,
1109 1393 1166 1443 et
1196 1388 1328 1444 lotis
1347 1389 1609 1445 vestibus
1635 1407 1700 1446 ac
1723 1395 1843 1446 toto
1874 1407 2112 1461 corpore

461 1484 520 1538 in
553 1481 724 1554 aquis
755 1479 1096 1546 viventibus;
1131 1477 1241 1533 erit
1263 1480 1538 1534 mundus.
1562 1479 1665 1534 Die
1695 1485 1892 1534 autem
1911 1484 2110 1535 octavo

459 1573 660 1626 sumet
696 1571 842 1623 duos
895 1571 1171 1631 turtures,
1224 1571 1324 1620 aut
1370 1567 1518 1621 duos
1567 1565 1761 1637 pullos
1807 1566 2109 1634 columba},

455 1666 514 1716 et
569 1659 759 1714 veniet
811 1658 869 1712 in
923 1661 1300 1725 conspectum
1355 1656 1585 1710 Domini
1648 1659 1718 1711 ad
1773 1658 1987 1713 ostium
2018 1663 2111 1713 ta-

2217 529 2316 582 pro
2347 530 2408 567 se
2456 516 2741 570 sacerdoti
2772 518 2920 572 duos
2953 523 3210 577 turtures
3239 523 3328 578 vel
3360 524 3510 582 duos
3541 528 3733 599 pullos
3761 547 3848 587 co-

2215 599 2427 654 lumbas
2443 603 2511 656 ad
2537 605 2754 658 ostium
2784 605 3143 664 tabernaculi
3164 613 3481 669 testimonii
3507 632 3521 670 :
3547 617 3646 688 qui
3671 635 3846 676 unum

2214 688 2390 744 faciet
2413 706 2515 760 pro
2547 696 2799 760 peccato,
2835 699 2891 749 et
2920 696 3168 753 alterum
3218 701 3276 755 in
3310 701 3741 775 holocaustum,
3773 727 3858 764 ro-

2215 777 2492 850 gabitque
2540 796 2642 850 pro
2674 798 2740 836 ea
2771 799 2966 839 coram
3016 785 3284 855 Domino,
3335 795 3394 846 et
3429 809 3535 863 pro
3560 794 3720 851 ﬂuxu
3749 797 3858 853 im-

2217 866 2521 921 munditia
2551 869 2700 938 ejus.
2752 869 3046 929 Docebitis
3080 890 3218 947 ergo
3261 877 3412 935 ﬁlios
3453 881 3651 956 Israel,
3679 888 3745 940 ut
3771 902 3857 941 ca-

2213 959 2389 1010 veant
2414 955 2874 1030 immunditiam,
2907 965 2964 1016 et
2993 979 3107 1018 non
3141 966 3468 1024 moriantur
3497 969 3556 1025 in
3587 955 3855 1031 sordibus

2217 1042 2362 1112 suis,
2412 1060 2546 1100 cum
2595 1046 2914 1117 polluerint
2960 1051 3401 1112 tabernaculum
3452 1075 3670 1132 meum,
3703 1065 3853 1135 quod

2216 1136 2305 1186 est
2333 1131 2489 1188 inter
2517 1150 2637 1190 eos.
2673 1135 2791 1192 Ista
2819 1142 2908 1194 est
2947 1140 3037 1195 lex
3067 1142 3215 1211 ejus,
3251 1144 3351 1215 qui
3383 1147 3606 1218 patitur
3640 1131 3856 1208 ﬂuxum

2217 1220 2482 1290 seminis,
2515 1227 2571 1278 et
2599 1224 2699 1295 qui
2741 1226 3022 1297 polluitur
3071 1232 3245 1303 coitu,
3277 1239 3334 1289 et
3365 1251 3496 1306 quae
3544 1243 3856 1298 menstruis

2217 1310 2583 1381 temporibus
2614 1320 2938 1387 separatur,
2973 1318 3058 1374 vel
3093 1337 3219 1391 quas
3239 1322 3370 1396 jugi
3395 1325 3525 1382 ﬂuit
3552 1330 3856 1402 sanguine,

2218 1402 2275 1452 et
2306 1398 2564 1455 hominis
2595 1402 2695 1474 qui
2727 1404 3029 1462 dormierit
3059 1425 3190 1466 cum
3216 1427 3303 1468 ea.

2290 1490 2366 1552 [T.
2403 1487 2494 1554 IX,
2520 1493 2579 1544 Β.
2607 1491 2706 1560 ΙΧ,
2731 1491 2796 1548 C.
2840 1493 3113 1563 XXX-VII,
3146 1499 3273 1571 Cap.
3297 1501 3464 1574 XVI.]
3499 1505 3859 1580 Locutusque

2214 1579 2304 1629 est
2340 1576 2617 1633 Dominus
2649 1581 2720 1634 ad
2750 1584 2947 1638 Mosen
2991 1591 3118 1655 post
3149 1594 3398 1646 mortem
3433 1593 3681 1652 duorum
3713 1576 3860 1653 ﬁlio-

2215 1678 2345 1716 rum
2382 1668 2595 1733 Aaron,
2631 1671 2867 1737 quando
2898 1671 3208 1731 oﬂ'erentes
3239 1677 3434 1749 ignem
3483 1680 3738 1740 alienum
3771 1685 3858 1740 in-

454 1747 757 1805 bernaculi
808 1744 1156 1811 testimonii,
1209 1743 1486 1815 dabitque
1538 1760 1636 1799 eos
1668 1746 1979 1842 sacerdoti,
2009 1746 2111 1817 qui
2151 1817 2189 1842 n
2213 1751 2461 1842 terfectig
2487 1759 2646 1821 sunt,
2697 1761 2753 1812 et
2786 1761 3056 1832 praecepit
3093 1764 3168 1828 ei,
3209 1743 3447 1824 dicens:
3497 1774 3754 1842 Loquere
3784 1774 3855 1830 ad

2632 1817 2640 1821 -
2787 1817 2800 1829 ,
2970 1817 2987 1832 ,
3152 1817 3168 1828 ,
3216 1817 3446 1824 ___-_--
3497 1817 3754 1842 -Ἷ-νη,
3785 1817 3855 1830 ..υ

456 1839 629 1893 faciet
676 1850 849 1890 unum
892 1849 994 1904 pro
1044 1836 1299 1903 peccato,
1334 1837 1390 1886 et
1437 1831 1688 1887 alterum
1739 1834 1797 1888 in
1830 1833 2111 1890 holocau-
2143 1817 2190 1880 Β
2221 1843 2411 1896 Aaron
2444 1841 2680 1898 fratrem
2713 1850 2904 1916 tuum,
2928 1865 2999 1904 ne
3029 1852 3188 1906 omni
3213 1857 3474 1926 tempore
3502 1859 3863 1932 ingrediatur

455 1931 614 1982 stum
643 1942 656 1979 :
695 1923 1042 1996 rogabitquo
1067 1938 1169 1991 pro
1192 1937 1258 1975 eo
1289 1937 1484 1975 coram
1517 1921 1782 1991 Domino,
1817 1931 1879 1978 ut
1903 1940 2108 1978 emun-

454 2015 626 2069 detur
656 2030 689 2068 a
721 2012 880 2067 ﬂuxu
912 2009 1157 2065 seminis
1203 2010 1314 2064 sui.
1367 2009 1487 2077 Vir,
1523 2010 1594 2065 de
1644 2027 1760 2080 quo
1815 2011 2112 2082 egreditur

463 2118 664 2159 semen
697 2101 908 2166 coitus,
963 2097 1176 2153 lavabit
1225 2114 1379 2168 aqua
1426 2114 1598 2153 omne
1646 2115 1857 2170 corpus
1891 2115 2106 2154 suum:

455 2195 512 2245 et
537 2189 885 2244 immundus
935 2186 1047 2241 erit
1097 2201 1284 2256 usque
1321 2186 1393 2260 ad
1426 2201 1758 2257 vesperum.
1788 2191 2020 2242 Vestem
2052 2194 2109 2242 et

458 2277 691 2350 pellem,
726 2291 904 2348 quam
939 2273 1228 2339 habuerit,
1263 2273 1480 2328 lavabit
1509 2291 1682 2345 aqua,
1716 2279 1773 2330 et
1806 2275 2109 2330 immunda

458 2367 568 2420 erit
599 2381 787 2435 usque
818 2364 889 2418 ad
922 2377 1250 2432 vesperum.
1305 2361 1511 2416 Mulier
1559 2379 1694 2417 cum
1744 2380 1860 2435 qua
1906 2363 2108 2418 coierit

456 2454 750 2511 lavabitur
781 2467 955 2522 aqua,
1005 2455 1061 2504 et
1092 2450 1404 2504 immunda
1457 2451 1567 2505 erit
1596 2467 1781 2522 usque
1807 2453 1877 2507 ad
1909 2469 2106 2523 vespe-

455 2560 606 2599 rum.
661 2542 744 2614 [(1.
791 2539 1015 2608 XXVl.]
1066 2537 1272 2592 Mulier
1336 2555 1480 2609 quae,
1535 2540 1812 2594 redeunte
1887 2558 2105 2606 mense,

456 2633 678 2704 patitur
725 2630 948 2685 ﬂuxum
1002 2627 1309 2698 sanguinis
1361 2629 1442 2698 [h.
1495 2627 1704 2684 Mulier
1732 2646 1857 2700 qua
1891 2630 2108 2700 patitur

456 2721 679 2776 ﬂuxum
761 2715 1113 2788 sanguinis],
1167 2720 1390 2786 septem
1463 2716 1671 2772 diebus
1716 2718 2103 2788 separabitur,

455 2809 657 2866 Omnis
688 2808 787 2880 qui
825 2805 1082 2876 tetigerit
1111 2820 1262 2871 eam,
1295 2803 1639 2860 immundus
1682 2807 1792 2861 erit
1822 2823 2004 2876 usque
2033 2808 2103 2861 ad

453 2913 768 2969 vesperum
796 2912 810 2950 :
843 2900 901 2950 et
931 2893 990 2948 in
1024 2908 1138 2964 quo
1187 2893 1511 2958 dormierit,
1537 2893 1626 2949 vel
1659 2894 1873 2950 sederit
1897 2896 2106 2952 diebus

455 2984 844 3059 separationis
892 2999 1035 3051 sua,
1085 2978 1397 3052 polluetur.
1433 2981 1540 3046 Qui
1588 2983 1844 3055 tetigerit
1889 2981 2104 3040 lectum

458 3077 609 3144 ejus,
663 3071 882 3128 lavabit
925 3069 1278 3126 vestimenta
1309 3085 1451 3124 sua:
1487 3075 1544 3124 et
1592 3071 1716 3142 ipse
1747 3070 1901 3128 lotus
1931 3089 2105 3144 aqua,

457 3163 804 3219 immundus
834 3159 945 3215 erit
974 3175 1162 3230 usque
1195 3160 1266 3214 ad
1289 3174 1617 3229 vesperum.
1650 3160 1835 3216 Omne
1864 3178 1986 3233 vas,
2007 3179 2100 3216 su-

458 3267 562 3324 per
617 3250 772 3323 quod
821 3247 923 3304 illa
952 3249 1188 3316 sederit,
1249 3248 1520 3320 quisquis
1567 3249 1851 3320 attigerit,
1891 3248 2108 3306 lavabit

460 3342 811 3396 vestimenta
859 3352 995 3393 sua:
1027 3341 1083 3393 et
1142 3339 1316 3410 [Vulg.
1369 3338 1502 3392 add.
1535 3336 1680 3408 ipse]
1734 3337 1890 3394 lotus
1929 3355 2104 3410 aqua,

456 3427 719 3501 pollutus
753 3427 863 3482 erit
916 3443 1102 3498 usque
1140 3428 1211 3483 ad
1262 3441 1593 3497 vesperum.
1626 3425 1686 3481 Si
1735 3426 1934 3482 coierit
1971 3445 2106 3484 cum

456 3532 525 3573 ea
556 3517 644 3572 vir
674 3521 938 3586 tempore
970 3515 1278 3587 sanguinis
1329 3513 1728 3584 menstrualis,
1762 3515 2106 3572 immundus

460 3605 570 3662 erit
600 3607 826 3677 septem
861 3602 1106 3658 diebus:
1141 3607 1200 3658 et
1229 3617 1401 3659 omne
1432 3605 1708 3669 stratum,
1739 3603 1799 3658 in
1827 3621 1941 3676 quo
1972 3605 2105 3660 dor-

454 3695 672 3766 mierit,
690 3692 1005 3766 polluetur.
1040 3692 1270 3757 Mulier,
1293 3691 1872 3763 quaepatiturmultis
1895 3693 2104 3751 diebus

457 3785 681 3840 ﬂuxum
714 3781 1025 3853 sanguinis
1057 3797 1170 3835 non
1225 3781 1282 3834 in
1315 3784 1577 3851 tempore
1617 3781 1984 3848 menstruali,
2015 3782 2102 3838 vel

450 3889 577 3944 quae
601 3876 732 3944 post
762 3875 1129 3926 menstruum
1163 3869 1512 3940 sanguinem
1545 3868 1722 3924 ﬂuere
1754 3886 1866 3925 non
1890 3877 2101 3940 cessat,

446 3961 709 4033 quandiu
723 3959 862 4015 huic
879 3958 1146 4029 subjacet
1170 3957 1777 4028 passioni,immunda
1798 3960 1910 4015 erit
1931 3960 2101 4031 quasi

447 4052 526 4107 sit
582 4050 642 4107 in
691 4053 952 4119 tempore
1003 4051 1324 4101 menstruo.
1362 4049 1540 4102 Omne
1588 4051 1842 4102 stratum
1891 4047 1953 4103 in
1985 4065 2100 4119 quo

447 4137 773 4202 dormierit,
827 4140 886 4192 et
916 4151 1014 4190 vas
1063 4135 1120 4189 in
1186 4150 1302 4205 quo
1336 4135 1576 4204 sederit,
1627 4135 1918 4202 pollutum
1969 4140 2098 4194 erit.

453 4228 799 4298 Quicunque
847 4223 1101 4296 tetigerit
1139 4239 1228 4290 ea,
1260 4222 1480 4279 lavabit
1507 4224 1856 4280 vestimenta
1885 4243 2012 4296 sua,
2044 4231 2102 4282 ct

451 4316 579 4386 ipse
600 4314 754 4370 lotus
775 4329 947 4384 aqua,
970 4311 1312 4366 immundus
1335 4311 1446 4367 erit
1469 4328 1655 4384 usque
1674 4313 1743 4368 ad
1767 4329 2096 4384 vesperum.

449 4404 505 4458 Si
536 4403 763 4460 steterit
791 4400 1058 4472 sanguis,
1089 4404 1146 4455 et
1175 4399 1356 4455 ﬂuere
1402 4399 1735 4467 cessaverit,
1768 4404 2100 4460 numerabit

523 4530 538 4564 ι
571 4525 1285 4609 Vetustissimaaquaadam
1337 4526 1714 4609 membranae,
1747 4543 1874 4598 quae
1902 4545 1971 4609 ex
2002 4531 2097 4609 def

450 4600 677 4672 perdito
706 4598 1160 4680 Veronensi’ms.
1188 4602 1489 4680 superant,
1515 4599 1868 4680 quibuscum
1902 4600 2099 4680 hocet

450 4661 818 4742 subsequens
849 4670 1197 4743 capitulum,
1232 4661 1358 4724 tum
1391 4661 1783 4743 aliainl'erius
1816 4675 2099 4729 nonnulla
2127 4661 2174 4725 D

453 4741 836 4814 contulimus,
865 4741 960 4798 hic
990 4743 1302 4815 praeferant
1330 4743 1388 4796 in
1419 4741 1576 4797 ostia.

526 4886 548 4921 ²
581 4885 800 4941 Nomen
833 4883 930 4939 hic
958 4882 1290 4955 expositum
1321 4881 1517 4954 posuit
1558 4881 1934 4954 Scholiastes,
1968 4905 2102 4946 cum

453 4975 512 5031 in
548 4973 894 5054 Hebraeosit
923 4956 1158 5054 57873:,
1200 4971 1438 5054 la_azael,
1471 4971 1525 5026 id
1555 4975 1648 5054 est
1678 4975 1924 5054 aggerati:
1960 4981 2104 5035 Aza-

450 5047 533 5102 zel
569 5050 764 5102 autem
796 5044 968 5114 infra,
1002 5061 1054 5098 ν.
1086 5045 1181 5110 26,
1216 5044 1289 5126 ab
1319 5043 1521 5126 eodem
1551 5042 2105 5126 Scholiastenostro

450 5120 874 5188 interpretatur
905 5116 1117 5188 iterum
1152 5115 1393 5170 crudelis
1421 5115 1537 5179 Dei,
1570 5115 1704 5184 quir
1734 5122 1898 5185 putat
1915 5123 2108 5177 αλαιεί

448 5205 578 5247 esse
606 5186 800 5244 vocem
846 5186 1226 5256 compositam
1277 5202 1345 5240 ex
1393 5197 1514 5251 ms,
1557 5203 1692 5240 amr
1720 5192 1776 5241 et
1805 5199 1900 5257 7x,
1942 5194 2012 5258 el,
2045 5200 2108 5250 ut

451 5264 632 5359 Sim};
651 5278 840 5333 ataui
858 5276 1088 5346 legatur
1114 5291 1215 5346 pro
1238 5260 1434 5356 ὅτων,
1459 5275 1674 5359 amaret,
1701 5278 1852 5359 quond
1880 5285 2109 5359 proprie

453 5353 647 5418 sonat,
700 5364 984 5419 asperum,
1030 5348 1439 5431 saevumhsive
1469 5347 1746 5429 crudelem
1792 5347 2104 5431 pei._ldem

452 5421 712 5478 sensisse
760 5421 995 5477 videtur
1057 5419 1238 5490 Syrus
1285 5419 1597 5489 interpres,
1647 5419 1748 5489 qui
1794 5420 1890 5477 hic
1933 5423 2108 5484 habet

451 5495 711 5591 ιγηιςττνπ,
759 5507 1044 5599 ιιιξοκοιίθξ,
1078 5505 1134 5560 id
1161 5511 1250 5561 est
1276 5505 1764 5599 fortissimi-Deo,
1776 5510 1868 5599 vel
1894 5516 2111 5599 crudeli

450 5581 550 5637 Dei
565 5583 732 5650 juxta
774 5581 1217 5666 adnotationem
1265 5577 1899 5671 m‘arginpjer‘n..uH'ancn
1926 5587 2106 5671 vopis,

450 5649 667 5722 arcam,
699 5652 1153 5726 originationem
1208 5649 1414 5722 probat
1461 5649 1726 5708 similiter
1752 5655 1820 5710 R.
1863 5649 2106 5720 Saadias

2219 1930 2638 1998 sanctuarium,
2664 1935 2816 2002 quod
2839 1941 2924 1990 est
2943 1936 2999 1992 in
3016 1938 3208 1996 velum
3229 1959 3421 1999 coram
3439 1930 3860 2022 propitiatorio,

2218 2031 2332 2085 quo
2364 2019 2581 2089 tegitur
2629 2036 2780 2089 arca,
2816 2028 2881 2079 ut
2910 2041 3025 2081 non
3077 2030 3361 2086 moriatur
3408 2034 3568 2104 (quia
3615 2054 3674 2093 1n
3707 2040 3861 2096 nube

2217 2106 2508 2174 apparebo
2535 2125 2710 2178 super
2758 2112 3106 2188 oraculum),
3159 2119 3271 2175 nisi
3304 2120 3423 2178 haec
3471 2130 3606 2181 ante
3637 2127 3854 2185 fecerit.

2214 2191 2478 2248 Vitulum
2502 2196 2703 2253 oﬂ‘eret
2734 2217 2835 2270 pro
2858 2208 3114 2274 peccato,
3146 2212 3204 2264 et
3219 2208 3461 2266 arietem
3492 2211 3552 2268 in
3575 2214 3853 2272 holocau-

2215 2285 2395 2337 stum.
2446 2283 2668 2340 Tunica
2711 2287 2867 2344 linea
2917 2295 3215 2361 vestietur,
3266 2296 3642 2358 feminalibus
3684 2304 3854 2362 lineis

2213 2371 2463 2425 verenda
2493 2372 2743 2431 celabit:
2779 2379 3116 2452 accingetur
3135 2401 3279 2440 zona
3309 2387 3480 2454 linea,
3515 2390 3758 2448 cidarim
3781 2394 3854 2449 li-
3909 2467 3915 2470 ν

2215 2474 2386 2513 neam
2418 2459 2682 2532 imponet
2731 2467 2906 2537 capiti
2939 2487 2951 2524 :
2981 2469 3102 2526 hac
3155 2474 3311 2530 enim
3344 2477 3692 2536 vestimenta
3721 2489 3860 2538 sunt

2213 2551 2415 2602 sancta
2443 2551 2685 2619 :quibus
2712 2569 2723 2607 :
2750 2557 3134 2624 cunctis,cum
3161 2559 3316 2620 lotus
3340 2565 3536 2636 fuerit,
3560 2567 3856 2626 induetur.

2212 2634 2618 2707 Suscipietque
2631 2640 2701 2695 ab
2722 2643 2992 2701 universa
3011 2648 3391 2708 multitudine
3407 2634 3657 2711 lilio—rum
3684 2658 3860 2715 Israel

2214 2722 2362 2778 duos
2394 2724 2588 2782 hircos
2621 2745 2723 2800 pro
2748 2739 3004 2800 peccato,
3034 2741 3090 2791 et
3122 2754 3303 2794 unum
3330 2741 3570 2799 arietem
3606 2745 3663 2799 in
3696 2745 3861 2803 holo-

2214 2815 2508 2869 caustum.
2557 2821 2818 2889 Cumque
2871 2823 3149 2880 obtulerit
3197 2827 3469 2902 vitulum,
3513 2839 3573 2888 et
3611 2836 3862 2893 oraverit

2214 2916 2316 2970 pro
2349 2917 2411 2956 se
2443 2909 2498 2956 et
2545 2921 2648 2975 pro
2698 2907 2871 2964 domo
2903 2927 3030 2978 sua,
3086 2915 3235 2971 duos
3283 2917 3478 2975 hircos
3509 2931 3661 2978 stare
3691 2924 3861 2980 faciet

2214 3004 2408 3044 coram
2462 2995 2711 3049 Domino
2768 2997 2824 3051 in
2855 2999 3006 3054 ostio
3061 3003 3422 3062 tabernaculi
3455 3011 3855 3067 testimonii‘:

2215 3077 2456 3135 mittens
2504 3097 2681 3152 super
2732 3089 3052 3159 utrumque
3125 3097 3350 3162 sortes;
3401 3102 3616 3154 sortem
3677 3117 3858 3157 unam

2140 3184 2180 3250 ρ
2224 3168 2486 3236 Domino,
2543 3175 2599 3225 et
2647 3171 2886 3229 alteram
2933 3177 3015 3247 [h.
3066 3183 3124 3234 et
3172 3182 3414 3239 alteram
3471 3187 3690 3244 crudeli
3735 3191 3857 3262 Dei]

2219 3271 2391 3326 capro
2423 3258 2728 3316 emissario
2754 3263 2795 3332 ³,
2829 3266 3000 3335 cujus
3033 3284 3161 3324 sors
3190 3271 3393 3328 exierit
3419 3277 3692 3346 Domino,
3715 3278 3858 3334 oﬂ‘c-

2217 3348 2304 3399 ret
2351 3344 2518 3401 illum
2569 3364 2674 3419 pro
2723 3357 2993 3421 peccato:
3051 3359 3220 3427 cujus
3269 3365 3461 3418 autem
3511 3365 3569 3419 in
3612 3382 3860 3439 caprum

2215 3432 2612 3504 emissarium,
2648 3441 2859 3496 statuet
2888 3457 3023 3498 eum
3052 3445 3245 3503 vivum
3279 3465 3474 3508 coram
3508 3455 3772 3524 Domino,
3795 3461 3864 3513 ut

2215 3520 2422 3577 fundat
2447 3539 2648 3594 preces
2679 3543 2857 3599 super
2886 3546 3043 3604 eum,
3077 3538 3134 3590 et
3163 3539 3395 3596 emittat
3424 3541 3595 3599 illum
3625 3543 3686 3599 in
3720 3520 3863 3601 soli-

2213 3609 2477 3666 tudinem
2512 3612 2594 3684 [h.
2630 3614 2862 3673 Lazazel
2896 3619 2956 3674 in
2987 3621 3413 3699 solitudinem].
3439 3631 3542 3687 His
3573 3633 3682 3689 rite
3711 3633 3864 3690 cele-

2213 3697 2419 3765 bratis,
2451 3702 2651 3759 offeret
2719 3706 2994 3781 vitulum,
3042 3716 3099 3767 et
3151 3697 3387 3787 rogansi
3418 3736 3521 3790 pro
3563 3737 3625 3777 se
3669 3727 3727 3779 et
3754 3739 3864 3795 pro

2213 3787 2385 3843 domo
2417 3806 2548 3859 sua,
2597 3792 2928 3852 immolabit
2979 3815 3136 3856 eum.
3187 3787 3625 3882 Assumptoque
3667 3787 3864 3868 thuri-

2213 3875 2370 3943 bulo,
2397 3881 2549 3949 quod
2571 3881 2641 3935 de
2663 3884 2869 3954 prunis
2896 3887 3096 3945 altaris
3119 3875 3468 3964 impleverit,
3497 3875 3552 3953 et
3581 3898 3865 3958 hauriens

2214 3981 2388 4020 manu
2426 3971 2818 4040 compositum
2867 3976 3190 4049 thymiama
3232 3982 3291 4037 in
3340 3984 3672 4060 incensum,
3703 3989 3866 4047 ultra

2210 4053 2400 4110 velum
2433 4055 2675 4115 intrabit
2709 4062 2767 4117 in
2800 4071 3038 4122 sancta:
3076 4075 3140 4125 ut
3172 4073 3380 4143 positis
3401 4075 3423 4109 ⁸
3452 4093 3630 4149 super
3652 4053 3865 4150 ignem

2209 4144 2571 4203 aromatibus
2602 4165 2798 4205 coram
2832 4156 3100 4228 Domino,
3133 4161 3348 4217 nebula
3372 4181 3572 4221 eorum
3591 4171 3650 4222 et
3678 4183 3869 4239 vapor

2209 4233 2434 4302 operiat
2465 4236 2587 4303 [ητις.
2621 4240 2864 4312 operiet]
2896 4245 3222 4315 oraculum,
3265 4253 3419 4321 quod
3452 4259 3543 4310 est
3571 4233 3868 4328 super-te-

2209 4320 2579 4394 stimonium,
2613 4331 2670 4382 et
2702 4345 2815 4384 non
2848 4333 3151 4392 moriatur.
3174 4320 3598 4414 Tolletquoque
3630 4320 3700 4399 de
3722 4361 3868 4400 san-

2207 4410 2383 4480 guine
2407 4413 2604 4483 vituli,
2634 4420 2692 4471 et
2722 4427 2989 4492 aspergat
3019 4423 3200 4496 digito
3250 4410 3464 4500 septies
3497 4410 3523 4467 ί
3549 4432 3630 4503 [h.
3672 4433 3873 4491 Tollet

2208 4533 2389 4603 Gaon;
2423 4538 2522 4592 sed
2556 4555 2684 4596 eam
2717 4543 2815 4598 alii
2849 4545 3115 4605 doctores
3157 4551 3531 4630 Hebraiorum
3565 4557 3871 4630 rejiciunt,

2207 4624 2304 4692 qui
2337 4625 2662 4684 litterarum
2687 4633 2890 4688 ordine
2914 4643 3162 4706 servato,
3187 4643 3428 4698 verbum
3455 4624 3652 4717 Βτκτιῖ,
3674 4624 3875 4704 αωιοὶ

2214 4713 2532 4804 cqnﬂatum
2554 4734 2683 4775 esse
2713 4721 2918 4804 dicunt
2949 4741 3016 4780 ex
3047 4737 3133 4791 7:7,
3166 4745 3233 4784 εκ
3253 4747 3434 4804 caper,
3467 4739 3519 4788 et
3553 4713 3680 4795 “ms.
3715 4737 3876 4804 (ικαὶ,

2215 4783 2359 4877 ςιὺίίἰ
2387 4803 2414 4877 1'
2437 4793 2932 4877 quosensu-hanc
2952 4783 3160 4877 vocem
3183 4783 3482 4877 accipiunt
3497 4783 3622 4862 tum
3655 4783 3873 4877 Graeci:

2213 4860 2358 4936 tum
2393 4859 2601 4936 Latini,
2637 4869 2926 4936 quotquot
2970 4868 3170 4924 volunt
3199 4859 3386 4930 (ικαὶθί
3436 4859 3622 4933 fuisse
3648 4859 3873 4936 nomen

2215 4926 2363 5008 hirci
2414 4930 2473 5008 in
2525 4926 2817 4992 desertum
2870 4941 3090 4997 emissi.
3135 4945 3208 4997 At
3252 4926 3323 5000 de
3371 4945 3526 5003 hirco
3574 4951 3879 5008 emissario

2215 4999 2343 5079 vide
2394 5001 2563 5079 plura
2614 5008 2767 5079 apud
2819 5011 3117 5067 eruditum
3169 4999 3873 5079 Bochartumlib—SWI-lwde

2216 5072 2479 5152 Anim_al._
2506 5072 2818 5152 scriptura:
2851 5097 2975 5152 cap.
3009 5084 3099 5138 54.
3136 5086 3322 5144 MART.

2286 5174 2353 5234 —‘-
2384 5145 3123 5234 Palatinfatquth'rbinas
3155 5175 3324 5229 mss.,
3354 5177 3518 5232 super
3565 5172 3882 5234 utrumque

2216 5219 2416 5269 sortem
2466 5233 2660 5285 unam,
2695 5219 2803 5276 etc.
2839 5226 2997 5289 Quod
3035 5245 3137 5299 pro
3182 5219 3346 5302 δαρτίο
3377 5219 3664 5291 emissario
3683 5219 3881 5292 Scho-

2216 5299 2388 5390 liasta
2448 5307 2619 5390 vertit
2676 5299 3374 5390 cradeIiDeiLHebrasze
3434 5323 3594 5378 vocis
3651 5307 3884 5390 5m?!”

2216 5375 2473 5506 {aazazel
2504 5380 2786 5450 expositio
2841 5388 2947 5440 est.
2995 5386 3164 5444 Adito
3213 5390 3392 5462 hujus
3436 5375 3542 5449 loci
3570 5375 3887 5469 interpr;1

2242 5463 2326 5503 es.

2242 5463 2326 5503 ΘΒ.

2288 5521 2311 5602 ἦ
2343 5522 2705 5602 γενοηᾳηεθε
2729 5526 3106 5602 membrana,
3132 5535 3183 5586 et
3202 5533 3414 5602 positis.
3440 5535 3570 5592 Mox
3595 5537 3655 5592 in
3680 5536 3884 5596 codio.

2218 5591 2422 5663 Urbin.
2454 5595 2630 5650 verba
2657 5612 2842 5652 coram
2869 5591 3522 5663 domino'des'iderunlur.

2287 5665 2311 5700 δ
2332 5662 2514 5722 Palat.
2547 5683 2658 5723 ms.
2692 5667 2788 5725 hic
2816 5685 3051 5744 quoque
3080 5674 3376 5736 interserit
3393 5662 3579 5738 coram
3606 5681 3887 5740 Domino.
