4068 6172
334 233 422 288 357

1710 232 1922 287 LIBER
1959 232 2291 289 LBVITICI.

3597 227 3702 288 358

332 373 532 433 quoque
561 357 631 412 de
661 356 944 427 sanguine
971 353 1164 423 vituli,
1199 359 1256 410 et
1281 359 1552 426 asperget
1595 370 1773 425 super
1821 371 1949 424 pro-
1978 359 2030 422 Α
2061 355 2223 410 vobis
2238 355 2688 427 hoclegitimum
2705 357 3705 430 sempiternum.(C.XXVIlI.Mense

328 447 663 521 pitiatorium
720 446 792 501 ad
850 445 1144 500 Orientem
1174 487 1189 512 ,
1228 448 1285 500 et
1314 459 1512 500 coram
1543 442 1949 515 propitiatorio

328 539 567 608 asperget
597 535 834 606 septies)
869 537 1068 589 contra
1111 532 1596 604 propitiatorium
1643 532 1712 587 ad
1757 530 1952 586 Orien-

335 630 452 681 tem.
483 624 741 694 Cumque
768 623 1114 678 mactaverit
1146 621 1375 676 hircum
1429 637 1532 690 pro
1582 625 1819 691 peccato
1857 635 1956 690 po-

336 713 460 786 puli,
485 713 723 767 inferret
753 711 1100 781 sanguinem
1133 711 1258 779 ejus
1315 709 1471 789 intra
1527 708 1742 777 velum,
1805 709 1959 764 sicut.

335 805 663 874 pmceptum
693 806 782 856 est
821 800 892 854 de
940 798 1229 870 sanguine
1280 797 1471 862 vituli,
1520 801 1584 853 ut
1631 800 1961 869 aspergate

334 891 544 962 regione
572 887 795 944 oraculi
827 887 907 957 (h.
934 893 998 942 ut
1024 892 1298 958 aspergat
1327 903 1392 941 eo
1420 902 1598 958 super
1625 886 1960 958 propitiato-

335 980 469 1034 rium
482 984 536 1033 et
551 993 747 1033 coram
774 975 1225 1048 propitiatorio),
1252 979 1308 1030 et
1331 975 1520 1046 expiet
1556 974 1958 1030 sanctuarium

332 1065 793 1122 abimmunditiis
817 1064 1072 1120 ﬁliorum
1099 1063 1365 1130 Israel,et
1385 1062 1960 1134 praevaricationibus

334 1172 536 1222 eorum,
569 1154 915 1224 cunctisque
948 1152 1224 1225 peccatis.
1255 1152 1432 1207 Juxta
1462 1151 1619 1206 hunc
1664 1150 1841 1205 ritum
1874 1151 1960 1205 fa-

329 1244 426 1300 ciet
451 1243 834 1299 tabernaculo
860 1245 877 1278 ί
909 1241 1255 1307 testimonii,
1287 1241 1445 1311 quod
1475 1240 1656 1294 ﬁxum
1691 1244 1781 1294 est
1809 1239 1963 1294 inter

335 1349 422 1388 eos
444 1332 500 1387 in
533 1332 724 1388 medio
756 1331 1019 1387 sordium
1053 1329 1435 1385 habitationis
1474 1345 1697 1384 eorum.
1756 1327 1964 1396 Nullus

328 1421 625 1477 hominum
658 1421 735 1475 sit
765 1421 824 1475 in
856 1418 1236 1474 tabernaculo
1286 1418 1609 1474 testimonii
1641 1418 1684 1483 ³,
1732 1417 1965 1489 quando

333 1509 578 1581 pontifex
608 1508 938 1579 ingreditur
964 1507 1024 1562 in
1055 1507 1485 1573 sanctuarium,
1540 1510 1604 1561 ut
1662 1510 1826 1577 roget
1864 1521 1967 1577 pro

332 1615 388 1653 se
415 1603 468 1654 st
498 1614 602 1669 pro
634 1599 806 1653 domo
839 1613 968 1663 sua,
1000 1600 1058 1651 et
1087 1612 1190 1666 pro
1243 1595 1513 1651 universo
1564 1601 1715 1650 coetu
1765 1592 1965 1660 Israel,

2066 445 2570 516 septimo,decima
2586 445 2678 502 die
2696 447 3221 520 mensis,afﬂigetis
3235 449 3467 504 animas
3480 454 3706 504 vestras

2067 532 2411 604 nullumque
2434 534 2657 589 facietis
2687 551 2856 606 opus,
2879 535 2998 591 sive
3015 536 3306 606 indigena,
3331 537 3706 605 siveadvena,

2066 623 2166 692 qui
2198 623 2605 694 peregrinatur
2634 620 2788 680 inter
2813 642 2936 681 vos.
2973 625 3036 680 In
3067 625 3178 682 hac
3200 626 3291 680 die
3314 627 3571 698 expiatio
3602 627 3712 680 erit

2065 711 2264 781 vestri,
2298 717 2477 782 atque
2508 713 2810 768 mundatio
2835 714 2908 768 ab
2931 715 3208 770 omnibus
3231 715 3486 786 peccatis
3502 715 3711 770 vestris

2068 815 2281 854 coram-
2320 800 2562 855 Domino
2611 801 2631 834 ⁸
2675 802 3130 858 mundabimini.
3180 803 3502 858 Sabbatum
3552 802 3708 858 enim

2069 887 2450 958 requietionis
2463 893 2571 956 est,
2586 895 2644 944 et
2656 889 2928 961 afﬁigetis
2951 891 3180 946 animas
3196 897 3419 947 vestras
3434 891 3719 962 religione

2070 981 2384 1048 perpetua.
2437 977 2708 1048 Expiahit
2755 983 2950 1033 autem
3000 979 3298 1048 sacerdos,
3347 980 3449 1050 qui
3500 984 3718 1035 unctus

2072 1064 2270 1134 fuerit,
2301 1070 2358 1120 et
2387 1065 2559 1136 cujus
2589 1066 2831 1122 initiatae
2865 1082 3102 1137 manus,
3135 1072 3200 1122 ut
3227 1067 3553 1123 sacerdotio
3579 1068 3714 1123 fun-

2071 1158 2245 1224 gatur
2293 1171 2396 1226 pro
2454 1159 2616 1226 patre
2649 1171 2796 1210 suo:
2849 1156 3244 1228 indueturque
3301 1155 3452 1211 stola
3481 1155 3634 1211 linea
3656 1161 3713 1211 et

2071 1243 2334 1299 vestibus
2365 1242 2608 1312 sanctis,
2641 1247 2697 1298 et
2729 1245 2986 1315 expiabit
3017 1244 3422 1300 sanctuarium
3454 1247 3512 1299 et
3526 1246 3722 1300 taber-

2073 1331 2351 1385 naculum
2366 1331 2686 1387 testimonii
2709 1336 2888 1402 atque
2908 1331 3113 1402 altare,
3133 1332 3467 1388 sacerdotes
3489 1349 3724 1404 quoque

2075 1423 2132 1474 et
2162 1419 2502 1475 universum
2533 1419 2839 1492 populum.
2901 1420 3140 1492 Eritque
3171 1421 3276 1476 hoc
3333 1421 3501 1477 vobis
3530 1420 3725 1492 legiti-

2077 1524 2238 1562 mum
2271 1508 2719 1580 sempiternum,
2768 1513 2833 1564 ut
2871 1509 3051 1565 oretis
3064 1526 3166 1580 pro
3185 1508 3319 1565 ﬁliis
3341 1510 3612 1578 Israel,et
3628 1527 3730 1580 pro

2078 1593 2306 1649 cunctis
2346 1595 2597 1663 peccatis
2628 1612 2830 1652 eorum
2865 1596 3046 1652 semel
3078 1596 3138 1651 in
3171 1613 3344 1653 anno.
3373 1597 3529 1654 Fecit
3550 1598 3731 1669 igitur

335 1687 506 1742 donec
535 1687 894 1759 egrediatur.
943 1688 1090 1742 Cum
1142 1696 1336 1739 autem
1391 1684 1592 1739 exierit
1641 1683 1711 1739 ad
1763 1682 1964 1748 altare,
2002 1726 2049 1790 Β
2084 1683 2239 1738 sicut
2289 1689 2640 1754 praceperat
2673 1683 2957 1740 Dominus
2991 1684 3160 1740 Mosi.

465 1776 479 1790 ι
748 1779 784 1790 ..
897 1773 907 1784 -
1034 1789 1037 1790 ν
1090 1778 1100 1790 .
1267 1778 1277 1790 .
1518 1772 1539 1790 .
1604 1777 1641 1790 κ.
2273 1771 2315 1790 ν
2373 1770 2410 1790 η
2466 1771 2645 1790 νων
2711 1772 2792 1790 ηη
2871 1771 3156 1790 την-..ω

338 1776 483 1848 quod
513 1792 710 1831 coram
747 1773 990 1829 Domino
1020 1778 1129 1841 est,
1162 1778 1286 1829 oret
1309 1789 1410 1844 pro
1436 1790 1497 1828 se
1518 1772 1560 1842 ³,
1593 1775 1971 1843 etsumptum

338 1864 678 1936 sanguinem
709 1863 882 1918 vituli
914 1868 1088 1933 atque
1120 1862 1266 1917 hirci
1299 1862 1507 1917 fundat
1537 1877 1716 1932 super
1759 1877 1980 1915 cornua

342 1954 460 2023 ejus
511 1967 619 2023 per
670 1967 926 2024 gyrum:
983 1955 1372 2022 aspergatque
1423 1949 1605 2021 digito
1656 1949 1895 2020 septies,
1927 1952 1984 2003 et

337 2041 602 2112 puriﬁcet
619 2047 675 2095 et
703 2038 1189 2095 sanctiﬁcetillud
1217 2039 1288 2093 ab
1310 2037 1704 2093 immunditiis
1725 2037 1979 2092 ﬁliorum

341 2131 532 2185 Israel.
568 2132 894 2198 Postquam
926 2127 1332 2182 emundaverit
1360 2126 1786 2194 sanctuarium,
1811 2129 1868 2180 et
1890 2129 1983 2180 ta-

341 2216 748 2286 bernaculum,
781 2221 842 2271 et
873 2215 1226 2280 altare,tnnc
1258 2215 1463 2271 offerat
1504 2214 1736 2270 hircum
1785 2213 1980 2269 viven-

344 2312 477 2372 tem,
507 2311 568 2362 et
601 2307 792 2378 posita
824 2310 1070 2376 utraque
1093 2320 1271 2359 manu
1295 2320 1472 2375 super
1495 2307 1670 2376 caput
1692 2304 1985 2373 ejus,con-

340 2398 567 2451 ﬁteatur
581 2411 793 2451 omnes
813 2393 1156 2463 iniquitates
1170 2393 1426 2448 ﬁliorum
1444 2391 1704 2461 Israel,et
1721 2392 1988 2446 universa

343 2485 548 2539 delicta
582 2490 762 2552 atque
788 2487 1024 2554 peccata
1053 2498 1276 2538 eorum:
1310 2498 1436 2552 qua:
1459 2480 1792 2553 imprecans
1815 2479 1989 2550 capiti

343 2575 487 2643 ejus,
511 2571 749 2628 emittet
775 2570 945 2626 illum
981 2587 1084 2642 per
1111 2570 1411 2625 hominem
1455 2575 1743 2640 paratum,
1796 2567 1853 2622 in
1887 2568 1989 2622 de-

346 2667 594 2716 sertum.
628 2661 893 2730 Cumque
924 2657 1239 2730 portaverit
1267 2657 1471 2712 hircus
1518 2674 1722 2714 omnes
1773 2655 1993 2726 iniqui—

348 2755 491 2805 tates
503 2764 714 2805 eorum
737 2747 798 2802 in
823 2752 1040 2802 terram
1065 2745 1412 2816 solitariam,
1438 2752 1496 2800 et
1513 2746 1799 2800 dimissus
1820 2743 1994 2800 fuerit

347 2838 404 2892 in
435 2839 697 2904 deserto,
731 2841 1051 2892 revertetur
1083 2839 1274 2892 Aaron
1306 2833 1366 2889 in
1416 2833 1858 2890 tabernaculum
1903 2836 1993 2888 te-

347 2925 643 2995 stimonii,
665 2929 722 2980 et
751 2924 1034 2997 depositis
1054 2923 1318 2979 vestibus
1332 2924 1547 2994 quibus
1565 2923 1729 2995 prius
1752 2921 1996 2978 indutus

347 3021 466 3072 erat
504 3031 648 3071 cum
680 3014 927 3070 intraret
957 3013 1381 3080 sanctuarium,
1410 3011 1742 3083 relictisque
1791 3011 1870 3066 ibi
1911 3009 1996 3065 lav

2155 1772 2237 1843 (Τ.
2271 1771 2338 1839 Χ,
2371 1770 2431 1827 C.
2464 1771 2673 1843 XXIX,
2706 1772 2836 1844 Cap.
2871 1771 3066 1844 XVII.)
3097 1773 3165 1828 Et
3206 1773 3440 1830 locutus
3486 1783 3572 1830 est
3617 1778 3731 1830 Do-

2082 1861 2280 1916 minus
2311 1861 2381 1915 ad
2415 1860 2635 1928 Mosen,
2671 1861 2911 1916 dicens:
2947 1861 3210 1932 Loquere
3260 1866 3448 1918 Aaron
3490 1866 3548 1917 et
3595 1861 3733 1918 ﬁliis

2083 1949 2232 2019 ejus,
2265 1953 2323 2002 et
2351 1949 2580 2004 cunctis
2611 1949 2750 2004 ﬁliis
2783 1949 2986 2018 Israel,
3020 1955 3078 2004 et
3126 1951 3287 2006 dices
3337 1953 3406 2005 ad
3454 1965 3573 2007 eos:
3620 1953 3733 2006 Iste

2085 2045 2173 2092 est
2197 2052 2413 2106 sermo,
2446 2053 2618 2108 quem
2653 2037 2957 2093 mandavit
3003 2037 3312 2108 Dominus,
3334 2038 3534 2095 dicens
3567 2057 3580 2096 :
3620 2039 3734 2095 Ho-

2087 2141 2181 2180 mo
2212 2124 2461 2196 qnilibet
2490 2127 2559 2180 de
2593 2126 2765 2182 domo
2785 2125 2983 2195 Israel,
3017 2126 3065 2181 si
3088 2126 3366 2182 occiderit
3384 2128 3610 2195 bovem,
3637 2131 3739 2183 aut

2087 2229 2270 2281 ovem,
2321 2216 2442 2268 sive
2476 2230 2739 2286 capram,
2774 2214 2831 2268 in
2866 2215 3101 2282 castris,
3133 2213 3222 2269 vel
3255 2220 3418 2271 extra
3463 2221 3741 2283 castra,et

2091 2318 2204 2356 non
2241 2299 2522 2357 obtulerit
2567 2303 2638 2358 ad
2682 2303 2903 2359 ostium
2955 2303 3322 2359 tabernaculi
3381 2303 3739 2360 oblationem

2094 2390 2361 2457 Domino,
2397 2391 2708 2462 sanguinis
2742 2409 2876 2446 reus
2903 2392 3032 2447 erit:
3068 2392 3240 2463 quasi
3272 2394 3624 2464 sanguinem
3660 2395 3743 2447 fu-

2094 2481 2261 2546 derit,
2295 2479 2378 2534 sic
2409 2479 2623 2551 peribit
2652 2481 2722 2534 de
2757 2481 2945 2537 medio
2978 2480 3178 2552 populi
3203 2481 3316 2536 sui.
3372 2483 3508 2538 Ideo
3537 2483 3742 2538 offerre

2094 2567 2311 2622 debent
2341 2565 2631 2622 sacerdoti
2661 2566 2764 2622 ﬁlii
2797 2568 2974 2623 Israel
3007 2568 3232 2625 hostias
3264 2586 3578 2640 euas,quas
3601 2571 3744 2626 occi-

2095 2655 2245 2710 dunt
2305 2655 2362 2709 in
2423 2671 2582 2727 agro,
2634 2659 2699 2710 ut
2755 2655 3204 2713 sanctiﬁcantur
3258 2658 3558 2714 Domino6
3608 2665 3742 2715 ante

2098 2745 2317 2799 ostium
2348 2744 2716 2800 tabernaculi
2746 2745 3095 2814 testimonii,
3126 2745 3509 2810 etimmolent
3529 2762 3628 2802 eas
3648 2747 3750 2802 hoc

2099 2835 2242 2890 stias
2266 2834 2539 2906 paciﬁcas
2552 2834 2821 2890 Domino.
2837 2834 3183 2906 Fundetque
3205 2837 3476 2892 sacerdos
3499 2837 3744 2908 sangui-

2102 2939 2236 2978 nem
2269 2938 2446 2994 super
2475 2922 2657 2979 altare
2687 2923 2919 2980 Domini
2972 2925 3042 2979 ad
3106 2925 3324 2980 ostium
3376 2925 3743 2982 tabernaculi

2101 3012 2446 3079 testimonii,
2478 3015 2535 3067 et
2564 3011 2819 3068 adolebit
2849 3012 3083 3085 adipem
3111 3013 3169 3068 in
3198 3014 3437 3070 odorem
3481 3015 3742 3071 suavita-

339 3106 498 3163 vabit
528 3121 774 3162 carnem
806 3120 975 3160 suam
1009 3104 1070 3159 in
1100 3103 1225 3160 loco
1244 3109 1467 3174 sancto,
1491 3102 1884 3174 indueturque
1906 3117 1996 3156 ve-
2024 3089 2067 3156 C
2106 3101 2184 3158 tis
2205 3100 2477 3156 Domino:
2510 3106 2568 3156 et
2593 3117 2970 3174 nequaquam
3000 3101 3155 3157 ultra
3197 3101 3590 3159 immolabant
3639 3103 3744 3161 ho-

342 3194 615 3252 stimenti
682 3193 826 3249 suis.
859 3193 929 3248 Et
955 3195 1268 3265 postquam
1303 3208 1577 3264 egressus
1601 3191 1877 3248 obtulerit
1897 3189 1996 3246 ho-

341 3286 676 3342 locaustum
742 3298 887 3338 uum
914 3297 981 3337 ac
1002 3280 1210 3354 plebis,
1226 3280 1591 3352 rogabittam
1613 3297 1716 3352 pro
1735 3295 1796 3335 se
1819 3295 1996 3350 quam

348 3391 446 3447 pro
476 3371 726 3446 populo:
755 3375 815 3426 et
835 3371 1091 3442 adipem,
1117 3369 1216 3440 qui
1237 3369 1470 3426 oblatus
1493 3371 1582 3424 est
1601 3385 1700 3440 pro
1724 3369 2000 3440 peccatis,

347 3462 617 3520 adolebit
645 3475 823 3532 super
834 3458 1036 3515 altare.
1051 3456 1150 3514 Ille
1171 3475 1304 3514 vero
1328 3459 1429 3529 qui
1450 3456 1740 3513 dimiserit
1759 3473 2003 3529 caprum

351 3549 741 3609 emissarium
777 3547 857 3614 (in
897 3547 1096 3603 Latino
1136 3546 1338 3614 habet,
1386 3547 1750 3602 emissarius:
1806 3546 1862 3600 in
1896 3545 2005 3601 He-

350 3643 505 3698 braeo
538 3640 750 3703 habet,
782 3637 854 3692 ad
883 3635 1083 3691 Azazel
1109 3635 1266 3706 quod
1297 3633 1685 3706 interpetatur
1711 3633 2006 3704 crudelis),

349 3729 575 3786 lavabit
604 3726 955 3782 vestimenta
986 3741 1094 3779 sua
1125 3727 1182 3779 et
1211 3739 1425 3795 corpus
1457 3740 1629 3794 aqua,
1680 3727 1738 3777 et
1787 3723 1871 3778 sic
1918 3723 2008 3776 in-

346 3818 660 3892 gredietur
689 3815 749 3869 in
780 3817 992 3869 castra.
1024 3812 1293 3867 Vitulum
1325 3816 1520 3866 autem
1559 3815 1616 3866 et
1647 3809 2012 3882 hircum,qui

346 3925 450 3978 pro
485 3908 734 3978 peccato
769 3903 998 3957 fuerant
1029 3899 1340 3965 immolati,
1375 3903 1431 3954 et
1477 3915 1728 3971 quorum
1763 3899 2008 3972 sanguis

348 3996 555 4051 illatus
616 3997 710 4048 est
764 4036 779 4060 ,
844 3991 997 4046 utin
1060 3989 1395 4044 sanctuario
1452 3988 1708 4060 expiatio
1751 3986 2006 4058 comple-

347 4091 534 4153 retur,
570 4082 966 4153 asportabunt
997 4079 1154 4134 foras
1185 4082 1396 4146 castra,
1431 4087 1486 4132 et
1518 4075 2008 4147 comburentigni

343 4180 462 4229 tam
499 4171 692 4244 pelles
724 4184 900 4241 quam
936 4184 1140 4223 carnes
1164 4182 1367 4223 eorum
1405 4171 1464 4222 et
1498 4166 1707 4220 ﬁmum
1743 4183 1755 4221 :
1791 4169 1846 4220 et
1878 4164 2007 4235 qui-

346 4278 594 4333 cunque
624 4258 1020 4316 combusserit
1046 4273 1133 4326 ea,
1167 4255 1386 4312 lavabit
1413 4258 1761 4311 vestimenta
1801 4271 1906 4309 sua
1953 4257 2011 4308 et

347 4369 594 4409 carnem
630 4367 806 4421 aqua,
840 4354 897 4405 et
927 4348 1010 4404 sic
1040 4347 1408 4418 ingredietur
1438 4346 1497 4401 in
1529 4349 1739 4402 castra.
1767 4345 2007 4415 Eritque

424 4553 440 4586 ¹
478 4547 742 4604 Urbinas
772 4561 908 4614 ms.,
935 4545 997 4599 in
1045 4544 1420 4611 tabernaculo,
1474 4541 1630 4596 haud
1677 4542 1822 4598 bene
1856 4557 1868 4595 :
1906 4540 2010 4596 sed

345 4638 487 4677 mox
521 4629 752 4676 temere
776 4613 965 4688 magis
995 4615 1361 4670 Veronenses
1392 4615 1742 4688 membranis
1773 4613 2015 4688 sortium

346 4709 454 4766 pro
469 4689 770 4766 _s_ordium_,
793 4684 1175 4766 contrasacri
1208 4692 1400 4766 textus
1425 4686 1618 4766 ﬁdem
1661 4684 2010 4766 obtrudunt.

418 4765 440 4799 ²
468 4762 700 4819 Vocem
731 4759 1047 4816 testimonii
1073 4759 1167 4813 hic
1198 4759 1442 4813 reticent
1491 4757 1675 4812 nostri
1711 4770 1852 4811 mss.
1887 4753 2015 4808 vul-

351 4836 612 4960 gatique
641 4831 800 4899 libri,
835 4847 961 4902 qua:
995 4834 1192 4885 tamen
1219 4831 1276 4883 in
1299 4830 1539 4885 Hebraeo
1568 4831 1656 4884 est
1689 4836 1858 4891 Win.

420 4908 444 4942 ³
479 4909 498 4962 l
531 4906 620 4960 lic
652 4919 879 4962 quoque
929 4901 1091 4958 addit
1144 4901 1412 4962 Palatin..
1446 4909 1496 4956 et
1542 4915 1638 4962 pro
1687 4900 1842 4954 domo
1879 4913 1987 4952 sua

420 4917 444 4942 ³
479 4917 620 4962 unc
652 4919 879 4973 quoque
929 4917 1091 4958 addit.
1144 4917 1412 4971 ramum,
1446 4917 1496 4956 ει
1541 4917 1638 4970 pro
1687 4917 1842 4954 aomo
1879 4917 2012 4965 sua,

347 4985 567 5052 contra
628 4973 854 5030 Hebraei
913 4977 1103 5030 textus
1163 4973 1357 5052 ﬁdem.
1412 4973 1582 5052 Tum.
1619 4969 2014 5052 ‘Veronenses

349 5067 508 5106 mem
521 5051 748 5112 branae,
779 5056 832 5102 et
847 5056 1064 5116 sumpto
1081 5047 1353 5115 sanguine
1373 5043 1714 5116 vituli,_etc.,
1737 5044 2014 5116 aspergat-

345 5137 453 5193 quo
485 5119 672 5192 digito
706 5119 924 5188 septies,
957 5112 1008 5172 ἐι
1037 5112 1240 5196 expiet,
1290 5124 1343 5196 et
1391 5113 1718 5196 sanctiﬁcat.
1771 5112 2014 5196 Palatia.

350 5183 468 5249 ins.
535 5183 1008 5260 asper-gensque...
1047 5183 1230 5257 expiet
1278 5193 1336 5260 et
1393 5183 1789 5260 sanctiﬁcatum
1845 5183 2017 5260 Urbi-

351 5282 463 5320 nas
497 5254 810 5334 postremo
851 5254 965 5314 hoc
1024 5254 1140 5314 uno
1189 5259 1363 5313 verbo
1417 5257 1666 5321 abludit,
1691 5254 2014 5324 sanctiﬁcat.

420 5337 445 5371 ‘
479 5339 806 5389 Per-ueram
837 5331 1080 5386 Palatia.
1115 5347 1222 5384 ms.
1255 5329 1490 5389 Sanguis
1520 5329 1732 5384 oblatu:
1751 5331 1849 5381 est.
1882 5323 2018 5380 Vul-

420 5345 445 5371 ι
479 5345 806 5404 Her-peram
837 5345 1080 5386 Palatia.
1115 5347 1222 5384 ms.
1255 5345 1490 5400 sanguis
1520 5345 1732 5384 omam:
1751 5345 1849 5381 est.
1885 5345 2018 5380 γυι-

351 5414 544 5477 gatus
615 5407 908 5477 interpres
930 5445 943 5468 ,
1000 5401 1198 5458 illatus
1255 5412 1336 5457 est
1395 5403 1455 5456 in
1503 5398 1907 5465 sanctuarium,
1961 5399 2022 5452 ut

349 5479 630 5544 expiatio
659 5476 1047 5546 compleretur,
1081 5480 1192 5528 etc.

422 5540 444 5584 ⁸
477 5549 670 5604 Tacet
702 5540 957 5605 Urbinas
991 5561 1101 5600 ms.
1131 5545 1304 5600 verba
1333 5559 1519 5600 coram
1549 5540 1797 5598 Domino.

2105 3190 2250 3246 stias
2280 3206 2418 3246 suas
2449 3190 2836 3260 damonibus,
2869 3207 3006 3246 cum
3027 3191 3246 3261 quibus
3284 3190 3552 3248 fornicati
3574 3198 3735 3251 sunt.

2109 3281 2459 3354 Legitimum
2481 3279 2909 3351 sempiternum
2932 3280 3172 3337 eritillis
3187 3286 3244 3337 et
3260 3281 3508 3354 posteris
3521 3298 3748 3348 eorum.

2111 3372 2178 3427 Et
2207 3369 2277 3425 ad
2311 3370 2472 3441 ipsos
2503 3369 2702 3425 dices:
2738 3369 2921 3427 Homo
2953 3371 3024 3427 de
3053 3371 3224 3428 domo
3257 3369 3433 3427 Israel
3451 3375 3508 3426 et
3539 3373 3608 3428 de
3649 3375 3750 3440 ad-

2109 3458 2272 3515 venis
2323 3459 2423 3530 qui
2457 3458 2903 3531 peregrinantur
2949 3460 3106 3531 apud
3153 3475 3276 3528 vos,
3329 3459 3431 3530 qui
3479 3460 3756 3518 obtulerit

2115 3548 2524 3602 holocaustum
2541 3547 2661 3604 sive
2675 3546 3067 3615 victimam,et
3083 3548 3154 3604 ad
3178 3548 3396 3604 ostium
3419 3550 3756 3606 tabernacu-

2116 3635 2157 3690 li
2187 3635 2510 3691 testimonii
2548 3652 2660 3691 non
2695 3635 3005 3691 adduxerit
3029 3651 3182 3702 eam,
3217 3640 3282 3692 ut
3319 3637 3601 3693 oﬁ‘eratur
3641 3638 3756 3694 Do-

2120 3724 2299 3794 mino,
2334 3724 2601 3779 interibit
2632 3725 2704 3778 de
2763 3725 2980 3796 populo
3011 3741 3142 3781 suo.
3201 3725 3284 3796 (Ο.
3317 3724 3513 3796 XXX.)
3570 3725 3754 3781 Homo

2121 3813 2366 3884 quilibet
2393 3813 2464 3868 de
2494 3813 2667 3868 domo
2701 3813 2874 3868 Israel
2905 3817 2962 3868 et
2991 3814 3060 3868 de
3090 3813 3326 3869 advenis
3358 3813 3457 3883 qui
3507 3815 3761 3885 peregri-

2121 3907 2338 3957 nantur
2368 3901 2519 3957 inter
2544 3918 2646 3956 vos
2676 3902 2716 3971 7,
2750 3901 2800 3957 si
2831 3902 3146 3958 comederit
3176 3902 3549 3972 sanguinem,
3581 3902 3757 3957 obﬁro

2117 3991 2290 4046 mabo
2322 3989 2529 4045 faciem
2563 4005 2750 4044 meam
2781 3995 2984 4045 contra
3014 3989 3273 4044 animam
3307 3987 3488 4053 illius,
3540 3993 3597 4045 et
3639 3989 3759 4045 dis-

2117 4079 2357 4150 perdam
2390 4093 2516 4132 eam
2540 4079 2610 4132 de
2641 4077 2857 4149 populo
2888 4094 3018 4145 suo,
3050 4077 3190 4148 quia
3219 4077 3417 4132 anima
3461 4077 3653 4133 carnis
3699 4077 3759 4132 in
3861 4116 3864 4118 η

2118 4167 2404 4239 sanguine
2435 4171 2554 4220 est:
2591 4171 2648 4220 et
2677 4181 2814 4238 ergo
2847 4166 2978 4221 dedi
3011 4165 3177 4221 illum
3193 4165 3380 4232 vobis,
3407 4170 3470 4221 ut
3491 4182 3668 4239 super
3686 4165 3764 4223 al-

2115 4260 2241 4310 tare
2270 4257 2330 4310 in
2389 4271 2455 4311 eo
2485 4254 2732 4326 expietis
2784 4271 2889 4326 pro
2922 4254 3234 4311 animabus
3263 4255 3496 4323 vestris,
3529 4260 3586 4312 et
3623 4272 3763 4311 san-

2117 4344 2249 4417 guis
2279 4360 2382 4416 pro
2404 4343 2611 4399 anima:
2636 4342 2865 4414 piaculo
2882 4343 2978 4398 sit.
3005 4343 3227 4399 Idcirco
3251 4343 3368 4399 dixi
3400 4344 3538 4400 ﬁliis
3562 4344 3761 4400 Israel:

2044 4458 2090 4522 D

2190 4541 2212 4574 ⁵
2243 4539 2435 4595 Codex
2467 4555 2575 4594 ms.
2611 4538 2797 4593 sancti
2829 4537 3126 4594 Germani.
3160 4555 3326 4594 num.
3361 4539 3414 4604 3,
3464 4547 3528 4594 ut
3555 4539 3772 4609 sacriﬁ-

2121 4615 2241 4666 cent
2294 4611 2543 4675 Domino,
2604 4615 2712 4664 etc.
2775 4611 2838 4665 In
2901 4611 3143 4665 Hebraeo
3205 4609 3458 4679 legimus
3518 4619 3762 4669 Davum.

2121 4682 2431 4746 vchebz‘um,
2469 4691 2520 4736 et
2561 4680 2838 4736 adducant
2890 4697 2976 4736 ea.
3036 4682 3258 4736 Sensus
3305 4686 3414 4748 est,
3473 4681 3770 4737 adducant

2123 4754 2228 4808 ﬁlii
2259 4753 2436 4808 Israel
2469 4751 2736 4806 victimas
2768 4769 2904 4807 suas
2934 4753 3005 4806 ad
3030 4751 3247 4807 ostium
3276 4750 3661 4819 tabernaculi,
3705 4755 3772 4806 ut

2124 4826 2204 4881 ibi
2229 4825 2640 4897 sanctificata
2676 4825 2930 4894 Domino,
2965 4822 3085 4879 sive
3107 4822 3418 4896 offerantur
3434 4839 3537 4897 per
3558 4839 3771 4880 manus

2125 4897 2522 4954 sacerdotum.
2556 4895 2744 4952 MART.

2195 4971 2215 5003 ⁶
2247 4971 2332 5024 Ita
2381 4985 2564 5022 canon
2617 4971 2672 5022 et
2725 4983 2837 5022 ms.
2897 4965 3042 5021 alter
3201 4965 3523 5022 Germani:
3583 4962 3774 5021 ceteri

2124 5039 2346 5094 habent
2379 5046 2442 5094 ut
2473 5040 2528 5092 in
2563 5038 2756 5104 editis,
2792 5041 2938 5109 inter
2966 5054 3078 5109 eos.
3111 5037 3366 5109 Utraque
3414 5038 3585 5093 lectio
3636 5051 3776 5109 suos

2125 5112 2302 5166 habet
2335 5109 2766 5181 astipulatores:
2801 5108 2960 5181 LXX,
2995 5108 3199 5164 Chald.
3233 5107 3290 5165 et
3319 5111 3445 5180 Syr.
3467 5179 3479 5181 _
3502 5107 3773 5181 legebant

2124 5182 2182 5236 in
2203 5183 2327 5237 suis
2341 5178 2500 5238 axem
2514 5181 2777 5252 plaribus
2793 5180 3092 5235 Hebraicis
3111 5178 3776 5252 Damni—belliochcchcm

2127 5254 2186 5308 in
2217 5253 2392 5308 medio
2421 5249 2607 5308 vestri.
2641 5251 2752 5307 Alii
2803 5252 3006 5322 legunt
3051 5253 3220 5306 hodie
3264 5256 3432 5321 juxta
3479 5249 3779 5320 exemplar

2134 5324 2632 5380 Massoretharum
2703 5332 2895 5385 nam:
2929 5324 3224 5390 bethocam,
3259 5327 3318 5377 in
3345 5322 3518 5379 medio
3569 5337 3782 5378 eorum.

2143 5397 2328 5451 MART.

2134 5498 2199 5508 —-
2233 5465 2477 5521 Palutin.
2513 5481 2621 5518 ms.
2659 5464 2974 5536 pluresque
3005 5463 3103 5519 alii
3138 5463 3292 5534 apud
3327 5462 3589 5520 Martian.
3624 5465 3774 5519 inter

2132 5555 2241 5608 eos,
2260 5540 2432 5610 juxta
2460 5537 2634 5592 Hebr.
2673 5545 2869 5598 D3111:
2899 5539 2960 5594 in
2991 5537 3171 5594 medio
3199 5551 3408 5592 eorum.
