4068 6172
387 352 495 410 359

1420 352 1478 404 8.
1520 349 1931 404 HIERONYMI
1967 349 2222 402 DIVINA
2259 347 2753 402 BIBLIOTHECA.

3683 355 3791 411 360

385 481 589 539 Omnis
619 481 816 536 anima
844 497 910 535 ex
961 477 1123 534 vobis
1173 494 1287 532 non
1337 476 1599 532 comedet
1653 473 2021 546 sanguinem,
2053 475 2108 540 Α
2137 471 2296 528 illius
2330 489 2444 529 non
2478 472 2746 543 accipies,
2781 489 2883 528 nec
2916 474 3198 532 revelabis
3227 479 3588 550 turpidinem
3633 485 3791 555 ejus,

388 587 496 627 nec
524 587 594 626 ex
615 569 855 624 advenis
884 567 983 638 qui
1033 565 1487 638 peregrinantur
1513 565 1666 620 inter
1698 581 1813 619 vos.
1838 567 2023 618 Homo

386 657 722 730 quicunque
743 656 813 710 de
844 653 982 708 filiis
1013 653 1185 708 Israel
1221 658 1279 708 et
1304 653 1376 708 de
1423 650 1664 707 advenis
1716 649 1818 720 qui
1862 664 2027 722 pere-

383 747 694 818 grinantur
724 744 882 815 apud
911 759 1034 808 vos,
1069 742 1117 797 si
1150 742 1645 812 venationeatque
1664 739 1914 810 aucupio
1938 753 2027 792 ce-

384 835 533 906 perit
563 835 743 888 feram
797 831 884 887 vel
944 847 1132 899 avem,
1187 831 1401 901 quibus
1456 830 1608 885 vesci
1658 829 1886 884 lisitum
1919 830 2026 893 est,

383 924 592 978 fundat
615 921 962 992 sanguinem
997 921 1147 990 ejus,
1175 925 1233 975 et
1271 919 1493 991 operiat
1520 918 1688 973 illum
1740 922 1895 972 terra
1943 915 2026 986 (h.

383 1012 666 1084 pulvere).
701 1010 916 1064 Anima
946 1011 1100 1064 enim
1117 1010 1308 1063 omnis
1323 1007 1588 1063 carnisin
1613 1007 1901 1078 sanguine
1918 1009 2026 1060 est:

385 1101 542 1156 unde
565 1099 683 1155 dixi
720 1098 855 1154 filiis
890 1097 1104 1153 Israel:
1141 1096 1499 1168 Sanguinem
1533 1095 1814 1150 universae
1836 1094 2029 1150 carnis

387 1207 500 1246 non
536 1187 880 1253 comedetis,
900 1187 1037 1258 quia
1060 1186 1256 1240 anima
1278 1184 1469 1240 carnis
1500 1185 1559 1239 in
1579 1184 1868 1255 sanguine
1893 1187 1983 1238 est
2013 1199 2026 1238 :

338 1284 440 1350 ,et
465 1279 806 1350 quicunque
836 1276 1151 1331 comederit
1183 1273 1676 1341 illum,interibit.
1709 1271 2028 1345 (C.XXXI.)

352 1349 590 1425 'Anima
659 1383 786 1438 quas
857 1365 1178 1422 comederit
1252 1363 1678 1431 morticinum,
1754 1360 1843 1417 vel
1931 1376 2028 1416 ca-

384 1463 548 1529 ptum
583 1474 616 1511 a
647 1455 838 1510 bestia
866 1458 986 1508 tam
1021 1453 1092 1508 de
1112 1451 1428 1522 indigenis,
1461 1467 1639 1522 quam
1663 1451 1732 1505 de
1767 1448 2026 1516 advenis,

385 1544 603 1601 lavabit
633 1542 982 1598 vestimenta
1013 1557 1120 1596 sua
1149 1543 1207 1594 et
1237 1540 1617 1610 semetipsum
1650 1554 1803 1610 aqua
1819 1541 1875 1593 et
1895 1554 2029 1593 con-

387 1633 711 1688 taminatus
741 1631 849 1685 erit
878 1645 1066 1700 usque
1096 1629 1163 1683 ad
1208 1643 1516 1699 vesperum
1541 1644 1554 1681 :
1585 1631 1641 1683 et
1669 1627 1778 1681 hoc
1825 1626 2028 1681 ordine

386 1723 647 1779 mundus
676 1720 793 1776 ﬁet.
830 1719 992 1782 Quod
1027 1719 1075 1774 si
1110 1735 1223 1773 non
1275 1717 1477 1773 laverit
1517 1717 1860 1772 vestimenta
1899 1731 2023 1786 sua,

383 1827 489 1866 nec
521 1827 736 1882 corpus
767 1806 1414 1880 portabitiniquitatem
1446 1823 1633 1862 suam.

453 1899 539 1971 (Β.
570 1901 644 1966 Χ,
677 1900 736 1953 C.
771 1896 1005 1959 XXXII,
1039 1897 1180 1966 Cap.
1217 1895 1435 1964 XVIII.)
1478 1895 1732 1949 Locutus
1782 1896 1872 1948 est
1912 1897 2025 1948 Do-

389 1987 588 2044 minus
620 1987 689 2042 ad
726 1986 950 2052 Mosen,
983 1985 1208 2040 dicens:
1243 1984 1504 2053 Loquere
1541 1982 1679 2038 ﬁliis
1720 1980 1920 2047 Israel,
1969 1987 2028 2036 et

385 2077 548 2132 dices
578 2075 649 2131 ad
682 2090 820 2129 eos:
872 2074 992 2145 Ego
1047 2071 1334 2128 Dominus
1384 2071 1538 2127 Deus
1593 2075 1806 2139 vester,
1859 2071 2028 2141 juxta

387 2163 874 2222 consuetudinem
908 2161 990 2232 [h.
1036 2160 1234 2232 opera)
1281 2165 1445 2215 terrae
1493 2160 1744 2231 Egypti,
1802 2159 1860 2212 in
1910 2175 2027 2230 qua

381 2255 685 2316 habitatis;
716 2270 829 2308 non
863 2251 1087 2308 facietis
1119 2256 1176 2306 et
1220 2251 1391 2321 juxta
1430 2266 1650 2306 morem
1698 2251 1778 2319 (h.
1829 2247 2027 2321 opera)

382 2343 640 2415 regionis
669 2342 968 2406 Chanaan,
1001 2340 1071 2394 ad
1107 2356 1277 2406 quam
1303 2355 1408 2411 ego
1430 2338 1872 2394 introducturus
1890 2354 2022 2392 sum

380 2449 506 2500 vos,
549 2448 664 2486 non
679 2429 887 2501 agetis,
902 2445 1008 2484 nec
1027 2427 1084 2482 in
1107 2428 1386 2500 legitimis
1399 2443 1600 2482 eorum
1620 2425 2022 2483 ambulabitis.

384 2519 630 2576 Fecistis
656 2516 886 2590 judicia
919 2533 1066 2583 mea,
1099 2521 1155 2572 et
1201 2520 1485 2588 praecepta
1515 2532 1646 2571 mea
1693 2515 2025 2584 servabitis,

380 2613 438 2666 et
468 2606 858 2664 ambulabitis
889 2607 945 2661 in
983 2605 1066 2661 eis
1095 2605 1180 2676 [h.
1213 2609 1279 2660 ut
1309 2604 1621 2660 ambuletis
1650 2604 1710 2658 in
1742 2604 1876 2676 his).
1907 2604 2024 2674 Ego

382 2696 673 2755 Dominus
705 2695 862 2751 Deus
893 2699 1098 2750 vester.
1135 2695 1440 2750 Custodite
1471 2692 1628 2765 leges
1660 2709 1820 2748 meas
1847 2697 2025 2763 atque

373 2785 622 2858 judicia,
653 2801 782 2856 quas
811 2783 1028 2838 faciens
1060 2782 1258 2850 homo,
1289 2782 1442 2838 vivet
1468 2782 1527 2836 in
1559 2783 1788 2854 eis.Ego
1823 2781 2023 2836 Domi-

382 2893 515 2932 nus.
551 2874 758 2931 Omnis
788 2872 963 2928 homo
995 2872 1063 2926 ad
1101 2871 1420 2943 proximam
1463 2872 1771 2944 sanguinis
1803 2870 1896 2925 sui
1939 2869 2020 2940 (h.

381 2963 580 3022 carnis
611 2961 755 3032 suae)
799 2977 914 3016 non
953 2961 1208 3029 accedet,
1238 2965 1304 3015 ut
1352 2959 1562 3014 revelet
1593 2959 2020 3031 turpitudinem

381 3053 532 3124 ejus.
566 3052 682 3123 Ego
709 3049 1012 3104 Dominus.
1043 3047 1487 3120 Turpitudinem
1520 3048 1705 3120 patris
1734 3048 2022 3102 tuiettur-

2141 560 2332 615 adhuc
2387 560 2488 616 illa
2543 560 2802 616 vivente.
2864 562 2950 617 Ad
3015 563 3320 621 mulierem
3383 584 3514 639 quae
3571 571 3794 641 patitur

2140 654 2463 717 menstrua,
2517 666 2633 704 non
2675 651 2938 718 accedes,
2981 667 3085 706 nec
3135 654 3419 711 revelabis
3470 658 3786 717 foeditatem

2140 737 2290 807 ejus.
2317 741 2459 792 Cum
2494 754 2671 792 uxore
2699 739 2949 809 proximi
2975 741 3058 794 tui
3093 758 3207 796 non
3240 743 3444 813 coibis,
3472 762 3577 801 nec
3609 749 3788 803 semi-

2141 825 2230 879 nis
2261 825 2670 881 commistione
2701 827 3113 884 maculaberis.
3156 831 3239 885 De
3268 833 3492 888 semine
3531 839 3632 891 tuo
3667 853 3783 892 non

2139 913 2304 969 dabis
2339 919 2402 969 ut
2450 919 2824 970 consecretur
2875 916 3031 972 idolo
3064 917 3333 988 Moloch,
3390 938 3495 978 nec
3558 924 3783 995 pollues

2140 1019 2347 1058 nomen
2387 1003 2481 1058 Dei
2514 1003 2619 1058 tui.
2673 1005 2792 1075 Ego
2839 1005 3145 1062 Dominus.
3203 1008 3286 1079 (C.
3336 1009 3599 1084 XXXIII.]
3640 1014 3786 1070 Cum

2139 1091 2399 1147 masculo
2431 1109 2546 1148 non
2599 1093 3074 1151 commisceberis
3120 1097 3273 1152 coitu
3325 1098 3600 1172 femineo,
3647 1105 3788 1175 quia

2137 1180 2495 1236 abominatio
2525 1186 2633 1237 est.
2665 1182 2806 1237 Cum
2841 1183 3002 1238 omni
3035 1200 3241 1255 pecore
3300 1204 3415 1243 non
3447 1187 3654 1261 coibis,
3676 1207 3782 1247 nec

2139 1269 2526 1324 maculaberis
2551 1286 2678 1325 cum
2703 1286 2790 1326 eo.
2815 1271 3026 1328 Mulier
3049 1290 3162 1330 non
3188 1277 3783 1350 succumbetjumen-

2137 1361 2218 1424 to,
2251 1372 2356 1412 nec
2389 1356 2733 1414 miscebitur
2752 1359 2804 1415 ei
2832 1375 2844 1415 :
2880 1360 3019 1431 quia
3042 1361 3234 1418 scelus
3265 1367 3371 1418 est.
3406 1364 3523 1420 Nec
3551 1365 3780 1438 pollua-

2138 1444 2282 1500 mini
2306 1445 2364 1499 in
2399 1447 2679 1503 omnibus
2732 1447 2851 1513 his,
2901 1449 3121 1519 quibus
3179 1452 3584 1509 contaminatae
3643 1459 3786 1511 sunt

2135 1537 2411 1591 universae
2440 1534 2520 1605 (h.
2555 1552 2669 1590 non
2707 1536 2906 1604 habet)
2937 1543 3162 1608 gentes,
3204 1557 3352 1612 quas
3395 1557 3500 1612 ego
3547 1543 3779 1615 ejiciam

2135 1626 2270 1678 ante
2299 1629 2676 1693 conspectum
2733 1631 3016 1694 vestrum,
3060 1632 3116 1683 et
3163 1629 3379 1700 quibus
3428 1629 3649 1702 pelluta
3686 1636 3780 1687 est

2138 1715 2327 1766 terra:
2369 1713 2540 1783 cujus
2574 1729 2678 1784 ego
2712 1713 2931 1769 scelera
2961 1717 3234 1783 visitabo,
3269 1724 3585 1776 utevomat
3612 1721 3782 1776 habi-

2135 1803 2350 1855 tatores
2382 1817 2544 1856 suos.
2570 1802 2868 1858 Custodite
2901 1803 3158 1874 legitima
3189 1823 3318 1862 mea
3339 1810 3779 1881 atquejudicia,

2134 1891 2190 1942 et
2221 1905 2336 1943 non
2369 1889 2592 1944 faciatis
2624 1907 2693 1946 ex
2723 1892 3000 1949 omnibus
3051 1895 3592 1954 abominationibus
3624 1899 3776 1967 istis,

2133 1981 2254 2032 tam
2287 1977 2563 2049 indigena
2613 1996 2790 2050 quam
2846 1983 3114 2047 colonus,
3169 1984 3272 2055 qui
3330 1988 3782 2059 peregrinantur

2137 2066 2289 2136 apud
2321 2083 2444 2122 vos.
2480 2067 2696 2124 Omnes
2713 2070 2869 2125 enim
2901 2073 3328 2130 exsecrationes
3353 2075 3496 2131 istas
3517 2077 3784 2136 fecerunt

2135 2153 2344 2209 accolae
2377 2162 2561 2225 terrae,
2595 2157 2695 2228 qui
2721 2158 2960 2214 fuerunt
3010 2166 3144 2216 ante
3198 2178 3321 2230 vos,
3363 2168 3424 2219 et
3442 2163 3782 2236 polluerunt

2134 2257 2286 2298 eam.
2312 2242 2515 2300 Cavete
2544 2261 2681 2317 ergo
2714 2264 2785 2302 ne
2814 2251 2870 2303 et
2899 2265 3000 2304 vos
3013 2249 3285 2306 similiter
3331 2258 3580 2322 evomat,
3641 2270 3776 2311 cum

2134 2331 2300 2402 paria
2325 2331 2600 2402 feceritis,
2633 2337 2788 2391 sicut
2815 2339 3075 2393 evomuit
3103 2347 3354 2412 gentem,
3389 2358 3514 2412 qua;
3545 2343 3657 2398 fuit
3677 2360 3780 2398 an-

2132 2419 2190 2474 te
2217 2435 2339 2475 vos.
2363 2420 2568 2476 Omnis
2601 2423 2824 2493 anima,
2856 2441 2984 2495 quis
3017 2428 3217 2482 fecerit
3237 2429 3778 2486 deabominationi-

2131 2506 2244 2562 bus
2275 2506 2406 2564 istis
2438 2510 2766 2582 quidpiam,
2802 2515 3016 2584 peribit
3055 2516 3128 2572 de
3167 2518 3361 2573 medio
3414 2518 3611 2590 pepuli
3661 2521 3778 2578 sui.

2133 2598 2436 2652 Custodite
2469 2602 2751 2655 mandata
2781 2619 2929 2658 mea.
2955 2603 3142 2660 Nolite
3163 2605 3349 2662 facere
3368 2623 3496 2678 quae
3521 2610 3783 2665 iecerunt

2134 2683 2195 2749 ii,
2230 2686 2330 2755 qui
2363 2687 2600 2744 fuerunt
2630 2695 2765 2745 ante
2795 2708 2916 2759 vos,
2968 2698 3027 2748 et
3081 2710 3152 2749 ne
3197 2694 3548 2766 polluamini
3577 2697 3640 2753 in
3670 2699 3782 2754 eis.

2133 2773 2249 2844 Ego
2286 2776 2564 2832 Dominus
2603 2778 2758 2833 Deus
2789 2785 2991 2854 vester.

2203 2864 2280 2934 (T.
2340 2865 2431 2935 XI,
2465 2865 2526 2922 C.
2580 2867 2803 2933 XXXV,
2854 2869 2986 2938 Cap.
3046 2871 3221 2940 XIX.)
3270 2874 3640 2946 Locutusque
3687 2881 3778 2932 est

2136 2952 2415 3008 Dominus
2446 2955 2518 3009 ad
2562 2955 2781 3026 Mosen,
2834 2958 3071 3015 dicens:
3131 2962 3391 3032 Loquere
3433 2965 3504 3019 ad
3549 2981 3780 3021 omnem

2130 3046 2344 3097 coetum
2394 3044 2652 3100 ﬁliorum
2714 3047 2914 3114 Israel,
2958 3053 3016 3103 et
3063 3050 3220 3106 dices
3265 3052 3336 3107 ad
3385 3068 3533 3108 eos:
3584 3055 3780 3111 Sancti

384 3139 719 3212 pitudinem
751 3137 959 3193 matris
979 3142 1090 3192 tuas
1118 3153 1230 3192 non
1263 3137 1685 3207 discooperies:
1717 3140 1902 3190 mater
1922 3140 2023 3191 tua
2064 3199 2100 3212 Α
2130 3135 2336 3194 estote.
2369 3131 2507 3202 quia
2539 3149 2644 3204 ego
2671 3140 2912 3192 sanctus
2935 3153 3086 3202 sum.
3136 3139 3422 3196 Dominus
3470 3141 3628 3198 Deus
3681 3159 3785 3198 ve-

382 3199 494 3286 ἔδει.
510 3227 639 3286 Non
659 3225 1384 3299 revelabisturpitudinem
1407 3199 1551 3296 ejus.
1574 3225 2024 3297 Turpitudinem
2058 3199 2101 3266 (ἶ
2141 3222 2280 3273 sier.
2301 3199 2716 3292 Unusquisque
2739 3199 3256 3299 matrem(Vulg.ad
3273 3229 3542 3300 suam)et
3557 3235 3781 3303 patrem

392 3316 592 3373 uxoris
619 3316 802 3387 patris
833 3314 917 3368 tui
950 3331 1060 3369 non
1095 3314 1503 3385 discooperies:
1538 3314 1842 3385 turpitudo
1872 3313 2030 3368 enim

381 3405 569 3479 patris
601 3404 686 3459 tui
717 3407 826 3459 est.
859 3402 1308 3474 Turpitudinem
1343 3404 1562 3458 sororis
1594 3411 1701 3457 tuaa
1732 3419 1798 3457 ex
1841 3407 2027 3474 patre,

377 3493 502 3550 sive
530 3509 600 3548 ex
635 3495 842 3558 matre,
879 3507 1009 3562 quas
1043 3491 1204 3546 domi
1233 3490 1322 3546 vel
1353 3491 1493 3547 foris
1525 3491 1722 3561 genita
1752 3497 1863 3555 est,
1914 3508 2031 3547 non

380 3581 693 3638 revelabis.
727 3579 1180 3652 Turpitudinem
1213 3579 1343 3634 ﬁliae
1378 3579 1480 3634 filii
1510 3580 1596 3635 tui
1628 3579 1714 3635 vel
1747 3579 1938 3651 neptis
1960 3597 2031 3635 ex

378 3671 500 3727 ﬁlia
529 3687 644 3726 non
679 3668 982 3725 revelabis:
1016 3668 1157 3739 quia
1208 3668 1513 3741 turpitudo
1567 3674 1666 3723 tua
1715 3673 1825 3724 est.
1883 3669 2028 3724 Tur-

297 3769 300 3772 ’
383 3759 715 3832 pitudinem
751 3758 885 3813 filiae
919 3758 1121 3814 uxoris
1153 3758 1337 3830 patris
1357 3758 1463 3822 tui,
1493 3756 1906 3829 quampeperit
1927 3774 2028 3828 pa-

381 3848 456 3904 tri
485 3855 605 3916 tuo,
639 3851 697 3902 et
726 3851 818 3902 est
842 3864 1005 3903 soror
1032 3851 1134 3902 tua
1165 3846 1250 3916 (h.
1286 3863 1469 3917 quam
1497 3847 1720 3918 peperit
1741 3845 1888 3916 patri
1906 3852 2027 3915 tuo,

387 3953 503 3994 non
534 3935 842 4001 revelabis,
874 3952 1040 3991 soror
1069 3940 1169 3990 tua
1200 3939 1310 4004 est)
1344 3951 1457 3989 non
1491 3933 1791 3990 revelabis.
1825 3925 2030 4006 Turpi-

371 4026 642 4082 tudinem
677 4024 899 4081 sororis
933 4024 1121 4096 patris
1152 4024 1236 4078 tui
1272 4039 1385 4078 non
1415 4023 1809 4094 discooperies
1842 4041 1855 4079 :
1889 4023 2030 4095 quia

377 4131 511 4171 caro
541 4113 624 4186 (h.
661 4113 1014 4186 prepinqua)
1047 4118 1139 4169 est
1187 4113 1370 4184 patris
1421 4111 1528 4166 tui.
1573 4111 2026 4184 Turpitudinem

376 4203 598 4260 sororis
631 4202 836 4257 matris
869 4206 983 4257 tuze
1015 4218 1132 4256 non
1167 4200 1467 4268 revelabis,
1501 4217 1567 4257 eo
1597 4201 1752 4272 quod
1777 4217 1911 4256 caro
1941 4201 2025 4272 (h.

380 4291 737 4364 propinqua)
767 4290 844 4345 sit
867 4291 1075 4346 matris
1096 4295 1231 4345 tuae.
1253 4289 1698 4360 Turpitudinem
1722 4288 1914 4361 patrui
1939 4288 2026 4344 tui

377 4379 576 4452 (Vulg.
635 4382 743 4434 tae.
813 4378 919 4439 tui)
965 4395 1079 4433 non
1137 4377 1441 4445 revelabis,
1489 4393 1595 4434 nec
1653 4379 1894 4434 accedes
1951 4379 2024 4434 ad

373 4484 614 4524 uxorem
675 4467 804 4538 ejus
831 4507 846 4532 ,
901 4483 1030 4538 quas
1061 4466 1167 4522 tibi
1201 4466 1484 4522 afﬁnitate
1541 4466 1896 4539 conungitur
1923 4467 1982 4538 (b
2005 4507 2018 4523 .

2143 3322 2317 3362 suum
2334 3308 2557 3364 timeat.
2579 3311 2837 3366 Sabbata
2860 3329 2986 3368 mea
3008 3315 3318 3372 custodite.
3345 3317 3462 3388 Ego
3497 3320 3782 3376 Dominus

2141 3395 2296 3450 Deus
2327 3403 2536 3454 vester.
2569 3399 2760 3455 Nolite
2820 3403 3078 3457 converti
3126 3406 3196 3460 ad
3251 3405 3426 3475 idola,
3480 3423 3588 3464 nec
3641 3409 3783 3465 deos

2140 3487 2463 3543 conﬂatiles
2487 3488 2714 3545 faciatis
2743 3490 2929 3546 vobis.
2967 3491 3080 3564 Ego
3104 3492 3545 3552 DominusDeus
3571 3501 3782 3553 vester.

2139 3575 2198 3630 Si
2230 3575 2945 3650 immolaveritislhostiam
2963 3582 3338 3650 pacificorum
3355 3587 3693 3655 Domino,ut
3713 3586 3794 3642 sit

2141 3665 2469 3736 placabilis,
2501 3683 2566 3723 eo
2599 3669 2696 3723 die
2727 3685 2843 3738 quo
2895 3670 3072 3726 fuerit
3103 3672 3430 3740 immolata,
3469 3675 3790 3732 comedetis

2138 3770 2288 3823 eam,
2315 3759 2372 3810 et
2401 3755 2496 3811 die
2527 3757 2712 3813 altero
2744 3757 2826 3828 (h.
2851 3757 2899 3813 si
2933 3759 3381 3819 immolaveritis
3405 3763 3660 3821 hostiam
3685 3781 3791 3837 pa-

2137 3843 2463 3906 ciﬁcorum,
2497 3845 2832 3902 voluntarie
2865 3847 3186 3916 immolate,
3220 3854 3278 3905 et
3307 3867 3372 3907 eo
3403 3852 3498 3908 die
3527 3869 3641 3921 quo
3664 3854 3788 3909 fue-

2141 3931 2217 3985 rit
2249 3932 2554 3988 immolata
2581 3939 2849 3991 vescetur
2879 3941 2936 3991 et
2967 3937 3060 3992 die
3088 3937 3317 4011 altero):
3347 3940 3634 4012 quidquid
3676 3957 3788 3996 au-

2144 4024 2259 4076 tem
2291 4020 2591 4077 residuum
2614 4023 2859 4079 fueritin
2876 4025 3030 4080 diem
3056 4027 3782 4101 tertium,ignefcombure-

2148 4109 2304 4166 tis.Si
2334 4110 2467 4180 quis
2499 4115 2633 4182 post
2661 4111 2911 4168 biduum
2943 4116 3260 4171 comederit
3289 4133 3358 4172 ex
3390 4133 3480 4186 ea,
3504 4118 3788 4190 profanus

2151 4199 2283 4265 erit,
2305 4203 2360 4253 et
2379 4199 2699 4270 impietatis
2731 4217 2886 4256 reus.
2913 4202 3173 4259 Portabit
3196 4205 3565 4277 iniquitatem
3585 4223 3780 4272 suam,

2136 4288 2275 4356 quia
2295 4293 2572 4343 sanctum
2606 4288 2840 4344 Domini
2875 4290 3105 4361 polluit,
3135 4296 3192 4348 et
3213 4294 3425 4365 peribit
3443 4296 3638 4352 anima
3679 4295 3782 4352 illa

2139 4376 2210 4430 de
2241 4375 2457 4447 populo
2479 4378 2966 4450 suo.(C.XXXV.)
2999 4383 3141 4436 Cum
3192 4383 3512 4440 messueris
3557 4390 3787 4456 segetes

2134 4468 2322 4529 terrae,
2355 4481 2470 4520 non
2497 4466 2770 4522 tondebis
2811 4484 2999 4538 usque
3015 4470 3086 4524 ad
3119 4470 3330 4542 solum,
3405 4475 3784 4545 superficiem

378 4558 526 4614 Uxor
553 4557 747 4629 patrui
773 4556 862 4612 tui
889 4556 1014 4625 est.)
1046 4555 1496 4628 Turpitudinem
1529 4573 1717 4612 nurus
1747 4559 1860 4611 tuis
1911 4573 2022 4612 non
2061 4562 2109 4630 Ι)
2140 4558 2328 4608 terrae:
2363 4569 2470 4610 nec
2501 4560 2873 4612 remanentes
2903 4558 3100 4628 spicas
3131 4558 3372 4632 colliges
3395 4561 3617 4625 (h.cum
3638 4579 3790 4620 mes-

371 4645 686 4710 revelabis,
718 4646 857 4716 quia
891 4661 1037 4701 uxor
1066 4644 1171 4700 filii
1205 4644 1290 4700 tui
1323 4650 1432 4712 est,
1486 4661 1593 4701 nec
1637 4645 2027 4716 discooperies

371 4733 763 4807 ignominiam
798 4734 950 4806 ejus.
988 4733 1444 4806 Turpitudinem
1477 4734 1676 4790 uxoris
1709 4735 1905 4790 fratris
1937 4735 2023 4790 tui

371 4839 487 4878 non
520 4821 829 4892 revelabis,
863 4822 1006 4894 quia
1033 4823 1334 4893 turpitudo
1363 4823 1560 4878 fratris
1591 4822 1677 4878 tui
1728 4827 1836 4880 est.
1879 4825 2029 4879 Tur-

371 4910 708 4984 pitudinem
743 4912 942 4967 uxoris
975 4917 1088 4966 tute
1120 4916 1178 4966 et
1212 4911 1341 4966 filia:
1373 4913 1502 4982 ejus
1533 4911 1615 4982 (h.
1661 4911 1928 4968 mulieris
1972 4917 2029 4968 et

379 4999 513 5055 ﬁliis
543 5000 698 5070 ejus)
733 5016 848 5055 non
888 4999 1196 5056 revelabis.
1223 4999 1425 5055 Filiam
1461 5000 1560 5055 filii
1593 5002 1742 5072 ejus,
1775 5001 2025 5057 etliliam

371 5087 684 5145 ﬁlieillius
707 5104 827 5144 non
844 5093 1135 5158 sumes,ut
1158 5087 1374 5144 reveles
1393 5089 1813 5160 ingnominiam
1832 5109 1845 5146 :
1867 5091 2024 5161 (jus:

373 5176 516 5248 quia
549 5193 684 5234 caro
719 5176 797 5247 (h.
843 5179 1214 5250 propinquae)
1245 5176 1404 5233 illius
1435 5182 1593 5244 sunt,
1642 5187 1695 5234 et
1725 5179 1860 5234 talis
1908 5179 2027 5234 coi-

371 5270 472 5323 tus
502 5266 773 5323 incestus
805 5271 915 5323 est.
950 5267 1219 5323 Sororem
1249 5268 1445 5323 uxoris
1475 5267 1666 5324 tumin
1691 5267 2026 5340 pellicatum

455 5444 471 5477 ¹
507 5441 883 5519 Οειῐιοιιγοιιω
916 5445 1142 5516 aliquot
1164 5462 1334 5517 mss.,
1364 5447 1484 5503 Non
1521 5445 1812 5518 pejorabis,
1872 5449 2027 5519 quod

381 5510 544 5568 idem
581 5519 691 5570 est.
724 5518 908 5571 MART.

449 5614 518 5624 —-
555 5585 804 5663 Urbinas
836 5605 947 5643 ms.
982 5603 1082 5663 nec
1112 5589 1366 5663 decipiet.
1400 5592 1528 5644 Mox
1558 5589 1883 5663 ﬁdejussorg
1924 5608 2027 5663 pro

375 5651 838 5727 Hieronymiana
869 5651 1252 5716 translatione
1290 5666 1380 5716 est
1429 5651 1748 5733 Hesychius
1772 5663 1831 5718 in
1871 5651 2029 5721 hnuc

2141 4641 2330 4698 sueris
2360 4648 2584 4713 segetes
2618 4648 2784 4698 terrae
2817 4650 2949 4714 tuae,
2983 4663 3096 4702 non
3131 4654 3314 4704 metes
3341 4655 3526 4705 totum
3551 4667 3786 4723 agrum,

2137 4731 2236 4787 sed
2269 4736 2492 4802 partem
2527 4731 2876 4804 relinques).
2903 4735 3099 4807 Neque
3128 4736 3185 4791 in
3217 4739 3388 4794 vinea
3405 4745 3505 4794 tua
3522 4757 3787 4798 razemos

2135 4824 2192 4874 et
2211 4835 2394 4891 grana
2424 4819 2754 4875 decidentis
2785 4824 3188 4895 congregabis,
3219 4827 3320 4881 sed
3352 4829 3712 4900 pauperibus
3733 4835 3793 4886 et

2137 4908 2462 4980 peregrinis
2493 4911 2784 4980 carpenda
2814 4911 3100 4969 dimittes.
3133 4915 3247 4983 Ego
3278 4917 3582 4985 {Dominus
3632 4918 3789 4976 Deus

2135 5002 2344 5053 vester.
2379 4999 2459 5066 (C.
2508 4997 2682 5061 XXX.
2724 5003 2848 5054 Non
2889 5000 3117 5057 facietis
3156 5004 3406 5060 furtum.
3442 5006 3566 5063 Non
3617 5024 3788 5064 men-

2136 5085 2383 5152 tiemini,
2405 5102 2508 5141 nec
2531 5087 3223 5162 decipiat'unusquisque
3236 5094 3564 5164 proximum
3586 5112 3790 5153 suum.

2137 5174 2260 5230 Non
2295 5175 2621 5246 perjurabis
2647 5176 2704 5230 in
2739 5177 2978 5233 nomine
3011 5195 3163 5248 meo,
3197 5198 3302 5237 nec
3327 5183 3553 5255 pollues
3587 5185 3798 5251 (h.vio-

2137 5261 2311 5332 labis)
2346 5279 2561 5320 nomen
2598 5264 2696 5321 Dei
2728 5265 2844 5321 tui.
2875 5271 2992 5338 Ego
3026 5269 3328 5327 Dominus.
3363 5273 3444 5343 (C.
3475 5273 3792 5346 XXXVII.)

2138 5449 2370 5540 Levitici
2393 5451 2628 5540 locum:
2661 5453 2777 5540 Non
2806 5455 3186 5540 p159fanabiti§
3213 5472 3407 5540 nomen
3436 5459 3788 5540 ῼρηιίηξρςί

2136 5523 2327 5598 uestri,
2366 5523 2559 5598 quod,
2589 5523 2818 5595 inquit,
2852 5523 3174 5598 Hieronymi
3228 5531 3527 5587 translatio
3585 5531 3778 5589 edidit.

2136 5596 2254 5650 Non
2286 5595 2498 5664 pollues
2536 5596 2635 5651 Dei
2663 5598 2765 5651 tui.
