4068 6172
297 313 371 368 361

1657 308 1867 361 LIBER
1907 308 2242 363 LEVITICI.

3545 317 3652 372 362

294 439 385 493 Νι),
423 436 574 492 facies
598 435 954 490 calumniam
988 433 1249 505 proximo
1280 439 1398 501 luo,
1433 431 1547 486 Nec
1572 430 1622 486 vi
1668 431 1748 501 (h.
1779 447 1882 486 nec
1912 432 1964 498 Α
1997 433 2356 504 exprobratis
2387 436 2436 489 ei
2470 435 2550 504 (h.
2586 452 2657 491 ne
2688 436 3162 494 circumveniatis
3192 441 3350 511 eum)
3378 462 3392 508 ;
3425 443 3526 497 sed
3574 443 3653 498 sit

293 527 467 596 fraude)
493 523 782 596 opprimes
813 539 966 577 eum.
1002 521 1437 594 (C.XXXVIII.)
1466 519 1588 575 Non
1623 511 1874 575 morabi-

292 620 364 672 tur
385 631 505 687 opus
537 613 876 668 mercenarii
913 613 1088 683 (Vulg.
1123 611 1249 666 add.
1285 610 1392 681 tui)
1425 609 1578 681 apud
1602 613 1657 662 te
1691 624 1875 678 usque

291 722 439 760 mane.
469 703 542 775 (C.
570 702 850 769 XXXIX.)
882 701 1008 756 Non
1046 699 1360 756 maledicas
1392 699 1592 763 surdo,
1625 702 1706 763 ((3.
1731 697 1878 768 XL.)

293 811 370 849 nec
389 809 556 848 coram
589 808 738 847 caeco
769 808 952 862 pones
972 788 1433 844 oﬂ'endiculum:
1470 788 1550 857 (C.
1573 786 1742 857 XLI.)
1777 786 1876 841 sed

289 882 474 937 timebis
505 882 678 934 Deum
709 884 901 947 tuum,
935 879 1069 949 quia
1099 879 1176 938 (b.
1221 893 1334 931 non
1371 877 1565 943 habet)
1621 891 1727 946 ego
1757 891 1880 929 sum

291 970 350 1037 (b.
379 987 474 1024 non
503 969 696 1038 habet)
721 968 1023 1024 Dominus.
1042 968 1119 1036 (C.
1143 965 1346 1035 XLII.)
1369 965 1493 1020 Non
1520 964 1698 1020 facies
1721 964 1876 1034 quod

286 1060 503 1129 iniquum
527 1063 633 1124 est,
653 1055 1308 1128 necinjustejudicabis
1340 1054 1418 1117 (h.
1438 1053 1877 1124 quodiniquum

287 1156 354 1204 est
378 1147 689 1218 iujudicio).
725 1147 803 1216 (C.
831 1146 1052 1215 XLIII.)
1085 1149 1198 1198 Nec
1213 1143 1544 1199 consideres
1563 1159 1873 1214 personam

285 1236 526 1309 pauperis,
551 1253 655 1291 nec
683 1233 1173 1291 honoresvultum
1192 1232 1646 1304 potentis.Juste
1671 1231 1876 1301 judica

285 1327 498 1396 proximo
525 1330 644 1380 tuo.
683 1326 764 1396 (C.
797 1323 1015 1394 XLIV.)
1049 1323 1169 1378 Non
1203 1321 1317 1377 eris
1357 1321 1720 1388 criminator,
1769 1337 1873 1375 nec

279 1430 477 1469 susurro
504 1413 563 1468 in
623 1411 877 1484 populis.
910 1412 994 1482 (C.
1030 1411 1214 1467 XLV.)
1267 1409 1391 1464 Non
1436 1409 1644 1477 stabis:
1673 1413 1877 1464 contra

278 1502 574 1573 sanguinem
610 1500 990 1572 proximitui.
1027 1501 1142 1570 Ego
1179 1497 1482 1553 Dominus.
1531 1496 1614 1566 (C.
1663 1496 1875 1567 XLVI.)

279 1591 339 1648 Ne
364 1590 530 1645 oderis
555 1592 794 1644 fratrem
827 1593 997 1644 tuum
1023 1589 1083 1643 in
1116 1588 1288 1643 corde
1319 1591 1440 1652 tuo,
1483 1586 1583 1641 sed
1645 1584 1876 1656 publice

275 1695 417 1750 argue
441 1695 592 1742 eum,
626 1694 696 1732 ne
726 1678 945 1732 habeas
983 1693 1161 1747 super
1217 1675 1316 1730 illo
1371 1678 1695 1746 peccatum.
1748 1672 1872 1727 Non

271 1785 450 1839 queres
476 1767 783 1836 ultionem,
817 1782 923 1821 nec
959 1782 1163 1821 nemor
1221 1763 1336 1819 eris
1367 1763 1598 1833 injurias
1656 1762 1871 1816 civium

270 1863 483 1912 tuorum.
511 1856 862 1926 (C.XLVII.)
889 1855 1106 1926 Diliges
1131 1855 1383 1909 amicum
1410 1852 1491 1923 (h.
1517 1851 1873 1924 proximum)

267 1951 398 2000 tuum
427 1945 571 2000 sicut
596 1952 652 2000 te
676 1945 900 2016 ipsum.
922 1943 1038 2015 Ego
1060 1941 1368 1998 Dominus.
1397 1941 1577 2012 Leges
1601 1955 1761 1994 meas
1785 1939 1870 2009 (h.

269 2033 491 2105 legitima
518 2035 695 2105 mea).
719 2032 1026 2088 custodite.
1058 2032 1140 2102 (C.
1164 2030 1442 2098 XLVIII.]
1470 2029 1751 2085 Iumenta
1770 2033 1874 2082 tua

271 2138 358 2176 non
383 2123 541 2178 facies
573 2122 874 2177 coirecum
899 2119 1140 2175 alterius
1170 2118 1399 2191 generis
1441 2116 1868 2172 animantibus.

270 2217 441 2282 Agrum
473 2217 641 2266 tuum
682 2228 793 2266 non
829 2225 989 2265 seres
1022 2209 1248 2264 diverso
1271 2207 1516 2263 semine.
1551 2210 1722 2262 Veste
1745 2223 1870 2277 quas

270 2316 323 2354 ex
355 2301 565 2356 duobus
601 2304 758 2356 texta
789 2304 898 2369 est,
931 2315 1046 2354 non
1109 2297 1372 2352 indueris
1401 2297 1482 2368 (C.
1531 2295 1735 2358 XLIX,
1783 2296 1870 2365 L.)

266 2390 410 2444 Homo
425 2391 468 2444 si
491 2389 799 2445 dormierit
827 2405 963 2444 cum
991 2387 1232 2442 muliere
1255 2387 1408 2441 coitu
1439 2384 1702 2453 seminis,
1745 2401 1869 2454 quas

266 2476 324 2531 sit
350 2477 539 2534 ancilla
573 2478 753 2534 etiam
787 2477 1008 2533 nubilis
1040 2476 1120 2542 (b.
1155 2492 1281 2546 quae
1308 2475 1386 2530 sit
1414 2473 1628 2529 ancilla
1663 2477 1719 2528 et
1743 2472 1870 2527 alli-

262 2571 368 2635 gata
393 2567 562 2638 viro),
600 2571 656 2622 et
685 2571 879 2621 tamen
913 2564 1098 2635 pretio
1122 2581 1236 2619 non
1279 2563 1606 2633 redempta,
1638 2578 1744 2616 nec
1802 2561 1871 2616 li-

268 2653 453 2708 bertate
476 2656 696 2710 donata
730 2671 742 2709 :
778 2653 1140 2725 vapulabunt
1179 2652 1371 2714 ambo,
1398 2657 1454 2706 et
1479 2667 1593 2705 non
1627 2650 1873 2705 morien-

264 2748 357 2808 tur,
387 2744 518 2814 quia
547 2761 669 2799 non
703 2743 812 2798 fuit
842 2742 1045 2797 libera.
1108 2742 1214 2796 Pro
1267 2739 1478 2795 delicto
1520 2744 1715 2794 autem
1766 2755 1873 2794 suo

264 2832 426 2888 offeret
461 2833 706 2889 Domino
739 2832 808 2887 ad
861 2832 1082 2887 ostium
1134 2827 1493 2885 tabernaculi
1551 2827 1872 2883 testimonii

259 2921 467 2977 arietem
503 2939 516 2976 :
551 2921 863 2993 orabitque
894 2937 997 2992 pro
1025 2935 1091 2973 eo
1123 2919 1413 2983 sacerdos,
1444 2921 1501 2972 et
1531 2934 1634 2989 pro
1664 2917 1876 2973 delicto

260 3010 368 3078 ejus
395 3027 582 3067 coram
620 3010 888 3076 Domino,
921 3012 978 3064 et
1008 3006 1489 3080 repropitiabitur
1518 3007 1589 3076 ei,
1613 3006 1874 3060 dimitte-

261 3103 440 3170 turque
472 3105 800 3173 peccatum.
835 3098 1076 3165 Quando
1109 3095 1361 3168 ingressi
1397 3095 1874 3161 fueritisterram,

1987 520 2138 575 inter
2167 538 2264 576 vos
2283 523 2452 590 quasi
2476 524 2750 596 indigena
2769 542 2781 579 :
2803 531 2859 581 et
2883 525 3284 598 diligetiseum
3306 531 3476 601 quasi
3517 548 3651 587 vos-

1988 610 2308 680 metipsos:
2344 611 2540 668 fuistis
2589 615 2744 668 enim
2803 621 2860 670 et
2912 632 3010 671 vos
3063 618 3297 672 advenae
3377 620 3436 674 in
3494 628 3649 676 terra

1988 699 2230 769 Egypti.
2265 700 2381 771 Ego
2415 703 2700 757 Deminus
2732 709 2885 758 Deus
2909 709 3120 760 vester.
3153 710 3234 769 (C.
3269 707 3434 779 LVI).
3483 709 3646 765 Noli-

1987 790 2043 842 te
2076 787 2262 843 facere
2304 789 2577 860 iniquum
2611 791 2832 863 aliquid
2867 793 2924 848 in
2954 795 3198 865 judicio,
3232 796 3290 850 in
3326 797 3550 868 regula;
3579 798 3640 853 in

1989 877 2265 946 pondere,
2301 877 2360 933 in
2414 895 2712 934 mensura.
2746 882 2965 937 Stalera
2989 884 3175 952 justa,
3209 890 3266 940 et
3313 903 3479 958 aequa
3531 890 3647 942 sint

1989 965 2072 1034 (b.
2113 982 2225 1020 non
2261 967 2456 1038 habet)
2489 969 2766 1039 pondera,
2791 970 2995 1039 justus
3030 972 3285 1035 modius.
3319 990 3643 1047 mquusque

1992 1054 2282 1110 sextarius
2309 1053 2391 1126 (h.
2427 1061 2566 1112 sunt
2589 1058 2796 1126 vobis).
2815 1063 2930 1130 Ego
2954 1058 3238 1116 Dominus
3261 1062 3411 1116 Deus
3429 1068 3644 1132 vester,

1991 1143 2089 1213 qui
2125 1143 2296 1198 eduxi
2328 1160 2432 1198 vos
2461 1146 2534 1200 de
2594 1149 2746 1200 terra
2800 1147 3048 1219 IEgypti.
3105 1149 3406 1206 Custodite
3443 1152 3641 1207 omnia

1990 1236 2279 1304 praecepta
2312 1249 2462 1303 mea,
2495 1238 2550 1288 et
2569 1233 3100 1307 universajudicia,
3131 1243 3189 1293 et
3213 1237 3381 1295 facite
3409 1256 3494 1295 ea.
3523 1241 3639 1312 Ego

1992 1321 2296 1376 Dominus.

2061 1410 2145 1470 (T.
2208 1409 2319 1477 XII,
2379 1412 2439 1465 C.
2500 1411 2666 1480 LVII,
2716 1413 2845 1483 Cap.
2905 1413 3054 1484 XX.)
3116 1416 3482 1486 Locutusque
3551 1420 3642 1471 est

1987 1497 2272 1553 Dominus
2320 1500 2387 1552 ari
2451 1500 2672 1569 Mosen,
2733 1501 3130 1558 dicens:Heec
3180 1503 3440 1573 loqueris
3498 1503 3637 1559 ﬁliis

1988 1586 2164 1641 Israel
2191 1603 2202 1640 :
2239 1592 2424 1643 Homo
2443 1589 2514 1644 de
2534 1588 2671 1642 ﬁliis
2695 1589 2894 1656 Israel,
2918 1591 3064 1646 etde
3086 1593 3326 1648 advenis
3350 1593 3448 1665 qui
3475 1592 3641 1648 habi-

1987 1679 2112 1729 tant
2143 1675 2200 1730 in
2237 1675 2435 1743 Israel,
2468 1677 2516 1731 si
2551 1677 2683 1747 quis
2715 1678 2942 1733 dederit
2963 1680 3034 1734 de
3057 1680 3282 1736 semine
3322 1697 3429 1736 suo
3479 1681 3636 1736 idolo

1988 1763 2238 1826 Moloch,
2273 1769 2458 1819 morte
2481 1766 2806 1820 moriatur:
2841 1768 3092 1838 populus
3121 1774 3286 1824 terrae
3347 1769 3637 1841 lapidabit

1987 1869 2143 1907 eum.
2180 1857 2248 1907 Et
2278 1867 2383 1924 ego
2417 1870 2627 1925 ponam
2663 1855 2865 1911 faciem
2917 1873 3107 1912 meam
3157 1863 3362 1913 contra
3420 1857 3630 1914 illum:

1982 1941 2403 2012 succidamque
2435 1958 2567 1996 eum
2601 1944 2671 1998 de
2703 1944 2896 2000 medio
2928 1945 3128 2017 p0puli
3179 1947 3291 2014 sui,
3351 1963 3417 2002 eo
3473 1948 3629 2018 quod
3657 2017 3659 2020 ,

1982 2029 2287 2084 dederitde
2303 2030 2529 2086 semine
2543 2048 2650 2086 suo
2664 2031 3471 2098 Moloch,etcontaminaverit
3493 2051 3629 2090 san-

1981 2118 2229 2173 ctarium
2265 2135 2484 2187 meum,
2516 2137 2582 2174 ac
2616 2119 2887 2191 polluerit
2916 2121 2999 2189 (h.
3046 2121 3363 2193 violaverit)
3412 2139 3626 2178 nomen

1980 2212 2254 2262 sanctum
2281 2223 2497 2262 meum.
2522 2209 2684 2271 Quod
2709 2208 3076 2281 sinegligens
3095 2210 3348 2282 populus
3364 2216 3550 2278 terrae,
3572 2216 3630 2266 et

1979 2296 2147 2366 quasi
2201 2297 2626 2368 parvipendens
2685 2297 2998 2369 imperium
3055 2316 3274 2368 meum,
3334 2300 3627 2356 dimiserit

1979 2385 2276 2440 hominem
2302 2387 2400 2456 qui
2434 2387 2594 2442 dedit
2623 2388 2694 2442 de
2724 2389 2948 2444 semine
2979 2405 3085 2444 suo
3117 2389 3364 2457 Moloch,
3389 2405 3496 2446 nec
3529 2407 3628 2446 vo-

1977 2473 2154 2528 luerit
2184 2490 2313 2529 eum
2347 2474 2650 2531 occidere:
2683 2492 2896 2547 ponam
2931 2478 3139 2532 faciem
3201 2494 3391 2534 meam
3451 2495 3630 2550 super

1981 2562 2288 2618 hominem
2307 2563 2498 2630 illum,
2517 2569 2572 2619 et
2591 2565 2995 2636 cognationem
3011 2568 3170 2636 ejus;
3207 2568 3631 2640 succidamque

1983 2655 2039 2707 et
2068 2652 2286 2722 ipsum,
2319 2657 2376 2707 et
2407 2669 2612 2708 omnes
2642 2654 2740 2724 qui
2773 2660 3200 2710 consenserunt
3243 2656 3294 2710 ei
3329 2660 3393 2710 ut
3451 2657 3636 2711 forni-

1984 2748 2214 2796 carelur
2244 2757 2378 2796 cum
2409 2741 2658 2812 Moloch,
2691 2743 2763 2798 de
2786 2743 2975 2798 medio
3010 2745 3335 2815 populisui.
3359 2745 3631 2816 (B.XI,C.

1989 2830 2202 2901 LVIII.)
2230 2830 2466 2899 Anima,
2497 2847 2621 2901 quae
2653 2830 3030 2886 declinaverit
3057 2833 3127 2887 ad
3163 2849 3360 2905 magos
3408 2833 3492 2903 (h.
3525 2834 3633 2905 Py-

1985 2918 2218 2989 thonas)
2249 2928 2303 2974 et
2332 2919 2569 2985 ariolos,
2593 2924 2651 2974 et
2680 2919 2966 2976 fornicata
2997 2921 3173 2977 fuerit
3219 2939 3353 2978 cum
3384 2922 3487 2988 eis,
3521 2937 3626 2992 po-

1987 3023 2124 3062 nam
2157 3007 2366 3062 laciem
2404 3023 2593 3063 meam
2623 3013 2990 3078 contraeam,
3011 3015 3069 3066 et
3094 3010 3442 3065 interﬁciam
3467 3009 3630 3065 illam

1990 3097 2062 3151 de
2093 3097 2286 3152 medio
2301 3096 2630 3168 populizsui.
2657 3097 3121 3155 Sanctiﬁcamini
3144 3104 3199 3154 et
3217 3104 3402 3155 estote
3425 3098 3635 3155 sancti.

259 3193 304 3242 et
332 3165 722 3259 plantaveritis
754 3187 812 3242 in
845 3187 1084 3258 saligna
1103 3165 1408 3256 pomifera.
1442 3185 1877 3255 auferetisprae-
1909 3165 1952 3230 (ἶ
1994 3186 2132 3255 quia
2160 3189 2211 3240 et
2240 3165 2320 3257 (h:
2345 3165 2460 3240 non
2494 3165 2689 3256 habet)
2714 3201 2820 3258 ego
2848 3189 3112 3257 (sanctus
3139 3192 3298 3257 sum)
3344 3188 3636 3245 Dominus

259 3278 396 3348 putia
423 3295 628 3334 eorum
655 3295 668 3332 :
696 3293 867 3348 poma
881 3275 1374 3346 qumgerminant,
1389 3273 1882 3328 immundaerunt

256 3367 395 3421 vobis
426 3369 501 3437 (b.
530 3367 732 3422 tribus
758 3365 974 3436 annis),
996 3381 1102 3419 nec
1125 3363 1311 3418 adetis
1335 3379 1406 3417 ex
1427 3363 1764 3427 eis.Quarto
1789 3377 1882 3416 au-

257 3458 349 3510 tem
380 3474 524 3513 anno
537 3457 736 3512 omnis
753 3454 954 3510 fructis
978 3470 1177 3509 eorum
1201 3452 1881 3508 sanctiﬁcabiturlauda-

261 3544 374 3601 bilis
396 3547 662 3602 Domino.
679 3544 892 3609 Quinto
910 3549 1103 3598 autem
1121 3560 1274 3598 anno
1296 3541 1611 3597 comedetis
1633 3542 1880 3610 fructus,

256 3643 656 3708 congregantes
707 3650 880 3706 poma
911 3649 1040 3704 quae
1071 3633 1395 3703 proferunt.
1445 3632 1562 3701 Ego
1594 3630 1880 3686 Dominus

257 3722 384 3779 Deus
413 3730 626 3780 vester.
653 3728 780 3779 Non
814 3721 1136 3778 comedetis
1156 3737 1291 3777 cum
1326 3721 1612 3792 sanguine
1640 3720 1722 3790 (h.
1781 3737 1880 3774 su-

255 3827 338 3881 per
362 3815 762 3886 sanguinem).
813 3815 894 3879 ((1.
923 3811 1034 3881 LI.)
1074 3811 1201 3867 Non
1261 3808 1717 3882 augurabimini,
1779 3825 1884 3864 nec

256 3899 620 3957 observabitis
653 3899 907 3955 somnia.
941 3899 1139 3970 Neque
1171 3898 1231 3953 in
1264 3897 1581 3952 rotundum
1615 3897 1881 3951 attonde-

265 3986 381 4044 bitis
409 4007 641 4046 comam
686 4006 698 4044 :
736 4005 840 4043 nec
875 3988 1091 4043 radetis
1121 3988 1388 4043 barbam.
1421 3987 1488 4040 Et
1518 4001 1695 4057 super
1729 4002 1882 4039 mor-

261 4080 343 4132 tuo
373 4096 479 4133 non
512 4077 795 4134 incidetis
846 4092 1078 4132 carnem
1109 4083 1384 4139 vestram,
1444 4091 1634 4144 neque
1664 4074 1884 4146 ﬁguras

262 4163 468 4236 aliquas
498 4176 559 4223 et
590 4168 873 4238 stigmata
921 4165 1144 4220 iacietis
1177 4164 1357 4220 vobis.
1410 4165 1528 4234 Ego
1572 4163 1882 4218 Dominus.

256 4253 326 4321 (C.
359 4256 493 4323 LII.)
525 4257 611 4312 Ne
635 4257 960 4327 prostitues
992 4253 1169 4308 ﬁliam
1197 4258 1382 4318 tuam,
1408 4270 1477 4308 ne
1522 4252 1887 4310 contamine-

259 4345 337 4397 tur
358 4349 527 4413 terra,
562 4350 623 4402 et
654 4343 970 4415 impleatur
995 4342 1242 4414 piaculo.
1274 4343 1545 4404 {Sabbata
1603 4359 1733 4396 mea
1790 4357 1888 4397 cu-

254 4432 445 4489 stodite
476 4441 536 4490 et
569 4432 975 4490 sanctuarium
1010 4447 1203 4488 meum
1239 4431 1498 4487 metuite.
1525 4432 1642 4503 Ego
1682 4431 1887 4486 Domi-

1991 3275 2144 3329 Deus
2177 3278 2366 3330 vester
2396 3277 2435 3328 ί.
2466 3274 2766 3330 Custodite
2788 3282 3078 3348 praecepta
3100 3293 3248 3344 mea,
3272 3282 3329 3333 et
3344 3278 3512 3333 facite
3531 3293 3600 3331 ea
3623 3292 3636 3330 :

1991 3365 2108 3434 Ego
2139 3363 2422 3419 Dominus
2443 3363 2860 3433 quisanctiﬁco
2882 3382 3004 3420 vos.
3037 3368 3119 3433 (C.
3141 3365 3300 3437 LIX.)
3325 3366 3431 3429 Qui
3460 3366 3647 3422 male-

1991 3452 2202 3508 dixerit
2229 3453 2377 3523 patri
2406 3469 2535 3518 suo,
2569 3455 2624 3508 et
2657 3453 2849 3522 matri,
2883 3458 3071 3509 morte
3122 3454 3434 3510 moriatur:
3492 3454 3645 3526 putri

1992 3542 2282 3612 matrique
2314 3540 2633 3607 maledixit,
2690 3542 2934 3613 sanguis
2966 3543 3094 3613 ejus
3142 3543 3220 3598 sit
3262 3560 3442 3615 super
3486 3560 3644 3600 cum.

1991 3630 2072 3703 (C.
2106 3629 2246 3701 LX.)
2277 3631 2332 3684 Si
2367 3631 2692 3686 moechatus
2723 3630 2859 3700 quis
2893 3631 3066 3686 fuerit
3095 3648 3232 3687 cum
3286 3649 3464 3689 uxore
3505 3631 3645 3688 alte-

1993 3718 2139 3786 rius,
2192 3723 2249 3773 et
2317 3717 2675 3773 adulterium
2733 3719 3151 3790 perpetraverit
3203 3737 3333 3776 cum
3394 3721 3640 3790 conjuge

1992 3807 2234 3877 proximi
2267 3807 2380 3874 sui,
2407 3815 2594 3862 morte
2627 3808 2956 3863 moriantur
2985 3808 3249 3865 moechus
3270 3814 3328 3864 et
3358 3808 3645 3864 adultera.

1994 3896 2069 3966 [Ο.
2105 3895 2268 3963 LXI-)
2297 3895 2404 3960 Qui
2432 3896 2737 3951 dormierit
2767 3913 2900 3951 cum
2937 3914 3201 3964 noverca,
3236 3915 3365 3966 sua,
3390 3902 3448 3953 et
3488 3913 3648 3952 reve-

1993 3984 2200 4040 laverit
2230 3984 2615 4054 ignominiam
2668 3986 2851 4056 patris
2901 3986 3016 4055 sui,
3075 3991 3260 4042 morte
3313 3985 3643 4041 moriantur

1995 4075 2208 4129 ambo:
2258 4075 2503 4144 sanguis
2558 4090 2762 4128 eorum
2815 4075 2894 4130 sit
2942 4091 3118 4147 super
3164 4092 3285 4131 eos.
3330 4075 3414 4146 (C.
3450 4074 3643 4145 LXII.)

1994 4164 2051 4218 Si
2086 4161 2218 4234 quis
2232 4163 2544 4218 dormieret
2566 4179 2698 4217 cum
2715 4180 2866 4218 nuru
2889 4180 3014 4229 sua,
3039 4169 3284 4235 uterque
3340 4164 3644 4230 moriatur,

1994 4252 2131 4322 quia
2153 4249 2344 4306 scelus
2374 4251 2596 4321 operati
2628 4257 2803 4306 sunt:
2837 4253 3080 4324 sanguis
3116 4269 3317 4308 eorum
3351 4253 3430 4309 sit
3471 4270 3648 4325 super

1994 4356 2111 4396 eos.
2139 4340 2220 4410 (C.
2254 4339 2484 4410 LXIII.)
2515 4339 2621 4402 Qui
2653 4340 2956 4395 dormierit
2983 4357 3116 4396 cum
3169 4341 3454 4410 masculo,
3486 4343 3644 4399 coitu

1995 4428 2266 4493 femineo,
2316 4433 2563 4494 uterque
2613 4432 2887 4499 operatus
2918 4434 3008 4484 est
3041 4429 3225 4496 nefas,
3287 4434 3469 4485 morte
3523 4446 3645 4485 mo-

257 4535 372 4576 nus.
404 4525 488 4593 (C.
528 4524 693 4589 LIII.)
721 4522 803 4578 Ne
836 4521 1143 4576 declinetis
1176 4522 1247 4575 ad
1280 4537 1484 4592 magos
1540 4520 1623 4590 (h.
1687 4519 1880 4574 Pitho-
1923 4537 1964 4599 ι)
1996 4518 2227 4574 riantur
2251 4533 2262 4570 :
2290 4517 2367 4570 sit
2394 4516 2635 4586 sanguis
2665 4533 2866 4572 eorum
2899 4534 3076 4589 super
3107 4535 3227 4574 eos.
3292 4519 3374 4588 (C.
3441 4517 3644 4589 LXIV.)

257 4614 384 4676 nes),
417 4629 522 4667 nec
555 4613 634 4668 ab
666 4609 1103 4681 ariolisialiquid
1127 4609 1531 4676 sciscitemini,
1580 4613 1643 4662 ut
1664 4608 1889 4678 pollua-

259 4699 386 4753 mini
422 4718 524 4772 per
555 4717 681 4756 eos.
714 4701 832 4771 Ego
863 4699 1148 4754 Dominus
1184 4700 1334 4754 Deus
1364 4703 1572 4753 vester.
1606 4697 1688 4766 (C.
1726 4697 1890 4760 LIV).

260 4785 442 4845 Coram
478 4805 634 4846 cano
665 4789 853 4860 capite
884 4804 1190 4859 consurge,
1223 4793 1280 4842 et
1310 4789 1532 4843 honora
1582 4801 1893 4858 personam

259 4877 399 4932 senis
428 4895 442 4932 :
470 4885 531 4934 et
563 4878 710 4932 time
742 4876 1053 4932 Dominum
1085 4876 1268 4931 Deum
1302 4881 1466 4930 tuum
1496 4875 1613 4948 Ego
1635 4890 1767 4930 sum
1788 4880 1895 4930 Do-

257 4963 458 5022 minus.
491 4967 579 5026 (C.
622 4966 726 5021 LV.
759 4966 815 5019 Si
847 4965 1202 5020 habitaverit
1231 4965 1452 5020 advena
1483 4965 1540 5019 in
1600 4970 1754 5020 terra
1802 4979 1894 5017 ve-

259 5058 388 5122 stra,
418 5061 469 5112 et
498 5060 754 5112 moratus
782 5053 956 5126 fuerit
983 5056 1127 5110 inter
1156 5069 1261 5108 vos.
1298 5053 1374 5124 (b.
1410 5069 1525 5108 non
1575 5053 1792 5124 habet),
1827 5067 1898 5107 ne

327 5268 767 5341 'Septuaginta
789 5283 948 5341 quos
1006 5270 1337 5341 sequuntur
1393 5264 1812 5341 samaritanus,
1846 5266 1903 5341 et

264 5335 470 5407 Arabs,
533 5335 741 5411 legunt
788 5335 902 5394 h'oc
951 5339 1171 5394 modo:
1228 5342 1300 5392 Et
1355 5336 1744 5411 eritissancti,
1770 5335 1901 5407 quia

263 5423 475 5482 {am-tus
506 5408 622 5482 ego
675 5413 940 5466 Dominus
1000 5412 1141 5465 Deus
1195 5417 1390 5476 vester,
1451 5408 1559 5476 vel,
1620 5410 1756 5482 quia
1801 5424 1903 5475 ego

264 5480 514 5539 Dominus
539 5480 683 5538 Deus
707 5491 884 5538 vester
917 5492 1138 5537 sanctus
1167 5497 1308 5535 sum.
1336 5484 1397 5534 In
1425 5482 1663 5535 Hebraeo
1685 5480 1905 5534 absunt

261 5556 421 5628 verba
451 5555 884 5628 quegscholion
921 5554 1505 5628 monetgabesse,‘_et
1537 5551 1595 5628 in
1656 5550 1906 5624 Vulgata

262 5623 715 5699 Catina'optime
748 5625 1024 5697 legimus,
1056 5626 1232 5679 Estote
1259 5624 1458 5692 sancti,
1491 5623 1619 5694 quia
1646 5639 1741 5692 ego
1782 5623 1906 5678 eum

574 5743 838 5804 PATROL.
884 5741 1150 5802 XXVIII.

2004 4607 2109 4672 Qui
2142 4622 2318 4676 supra
2347 4622 2583 4660 uxorem
2644 4605 2846 4673 ﬁliam,
2908 4607 3140 4662 duxerit
3194 4613 3443 4663 matrem
3502 4610 3652 4678 ejus,

2005 4695 2196 4751 scelus
2227 4698 2502 4765 operatus
2533 4698 2623 4749 est
2646 4712 2664 4748 :
2689 4694 2852 4750 vivus
2888 4697 3116 4752 ardebit
3144 4713 3276 4751 cum
3309 4697 3394 4752 eis
3423 4696 3504 4753 (b.
3529 4697 3650 4769 igni

2007 4785 2429 4840 comburantur
2459 4790 2577 4838 tam
2606 4783 2730 4854 ipse
2763 4801 2942 4854 quam
2972 4785 3117 4852 illa),
3153 4802 3258 4841 nec
3282 4787 3650 4858 permanebit

2005 4878 2233 4930 tantum
2266 4874 2430 4927 nefas
2461 4873 2520 4927 in
2554 4873 2743 4929 medio
2775 4874 2974 4930 vestri.
3010 4875 3092 4945 (C.
3131 4875 3327 4946 LXV.)
3367 4875 3473 4939 Qui
3515 4892 3651 4931 cum

2001 4964 2273 5034 jumento
2304 4968 2362 5017 et
2380 4958 2586 5033 pecore
2616 4962 2842 5031 coierit,
2870 4968 3056 5020 morte
3088 4964 3414 5021 moriatur:
3474 4981 3652 5036 pecus

2009 5067 2242 5124 quoque
2264 5051 2527 5107 occidite.
2549 5052 2634 5122 (C.
2661 5051 2883 5120 LXVI.)
2911 5052 3119 5108 Mulier
3135 5071 3262 5124 quae
3281 5054 3660 5110 succubuerit

2014 5267 2288 5320 Dominus
2311 5265 2453 5337 Deus
2484 5275 2678 5320 vester.
2709 5264 2924 5321 Verum
2959 5283 3029 5322 ne
3060 5267 3117 5321 in
3151 5266 3349 5337 aliquo
3406 5267 3661 5321 offenda-

2015 5353 2169 5400 mus,
2203 5342 2260 5390 et
2291 5336 2600 5391 meliorum
2629 5337 2871 5392 obtentu
2903 5338 3046 5393 ﬁdes
3073 5336 3276 5392 nostra
3299 5337 3545 5406 vacillet,
3570 5354 3664 5393 res

2015 5413 2454 5480 prout_exstant
2485 5409 2610 5462 suis
2642 5408 2789 5480 locis
2820 5408 3185 5464 exhibemus.
3220 5409 3405 5463 MART.

2087 5510 2155 5519 —
2187 5477 2376 5534 Verba
2409 5480 2601 5534 unicis
2632 5479 2884 5547 inclusa,
2917 5489 2967 5535 et
2993 5488 3213 5534 sanctus
3241 5496 3383 5534 sum.
3418 5478 3666 5535 Urbinas

2021 5567 2130 5607 ms.
2167 5567 2300 5605 cum
2337 5549 2573 5606 Hebraeo
2607 5559 2660 5606 el
2691 5551 2936 5624 Vulgata
2961 5551 3176 5607 rectius
3205 5549 3456 5622 ignorat.

3267 5740 3348 5799 12
