4068 6172
404 366 511 423 359

1437 366 1494 419 S.
1536 363 1947 419 HIERONYMI
1984 364 2237 416 DIVINA
2275 361 2769 416 BIBLIOTHECA.

3699 370 3807 426 360

401 496 605 552 Omnis
634 495 832 550 anima
860 511 927 549 ex
976 491 1139 547 vobis
1189 508 1302 546 non
1352 491 1614 546 comedet
1668 488 2037 561 sanguinem,
2070 490 2124 554 Α
2152 486 2312 542 illius
2348 505 2459 543 non
2494 486 2762 557 accipies,
2798 504 2899 543 nec
2932 488 3214 547 revelabis
3244 494 3603 565 turpidinem
3650 501 3807 570 ejus,

404 601 515 640 nec
541 601 609 640 ex
631 584 871 639 advenis
900 581 999 653 qui
1050 580 1503 652 peregrinantur
1530 579 1682 634 inter
1713 595 1828 634 vos.
1854 582 2038 633 Homo

402 672 738 744 quicunque
759 670 829 723 de
861 668 998 723 ﬁliis
1031 668 1201 723 Israel
1236 673 1295 722 et
1321 668 1392 722 de
1439 665 1680 721 advenis
1732 665 1833 735 qui
1878 679 2042 736 pere-

399 761 710 832 grinantur
740 758 897 828 apud
928 774 1049 821 vos,
1085 757 1133 811 si
1166 756 1661 825 venationeatque
1680 753 1929 824 aucupio
1954 769 2042 807 ce-

399 848 549 920 perit
580 849 759 903 teram
813 845 901 901 vel
960 862 1147 913 avem,
1204 845 1417 915 quibus
1473 845 1624 899 vesci
1674 843 1901 898 licitum
1934 845 2041 908 est,

399 938 607 992 fundat
631 934 978 1006 sanguinem
1014 936 1162 1005 ejus,
1191 940 1249 989 et
1287 934 1509 1005 operiat
1536 932 1703 987 illum
1757 937 1910 986 terra
1960 930 2041 1001 (h.

400 1026 681 1097 pulvere).
717 1025 933 1079 Anima
962 1025 1115 1078 enim
1133 1025 1324 1077 omnis
1339 1022 1604 1078 carnisin
1629 1022 1916 1093 sanguine
1934 1024 2041 1075 est:

400 1116 557 1170 unde
582 1114 698 1169 dixi
735 1113 871 1168 filiis
906 1111 1121 1167 Israel:
1158 1112 1515 1183 Sanguinem
1549 1110 1829 1164 universa:
1852 1109 2044 1164 carnis

403 1221 516 1260 non
552 1202 895 1268 comedetis,
916 1201 1052 1272 quia
1076 1201 1273 1255 anima
1294 1199 1485 1254 carnis
1517 1199 1574 1254 in
1594 1199 1883 1270 sanguine
1909 1202 1999 1253 est
2028 1214 2041 1252 :

354 1298 456 1363 ,et
481 1292 821 1363 quicunque
852 1290 1167 1345 comederit
1199 1287 1691 1355 illum,interibit.
1724 1286 2043 1359 (C.XXXI.)

395 1382 606 1439 Anima
675 1398 801 1452 quae
873 1379 1194 1436 comederit
1268 1378 1693 1445 morticinum,
1770 1375 1857 1431 vel
1947 1391 2043 1430 ca-

400 1477 566 1542 ptum
598 1488 631 1525 a
663 1469 854 1524 bestia
882 1472 1001 1522 tam
1038 1466 1444 1537 deindigenis,
1477 1482 1654 1536 quam
1679 1466 1748 1519 de
1782 1463 2041 1531 advenis,

401 1558 618 1614 lavabit
648 1557 999 1612 vestimenta
1028 1571 1136 1610 sua
1166 1558 1223 1609 et
1253 1555 1632 1623 semetipsum
1666 1569 1819 1624 aqua
1834 1556 1891 1607 et
1911 1568 2045 1607 con-

402 1648 727 1703 taminatus
757 1645 864 1699 erit
895 1660 1082 1714 usque
1112 1643 1179 1697 ad
1224 1658 1569 1714 vesperum:
1601 1646 1657 1697 et
1685 1641 1795 1696 hoc
1842 1641 2043 1695 ordine

403 1737 662 1793 mundus
692 1735 809 1790 ﬁet.
846 1733 1007 1797 Quod
1042 1733 1090 1788 si
1126 1749 1239 1787 non
1291 1732 1493 1787 laverit
1534 1732 1875 1786 vestimenta
1915 1746 2039 1800 sua,

398 1842 505 1881 nec
536 1841 752 1895 corpus
782 1821 1429 1895 portabitiniquitatem
1462 1837 1648 1876 suam.

469 1914 555 1985 (Β.
586 1915 660 1980 Χ,
694 1914 752 1967 C.
787 1911 1020 1973 XXXII,
1054 1912 1196 1981 Cap.
1233 1908 1450 1977 XVIII.)
1494 1909 1748 1964 Locutus
1797 1911 1888 1962 est
1928 1911 2041 1963 Do-

404 2002 603 2058 minus
636 2002 705 2055 ad
742 2000 966 2067 Mosen,
999 1999 1223 2053 dicens:
1259 1998 1519 2067 Loquere
1557 1996 1694 2052 ﬁliis
1735 1995 1935 2062 Israel,
1986 2001 2043 2051 et

400 2092 563 2147 dices
594 2090 665 2145 ad
698 2104 836 2143 eos:
889 2088 1007 2159 Ego
1063 2086 1350 2142 Dominus
1400 2086 1553 2141 Deus
1610 2090 1821 2153 vester,
1874 2085 2043 2155 juxta

402 2177 891 2236 consuetudinem
923 2175 1006 2247 [h.
1052 2175 1249 2246 opera)
1297 2179 1461 2229 terrae
1509 2175 1759 2246 Egypti,
1817 2173 1875 2227 in
1926 2188 2043 2244 qua

397 2269 701 2331 habitatis;
732 2284 845 2323 non
878 2265 1102 2321 facietis
1134 2271 1191 2320 et
1235 2266 1406 2335 juxta
1445 2281 1665 2320 morem
1714 2265 1794 2333 (b.
1844 2262 2042 2335 opera)

398 2357 655 2429 regionis
684 2356 983 2419 Chanaan,
1016 2354 1087 2408 ad
1122 2371 1292 2420 quam
1318 2370 1423 2425 ego
1446 2353 1887 2409 introducturus
1905 2368 2037 2407 sum

396 2463 522 2513 vos,
565 2462 681 2500 non
695 2444 902 2516 agetis,
918 2459 1023 2498 nec
1042 2442 1099 2497 in
1122 2442 1401 2515 legitimis
1414 2458 1615 2497 eorum
1635 2440 2038 2498 ambulabitis.

400 2533 646 2590 Fecistis
671 2531 901 2603 judicia
934 2547 1081 2596 mea,
1114 2536 1171 2586 et
1215 2534 1500 2602 praecepta
1531 2546 1661 2585 mea
1709 2529 2040 2598 servabitis,

396 2628 453 2679 et
484 2621 873 2679 ambulabitis
904 2621 961 2675 in
998 2619 1081 2675 eis
1111 2620 1195 2691 [h.
1229 2624 1294 2674 ut
1324 2618 1636 2674 ambuletis
1665 2618 1725 2672 in
1758 2619 1891 2690 bis).
1923 2618 2039 2689 Ego

398 2711 688 2768 Dominus
721 2709 876 2765 Deus
908 2714 1113 2764 vester.
1151 2709 1456 2764 Custodite
1485 2707 1644 2779 leges
1676 2724 1835 2763 meas
1863 2712 2041 2778 atque

388 2800 637 2872 judicia,
668 2815 797 2870 qua
826 2798 1043 2853 faciens
1075 2796 1273 2865 homo,
1304 2796 1458 2852 vivet
1484 2797 1543 2851 in
1574 2797 1803 2868 eis.Ego
1840 2795 2039 2850 Domi-

397 2906 530 2945 nus.
566 2888 773 2945 Omnis
804 2886 978 2942 homo
1010 2887 1078 2940 ad
1115 2886 1435 2957 proximam
1478 2886 1787 2958 sanguinis
1818 2885 1909 2939 sui
1955 2884 2036 2955 (h.

396 2976 595 3036 carnis
626 2976 770 3045 suae)
814 2992 929 3030 non
969 2976 1222 3044 accedet,
1255 2980 1319 3029 ut
1368 2974 1578 3028 revelet
1607 2974 2036 3046 turpitudinem

396 3067 547 3137 ejus.
581 3066 697 3137 Ego
725 3063 1026 3118 Dominus.
1058 3062 1503 3135 Turpitudinem
1536 3063 1720 3134 patris
1748 3063 2038 3116 tuiettur-

2157 575 2349 630 adhuc
2403 575 2503 630 illa
2558 576 2818 631 vivente.
2880 577 2965 632 Ad
3030 579 3335 637 mulierem
3398 600 3529 655 quas
3586 587 3811 657 patitur

2155 668 2479 731 menstrua,
2534 681 2648 719 non
2691 666 2953 733 accedes,
2996 682 3100 721 nec
3152 669 3435 726 revelabis
3485 674 3803 732 lceditatem

2156 752 2307 821 ejus.
2333 756 2475 807 Cum
2510 768 2686 807 uxore
2716 754 2964 823 proximi
2990 756 3075 809 tui
3109 773 3222 811 non
3256 758 3459 828 coibis,
3488 777 3592 816 nec
3624 764 3803 818 semi-

2158 839 2246 894 nis
2276 840 2685 896 commistione
2718 842 3129 898 maculaberis.
3173 846 3254 900 De
3285 848 3507 903 semine
3545 854 3647 906 tuo
3682 868 3799 907 non

2154 929 2321 983 dabis
2355 933 2418 984 ut
2466 934 2839 985 consecretur
2892 931 3046 987 idolo
3080 932 3305 990 Moloch
3337 979 3349 1002 ,
3406 953 3510 993 nec
3572 939 3798 1010 pollues

2156 1034 2362 1072 nomen
2402 1018 2496 1073 Dei
2529 1018 2636 1073 tui.
2690 1020 2808 1090 Ego
2855 1020 3161 1077 Dominus.
3220 1023 3301 1094 [Ο.
3353 1024 3613 1099 XXXIII.)
3654 1030 3801 1085 Cum

2155 1106 2414 1161 masculo
2446 1124 2561 1162 non
2615 1108 3091 1165 commisceberis
3136 1112 3288 1167 coitu
3340 1113 3614 1187 femineo,
3662 1121 3803 1190 quia

2152 1195 2510 1250 abominatio
2541 1201 2649 1252 est.
2681 1197 2822 1252 Cum
2857 1199 3017 1253 omni
3051 1215 3256 1270 pecore
3316 1219 3430 1258 non
3462 1204 3670 1275 coibis,
3690 1222 3797 1262 nec

2154 1283 2542 1339 maculaberis
2567 1301 2694 1340 cum
2719 1301 2805 1341 eo.
2832 1286 3042 1343 Mulier
3066 1305 3178 1344 non
3204 1293 3798 1365 succumbetjumen-

2153 1376 2233 1439 to,
2267 1388 2371 1427 nec
2404 1371 2749 1429 miscebitur
2768 1374 2819 1430 ei
2848 1391 2860 1430 :
2896 1375 3035 1446 quia
3058 1376 3250 1433 scelus
3280 1382 3386 1433 est.
3422 1379 3537 1435 Nec
3566 1381 3795 1453 pollua-

2154 1459 2298 1514 mini
2321 1460 2379 1514 in
2414 1463 2695 1518 omnibus
2748 1462 2867 1529 his,
2918 1464 3136 1534 quibus
3195 1467 3599 1524 contaminatas
3658 1475 3801 1526 sunt

2151 1552 2426 1605 universae
2456 1549 2536 1620 (b.
2572 1567 2684 1606 non
2724 1551 2922 1619 habet)
2953 1558 3177 1624 gentes,
3220 1572 3367 1626 quas
3410 1572 3516 1627 ego
3563 1558 3795 1630 ejiciam

2151 1642 2285 1692 ante
2315 1644 2692 1708 conspectum
2748 1647 3031 1710 vestrum,
3076 1648 3132 1697 et
3179 1644 3394 1714 quibus
3443 1645 3663 1717 pelluta
3701 1652 3795 1702 est

2153 1729 2303 1780 terra
2330 1742 2342 1780 :
2384 1727 2555 1798 cujus
2590 1744 2693 1799 ego
2728 1728 2947 1784 scelera
2976 1731 3249 1798 visitabo,
3285 1739 3349 1788 ut
3369 1741 3600 1791 evomat
3627 1735 3799 1791 habi-

2150 1818 2365 1870 tatores
2397 1832 2559 1871 suos.
2586 1817 2884 1873 Custodite
2917 1818 3174 1889 legitima
3204 1838 3333 1878 mea
3354 1825 3794 1895 atquejudicia,

2149 1907 2206 1957 et
2236 1920 2351 1958 non
2386 1904 2607 1959 faciatis
2640 1921 2707 1961 ex
2738 1907 3016 1963 omnibus
3066 1910 3607 1969 abominationibus
3639 1914 3791 1982 istis,

2150 1996 2269 2046 tam
2302 1992 2578 2065 indigena
2628 2010 2805 2066 quam
2862 1997 3130 2062 colonus,
3185 2000 3287 2070 qui
3346 2003 3797 2073 peregrinantur

2153 2081 2305 2150 apud
2336 2098 2459 2136 vos.
2495 2082 2711 2139 Omnes
2729 2085 2884 2140 enim
2917 2088 3343 2145 exsecrationes
3369 2090 3511 2146 istas
3532 2092 3800 2151 fecerunt

2151 2167 2358 2223 accolae
2393 2177 2577 2239 term,
2610 2173 2711 2242 qui
2736 2174 2975 2229 fuerunt
3025 2180 3159 2231 ante
3214 2193 3335 2244 vos,
3378 2183 3438 2234 et
3457 2178 3797 2251 polluerunt

2149 2271 2302 2313 eam.
2327 2257 2530 2315 Cavete
2559 2277 2696 2332 ergo
2729 2278 2800 2317 ne
2830 2267 2885 2317 et
2914 2264 3300 2321 vossimiliter
3346 2274 3595 2336 evomat,
3656 2286 3791 2326 cum

2150 2346 2315 2416 paria
2341 2346 2616 2418 feceritis,
2649 2353 2803 2406 sicut
2831 2353 3090 2407 evomuit
3118 2362 3369 2426 gentem,
3404 2374 3529 2427 quae
3561 2358 3671 2413 fuit
3692 2376 3795 2413 an-

2148 2435 2205 2488 te
2233 2450 2354 2489 vos.
2379 2434 2584 2491 Omnis
2616 2438 2839 2508 anima,
2871 2457 2999 2510 quae
3032 2443 3232 2497 fecerit
3252 2444 3792 2501 deabominationi—

2147 2521 2260 2577 bus
2290 2522 2421 2579 istis
2454 2525 2781 2597 quidpiam,
2818 2529 3031 2599 peribit
3070 2531 3143 2587 de
3183 2533 3376 2588 medio
3429 2534 3627 2605 papuli
3677 2536 3793 2593 sui.

2149 2613 2451 2666 Custodite
2484 2617 2766 2670 mandata
2796 2634 2944 2672 mea.
2971 2618 3158 2675 Nolite
3179 2620 3365 2676 facere
3383 2638 3511 2692 qua:
3537 2626 3799 2680 fecerunt

2149 2698 2210 2763 ii,
2246 2701 2345 2770 qui
2378 2702 2615 2759 fuerunt
2646 2710 2780 2759 ante
2810 2722 2931 2774 vos,
2983 2713 3042 2762 et
3096 2725 3167 2764 ne
3213 2708 3563 2781 polluamini
3592 2712 3654 2768 in
3685 2713 3798 2769 eis.

2149 2788 2263 2858 Ego
2301 2790 2579 2847 Dominus
2619 2793 2773 2848 Deus
2804 2800 3007 2869 vester.

2218 2880 2295 2948 (Τ.
2355 2880 2446 2949 XI,
2480 2881 2540 2937 C.
2596 2882 2818 2947 XXXV,
2870 2884 3001 2953 Cap.
3061 2886 3235 2955 XIX.)
3286 2889 3655 2961 Locutusque
3702 2896 3795 2947 est

2152 2966 2430 3023 Dominus
2462 2970 2533 3024 ad
2578 2970 2796 3040 Mosen,
2849 2973 3087 3030 dicens:
3147 2977 3406 3047 Loquere
3447 2980 3518 3033 ad
3564 2996 3795 3035 omnem

2145 3060 2360 3111 cmtum
2410 3058 2667 3115 ﬁliorum
2729 3062 2929 3129 Israel,
2973 3068 3031 3118 et
3078 3065 3236 3121 dices
3280 3067 3351 3122 ad
3400 3083 3547 3123 eos:
3599 3070 3796 3125 Sancti

398 3154 734 3226 pitudinem
767 3151 973 3207 matris
994 3156 1105 3206 tuae
1134 3168 1246 3205 non
1278 3151 1701 3222 discooperies:
1732 3156 1917 3205 mater
1939 3156 2038 3205 tua
2080 3214 2115 3226 Α
2145 3150 2351 3209 estote.
2384 3146 2522 3217 quia
2555 3165 2659 3220 ego
2686 3155 2926 3207 sanctus
2950 3168 3101 3217 sum.
3151 3153 3437 3210 Dominus
3486 3156 3642 3213 Deus
3696 3174 3800 3213 V6-

398 3214 509 3299 est.
526 3242 654 3299 Non
675 3240 1399 3313 revelabisturpitudinem
1422 3214 1566 3310 ejus.
1590 3240 2039 3312 Turpitudinem
2073 3214 2116 3280 C
2156 3236 2295 3288 ster.
2316 3214 2731 3308 Unusquisque
2755 3214 3270 3313 matrem(Valg.ad
3287 3245 3556 3315 suam)et
3572 3250 3796 3318 patrem

407 3331 607 3387 uxoris
634 3331 817 3401 patris
847 3329 932 3383 tui
964 3345 1075 3383 non
1110 3328 1518 3399 discooperies:
1553 3329 1857 3400 turpitudo
1888 3327 2044 3383 enim

397 3420 584 3493 patris
616 3418 701 3473 tui
732 3421 841 3473 est.
874 3416 1321 3488 Turpitudinem
1358 3419 1577 3472 sororis
1610 3426 1717 3471 tuae
1748 3433 1813 3472 ex
1856 3421 2042 3488 patre,

393 3508 516 3564 sive
545 3524 616 3562 ex
651 3510 857 3571 matre,
894 3522 1024 3577 quae
1058 3506 1219 3561 domi
1248 3505 1337 3560 vel
1368 3505 1507 3561 foris
1540 3506 1737 3576 genita
1767 3512 1878 3569 est,
1929 3523 2045 3561 non

396 3596 707 3652 revelabis.
742 3594 1195 3667 Turpitudinem
1228 3594 1358 3648 filiae
1392 3593 1495 3649 ﬁlii
1526 3595 1611 3649 tui
1644 3594 1728 3650 vel
1763 3594 1953 3666 neptis
1976 3611 2046 3649 ex

393 3685 515 3741 ﬁlia
544 3701 659 3740 non
695 3683 997 3739 revelabis:
1031 3682 1171 3753 quia
1224 3682 1528 3755 turpitudo
1582 3688 1681 3738 tua
1730 3688 1840 3738 est.
1898 3684 2044 3738 Tur-

399 3773 730 3847 pitudinem
766 3772 900 3827 ﬁliis
934 3773 1136 3828 uxoris
1168 3773 1353 3844 patris
1373 3772 1478 3838 tui,
1508 3771 1921 3844 quampeperit
1943 3789 2043 3843 pa-

396 3863 471 3918 tri
501 3870 619 3929 tuo,
654 3865 712 3917 et
741 3866 833 3917 est
857 3878 1020 3917 soror
1048 3865 1149 3916 tua
1181 3861 1264 3930 (h.
1301 3878 1484 3932 quam
1512 3861 1735 3932 peperit
1756 3861 1902 3930 patri
1922 3867 2042 3929 tuo,

401 3967 518 4007 non
549 3949 856 4014 revelabis,
889 3966 1054 4005 soror
1084 3954 1184 4005 tua
1215 3954 1325 4017 est)
1360 3966 1472 4003 non
1506 3948 1806 4004 revelabis.
1840 3940 2045 4020 Turpi-

388 4040 657 4096 tudinem
692 4038 913 4095 sororis
948 4038 1136 4111 patris
1168 4038 1250 4093 tui
1286 4054 1399 4093 non
1431 4038 1823 4109 discooperies
1857 4055 1869 4093 :
1904 4038 2045 4109 quia

392 4146 525 4185 caro
556 4128 639 4201 (h.
676 4128 1029 4200 propinqua)
1062 4132 1154 4183 est
1203 4128 1384 4199 patrie
1436 4126 1543 4181 tui.
1589 4126 2039 4198 Turpitudinem

391 4217 613 4275 sororis
646 4217 851 4271 matris
884 4220 998 4271 tuas
1031 4232 1147 4271 non
1181 4214 1482 4282 revelabis,
1515 4232 1582 4271 eo
1612 4217 1767 4286 quod
1792 4232 1925 4271 caro
1956 4216 2039 4287 (h.

395 4305 751 4379 propinqua)
782 4304 859 4360 sit
882 4305 1089 4360 matris
1111 4309 1245 4359 tuae.
1267 4304 1713 4375 Turpitudinem
1738 4303 1929 4376 patrui
1955 4303 2041 4359 tui

393 4393 591 4465 (Vulg.
650 4396 758 4449 tae.
828 4393 934 4453 tui)
979 4410 1093 4448 non
1152 4392 1455 4459 revelabis,
1504 4408 1609 4448 nec
1668 4394 1908 4449 accedes
1966 4394 2039 4449 ad

388 4498 628 4539 uxorem
689 4482 818 4552 ejus
846 4522 861 4546 ,
916 4498 1045 4553 quas
1076 4481 1182 4536 tibi
1216 4481 1498 4536 affinitate
1556 4481 1911 4554 conungitur
1939 4481 1997 4553 (b
2019 4522 2033 4537 .

2159 3338 2333 3377 suum
2350 3323 2572 3379 timeat.
2594 3326 2851 3381 Sabbata
2874 3344 3002 3383 mea
3023 3330 3333 3386 custodite.
3359 3332 3477 3403 Ego
3512 3335 3797 3391 Dominus

2156 3410 2311 3465 Deus
2342 3418 2551 3469 vester.
2585 3414 2775 3470 Nolite
2836 3419 3093 3472 converti
3141 3421 3211 3474 ad
3266 3420 3441 3490 idola,
3496 3438 3602 3478 nec
3656 3424 3799 3479 deos

2155 3501 2478 3557 conﬂatiles
2501 3503 2729 3560 faciatis
2758 3505 2943 3561 vobis.
2981 3506 3095 3578 Ego
3120 3508 3560 3567 DominusDeus
3587 3516 3798 3569 vester.

2154 3590 2213 3645 Si
2245 3590 2960 3664 immolaveritislhostiam
2978 3597 3352 3665 pacificorum
3370 3602 3707 3669 Domino,ut
3729 3601 3809 3657 sit

2156 3680 2484 3750 placabilis,
2516 3698 2582 3737 eo
2615 3684 2711 3737 die
2742 3699 2858 3753 quo
2910 3685 3087 3741 fuerit
3118 3687 3444 3756 immolata,
3484 3691 3805 3747 comedetis

2153 3785 2303 3838 eam,
2330 3774 2388 3824 et
2417 3771 2511 3825 die
2542 3771 2727 3828 altero
2759 3772 2841 3843 (b.
2866 3773 2914 3828 si
2948 3774 3395 3833 immolaveritis
3420 3778 3674 3835 hostiam
3700 3797 3807 3851 pa-

2152 3857 2478 3921 ciﬁcorum,
2513 3860 2847 3916 voluntarie
2880 3862 3201 3930 immolate,
3235 3869 3293 3920 et
3321 3882 3387 3922 eo
3419 3867 3513 3922 die
3542 3884 3656 3936 quo
3679 3869 3804 3924 lue-

2157 3944 2233 3999 rit
2263 3947 2568 4003 immolata
2596 3955 2864 4005 vescetur
2894 3955 2951 4006 et
2982 3952 3075 4008 die
3104 3952 3331 4025 altero):
3362 3955 3649 4027 quidquid
3691 3973 3803 4011 au-

2158 4038 2274 4089 tem
2306 4035 2606 4091 residuum
2629 4038 2873 4093 fueritin
2891 4040 3043 4095 diem
3070 4042 3796 4116 tertium,ignefcombure-

2163 4124 2319 4180 tis.Si
2350 4125 2482 4195 quis
2514 4130 2647 4196 post
2678 4126 2925 4183 biduum
2959 4132 3274 4186 comederit
3304 4149 3373 4187 ex
3405 4148 3494 4200 ea,
3519 4134 3804 4205 profanus

2166 4213 2297 4280 erit,
2320 4218 2374 4267 et
2394 4214 2714 4284 impietatis
2746 4232 2901 4270 reus.
2928 4217 3188 4274 Portabit
3210 4219 3579 4292 iniquitatem
3599 4238 3796 4286 suam,

2151 4302 2290 4371 quia
2310 4308 2587 4358 sanctum
2621 4303 2855 4358 Domini
2890 4304 3119 4376 polluit,
3150 4311 3207 4362 et
3227 4309 3439 4379 peribit
3457 4312 3653 4366 anima
3694 4310 3797 4366 illa

2154 4391 2225 4445 de
2257 4391 2472 4462 populo
2494 4393 2981 4465 suo.(C.XXXV.)
3013 4398 3156 4450 Cum
3207 4399 3527 4455 messuaris
3572 4405 3802 4471 segetes

2150 4483 2337 4544 terras,
2370 4496 2485 4535 non
2512 4481 2785 4537 tondebis
2826 4499 3013 4553 usque
3030 4485 3101 4539 ad
3133 4485 3345 4557 solum,
3421 4490 3799 4560 superficiem

393 4572 540 4628 Uxor
568 4571 761 4643 patrui
787 4571 876 4626 tul
904 4571 1029 4640 est.)
1061 4570 1510 4642 Turpitudinem
1544 4587 1731 4626 nurus
1762 4575 1875 4626 tuas
1927 4588 2037 4626 non
2076 4577 2124 4643 D
2156 4573 2342 4622 terrm:
2377 4584 2485 4624 nec
2515 4575 2887 4627 remanentes
2918 4573 3114 4642 spicas
3147 4574 3387 4647 colliges
3410 4576 3632 4639 (h.cum
3654 4594 3805 4635 mes-

386 4659 700 4724 revelabis,
733 4661 871 4731 quia
906 4676 1052 4715 uxor
1082 4659 1187 4714 filii
1220 4659 1304 4714 tui
1338 4665 1447 4725 est,
1501 4676 1607 4715 nec
1652 4660 2042 4730 disc00peries

385 4748 777 4820 ignominiam
813 4749 963 4819 ejus.
1003 4748 1457 4820 Turpitudinem
1492 4748 1691 4804 uxoris
1724 4749 1920 4804 fratris
1952 4750 2038 4804 tui

386 4853 501 4892 non
535 4835 843 4907 revelabis,
878 4836 1021 4907 quia
1048 4837 1347 4907 turpitudo
1378 4838 1575 4892 fratris
1606 4837 1691 4892 tui
1743 4842 1850 4894 est.
1894 4840 2043 4893 Tur-

386 4925 722 4998 pitudinem
758 4927 956 4981 uxoris
990 4932 1103 4980 tuae
1135 4931 1192 4981 et
1226 4925 1355 4980 filia
1388 4927 1516 4997 ejus
1548 4926 1629 4997 (h.
1675 4926 1943 4983 mulieris
1986 4932 2043 4983 et

395 5013 527 5069 filiae
558 5014 713 5084 ejus)
748 5031 862 5069 non
902 5014 1209 5070 revelabis.
1238 5013 1439 5069 Filiam
1475 5015 1575 5069 ﬁlii
1608 5017 1756 5087 ejus,
1789 5015 2040 5072 ettiliam

386 5102 698 5159 filiaillius
722 5118 840 5159 non
858 5108 1149 5172 sumes,ut
1173 5102 1389 5159 reveles
1407 5103 1827 5174 ingnominiam
1847 5124 1859 5161 :
1881 5106 2039 5176 rjus:

388 5190 531 5261 quia
563 5207 698 5248 caro
734 5191 811 5261 (h.
858 5193 1229 5264 propinquae)
1260 5190 1418 5247 illius
1449 5197 1607 5259 sunt,
1657 5201 1709 5249 et
1740 5193 1875 5249 talis
1923 5194 2041 5249 coi-

386 5284 485 5337 tus
517 5280 787 5337 incestus
819 5286 929 5337 est.
964 5281 1233 5338 Sororem
1264 5282 1459 5338 uxoris
1490 5281 1681 5338 tuaein
1706 5282 2041 5353 pellicatum

470 5459 485 5491 ¹
521 5456 897 5534 Canoncum
930 5459 1155 5530 aliquot
1178 5477 1348 5531 mss.,
1380 5461 1498 5517 Non
1536 5460 1827 5532 pejerabis,
1886 5464 2042 5534 quod

396 5524 558 5581 idem
596 5534 705 5585 est.
739 5532 921 5586 MART.

464 5627 532 5638 --
569 5599 817 5677 Urbinas
850 5619 961 5657 ms.
998 5617 1096 5677 nec
1126 5604 1381 5677 decipiet.
1415 5607 1543 5658 Mox
1572 5604 1883 5677 ﬁdejussor
1938 5623 2042 5677 pro

390 5665 852 5741 Hieronymiana
883 5665 1266 5730 translatione
1304 5681 1394 5730 est
1443 5665 1762 5747 Hesychius
1786 5678 1846 5732 in
1886 5665 2043 5735 bnuc

2156 4656 2344 4713 sueris
2374 4662 2599 4728 segetes
2633 4664 2798 4713 terrea
2831 4665 2964 4729 tuas,
2998 4678 3110 4717 non
3145 4669 3329 4719 metes
3356 4669 3541 4720 totum
3565 4682 3801 4738 agrum,

2152 4747 2251 4801 sed
2284 4752 2506 4816 partem
2541 4746 2890 4819 relinques).
2918 4750 3113 4821 Neque
3143 4751 3200 4806 in
3232 4754 3402 4809 vinea
3420 4759 3519 4809 tua
3537 4772 3802 4813 razemos

2150 4838 2207 4888 et
2226 4850 2407 4905 grana
2439 4834 2768 4890 decidentis
2800 4839 3203 4909 congregabis,
3233 4842 3334 4895 sed
3366 4843 3727 4915 pauperibus
3748 4850 3808 4901 et

2151 4923 2476 4994 peregrinis
2508 4925 2797 4995 carpenda
2828 4926 3114 4983 dimittes.
3149 4929 3262 4997 Ego
3292 4932 3597 5000 {Dominus
3646 4934 3803 4991 Deus

2150 5017 2357 5067 vester.
2393 5014 2473 5081 (C.
2523 5013 2697 5075 XXX.
2739 5018 2861 5069 Non
2904 5014 3132 5072 facietis
3172 5020 3421 5075 furtum.
3457 5021 3580 5077 Non
3632 5039 3803 5079 men-

2150 5100 2397 5166 tiemini,
2419 5117 2522 5156 nec
2545 5102 3237 5177 decipiat‘unusquisque
3251 5109 3579 5179 proximum
3601 5127 3804 5169 suum.

2152 5189 2274 5244 Non
2309 5190 2636 5260 perjurabis
2662 5190 2718 5244 in
2753 5192 2993 5248 nomine
3026 5210 3177 5263 meo,
3212 5212 3316 5252 nec
3342 5197 3567 5269 pollues
3601 5199 3813 5266 (b.vio-

2152 5276 2325 5346 labis)
2360 5295 2575 5334 nomen
2613 5279 2710 5335 Dei
2744 5281 2858 5336 tui.
2890 5286 3006 5353 Ego
3041 5284 3342 5341 Dominus.
3377 5288 3458 5358 (C.
3491 5288 3807 5362 XXXVII.)

2154 5464 2383 5549 Levitici
2408 5464 2642 5549 locum;
2675 5468 2790 5549 Non
2820 5470 3200 5549 profanabilis
3227 5488 3421 5549 nomen
3450 5474 3805 5549 Dominipei

2152 5538 2341 5613 ηραν-ἱ,
2382 5537 2833 5613 -ᾳαοάὶὶηρυὶιί
2866 5537 3189 5613 Hieronymi
3243 5546 3542 5601 translatio
3600 5546 3793 5603 edidit.

2151 5610 2269 5665 Non
2300 5610 2512 5679 pollues
2549 5611 2649 5665 Dei
2677 5613 2779 5665 tui.
