4068 6172
283 317 360 372 361

1653 312 1864 366 LIBER
1906 313 2071 368 LE'VI
2079 314 2220 368 TICI
2229 355 2240 366 .

3543 323 3650 378 362

281 443 374 497 Νη,
415 440 570 496 facies
595 439 952 495 calumniam
985 438 1247 510 proximo
1277 444 1396 505 tuo,
1430 437 1544 490 Nec
1569 435 1746 517 vi_(b.
1776 452 1879 491 nec
1910 436 1961 503 Α
1995 439 2354 509 exprobretis
2385 441 2434 494 ei
2468 441 2548 509 (h.
2583 458 2655 496 ne
2686 441 3159 500 circumveniatis
3191 447 3348 517 eum)
3376 467 3389 514 ;
3423 449 3524 503 sed
3572 448 3651 504 sit

279 531 461 601 fraude)
487 528 780 601 opprimes
811 545 964 582 eum.
1000 526 1435 597 (C.XXXVIII.)
1463 524 1586 580 Non
1621 515 1872 580 morabi-

280 623 353 676 tur
375 635 500 691 opus
534 617 875 673 mercenarii
911 618 1086 687 (Vulg.
1121 615 1247 671 add.
1283 614 1389 686 tui)
1423 615 1576 686 apud
1601 618 1655 668 te
1689 629 1872 683 usque

278 726 431 764 mane.
463 707 538 778 (C.
567 707 849 776 XXXIX.)
880 705 1005 761 Non
1044 704 1358 761 maledicas
1390 704 1590 768 surdo,
1622 707 1703 768 ((3.
1729 703 1876 774 XL.)

280 815 360 853 nec
379 813 553 852 coram
586 812 736 852 caeco
768 813 950 867 pones
969 792 1430 849 oﬁ‘endiculum:
1468 792 1549 862 (C.
1571 791 1740 860 XLI.)
1775 791 1873 846 sed

274 886 468 941 timebis
501 887 676 939 Deum
708 889 899 952 tuum,
932 884 1066 954 quia
1097 883 1174 943 (h.
1219 898 1333 936 non
1367 881 1562 948 habet)
1619 897 1724 951 ego
1755 896 1877 934 sum

277 975 338 1043 (h.
369 991 467 1028 non
497 973 694 1043 habet)
719 972 1021 1028 Dominus.
1040 972 1117 1041 (C.
1141 970 1344 1040 XLII.)
1367 969 1490 1025 Non
1519 969 1695 1024 facies
1719 969 1874 1039 quod

272 1064 497 1134 iniquum
523 1068 631 1128 est,
651 1060 1306 1133 necinjustejudicabis
1338 1059 1416 1122 (h.
1435 1058 1875 1128 quodiniquum

271 1159 342 1208 est
367 1152 687 1222 injudicio).
723 1152 801 1221 (C.
831 1151 1050 1219 XLIII.)
1083 1153 1195 1204 Nec
1210 1147 1541 1204 consideres
1561 1163 1871 1219 personam

270 1241 522 1313 pauperis,
548 1257 653 1296 nec
680 1241 930 1296 honores
944 1238 1170 1294 vultum
1190 1237 1644 1310 potentis.Juste
1669 1235 1873 1306 judica

270 1332 492 1402 proximo
523 1336 642 1385 tuo.
681 1330 761 1400 (C.
796 1328 1012 1398 XLIV.)
1045 1328 1167 1383 Non
1200 1327 1315 1382 eris
1354 1325 1717 1393 criminator,
1766 1342 1870 1380 nec

264 1435 471 1474 susurro
499 1418 559 1472 in
620 1416 876 1489 populis.
908 1416 992 1487 (C.
1028 1415 1212 1471 XLV.)
1264 1415 1388 1469 Non
1434 1414 1641 1482 stabis:
1671 1418 1874 1469 contra

264 1506 571 1578 sanguinem
607 1506 855 1577 proximi
879 1505 988 1560 tui.
1026 1506 1140 1576 Ego
1177 1502 1480 1558 Dominus.
1529 1502 1612 1571 (C.
1660 1501 1872 1572 XLVI.)

263 1596 327 1652 Ne
353 1595 526 1650 oderis
552 1597 794 1649 fratrem
825 1598 994 1649 tuum
1023 1594 1080 1648 in
1113 1593 1284 1648 corde
1315 1596 1437 1657 tuo,
1481 1591 1580 1646 sed
1641 1589 1874 1660 publice

259 1699 408 1755 argue
434 1699 590 1748 eum,
624 1699 694 1738 ne
725 1683 942 1737 habeas
980 1698 1158 1752 super
1214 1680 1314 1734 illo
1367 1682 1692 1751 peccatum.
1745 1677 1870 1732 Non

1984 526 2136 580 inter
2164 543 2262 581 vos
2281 528 2450 595 quasi
2473 529 2748 602 indigena
2767 547 2779 584 :
2801 537 2858 586 et
2881 531 3136 603 diligetis
3151 550 3282 588 eum
3304 536 3474 607 quasi
3515 553 3649 593 vos-

1985 615 2306 686 metipsos:
2343 616 2538 673 fuistis
2587 620 2742 673 enim
2801 626 2857 675 et
2909 637 3008 676 vos
3061 623 3295 678 advena:
3376 626 3434 679 in
3492 634 3647 682 terra

1985 705 2228 774 Egypti.
2263 705 2378 776 Ego
2413 708 2698 762 Deminus
2731 714 2884 764 Deus
2907 715 3118 765 vester.
3151 715 3232 774 (C.
3267 712 3432 785 LVI).
3480 715 3644 770 Noli-

1985 795 2041 848 te
2074 793 2260 848 facere
2302 795 2574 865 iniquum
2609 797 2831 868 aliquid
2864 799 2923 853 in
2952 800 3196 871 judicio,
3230 800 3289 856 in
3325 803 3548 874 regula;
3577 805 3638 859 in

1987 882 2262 952 pondere,
2298 883 2358 938 in
2412 900 2710 940 mensura.
2744 888 2963 942 Statera
2987 889 3173 958 justa,
3206 895 3264 945 et
3311 908 3477 963 aequa
3529 895 3644 948 sint

1987 970 2070 1038 (h.
2111 987 2223 1026 non
2258 972 2454 1042 habet)
2486 975 2764 1044 pondera,
2789 975 2993 1044 justus
3028 978 3283 1041 modius,
3317 996 3641 1052 azquusque

1989 1059 2280 1114 sextarius
2306 1059 2388 1131 (h.
2425 1067 2565 1117 sunt
2586 1063 2794 1131 vobis).
2813 1067 2928 1135 Ego
2953 1063 3236 1121 Dominus
3259 1067 3408 1122 Deus
3427 1073 3642 1138 vester,

1989 1148 2086 1217 qui
2123 1148 2294 1203 eduxi
2327 1166 2430 1204 vos
2459 1151 2532 1204 de
2591 1155 2744 1205 terra
2797 1153 3046 1224 Egypti.
3103 1155 3402 1211 Custodile
3441 1157 3640 1212 omnia

1988 1241 2277 1308 praecepta
2309 1254 2460 1308 mea,
2492 1243 2548 1294 et
2567 1239 3098 1311 universajudicia,
3129 1247 3187 1298 et
3211 1243 3379 1300 facite
3406 1261 3492 1300 ea.
3519 1247 3636 1318 Ego

1989 1326 2295 1381 Dominus.

2058 1415 2143 1474 (T.
2204 1414 2317 1483 XII,
2376 1417 2436 1470 Ο.
2496 1417 2664 1485 LVII,
2714 1418 2843 1488 Cap.
2903 1419 3052 1490 XX.)
3113 1421 3479 1492 Locutusque
3548 1425 3640 1476 est

1985 1502 2269 1558 Dominus
2317 1505 2384 1557 ad
2449 1505 2669 1574 Mosen,
2731 1507 3127 1563 dicenszHasc
3177 1508 3437 1578 loqueris
3495 1509 3634 1565 filiis

1986 1591 2162 1646 Israel
2189 1608 2200 1645 :
2235 1597 2422 1648 Homo
2441 1593 2512 1649 de
2532 1593 2669 1648 ﬁliis
2692 1595 2892 1661 Israel,
2916 1601 2973 1651 et
2993 1597 3062 1652 de
3084 1598 3323 1653 advenis
3348 1599 3446 1671 qui
3473 1597 3639 1654 babi-

1984 1685 2109 1735 tant
2140 1681 2196 1735 in
2234 1681 2432 1750 Israel,
2466 1683 2514 1736 si
2549 1683 2682 1752 quis
2714 1684 2940 1739 dederit
2961 1686 3031 1740 de
3055 1686 3280 1742 semine
3319 1703 3426 1742 suo
3476 1687 3634 1742 idolo

256 1790 443 1844 quaeres
470 1771 781 1841 ultionem,
814 1786 921 1826 nec
956 1787 1160 1826 nemor
1218 1769 1333 1824 eris
1365 1769 1596 1838 injurias
1654 1767 1868 1821 civium
1906 1809 1954 1875 Β
1987 1767 2236 1831 Moloch,
2270 1775 2455 1824 morte
2479 1771 2803 1826 moriatur:
2838 1773 3090 1843 populus
3119 1779 3284 1829 terrae
3344 1775 3634 1846 lapidabit

256 1868 478 1917 tuorum.
507 1861 860 1933 (C.XLVII.)
887 1860 1103 1932 Diliges
1127 1859 1380 1914 amicum
1408 1857 1488 1929 (h.
1514 1857 1871 1929 proximum)

251 1957 388 2005 tuum
419 1951 568 2005 sicut
593 1956 650 2005 te
674 1951 898 2020 ipsum.
919 1949 1036 2020 Ego
1057 1947 1366 2002 Dominus.
1394 1947 1575 2017 Leges
1599 1960 1759 2000 meas
1783 1944 1867 2015 (h.

254 2038 485 2111 legitima
514 2040 692 2109 mea).
716 2037 1023 2093 custodite.
1056 2038 1138 2108 (C.
1162 2035 1440 2103 XLVIII.)
1468 2034 1748 2090 Iumenta
1769 2038 1871 2088 tua

256 2145 346 2182 non
373 2128 538 2183 facies
571 2127 872 2182 coirecum
897 2125 1138 2180 alterius
1167 2123 1397 2195 generis
1439 2121 1865 2178 animantibus.

254 2223 434 2287 Agrum
467 2222 638 2272 tuum
679 2233 791 2271 non
828 2230 986 2270 seres
1019 2214 1244 2268 diverso
1269 2213 1513 2268 semine.
1548 2215 1719 2267 Veste
1742 2228 1868 2282 quae

255 2322 310 2360 ex
343 2308 562 2362 duobus
597 2310 755 2360 texta
786 2309 896 2374 est,
928 2320 1043 2358 non
1107 2302 1370 2357 indueris
1399 2302 1480 2372 (C.
1529 2301 1732 2364 XLIX,
1781 2301 1868 2370 L.)

251 2396 400 2450 Homo
417 2396 461 2449 si
485 2393 797 2450 dormierit
825 2409 961 2449 eum
988 2391 1230 2447 muliere
1253 2392 1405 2446 coitu
1436 2389 1700 2459 seminis,
1743 2407 1866 2460 quas

250 2483 312 2537 sit
338 2482 535 2538 ancilla
570 2483 750 2539 etiam
784 2481 1006 2537 nubilis
1037 2481 1118 2548 (h.
1153 2497 1279 2551 quas
1305 2479 1382 2536 sit
1412 2478 1625 2534 ancilla
1661 2482 1716 2533 et
1741 2477 1868 2533 alli-

247 2576 357 2642 gata
383 2572 558 2642 viro),
596 2576 652 2626 et
682 2576 877 2626 tamen
910 2570 1096 2640 pretio
1119 2586 1234 2624 non
1277 2569 1604 2638 redempta,
1636 2583 1742 2621 nec
1798 2567 1868 2621 1i-

253 2660 446 2714 bertate
469 2661 692 2716 donata
727 2677 739 2714 :
774 2657 1138 2730 vapulabunt
1177 2657 1368 2719 ambo,
1395 2661 1452 2711 et
1478 2672 1591 2710 non
1624 2655 1871 2710 morien-

250 2752 344 2813 tur,
376 2749 512 2820 quia
542 2766 665 2804 non
698 2748 810 2803 fuit
840 2747 1043 2802 libera.
1105 2747 1211 2801 Pro
1264 2745 1476 2800 delicto
1517 2749 1713 2799 autem
1763 2760 1870 2800 suo

248 2838 416 2893 oﬁ'eret
451 2839 704 2894 Domino
735 2837 806 2892 ad
858 2836 1080 2892 ostium
1131 2833 1490 2890 tabernaculi
1549 2832 1869 2888 testimonii

243 2927 461 2982 arietem
497 2945 510 2981 :
546 2926 859 2998 orabitque
891 2941 994 2996 pro
1022 2939 1088 2978 eo
1120 2924 1410 2988 sacerdos,
1441 2925 1498 2977 et
1528 2939 1631 2994 pro
1662 2922 1873 2978 delicto

245 3017 356 3085 ejus
384 3033 577 3073 coram
617 3015 884 3082 Domino,
919 3017 976 3069 et
1007 3011 1486 3085 repropitiabitur
1516 3011 1587 3081 ei,
1611 3011 1872 3065 dimitte-

245 3109 432 3176 turque
465 3109 797 3178 peccatum.
833 3103 1073 3170 Quando
1106 3100 1358 3173 ingressi
1393 3099 1872 3166 fueritisterram,

1985 1874 2140 1913 eum.
2179 1862 2245 1914 Et
2276 1873 2381 1929 ego
2415 1876 2625 1931 ponam
2661 1860 2862 1916 faciem
2916 1878 3105 1917 meam
3155 1868 3359 1919 contra
3417 1863 3627 1919 illum:

1979 1946 2400 2017 succidamque
2433 1964 2565 2002 eum
2599 1949 2669 2003 de
2701 1950 2894 2006 medio
2926 1951 3124 2022 populi
3177 1952 3288 2019 sui,
3348 1969 3414 2008 eo
3470 1953 3626 2024 quod

1979 2035 2202 2090 dederit
2215 2035 2284 2090 de
2301 2036 2526 2092 semine
2541 2053 2648 2092 suo
2662 2036 2973 2104 Moloch,et
2985 2039 3468 2096 contaminaverit
3489 2057 3626 2096 san-

1979 2124 2226 2178 ctarium
2263 2141 2481 2192 meum,
2514 2141 2580 2180 ac
2614 2124 2885 2196 polluerit
2913 2127 2997 2194 (h.
3043 2127 3360 2199 violaverit)
3409 2145 3624 2184 nomen

1977 2217 2250 2268 sanctum
2278 2229 2494 2268 meum.
2520 2214 2682 2276 Quod
2706 2213 3074 2286 sinegligens
3092 2215 3345 2288 populus
3360 2222 3547 2284 terrae,
3569 2221 3627 2272 et

1977 2301 2145 2372 quasi
2199 2302 2624 2373 parvipendens
2684 2303 2996 2374 imperium
3051 2322 3272 2374 meum,
3331 2306 3624 2362 dimiserit

1977 2390 2274 2446 hominem
2300 2392 2397 2462 qui
2431 2393 2592 2447 dedit
2621 2393 2692 2448 de
2721 2394 2946 2449 semine
2977 2411 3083 2449 suo
3114 2395 3362 2462 Moloch,
3386 2411 3492 2452 nec
3527 2413 3626 2451 vo-

1974 2478 2152 2534 luerit
2181 2496 2310 2534 eum
2345 2480 2648 2536 occidere:
2681 2497 2893 2553 ponam
2929 2483 3136 2538 faciem
3198 2500 3389 2540 meam
3449 2501 3628 2556 super

1979 2568 2285 2623 hominem
2304 2569 2495 2636 illum,
2515 2575 2570 2624 et
2589 2571 2993 2641 cognalionem
3007 2573 3168 2642 ejus;
3205 2573 3628 2645 succidamque

1980 2661 2036 2712 et
2065 2657 2284 2728 ipsum,
2317 2662 2373 2712 et
2404 2674 2610 2714 omnes
2639 2659 2738 2729 qui
2771 2666 3197 2715 consenserunt
3241 2661 3290 2716 ei
3327 2666 3390 2716 ut
3448 2662 3633 2716 forni-

1981 2754 2212 2801 caretur
2241 2763 2376 2801 cum
2407 2747 2655 2816 Moloch,
2689 2749 2760 2803 de
2783 2749 2972 2803 medio
3007 2750 3332 2820 populisui.
3357 2751 3628 2821 (B.XI,C.

1985 2835 2200 2906 LVIII.)
2227 2835 2463 2904 Anima,
2494 2852 2618 2906 quae
2651 2835 3026 2892 declinaverit
3055 2838 3124 2892 ad
3161 2854 3358 2910 magos
3405 2838 3489 2910 (h.
3523 2839 3630 2910 Py-

1981 2923 2215 2994 thones)
2247 2933 2301 2979 et
2329 2923 2566 2991 ariolos,
2591 2929 2648 2980 et
2677 2925 2964 2981 fornicata
2994 2926 3170 2982 fuerit
3216 2944 3350 2983 cum
3381 2928 3484 2994 eis,
3519 2943 3624 2998 po-

1984 3029 2121 3068 nam
2155 3013 2363 3068 taciem
2401 3028 2590 3068 meam
2621 3018 2988 3082 contraeam,
3009 3019 3067 3070 et
3092 3015 3439 3070 interﬁciam
3464 3014 3627 3070 illam

1988 3102 2059 3157 de
2090 3101 2627 3173 mediopopuli;sui.
2653 3103 3118 3159 Sanctiﬁcamini
3141 3109 3196 3159 et
3214 3109 3400 3160 estote
3423 3104 3632 3160 sancti.

243 3200 291 3248 et
318 3169 719 3265 plantaveritis
750 3193 809 3247 in
842 3169 1082 3262 saligna
1100 3169 1405 3261 pomifera.
1439 3190 1714 3244 auferetis
1728 3205 1874 3260 prae-
1906 3169 1950 3235 C
1991 3191 2129 3260 quia
2157 3194 2208 3245 et
2237 3169 2317 3262 (h:
2342 3169 2457 3246 non
2491 3169 2687 3260 habet)
2711 3207 2816 3263 ego
2845 3193 3110 3262 (sanctus
3137 3197 3294 3262 sum)
3341 3193 3633 3250 Dominus

244 3283 384 3354 putia
413 3299 626 3340 eorum
651 3299 664 3336 :
691 3298 865 3354 poma
879 3297 1004 3352 quas
1019 3279 1370 3351 germinant,
1386 3278 1879 3333 immundaerunt

240 3373 384 3427 vobis
416 3374 494 3444 (h.
526 3373 728 3427 tribus
755 3370 972 3440 annis),
995 3385 1099 3424 nec
1121 3369 1308 3424 adetis
1332 3384 1402 3422 ex
1424 3368 1527 3422 eis.
1544 3369 1762 3432 Quarto
1787 3381 1880 3421 au-

241 3465 336 3517 tem
367 3479 519 3518 anno
533 3463 733 3518 omnis
749 3459 953 3515 fructis
976 3475 1174 3514 eorum
1197 3457 1879 3513 sanctificabiturlauda-

245 3551 363 3607 bilis
387 3551 657 3607 Domino.
674 3549 889 3614 Quinto
907 3553 1100 3603 autem
1118 3565 1271 3603 anno
1293 3546 1608 3602 comedetis
1631 3547 1877 3615 fructus,

240 3647 650 3714 congregantes
704 3655 878 3712 poma
908 3654 1038 3708 quas
1069 3637 1392 3708 proferunt.
1441 3637 1560 3706 Ego
1593 3635 1878 3690 Dominus

241 3729 373 3786 Deus
403 3735 621 3787 vester.
651 3733 777 3784 Non
811 3726 1134 3783 comedetis
1153 3742 1288 3782 cum
1323 3726 1610 3797 sanguine
1637 3725 1718 3795 (h.
1778 3742 1878 3779 su-

237 3835 324 3889 per
349 3820 760 3892 sanguinem).
811 3816 1031 3886 ((:.Ll.)
1072 3816 1198 3872 Non
1258 3814 1714 3887 augurabimini,
1777 3830 1881 3868 nec

239 3907 616 3962 observabitis
649 3905 904 3960 somnia.
939 3903 1136 3974 Neque
1169 3903 1228 3957 in
1262 3903 1579 3957 rotundum
1612 3902 1878 3956 attonde-

245 3994 368 4050 bitis
397 4012 638 4051 comam
682 4011 695 4049 :
733 4011 838 4048 nec
872 3993 1088 4047 radetis
1119 3993 1384 4048 barbam.
1417 3992 1485 4045 Et
1514 4007 1692 4062 super
1726 4007 1878 4045 mor-

243 4089 328 4139 tuo
360 4103 470 4139 non
503 4081 792 4139 incidetis
843 4098 1075 4136 carnem
1107 4088 1380 4144 vestram,
1441 4095 1631 4150 neque
1662 4079 1880 4150 figuras

244 4170 459 4243 aliquas
490 4181 553 4228 et
585 4173 870 4243 stigmata
917 4170 1142 4226 iacietis
1174 4169 1354 4225 vobis.
1407 4170 1524 4239 Ego
1569 4169 1879 4223 Dominus.

237 4261 310 4327 (C.
343 4263 484 4330 LII.)
517 4262 607 4317 Ne
633 4261 957 4332 prostitues
989 4258 1166 4313 tiliam
1194 4263 1380 4323 tuam,
1405 4275 1474 4312 ne
1519 4257 1884 4315 contamine—

240 4355 322 4404 tur
341 4356 518 4420 terra,
556 4354 620 4406 et
650 4348 968 4420 impleatur
992 4347 1239 4418 piaculo.
1271 4348 1542 4413 {Sabbata
1599 4363 1730 4401 mea
1787 4362 1885 4402 cu-

234 4439 433 4496 stodite
466 4447 529 4496 et
562 4437 973 4495 sanctuarium
1007 4452 1200 4492 meum
1235 4436 1495 4492 metuite.
1521 4437 1639 4508 Ego
1679 4436 1884 4491 Domi-

1988 3280 2140 3334 Deus
2174 3283 2363 3335 vester
2393 3283 2432 3334 ί.
2463 3279 2763 3335 Custodite
2784 3287 3075 3354 praecepta
3096 3298 3246 3350 mea,
3269 3282 3509 3338 etfacite
3529 3297 3634 3336 ea:

1987 3369 2105 3439 Ego
2136 3369 2420 3424 Dominus
2440 3369 2856 3439 quisanctifico
2880 3387 3001 3426 vos.
3034 3374 3116 3438 (C.
3137 3370 3298 3442 LIX.)
3323 3371 3430 3434 Qui
3457 3371 3645 3427 male-

1988 3457 2199 3512 dixerit
2226 3458 2374 3528 patri
2403 3474 2532 3524 suo,
2565 3461 2621 3513 et
2654 3458 2846 3528 matri,
2879 3463 3068 3515 morte
3119 3459 3432 3515 moriatur:
3491 3459 3643 3532 patri

1989 3547 2279 3616 matrique
2311 3545 2630 3612 maledixit,
2687 3548 2931 3619 sanguis
2963 3549 3092 3618 ejus
3139 3549 3217 3603 sit
3259 3566 3439 3620 super
3483 3565 3642 3605 eum.

1987 3635 2069 3707 (C.
2102 3635 2244 3706 LX.)
2273 3637 2330 3690 Si
2365 3636 2688 3690 moechatus
2721 3636 2856 3706 quis
2891 3637 3063 3691 fuerit
3093 3653 3229 3692 cum
3282 3654 3461 3695 uxore
3503 3637 3642 3693 alte-

1990 3723 2136 3792 rius,
2189 3727 2246 3778 et
2314 3723 2672 3778 adulterium
2730 3725 3148 3795 perpetraverit
3199 3742 3330 3781 cum
3391 3726 3638 3796 conjuge

1990 3812 2232 3882 proximi
2265 3812 2377 3879 sui,
2404 3820 2591 3867 morte
2623 3813 2952 3868 moriantur
2981 3813 3246 3870 moechus
3267 3819 3325 3870 et
3355 3814 3643 3870 adultera.

1991 3901 2066 3971 [0.
2103 3900 2264 3968 LXI-)
2294 3899 2402 3964 Qui
2429 3901 2734 3956 dormierit
2763 3917 2898 3957 cum
2933 3919 3199 3969 noverca,
3233 3920 3362 3971 sua,
3387 3908 3444 3958 et
3485 3919 3646 3959 reve-

1990 3989 2197 4045 laverit
2227 3989 2611 4059 ignominiam
2665 3991 2847 4060 patris
2897 3991 3012 4060 sui,
3072 3995 3258 4047 morte
3309 3991 3640 4047 moriantur

1991 4081 2205 4134 ambo:
2255 4079 2500 4148 sanguis
2554 4095 2758 4134 eorum
2811 4080 2890 4135 sit
2939 4096 3115 4151 super
3161 4096 3282 4136 eos.
3327 4080 3411 4151 (C.
3447 4080 3640 4150 LXII.)

1991 4169 2049 4223 Si
2083 4167 2215 4239 quis
2229 4167 2541 4223 dormieret
2563 4183 2694 4222 cum
2711 4185 2862 4222 nuru
2885 4185 3010 4233 sua,
3036 4174 3282 4239 uterque
3337 4169 3641 4234 moriatur,

1990 4257 2129 4328 quia
2150 4254 2342 4311 scelus
2371 4255 2592 4326 operati
2625 4262 2799 4311 sunt:
2833 4258 3076 4330 sanguis
3112 4274 3315 4313 eorum
3349 4258 3428 4313 sit
3469 4275 3646 4330 super

1991 4361 2108 4400 eos.
2135 4345 2217 4414 (C.
2251 4344 2480 4415 LXIII.)
2511 4343 2618 4408 Qui
2649 4345 2952 4400 dormierit
2979 4362 3112 4401 cum
3167 4345 3452 4415 masculo,
3483 4347 3641 4404 coitu

1991 4434 2263 4497 femineo,
2312 4438 2559 4500 uterque
2609 4438 2883 4504 operatus
2915 4439 3004 4490 est
3038 4435 3222 4502 nefas,
3283 4439 3466 4490 morte
3519 4451 3642 4490 mo-

239 4543 357 4584 nus.
391 4530 478 4600 (C.
520 4528 690 4593 LIII.)
718 4527 800 4582 Ne
834 4525 1140 4581 declinetis
1173 4527 1244 4580 ad
1277 4541 1480 4597 magos
1537 4525 1620 4596 (h.
1683 4524 1877 4578 Pitho-
1919 4542 1962 4604 ι)
1993 4523 2224 4578 riantur
2249 4539 2260 4575 :
2287 4522 2364 4576 sit
2391 4521 2632 4591 sanguis
2662 4539 2862 4578 eorum
2895 4539 3073 4595 super
3105 4541 3224 4579 eos.
3289 4524 3370 4594 (C.
3437 4522 3641 4594 LXIV.)

238 4620 371 4684 nes),
404 4635 513 4673 nec
548 4617 630 4673 ab
663 4614 1100 4686 ariolisialiquid
1124 4613 1527 4681 sciscitemini,
1577 4617 1639 4667 ut
1661 4612 1886 4682 pollua-

242 4706 373 4760 mini
409 4724 516 4778 per
548 4722 677 4761 eos.
713 4706 829 4776 Ego
860 4703 1145 4759 Dominus
1181 4705 1330 4759 Deus
1361 4707 1568 4758 vester.
1603 4701 1685 4771 (C.
1722 4702 1888 4766 LIV).

241 4793 430 4852 Coram
468 4810 631 4851 cano
661 4794 851 4864 capite
882 4809 1187 4864 consurge,
1220 4797 1277 4847 et
1306 4793 1530 4847 honora
1579 4806 1890 4863 personam

241 4885 385 4938 senis
416 4902 430 4939 :
459 4890 522 4940 et
555 4883 707 4938 time
739 4881 1049 4936 Dominum
1081 4881 1265 4936 Deum
1298 4886 1463 4935 tuum
1492 4880 1609 4952 Ego
1632 4895 1763 4934 sum
1785 4885 1892 4934 Do-

238 4971 446 5029 minus.
481 4973 571 5034 (C.
618 4971 723 5026 LV.
756 4970 813 5024 Si
845 4969 1198 5025 habitaverit
1228 4970 1449 5025 advena
1479 4969 1537 5023 in
1597 4975 1751 5024 terra
1799 4983 1892 5022 ve-

240 5066 374 5130 stra,
405 5067 457 5119 et
487 5065 750 5117 moratus
780 5058 953 5130 fuerit
981 5061 1124 5114 inter
1151 5074 1258 5113 vos.
1295 5058 1371 5128 (h.
1407 5074 1521 5113 non
1572 5057 1790 5128 habet),
1824 5072 1896 5112 ne

311 5278 324 5308 ¹
358 5273 764 5348 Septuaginta
785 5288 944 5348 quos
1001 5274 1334 5348 sequuntur
1389 5269 1809 5348 samaritanus,
1843 5272 1900 5348 et

247 5340 460 5413 Arabs,
523 5340 738 5416 legunt
785 5340 898 5400 h'oc
947 5344 1168 5399 modo:
1223 5347 1296 5397 Et
1351 5341 1742 5416 eritis_sancti,
1768 5340 1899 5412 quia

246 5412 464 5474 sanctus
495 5412 618 5487 ego
672 5418 936 5471 Dominus
996 5416 1137 5469 Deus
1191 5421 1386 5480 vester,
1447 5412 1556 5487 vel,
1618 5414 1753 5487 quin
1798 5428 1900 5480 ego

245 5489 503 5547 Dominus
528 5484 680 5544 Deus
705 5496 880 5542 vester
913 5496 1133 5541 sanctus
1163 5501 1304 5539 sum.
1332 5487 1392 5538 In
1421 5486 1661 5539 Hebraeo
1684 5484 1902 5538 absunt

246 5565 409 5635 verba
439 5559 880 5635 quwscholion
916 5557 1501 5635 monet_abesse,__et
1533 5555 1592 5635 in
1654 5554 1903 5626 Vulgata

247 5627 711 5705 Catina-optime
743 5629 1020 5702 legimus,
1053 5631 1228 5684 Estote
1255 5628 1455 5696 sancti,
1487 5627 1616 5698 quia
1643 5642 1739 5695 ego
1782 5642 1903 5680 sum

565 5749 834 5809 Pareat.
879 5746 1146 5807 XXVIII.

2001 4612 2106 4676 Qui
2140 4627 2314 4681 supra
2344 4627 2580 4665 uxorem
2639 4610 2843 4678 ﬁliam,
2905 4613 3137 4668 duxerit
3191 4619 3440 4668 matrem
3499 4615 3649 4683 ejus,

2002 4700 2194 4756 scelus
2225 4704 2498 4770 operatus
2529 4703 2660 4755 est:
2685 4700 2848 4756 vivus
2884 4703 3113 4757 ardebit
3141 4718 3274 4756 cum
3305 4703 3390 4757 eis
3419 4702 3501 4760 (h.
3525 4702 3646 4775 igni

2004 4790 2426 4846 comburentur
2457 4794 2573 4842 tam
2603 4789 2727 4859 ipse
2759 4806 2937 4860 quam
2969 4790 3114 4858 illa),
3149 4808 3254 4846 nec
3278 4792 3647 4863 permanebit

2003 4883 2230 4935 tantum
2263 4879 2426 4932 nefas
2458 4877 2516 4932 in
2549 4879 2738 4934 medio
2771 4879 2970 4934 vestri.
3007 4880 3089 4950 (C.
3127 4880 3323 4952 LXV.)
3364 4881 3470 4944 Qui
3512 4897 3647 4936 cum

1998 4969 2270 5040 jumento
2300 4973 2358 5021 et
2376 4963 2583 5037 pecore
2613 4967 2839 5036 coierit,
2867 4973 3053 5024 morte
3084 4970 3410 5025 moriatur:
3472 4986 3649 5041 pecus

2006 5072 2238 5129 quoque
2260 5055 2524 5112 occidite.
2546 5057 2631 5126 (C.
2658 5057 2880 5125 LXVI.)
2907 5057 3116 5113 Mulier
3131 5075 3258 5129 quas
3278 5059 3657 5115 succubuerit

2011 5271 2284 5325 Dominus
2307 5269 2450 5342 Deus
2481 5279 2674 5342 vester.
2707 5269 2920 5325 Verum
2955 5287 3025 5326 ne
3056 5271 3114 5325 in
3147 5271 3345 5342 aliquo
3402 5271 3657 5326 offenda-

2011 5357 2164 5405 mus,
2199 5346 2256 5396 et
2286 5340 2596 5395 meliorum
2626 5341 2866 5396 obtentu
2899 5343 3043 5398 ﬁdes
3070 5340 3272 5397 nostra
3294 5342 3542 5411 vacillet,
3567 5359 3661 5398 res

2012 5418 2451 5485 prout__exstant
2482 5413 2607 5468 suis
2634 5412 2785 5485 locis
2817 5413 3182 5468 exhibemus.
3216 5414 3401 5468 MART.

2083 5515 2151 5524 —
2182 5483 2372 5538 Verba
2405 5485 2598 5539 unicis
2629 5483 2880 5551 inclusa,
2913 5495 2964 5540 et
2989 5493 3210 5539 sanctus
3237 5501 3379 5539 sum.
3413 5483 3662 5540 Urbinas

2017 5571 2126 5612 ms.
2163 5571 2296 5610 cum
2332 5554 2569 5612 Hebraeo
2603 5565 2657 5611 et
2688 5556 2933 5628 Vulgata
2957 5556 3173 5611 rectius
3201 5553 3453 5626 ignorat.

3263 5744 3343 5804 12
