4068 6172
430 301 535 356 363

1472 302 1528 354 S.
1569 297 1979 352 HIERONYMI
2017 295 2272 348 DIVINA
2309 295 2804 352 BIBLIOTHECA.

3736 299 3842 354 364

427 427 666 482 cuilibet
690 427 982 497 jumento,
1018 425 1197 480 simul
1233 424 1616 480 interﬁcietur
1646 438 1776 478 cum
1801 439 1867 476 eo
1901 437 2075 477 :san-
2109 421 2161 486 Α
2191 420 2321 475 Sint
2347 435 2484 492 ergo
2518 422 2727 491 sancti)
2762 439 3025 487 uxorem,
3063 440 3167 480 nec
3195 441 3323 481 eam
3356 442 3487 497 quae
3539 426 3849 498 repudiata

424 515 554 586 guis
585 532 786 571 eorum
819 515 896 572 sit
917 531 1094 587 super
1115 529 1235 570 eos.
1269 514 1354 575 (C.
1388 513 1623 571 LXVII.)
1656 512 1765 576 Qui
1785 511 2075 583 acceperit

425 621 685 661 serorem
716 621 911 674 suam,
945 603 1128 659 ﬁliam
1162 604 1346 674 patris
1377 603 1492 674 sui,
1524 601 1611 659 vel
1642 601 1824 657 ﬁliam
1865 600 2070 655 matris

426 711 564 762 suae,
599 698 655 750 et
685 694 900 750 viderit
927 693 1359 765 turpitudinem
1393 694 1544 763 ejus,
1578 691 1797 764 illaque
1827 707 2070 761 conspe-

427 785 573 839 xerit
616 784 814 840 fratris
855 783 1260 856 ignominiam,
1323 783 1606 838 nefariam
1667 797 1787 836 rem
1848 780 2071 851 operati

427 878 605 930 sunt:
629 873 968 928 occidantur
997 873 1054 926 in
1089 876 1406 944 conspectu
1439 871 1639 944 populi
1671 870 1784 936 sui,
1817 887 1884 926 eo
1915 869 2070 942 quod

426 962 852 1034 turpitudinem
869 977 1038 1017 suam
1055 965 1259 1016 mutuo
1278 960 1738 1027 revelaverint,et
1758 959 2000 1034 portabu
2013 963 2074 1012 nt

426 1033 799 1122 iniquitatem
827 1066 1017 1106 suam.
1066 1050 1149 1117 (C.
1203 1049 1468 1122 LXVIII.)
1512 1049 1617 1114 Qui
1681 1033 1886 1105 coierit
1937 1063 2070 1102 cum

428 1139 673 1195 muliere
705 1139 762 1193 in
796 1139 952 1194 ﬂuxu
986 1143 1309 1204 menstruo,
1345 1142 1400 1193 et
1431 1138 1770 1194 revelaverit
1812 1137 2072 1208 turpitu—

427 1230 625 1284 dinem
657 1229 806 1299 ejus,
839 1228 1084 1299 ipsaque
1134 1226 1430 1299 aperuerit
1486 1227 1704 1282 fontem
1764 1223 2072 1296 sanguinis
2107 1261 2117 1268 -

431 1317 544 1383 sui,
578 1315 1004 1371 interﬂcientur
1034 1314 1206 1370 ambo
1239 1315 1310 1370 de
1342 1314 1533 1369 medio
1567 1312 1761 1385 populi
1785 1312 1892 1366 sui.
1924 1313 2075 1366 Tur-

432 1405 760 1478 pitudinem
778 1408 1099 1460 matertera:
1113 1407 1169 1458 et
1180 1403 1372 1458 amita:
1385 1407 1496 1457 tua:
1512 1419 1626 1458 non
1643 1401 2030 1472 discooperies
2057 1418 2070 1467 ;

435 1494 536 1567 qui
563 1495 670 1549 hoc
703 1494 923 1559 fecerit,
956 1491 1340 1565 ignominiam
1374 1492 1567 1547 carnis
1598 1492 1678 1554 (h.
1708 1490 2074 1562 propinquae)

433 1601 553 1640 suae
586 1583 846 1652 nudavit,
882 1582 1201 1652 portabunt
1230 1581 1402 1636 ambo
1449 1579 1822 1650 iniquitatem
1879 1595 2070 1634 suam.

432 1673 540 1736 Qui
573 1671 774 1727 coierit
804 1686 937 1726 cum
971 1686 1149 1725 uxore
1181 1669 1397 1742 patrui,
1429 1669 1513 1724 vel
1549 1668 1821 1723 avunculi
1857 1669 1968 1733 sui,
2019 1671 2076 1722 et

430 1760 769 1816 revelaverit
800 1759 1181 1832 ignominiam
1205 1758 1571 1830 cognationis
1593 1775 1734 1827 sum,
1761 1757 2075 1829 portabunt

432 1849 606 1906 ambo
633 1852 934 1921 peccatum
965 1862 1179 1903 suum:
1225 1847 1448 1916 absque
1498 1845 1697 1900 liberis
1758 1845 2084 1900 morientur

405 1938 516 2009 .(h.
550 1937 659 2004 Qui
693 1936 897 1993 coierit
917 1952 1050 1991 cum
1088 1951 1264 1990 uxore
1291 1935 1482 2005 patrui
1516 1933 1629 2000 sui,
1651 1938 1708 1988 et
1743 1931 2083 1988 revelaverit

435 2025 819 2099 ignominiam
855 2025 1006 2092 ejus,
1032 2023 1542 2095 portabuntambo
1561 2026 1864 2094 peccatum
1880 2037 2080 2088 suum,

436 2116 660 2186 absque
701 2114 903 2169 liberis
962 2112 1330 2180 morientur).
1401 2111 1507 2177 Qui
1568 2111 1798 2165 duxerit
1843 2125 2080 2164 uxorem

439 2204 638 2259 fratris
697 2204 810 2270 sui,
863 2219 985 2258 rem
1067 2201 1204 2257 facit
1287 2201 1571 2266 illicitam,
1650 2199 2078 2270 turpitudinem

437 2292 635 2347 fratris
665 2292 757 2347 sui
789 2291 1060 2347 revelavit
1082 2308 1101 2346 :
1133 2291 1353 2361 absque
1387 2289 1584 2344 liberis
1629 2295 1815 2342 erunt.
1877 2288 2080 2343 Custo-

436 2382 555 2437 dite
585 2380 743 2453 leges
770 2397 931 2435 meas
962 2379 1043 2450 (h.
1079 2378 1339 2450 legitima
1361 2382 1532 2445 mea),
1566 2375 2002 2447 atquejudicia,
2026 2379 2083 2430 et

433 2471 603 2526 facite
625 2487 692 2526 ea
725 2487 737 2526 :
763 2485 835 2524 ne
865 2475 922 2524 et
949 2485 1050 2524 vos
1080 2472 1310 2523 evomat
1358 2473 1513 2522 terra
1569 2481 1745 2537 quam
1803 2463 2077 2519 intraturi

430 2560 573 2615 estis
605 2562 661 2615 et
693 2557 1041 2614 habitaturi.
1081 2555 1269 2612 Nolite
1321 2555 1624 2610 ambulare
1685 2554 1744 2608 in
1806 2553 2082 2622 legitimis

438 2649 768 2716 nationum,
785 2663 932 2718 quas
952 2662 1058 2718 ego
1076 2645 1432 2717 expulsurus
1447 2660 1578 2699 sum
1595 2640 2080 2698 antevos.0mnia

429 2738 583 2792 enim
618 2736 738 2792 bzsc
770 2736 1052 2804 fecerunt,
1084 2737 1142 2790 et
1173 2733 1548 2789 abominatus
1579 2749 1711 2787 sum
1747 2747 1866 2788 eas.
1899 2731 2078 2786 Vobis

421 2833 616 2882 autem
637 2825 881 2898 loquor:
909 2822 1206 2880 Possidete
1228 2827 1443 2878 terram
1473 2839 1699 2888 eorum,
1725 2838 1902 2892 quam
1927 2821 2076 2875 dabo

420 2916 587 2971 vobis
621 2915 680 2970 in
731 2915 1154 2983 hmreditatem,
1214 2917 1426 2967 terram
1488 2913 1767 2967 ﬂuentem
1817 2910 1964 2966 lacte
2021 2911 2078 2964 et

423 3004 616 3059 melle.
651 3007 766 3074 Ego
800 3002 1081 3058 Dominus
1113 3001 1269 3056 Deus
1301 3006 1513 3070 vester,
1548 3001 1648 3072 qui
1681 2999 1943 3070 separavi
1978 3015 2074 3054 vos

425 3111 459 3148 a
479 3092 702 3148 czsteris
734 3091 987 3162 pepulis.
1023 3091 1300 3162 Separate
1330 3107 1467 3160 ergo
1491 3095 1546 3144 et
1575 3107 1676 3144 vos
1726 3091 2068 3158 jumeutum

2111 1805 2159 1869 B

2185 513 2275 563 est
2306 525 2339 563 a
2369 509 2618 565 marito:
2655 511 2796 582 quia
2825 517 3206 569 consecratus
3235 518 3326 569 est
3359 514 3477 570 Deo
3540 532 3650 570 suo
3685 518 3728 581 ¹,
3787 521 3845 570 et

2187 613 2366 667 panes
2384 599 2800 670 propositionis
2815 600 2982 656 offert
3021 601 3102 672 (h.
3137 601 3653 674 sanctiﬁcaitaque
3679 617 3843 669 eum,

2185 688 2322 756 quia
2355 703 2533 757 panes
2566 689 2984 760 propositionis
3018 691 3111 745 Dei
3145 691 3231 746 tui
3281 691 3493 763 oﬂ‘ert).
3552 691 3637 746 Sit
3701 708 3840 763 ergo

2185 779 2426 832 sanctus
2457 778 2594 848 quia
2626 784 2866 835 sanctus
2897 796 2999 850 ego
3023 796 3181 847 sum,
3214 781 3530 846 Dominus.
3576 782 3678 855 qui
3712 799 3844 838 san-

2185 867 2376 922 ctiiico
2405 885 2505 922 vos
2541 866 2694 939 Vulg.
2727 873 2869 934 eos).
2905 874 2986 926 (C.
3036 870 3256 931 LXXI.)
3303 873 3638 928 Sacerdotis
3691 871 3838 939 filia,

2185 957 2232 1008 si
2261 957 2623 1028 deprehensa
2657 957 2832 1013 fuerit
2853 959 2912 1013 in
2943 964 3205 1031 strupro,
3227 964 3284 1016 et
3305 960 3838 1017 violaveritnomen

2185 1045 2365 1114 patris
2414 1045 2528 1112 sui,
2605 1047 2860 1102 ﬂammis
2918 1052 3214 1104 exuretur.
3271 1049 3552 1121 Pontifex,
3618 1049 3674 1104 id
3726 1055 3839 1114 est,

2186 1134 2458 1188 sacerdos
2490 1135 2781 1190 maximus
2811 1136 2965 1191 inter
2996 1137 3206 1192 fratres
3236 1154 3396 1207 suos,
3443 1154 3618 1209 super
3665 1139 3840 1208 cujus

2187 1225 2364 1291 caput
2386 1222 2583 1278 fusum
2607 1228 2695 1278 est
2716 1224 3007 1280 unctionis
3030 1224 3247 1292 oleum,
3272 1228 3330 1281 et
3351 1226 3523 1296 cujus
3547 1243 3760 1282 manus
3780 1226 3840 1281 in

2187 1311 2579 1366 sacerdotium
2657 1318 3004 1368 consecratae
3090 1319 3252 1382 sunt,
3333 1315 3699 1386 vestitusque
3748 1320 3844 1370 est

2188 1399 2408 1455 sanctis
2435 1401 2716 1468 vestibus,
2749 1407 2926 1473 caput
2956 1419 3127 1458 suum
3164 1421 3278 1460 non
3301 1403 3712 1476 discooperiet,
3743 1421 3844 1460 ve-

2189 1489 2472 1544 stimenta
2502 1507 2617 1545 non
2651 1489 2912 1546 scindet:
2946 1497 3002 1546 et
3027 1493 3098 1547 ad
3131 1509 3362 1548 omnem
3398 1498 3695 1548 mortuum
3719 1509 3840 1549 non

2188 1576 2550 1648 ingredietur
2587 1578 2848 1635 omnino.
2881 1580 3072 1652 Super
3103 1586 3264 1650 patre
3330 1598 3564 1652 quoque
3620 1597 3728 1637 suo
3783 1586 3845 1636 et

2188 1670 2372 1721 matre
2421 1683 2534 1722 non
2617 1669 3138 1724 contaminabitur.
3199 1669 3315 1725 Nec
3372 1669 3705 1742 egredietur
3764 1670 3839 1725 de

2190 1755 2428 1819 sanctis,
2465 1772 2534 1810 ne
2557 1756 2780 1827 polluat
2809 1757 3108 1826 (h.violet)
3141 1760 3546 1815 sanctuarium
3587 1759 3687 1815 Dei
3719 1762 3842 1831 sui,

2189 1843 2327 1915 quia
2355 1843 2546 1898 oleum
2577 1851 2790 1900 sanctae
2825 1847 3114 1902 unctionis
3135 1847 3233 1902 Dei
3255 1848 3346 1904 sui
3369 1849 3603 1919 (b.quia
3621 1865 3841 1905 corona

2191 1932 2300 1988 olei
2334 1932 2628 1988 unctionis
2664 1933 2756 1989 Dei
2801 1935 2886 1989 sui
2917 1952 3096 2006 super
3135 1951 3268 1990 eum
3300 1937 3411 2007 est)
3460 1952 3639 2009 super
3697 1954 3837 1994 eum

2191 2026 2276 2074 est
2308 2020 2487 2090 (Vulg.
2539 2019 2826 2089 Dominis,
2857 2030 2909 2078 et
2937 2027 3042 2090 tua,
3065 2023 3199 2094 sui).
3225 2023 3343 2095 Ego
3364 2025 3669 2080 Dominus.
3703 2025 3845 2080 Vir-

2189 2109 2383 2180 ginem
2415 2110 2588 2165 ducet
2618 2127 2854 2167 uxorem
2884 2129 2897 2166 :
2930 2113 3167 2168 viduam
3228 2119 3422 2170 autem
3455 2120 3511 2170 et
3561 2115 3842 2186 repudia-

2190 2205 2330 2263 tam,
2365 2201 2422 2253 et
2469 2200 2792 2270 sordidam,
2826 2205 3002 2272 atque
3036 2204 3400 2260 meretricem
3436 2221 3548 2260 non
3571 2205 3844 2276 accipiet,

2190 2287 2290 2342 sed
2326 2287 2577 2359 puellam
2613 2289 2684 2343 de
2716 2289 2930 2362 populo
2973 2308 3078 2349 suo
3123 2308 3134 2346 :
3173 2309 3276 2347 nec
3300 2294 3672 2348 commisceat
3704 2295 3844 2349 stir-

2191 2391 2320 2447 pem
2354 2377 2584 2448 generis
2617 2378 2708 2432 sui
2739 2378 2910 2450 vulgo
2941 2381 3133 2450 gentis
3163 2397 3281 2435 sua:
3311 2381 3393 2448 (h.
3428 2397 3532 2436 nec
3591 2381 3842 2438 commi-

2189 2471 2348 2520 sceat
2377 2481 2573 2521 semen
2608 2483 2780 2522 suum
2814 2469 2971 2522 sicut
3000 2467 3210 2540 vulgus
3241 2469 3429 2541 gentis
3459 2472 3601 2528 suae)
3631 2487 3646 2526 :
3697 2469 3843 2541 quia

2186 2570 2298 2627 ego
2319 2555 2714 2626 Dominusqui
2733 2557 3036 2612 sanctiﬁco
3062 2575 3219 2613 eum.
3245 2560 3330 2630 (B.
3358 2559 3488 2624 XII,
3511 2563 3573 2616 C.
3593 2559 3840 2629 LXXII.)

2185 2648 2552 2714 Locutusque
2581 2651 2668 2698 est
2687 2645 2968 2701 Dominus
2983 2647 3052 2701 ad
3081 2647 3302 2714 Mosen,
3327 2648 3528 2704 dicens
3552 2649 3838 2720 :Loquere

2186 2734 2256 2788 ad
2289 2737 2510 2788 Aaron:
2544 2739 2729 2788 Homo
2761 2735 2832 2788 de
2863 2735 3085 2791 semine
3113 2741 3215 2792 tuo
3245 2753 3348 2808 per
3402 2737 3655 2792 familias
3686 2754 3830 2794 suas

2185 2822 2283 2892 qui
2316 2821 2587 2876 habuerit
2609 2821 2922 2892 maculam,
2948 2840 3062 2878 non
3093 2825 3294 2880 oﬂ‘eret
3327 2842 3505 2897 panes
3538 2825 3653 2881 Deo
3694 2842 3834 2893 suo,

2185 2926 2290 2964 nec
2321 2911 2556 2965 accedet
2585 2911 2656 2965 ad
2692 2910 3085 2967 ministerium
3119 2913 3287 2984 ejus:
3323 2913 3370 2968 si
3403 2930 3590 2969 caicus
3634 2914 3833 2981 fuerit,

2183 2998 2232 3053 si
2264 2998 2535 3064 claudua,
2565 2999 2612 3054 si
2667 2998 2757 3054 vel
2814 3016 3010 3071 parvo,
3066 3001 3155 3056 vel
3212 3003 3443 3073 grandi,
3503 3002 3591 3059 vel
3650 3008 3830 3071 torto,

2184 3087 2232 3142 si
2265 3089 2444 3143 fracto
2476 3089 2640 3159 pede,
2683 3089 2732 3143 si
2765 3105 2961 3157 manu,
2993 3090 3042 3145 si
3095 3090 3332 3162 gibbus,
3386 3091 3436 3146 si
3494 3090 3714 3164 lippus,
3777 3093 3830 3150 si

425 3182 714 3236 mundum
747 3181 820 3236 ab
852 3180 1177 3246 immundo,
1201 3184 1258 3233 et
1288 3193 1452 3234 avem
1499 3180 1776 3232 mundam
1835 3177 1906 3232 ab
1956 3177 2064 3231 im-
2098 3163 2139 3230 C
2179 3177 2515 3248 albuginem
2573 3177 2797 3233 habens
2828 3179 2884 3233 in
2947 3178 3140 3245 oculo,
3189 3178 3238 3234 si
3280 3181 3486 3252 jugem
3543 3163 3830 3249 scabiem,

423 3271 645 3325 munda
678 3285 690 3325 :
726 3285 798 3324 ne
828 3267 1104 3341 polluatis
1135 3267 1362 3322 animas
1395 3272 1616 3322 vestras
1650 3267 1708 3321 in
1743 3281 1969 3337 pecore,
2017 3270 2075 3320 et
2182 3266 2231 3321 si
2267 3265 2670 3337 impetiginem
2704 3267 2760 3322 in
2783 3283 3042 3337 corpore,
3094 3267 3181 3323 vel
3235 3268 3568 3327 berniosus.
3628 3269 3834 3326 Omnis

421 3359 478 3413 in
513 3359 744 3422 avibus,
775 3363 829 3412 et
851 3357 1077 3413 cunctis
1101 3373 1228 3427 quae
1254 3361 1560 3411 moventur
1582 3356 1639 3410 in
1667 3362 1840 3423 terra,
1866 3359 1921 3411 et
1942 3372 2069 3426 quas
2180 3354 2278 3424 qui
2308 3354 2582 3409 habuerit
2634 3356 2928 3411 maculam
2992 3358 3062 3411 de
3111 3357 3338 3412 semine
3387 3363 3578 3413 Aaron
3634 3375 3831 3414 sacer-

415 3447 578 3501 vobis
610 3445 842 3501 ostendi
875 3461 1003 3500 esse
1035 3443 1278 3514 polluta.
1313 3445 1381 3498 Et
1415 3445 1594 3515 (Vulg.
1630 3454 1733 3499 (ac.
1769 3445 1857 3514 Et)
1905 3443 2069 3499 eritis
2179 3443 2353 3508 dotis,
2388 3459 2501 3498 non
2554 3444 2789 3499 accedet
2847 3447 3050 3500 oﬂ'erre
3108 3445 3333 3501 hostias
3394 3447 3665 3516 Domino,
3722 3463 3833 3504 nec

409 3535 554 3590 mihi
587 3535 799 3604 sancti,
832 3533 970 3606 quia
1002 3538 1243 3589 sanctus
1275 3549 1380 3604 ego
1405 3549 1535 3587 sum
1573 3532 1856 3588 Dominus
1885 3537 1942 3588 et
1974 3549 2068 3588 se-
2177 3548 2354 3602 panes
2415 3533 2524 3587 Deo
2584 3549 2689 3588 suo
2751 3549 2763 3586 :
2832 3539 3099 3589 vescatur
3153 3539 3344 3590 tamen
3396 3536 3668 3606 panibus,
3727 3535 3832 3607 qui

417 3623 613 3694 paravi
643 3640 744 3679 vos
775 3641 807 3679 a
838 3623 1064 3679 caeteris
1115 3622 1372 3694 pepulis,
1407 3627 1472 3676 ut
1524 3623 1731 3677 essetis
1791 3621 1925 3676 mei.
1977 3623 2061 3693 (C.
2175 3620 2504 3676 oﬂ‘eruntur
2535 3621 2592 3676 in
2646 3623 3008 3678 sanctuario:
3067 3623 3145 3678 ita
3197 3624 3506 3688 duntaxat,
3559 3633 3619 3679 ut
3677 3627 3835 3681 intra

413 3713 638 3784 LXIX.)
660 3711 779 3779 Vir,
813 3713 935 3767 sive
968 3711 1203 3777 mulier,
1235 3710 1294 3765 in
1326 3711 1541 3781 quibus
1565 3710 1941 3782 pythonieus,
1976 3710 2062 3765 vel
2172 3709 2364 3764 velum
2397 3727 2510 3764 non
2547 3710 2930 3781 ingrediatur,
2966 3728 3069 3767 nec
3097 3714 3335 3768 accedat
3358 3715 3426 3770 ad
3458 3715 3657 3779 altare,
3693 3715 3835 3786 quia

405 3803 789 3859 divinationis
813 3803 989 3858 fuerit
1011 3801 1280 3873 spiritus,
1311 3805 1494 3856 morte
1519 3800 1867 3856 moriantur.
1898 3800 2062 3871 Lapi-
2172 3798 2458 3854 maculam
2489 3799 2686 3866 habet,
2710 3805 2765 3856 et
2796 3803 3195 3858 contaminare
3228 3820 3342 3858 non
3359 3804 3827 3860 debetsanctua-

406 3893 580 3950 dibus
609 3894 860 3948 obruent
889 3909 987 3947 eos
1011 3907 1024 3944 :
1052 3890 1297 3960 sanguis
1327 3907 1532 3945 eorum
1566 3889 1642 3944 sit
1666 3907 1843 3960 super
1901 3889 2056 3945 illos.
2170 3887 2322 3942 rium
2358 3903 2574 3943 meum.
2612 3889 2729 3959 Ego
2759 3890 3045 3946 Dominus
3075 3892 3176 3962 qui
3208 3893 3507 3948 sanctiﬂco
3547 3909 3668 3949 eos.
3710 3898 3823 3950 Lo-

477 3983 562 4056 (T.
597 3982 749 4052 XIII,
781 3981 842 4037 C.
879 3981 1048 4045 LXX,
1075 3981 1204 4050 Cap.
1240 3979 1409 4049 XXI.)
1443 3979 1592 4034 Dixit
1652 3994 1887 4050 quoque
1947 3979 2059 4034 Do-
2167 3982 2337 4030 cutus
2369 3981 2457 4031 est
2485 3993 2621 4048 ergo
2654 3978 2843 4035 Moses
2872 3981 2944 4034 ad
2979 3982 3184 4045 Aaron,
3218 3985 3276 4036 et
3306 3981 3458 4037 filios
3482 3983 3629 4052 ejus,
3657 3987 3715 4038 et
3745 3983 3820 4038 ad

407 4074 607 4128 minus
656 4073 726 4126 ad
776 4071 1022 4126 Mosen:
1075 4069 1332 4139 Loquere
1391 4069 1461 4123 ad
1516 4069 1846 4123 sacerdotes
1907 4067 2058 4124 ﬁlios
2167 4082 2400 4120 omnem
2426 4066 2626 4133 Israel,
2661 4072 2873 4124 cuneta
2901 4085 3026 4139 quas
3061 4070 3294 4124 fuerant
3331 4071 3444 4127 sibi
3504 4071 3816 4142 imperata.

404 4163 618 4229 Aaron,
651 4164 709 4215 et
747 4160 872 4215 dies
903 4160 972 4214 ad
1007 4174 1106 4214 eos
1137 4173 1150 4212 :
1185 4157 1268 4212 Ne
1298 4156 1734 4212 contaminetur
1782 4157 2055 4212 sacerdos
2233 4155 2314 4211 (C.
2378 4155 2616 4222 LXXlIl,
2674 4161 2808 4228 Cap.
2869 4156 3067 4218 XXII.)
3118 4158 3376 4214 Locutus
3441 4175 3674 4232 quoque
3729 4165 3821 4217 est

405 4250 462 4305 in
498 4249 786 4304 mortibus
810 4247 1024 4303 civium
1044 4263 1309 4315 suorum,
1339 4245 1455 4300 nisi
1477 4249 1706 4301 tantum
1737 4245 1792 4299 in
1814 4262 2056 4301 consan-
2163 4243 2447 4299 Dominus
2487 4245 2554 4299 ad
2591 4244 2811 4310 Mosen,
2844 4246 3046 4302 dicens
3074 4265 3086 4302 :
3119 4247 3384 4320 Loquere
3413 4249 3484 4304 ad
3515 4254 3706 4304 Aaron
3756 4255 3818 4306 et

401 4337 633 4410 guineis
665 4353 729 4392 ac
761 4336 1129 4408 prepinquis,
1165 4335 1219 4389 id
1279 4339 1389 4400 est,
1422 4351 1596 4406 super
1627 4339 1832 4399 matre,
1865 4337 1920 4388 et
1951 4351 2052 4406 pa-
2162 4334 2230 4388 ad
2267 4332 2418 4389 filios
2447 4334 2597 4402 ejus,
2633 4339 2699 4388 ut
2737 4339 2979 4391 caveant
3035 4336 3107 4391 ab
3138 4335 3229 4392 his
3289 4353 3416 4408 qua:
3468 4342 3816 4394 consecrata

399 4433 508 4497 tre,
543 4431 600 4483 et
628 4425 770 4493 filio,
805 4442 868 4481 ac
903 4423 1045 4491 filia,
1077 4424 1253 4478 fratre
1285 4438 1540 4494 quoque,
1573 4427 1630 4478 et
1687 4439 1885 4479 sorore
1942 4424 2052 4478 vir-
2159 4426 2296 4476 sunt
2331 4421 2583 4478 ﬁliorum
2617 4422 2815 4488 Israel,
2851 4430 2909 4480 et
2959 4441 3071 4480 non
3130 4425 3534 4482 contaminent
3591 4442 3810 4484 nomen

398 4519 553 4589 gine,
583 4534 711 4588 quae.
735 4533 849 4572 non
879 4519 971 4571 est
1004 4517 1187 4585 nupta
1219 4513 1376 4569 viro:
1411 4515 1507 4568 sed
1536 4529 1638 4568 nec
1669 4513 1726 4567 in
1786 4513 2048 4584 principe
2080 4534 2122 4598 D
2159 4511 2656 4568 sanctificatorum
2689 4513 2854 4578 mihi,
2888 4531 3016 4586 quae
3047 4513 3163 4586 ipsi
3193 4514 3467 4570 oﬂ‘erunt.
3525 4515 3640 4585 Ego
3697 4520 3818 4572 Do-

396 4607 594 4679 populi
628 4606 719 4662 sui
753 4603 1271 4661 contaminabitur.
1308 4608 1429 4658 Non
1465 4607 1670 4657 radent
1695 4608 1892 4674 caput,
1945 4619 2048 4659 nee
2161 4601 2361 4656 minus
2417 4601 2495 4668 (h.
2541 4606 2603 4656 ut
2664 4618 2778 4656 non
2838 4603 3201 4658 contaminet
3259 4620 3473 4659 nomen
3531 4609 3810 4660 sanctum

396 4697 640 4752 barbam
663 4695 743 4766 (b.
778 4712 890 4749 non
921 4695 1128 4748 radent
1158 4693 1215 4747 in
1250 4691 1440 4763 capite
1469 4709 1560 4746 suo
1589 4693 1899 4762 calvitium,
1944 4710 2046 4747 nec
2159 4706 2354 4744 meum
2395 4690 2453 4745 in
2509 4689 2600 4746 his
2659 4706 2786 4761 qua
2847 4692 3214 4747 sanctiﬁcata
3267 4697 3409 4748 sunt
3466 4693 3635 4748 mihi.
3687 4692 3806 4766 Ego

394 4785 636 4839 barbam
669 4784 955 4851 tondent),
983 4798 1171 4852 neque
1216 4783 1272 4835 in
1319 4780 1594 4835 carnibus
1653 4781 1778 4836 suis
1834 4781 2047 4837 facient
2155 4777 2483 4849 Dominus).
2516 4779 2620 4834 Dic
2641 4779 2712 4834 ad
2744 4796 2843 4835 eos
2865 4784 2921 4836 et
2942 4781 3013 4836 ad
3041 4787 3307 4852 posteros
3329 4797 3534 4838 eorum
3560 4797 3573 4836 :
3599 4781 3808 4838 Omnis

395 4873 708 4930 incisurae.
743 4872 939 4928 Sancti
964 4876 1135 4926 erunt
1170 4872 1280 4926 Deo
1326 4885 1458 4935 suo,
1490 4875 1547 4924 et
1602 4885 1714 4925 non
1781 4870 2043 4940 polluent
2156 4867 2328 4922 homo
2359 4868 2458 4938 qui
2491 4868 2803 4923 accesserit
2833 4869 2904 4924 de
2955 4871 3136 4941 stirpe
3193 4873 3388 4925 vestra
3432 4870 3502 4925 ad
3547 4885 3616 4925 ea
3668 4885 3804 4940 qua

393 4961 824 5032 (h.violabunt)
853 4976 1066 5014 nomen
1090 4941 1756 5030 ejuszincensumenim
1784 4957 2039 5026 Domini,
2154 4961 2492 5011 consecrata
2542 4961 2702 5021 sunt,
2748 4961 2804 5011 et
2860 4974 2985 5028 quae
3045 4958 3388 5014 obtulerunt
3449 4958 3552 5014 filii
3615 4957 3804 5014 Israel

390 5051 552 5123 et(h.
583 5067 699 5106 non
755 5049 954 5119 habet)
985 5063 1165 5120 panes
1195 5047 1297 5104 Dei
1331 5047 1420 5102 sui
1472 5047 1747 5114 offerunt,
1806 5051 1862 5101 et
1913 5046 2040 5102 ideo
2155 5048 2419 5110 Domino,
2450 5045 2506 5099 in
2541 5061 2653 5116 quo
2712 5051 2801 5100 est
2857 5047 3259 5112 immunditia,
3325 5047 3541 5119 peribit
3589 5063 3796 5105 coram

389 5140 578 5196 sancti
609 5144 802 5195 erunt.
835 5142 1104 5194 Scortum
1131 5141 1187 5192 et
1212 5135 1322 5191 vile
1353 5134 1749 5206 prostibulum
1775 5151 1889 5189 non
1927 5134 2038 5190 du-
2151 5133 2418 5188 Domino.
2481 5133 2595 5203 Ego
2653 5151 2778 5190 sum
2829 5135 3135 5191 Dominus.
3191 5135 3378 5191 Homo
3438 5136 3508 5190 de
3566 5137 3804 5193 semine

385 5228 697 5303 cet(Vulg.
730 5229 960 5296 docent,
991 5228 1043 5280 et
1093 5225 1416 5281 consecrati
1474 5230 1632 5293 sunt,
1664 5233 1714 5280 et
1764 5221 2036 5280 offerunt.
2147 5223 2358 5286 Aaron,
2401 5221 2499 5293 qui
2560 5223 2736 5278 fuerit
2796 5224 3086 5295 leprosus,
3140 5230 3242 5280 aut
3289 5224 3513 5295 patiens
3563 5225 3798 5281 ﬂuxum

454 5409 469 5441 ί
504 5405 806 5468 Ηθδιιωυε,
837 5407 994 5468 Sam,
1023 5404 1080 5455 et
1104 5399 1533 5473 LXXleguntin
1563 5399 2032 5471 plurali,ducent,
2145 5399 2360 5473 legitur
2390 5398 2446 5473 in
2475 5413 2696 5473 canone
2727 5399 2866 5456 Heb.
2894 5401 3055 5456 verit.
3104 5416 3169 5456 ac
3219 5401 3278 5456 in
3338 5417 3480 5457 mss.
3517 5401 3804 5460 omnibus

376 5477 669 5548 accipient.
702 5481 760 5532 et
793 5475 948 5546 quod
979 5470 1338 5548 immediate
1366 5470 1655 5548 sequitur,
1714 5475 1843 5548 quia
1901 5487 2032 5548 con-
2144 5471 2366 5548 Latinis
2395 5470 2571 5540 ducet,
2605 5471 2782 5543 oﬂert,
2814 5479 3156 5529 consecratus
3181 5482 3282 5539 est,
3314 5476 3385 5530 sit
3405 5479 3647 5542 sanctus,
3677 5479 3800 5532 etc.

375 5543 617 5603 secretus
649 5552 728 5604 est
754 5543 859 5603 Déo
889 5560 1008 5612 suo,
1031 5547 1088 5601 in
1122 5544 1447 5617 singulari;
1477 5543 1628 5617 lice_t_
1669 5545 1873 5617 omnia
1914 5543 2034 5598 haec
2144 5544 2330 5599 MART.

381 5621 452 5674 ad
483 5619 759 5677 eumdem
791 5617 1156 5677 sacerdotem
1179 5613 1525 5674 referantur.
1574 5613 1784 5673 Melius
1837 5615 2034 5688 itaque
