4068 6172
285 387 372 441 365

285 533 300 564 ε
367 509 496 574 riuis,
529 523 642 562 non
675 510 937 561 vescatur
965 507 1037 560 de
1069 505 1162 560 his
1186 522 1312 576 quae
1345 506 1706 562 sanctificata
1734 510 1879 562 sunt
1911 509 1964 576 Α

1652 383 1866 438 LIBER
1903 383 2233 446 LEVITICI.

3544 397 3649 450 366

1997 509 2147 577 istis,
2183 515 2321 585 quia
2352 523 2622 588 corrupta
2656 523 2711 574 et
2743 519 3034 576 maculata
3084 525 3221 576 sunt
3253 521 3491 588 omnia;
3528 539 3644 576 non

285 599 600 662 mihi,donec
615 599 870 651 sanetur.
899 594 1277 666 Quitetigerit
1300 594 1676 651 immundum
1705 613 1885 666 super
1993 600 2332 670 suscipietis
2362 604 2472 674 ea].
2498 605 2871 676 Locutusque
2895 611 2984 662 est
3009 607 3294 663 Dominus
3327 611 3396 663 ad
3421 611 3640 677 Mosen,

283 686 563 754 mortuo(h.
624 687 808 740 donec
866 688 1125 740 curetur.
1191 686 1390 739 Anima
1443 701 1570 756 quas
1627 684 1885 756 tetigerit

286 776 605 833 immundum
663 789 838 845 super
880 778 1154 839 mortuo),
1187 780 1243 827 et
1293 790 1360 828 ex
1402 791 1516 845 quo
1593 773 1887 844 egreditur

281 883 441 923 semen
471 866 636 935 quasi
666 864 882 929 coitus,
906 869 962 917 et
985 864 1080 932 qui
1115 862 1324 933 tangit,
1352 863 1575 933 reptile,
1611 868 1668 918 ct
1701 862 1884 927 qutd-

278 955 388 1008 libet
408 951 970 1020 immundum,cujus
996 955 1187 1006 tactus
1202 957 1292 1004 est
1316 951 1614 1016 sordidus,
1632 951 1890 1005 immun-

281 1044 366 1097 dus
391 1041 484 1097 erit
514 1057 702 1111 usque
753 1041 825 1094 ad
858 1055 1167 1110 vesperum
1227 1043 1285 1093 et
1336 1055 1451 1094 non
1482 1043 1766 1094 vescatur
1795 1039 1890 1094 his

282 1130 751 1202 quaesanctiﬁcata
775 1131 934 1191 sunt,
959 1128 1059 1182 sed
1085 1143 1214 1181 cum
1242 1126 1445 1182 laverit
1465 1144 1697 1183 carnem
1719 1144 1888 1182 suam

282 1236 422 1291 aqua,
442 1224 491 1274 et
509 1216 848 1274 occubuerit
870 1215 980 1280 sol,
1010 1221 1148 1271 tunc
1173 1217 1494 1272 mundatus
1514 1221 1784 1273 vescetur
1822 1218 1890 1271 de

278 1307 640 1377 sanctiﬁcatis,
693 1307 833 1378 quia
881 1307 1049 1361 cibus
1080 1306 1239 1360 illius
1271 1310 1380 1360 est.
1420 1307 1786 1362 Morticinum
1836 1309 1893 1361 et

281 1403 480 1469 captum
508 1415 540 1450 a
563 1397 754 1452 bestia
796 1412 911 1450 non
970 1396 1296 1462 comedent,
1330 1412 1431 1450 nec
1466 1394 1800 1467 polluentur
1831 1394 1890 1448 in

277 1487 361 1542 eis.
388 1487 493 1558 Ego
524 1502 659 1542 sum
697 1485 1002 1540 Dominus.
1037 1483 1384 1539 Custodiant
1423 1489 1712 1555 praecepta
1765 1499 1892 1538 mea

272 1576 336 1644 (b.
365 1577 662 1632 observent
699 1573 1010 1643 custodias
1045 1577 1243 1640 meas),
1289 1577 1352 1627 ut
1392 1590 1506 1628 non
1550 1573 1894 1643 subjaceant

271 1677 496 1744 peccato,
516 1677 577 1727 et
612 1671 940 1726 moriantur
980 1670 1037 1724 in
1100 1670 1459 1738 sanctuario,
1501 1686 1634 1725 cum
1667 1669 1892 1740 pollue-

271 1763 368 1816 rint
395 1762 467 1831 (h.
515 1760 883 1830 violaverint)
916 1759 1081 1814 illud.
1134 1759 1251 1830 Ego
1284 1759 1570 1814 Dominus
1620 1759 1719 1829 qui
1753 1775 1890 1813 san-

271 1851 434 1905 ctiﬁco
465 1867 563 1906 eos
585 1849 764 1921 (Vulg.
798 1851 940 1916 vos).
979 1848 1184 1903 Omnis
1221 1846 1545 1917 alienigena
1569 1865 1680 1903 non
1705 1862 1894 1902 come.

273 1940 354 1994 det
379 1941 442 1994 de
494 1938 896 2004 sanctiﬁcatis,
933 1935 1258 2007 inquilinus
1305 1937 1625 1992 sacerdotis
1655 1941 1712 1991 et
1744 1952 1894 1991 mer-

271 2028 510 2084 cenarius
560 2044 676 2084 non
726 2030 1035 2083 vescantur
1065 2042 1134 2081 ex
1182 2026 1289 2081 eis.
1349 2028 1529 2092 Quem
1571 2031 1766 2081 autem
1802 2042 1894 2080 sa-

269 2118 444 2173 cerdos
465 2117 675 2172 emerit
705 2122 761 2173 et
793 2116 893 2188 qui
930 2114 1276 2172 vernaculus
1303 2116 1515 2171 domus
1537 2117 1666 2185 ejus
1700 2114 1895 2182 fuerit,

269 2205 316 2260 hi
342 2209 642 2262 comedent
672 2223 741 2261 ex
786 2207 890 2262 eis.
943 2207 1003 2262 Si
1047 2206 1167 2260 filia
1198 2205 1519 2261 sacerdotis
1561 2204 1799 2260 cuilibet
1829 2219 1898 2258 ex

270 2295 457 2366 populo
491 2301 680 2366 nupta
713 2295 909 2363 fuerit,
945 2295 1016 2351 de
1049 2295 1142 2351 his
1177 2312 1302 2365 quae
1331 2294 1699 2350 sanctificata
1733 2296 1896 2362 sunt,

266 2391 310 2438 et
340 2385 402 2440 de
435 2384 720 2456 primitiis
752 2400 867 2440 non
900 2390 1207 2439 vescatur:
1242 2385 1332 2439 sin
1379 2389 1575 2438 autem
1611 2384 1811 2448 vidua,
1843 2384 1900 2438 et

270 2473 575 2544 repudiata,
612 2479 666 2528 et
708 2473 928 2544 absque
979 2473 1180 2528 liberis
1229 2489 1458 2528 reversa
1485 2473 1661 2529 fuerit
1691 2475 1759 2527 ad
1794 2473 1900 2527 do-

267 2577 404 2617 mum
430 2563 624 2633 patris
670 2563 763 2617 sui
796 2578 810 2618 :
845 2561 997 2618 sicut
1033 2561 1230 2633 puella
1260 2565 1660 2625 consueverat,
1709 2560 1902 2616 aletur

265 2651 391 2706 cibis
455 2651 645 2722 patris
703 2651 815 2706 sui.
875 2649 1082 2705 Omnis
1134 2650 1388 2722 aliegina
1447 2650 1789 2705 comedendi
1835 2666 1902 2704 ex

265 2739 336 2794 eis
364 2756 472 2796 non
528 2741 712 2796 habet
743 2744 1112 2811 potestatem.
1144 2739 1250 2802 Qui
1301 2739 1615 2796 comederit
1645 2741 1716 2794 de
1766 2755 1903 2794 san-

266 2829 514 2885 ctiﬁcatis
547 2845 656 2902 per
707 2829 1124 2900 ignorantiam,
1158 2828 1330 2883 addet
1363 2829 1629 2900 quintam
1677 2833 1902 2900 partem

271 2933 381 2972 cam
413 2935 476 2974 eo
509 2919 671 2992 quod
723 2919 1000 2984 comedit,
1041 2922 1097 2973 et
1142 2918 1304 2972 dabit
1355 2918 1644 2974 sacerdoti
1675 2917 1738 2972 in
1770 2934 1903 2972 san-

269 3010 564 3063 ctuarium.
600 3009 719 3064 Nec
751 3007 1233 3064 contaminabunt
1261 3008 1624 3062 sanctiﬁcata
1655 3007 1906 3062 filiorum

271 3096 448 3162 Israel,
485 3113 616 3169 qua:
650 3097 903 3151 offerunt
950 3095 1232 3151 Domino:
1270 3113 1340 3152 ne
1392 3096 1539 3152 forte
1575 3097 1910 3151 sustineant

267 3184 628 3255 iniquitatem
646 3185 843 3241 delicti
869 3185 984 3248 sui.
999 3201 1132 3240 cum
1152 3185 1514 3240 sanctificata
1528 3186 1907 3242 comederint.

269 3252 1104 3352 EgoUominusquisanctiﬁco
1126 3299 1246 3337 eos.
1271 3283 1360 3352 (T.
1388 3281 1530 3349 XIV,
1562 3283 1621 3337 C.
1655 3283 1909 3354 LXXIV.)
1941 3252 1982 3314 Ε

267 3372 632 3442 Locutusque
654 3371 1037 3426 estDominus
1051 3371 1119 3425 ad
1148 3370 1368 3439 Mosen,
1394 3372 1592 3425 dicens
1617 3389 1628 3425 :
1655 3372 1915 3442 Loquere

267 3459 327 3512 ad
360 3471 550 3516 Aaron
586 3465 646 3516 et
698 3460 850 3515 ﬁlios
880 3460 1032 3529 ejus,
1065 3466 1122 3514 et
1178 3461 1247 3514 ad
1282 3476 1484 3515 omnes
1529 3460 1912 3532 filiosﬁlsrael,

265 3548 527 3621 dicesque
553 3550 628 3605 ad
664 3565 764 3604 eos
790 3566 802 3604 :
840 3549 1022 3603 llomo
1045 3549 1115 3604 de
1147 3549 1318 3603 domo
1350 3549 1525 3604 Israel
1556 3555 1612 3604 et
1641 3552 1710 3604 de
1741 3549 1916 3605 adve-

268 3636 348 3691 nis
377 3640 478 3710 qui
518 3639 798 3694 habitant
815 3639 966 3708 apud
985 3638 1918 3709 vos,quiobtulerir.toblationem

267 3742 446 3794 suam,
502 3727 598 3783 vel
631 3732 766 3783 vota
795 3726 1047 3796 solvens,
1078 3727 1165 3782 vel
1196 3732 1404 3800 sponte
1443 3727 1712 3791 offerens,
1747 3728 1917 3799 quid-

269 3817 397 3884 quid
431 3817 582 3872 illud
647 3816 973 3872 obtulerint
999 3816 1056 3871 in
1101 3815 1501 3872 holocaustum
1553 3816 1806 3885 Domini,
1857 3819 1921 3870 ut

269 3905 540 3962 offeratur
573 3923 684 3978 per
724 3922 846 3971 vos,
890 3905 1190 3961 masculus
1247 3905 1654 3961 immaculatus
1693 3906 1802 3961 erit
1852 3921 1920 3960 ex

269 3993 467 4059 bobus,
503 4000 564 4050 et
586 4005 680 4064 lex
725 3995 955 4061 ovibus,
1006 3999 1062 4048 et
1118 4010 1182 4050 ex
1242 3994 1464 4064 capris:
1526 3995 1576 4049 si
1631 3993 1920 4049 maculam

269 4079 557 4147 habuerit,
607 4099 725 4138 non
785 4083 1062 4148 otl'eretis,
1122 4099 1310 4154 neque
1362 4082 1472 4138 erit
1520 4082 1920 4154 acceptabile:

268 4178 431 4236 homo
464 4182 569 4252 qui
598 4179 883 4237 obtulerit
913 4180 1209 4236 victimam
1243 4181 1619 4252 pacificorum
1658 4179 1922 4248 Domino,

269 4270 344 4324 vel
377 4276 511 4326 vota
544 4269 809 4336 solvens,
842 4269 927 4324 vel
961 4273 1167 4340 sponte
1198 4271 1468 4335 offerens,
1493 4275 1610 4324 tam
1637 4269 1705 4323 de
1738 4269 1927 4324 bobus

272 4374 440 4427 quam
472 4362 547 4415 de
578 4359 815 4425 ovibus,
848 4359 1287 4414 immaculatum
1313 4359 1534 4425 oll‘eret,
1569 4363 1631 4412 ut
1667 4362 1928 4425 accepta-

274 4446 378 4502 bile
408 4449 530 4504 sit:
570 4449 773 4505 omnis
823 4447 1050 4503 macula
1101 4464 1215 4502 non
1249 4448 1357 4502 erit
1389 4448 1442 4501 in
1501 4463 1588 4502 eo.
1623 4447 1679 4502 Si
1713 4462 1929 4501 caecum

274 4536 462 4606 fuerit,
497 4539 546 4593 si
586 4538 862 4600 fractum,
896 4537 945 4592 si
968 4537 1296 4592 cicatricem
1319 4536 1562 4602 habens,
1589 4537 1637 4590 si
1664 4535 1929 4607 papulas,

1995 684 2197 742 dicens
2233 706 2245 745 ;
2282 695 2412 758 Bos,
2463 693 2586 747 ovis
2641 699 2696 748 et
2744 710 2937 765 capra,
2971 713 3102 751 cum
3152 698 3354 768 genita
3406 697 3641 764 fuerint,

1997 780 2217 845 septem
2253 778 2460 835 diebus
2515 788 2687 836 erunt
2735 783 2845 836 sub
2897 785 3072 840 ubere
3124 786 3333 841 matris
3364 803 3523 842 suae:
3555 786 3649 840 die

1997 870 2194 920 autem
2219 873 2440 934 octavo,
2461 875 2515 924 et
2533 871 2807 942 deinceps
2845 873 3037 927 offerri
3072 879 3343 942 poterunt
3380 875 3646 932 Domino.

1997 953 2127 1008 Sive
2156 954 2258 1010 illa
2290 957 2416 1025 bos,
2451 959 2571 1012 sive
2595 959 2695 1013 illa
2727 960 2871 1027 ovis,
2899 978 3011 1015 non
3033 960 3500 1019 immolabuntur
3532 981 3651 1019 una

1999 1041 2092 1097 die
2124 1059 2257 1098 cum
2293 1046 2507 1101 fetibus
2530 1048 2674 1103 suis.
2703 1049 2780 1118 (C.
2816 1049 3096 1120 LXXXV.)
3121 1051 3179 1106 Si
3206 1051 3649 1108 immolaveritis

2001 1130 2254 1187 hostiam
2298 1151 2401 1205 pro
2434 1137 2755 1208 gratiarum
2791 1140 3019 1193 actione
3054 1140 3316 1207 Domino,
3372 1145 3434 1196 ut
3465 1143 3653 1212 possit

1999 1237 2127 1276 esse
2150 1221 2475 1292 placabilis,
2501 1227 2706 1281 eodem
2730 1227 2823 1282 die
2847 1229 3160 1283 comedetis
3191 1245 3318 1284 eam
3342 1229 3422 1301 (h.
3447 1233 3650 1288 eodem

2000 1309 2092 1364 die
2117 1313 2500 1384 comedetur),
2530 1332 2644 1370 non
2697 1317 3024 1371 remanebit
3049 1317 3134 1387 (b.
3184 1334 3297 1372 non
3328 1319 3656 1376 remanebit

2000 1414 2068 1451 ex
2098 1413 2164 1452 ea
2201 1400 2522 1471 quidquam
2563 1403 2619 1456 in
2655 1405 2844 1473 mane)
2878 1405 3198 1474 quidquam
3225 1405 3280 1458 in
3308 1421 3477 1460 mane
3512 1405 3654 1460 alte-

2002 1485 2124 1542 rius
2157 1487 2292 1543 diei.
2322 1489 2435 1560 Ego
2469 1491 2793 1547 Dominus:
2845 1493 3144 1548 Custodite
3177 1495 3456 1548 mandata
3505 1510 3655 1564 mea,

2003 1580 2061 1630 et
2092 1577 2260 1632 facite
2303 1594 2389 1632 ea.
2428 1580 2542 1650 Ego
2599 1581 2900 1638 Dominus.
2963 1582 3045 1636 Ne
3104 1581 3381 1653 polluatis
3439 1599 3654 1640 nomen

2009 1681 2204 1720 meum
2231 1674 2524 1733 sanctum,
2560 1673 2624 1723 ut
2655 1671 2988 1726 sanctiﬁcer
3044 1670 3102 1742 in
3162 1671 3354 1728 medio
3401 1672 3657 1728 filiorum

2015 1753 2217 1809 Israel.
2253 1755 2372 1826 Ego
2406 1757 2695 1813 Dominus
2726 1759 2826 1830 qui
2857 1759 3158 1816 sanctiﬁco
3214 1777 3334 1830 vos,
3382 1769 3440 1816 et
3485 1762 3659 1817 eduxi

2006 1843 2076 1897 de
2107 1847 2260 1898 terra
2320 1845 2567 1918 Egypti,
2627 1852 2690 1902 ut
2725 1863 2915 1904 essem
2973 1848 3134 1904 vobis
3194 1849 3249 1904 in
3285 1854 3485 1907 Deum.
3541 1851 3656 1923 Ego

2013 1932 2315 1988 Dominus.

2078 2056 2162 2126 (Β.
2197 2057 2343 2125 ΧΙΙΙ,
2377 2059 2436 2114 C.
2473 2059 2713 2116 LXXVI:
2768 2061 2904 2134 Cap.
2979 2063 3207 2135 XXIII.)
3280 2065 3660 2136 Locutusque

2008 2149 2096 2200 est
2146 2145 2432 2203 Dominus
2491 2151 2562 2204 ad
2625 2150 2846 2218 Mosen,
2897 2152 3146 2208 dicens:
3211 2154 3472 2225 Loquere
3525 2154 3662 2210 ﬁliis

2009 2234 2209 2302 Israel,
2243 2240 2298 2290 et
2329 2236 2485 2292 dices
2547 2239 2616 2293 ad
2669 2256 2804 2294 eos:
2839 2245 2935 2295 Hae
2995 2246 3135 2296 sunt
3192 2241 3346 2296 ferite
3403 2242 3659 2309 Domini,

2009 2339 2158 2394 quas
2206 2325 2485 2381 vocabitis
2517 2334 2722 2384 sancta
2755 2346 2767 2383 :
2802 2329 2911 2385 Sex
2958 2331 3166 2387 diebus
3199 2331 3424 2387 facietis
3456 2348 3604 2403 opus
3649 2346 3664 2386 :

2009 2411 2132 2467 dies
2165 2414 2475 2484 septimus,
2504 2418 2642 2488 quia
2685 2419 2922 2474 Sabbati
2956 2420 3186 2491 requies
3225 2426 3336 2489 est,
3366 2421 3672 2476 vocabitur

2011 2507 2270 2557 sanctus.
2305 2508 2489 2560 Omne
2517 2523 2664 2578 opus
2701 2525 2816 2563 non
2848 2509 3078 2564 facietis
3107 2509 3163 2563 in
3199 2526 3265 2564 eo
3300 2526 3311 2564 :
3347 2510 3668 2564 Sabbatum

2011 2589 2461 2658 Domini,estin
2512 2595 2742 2652 cunctis
2796 2597 3256 2654 habitationibus
3315 2599 3545 2653 vestris.
3578 2597 3666 2666 (C.

2010 2678 2294 2750 LXXVII.)
2322 2681 2416 2737 Hae
2440 2689 2580 2740 sunt
2627 2702 2760 2755 ergo
2784 2687 2940 2741 feriae
2979 2687 3208 2742 Domini
3241 2692 3476 2755 senctaa,
3519 2703 3673 2757 quas

2014 2768 2304 2824 celebrare
2335 2771 2559 2828 debetis
2614 2775 2977 2845 temporibus
3009 2775 3154 2830 suis.
3199 2775 3399 2831 Mense
3455 2775 3671 2846 primo,

2015 2861 2226 2926 quarta
2245 2857 2474 2916 decima
2498 2861 2592 2917 die
2624 2864 2849 2918 mensis
2881 2865 2951 2918 ad
3007 2880 3315 2934 vesperum
3348 2863 3531 2919 Phase
3561 2863 3672 2918 Do-

2017 2945 2161 3000 mini
2193 2952 2301 3012 est,
2334 2954 2390 3003 et
2421 2950 2630 3020 quinta
2652 2951 2880 3007 decima
2925 2952 3019 3008 die
3068 2951 3290 3007 mensis
3341 2952 3543 3021 hujus,
3577 2967 3676 3006 so-

2020 3034 2292 3091 lemnitas
2325 3054 2665 3110 azymorum
2739 3041 2968 3096 Domini
3017 3046 3124 3096 est.
3179 3044 3411 3112 Septem
3466 3040 3676 3095 diebus

2020 3139 2220 3193 azyma
2252 3128 2587 3184 comedetis.
2617 3130 2748 3184 Dies
2773 3131 2999 3200 primus
3029 3131 3141 3185 erit
3170 3129 3335 3185 vobis
3358 3128 3679 3185 celeberri-

2023 3227 2155 3272 mus
2187 3221 2547 3287 sanctusque
2582 3235 2593 3271 :
2631 3234 2804 3273 omne
2863 3236 3010 3290 opus
3061 3217 3270 3274 servile
3301 3235 3415 3274 non
3448 3216 3681 3273 facietis

2028 3310 2086 3364 in
2120 3324 2179 3362 eo
2211 3307 2292 3376 (b.
2329 3323 2443 3361 non
2492 3305 2712 3376 habet),
2749 3307 2847 3362 sed
2906 3307 3162 3362 otl‘eretis
3203 3305 3559 3362 sacriﬁcium
3618 3305 3680 3360 in

2026 3397 2160 3470 igne
2186 3395 2428 3451 Domino
2475 3400 2701 3466 septem
2762 3394 2990 3451 diebus.
3051 3397 3133 3468 (C.
3197 3395 3511 3454 LXXVIII.)
3547 3394 3683 3450 Dies

2028 3491 2226 3542 autem
2248 3484 2538 3556 septimus
2574 3483 2684 3539 erit
2729 3485 3012 3540 celebrior
3043 3491 3099 3540 et
3120 3483 3680 3549 sanctior,nullum-

2027 3593 2142 3647 que
2178 3573 2385 3630 servile
2431 3589 2578 3642 cpus
2636 3573 2867 3629 facietis
2899 3574 3097 3644 (Vulg.
3153 3574 3280 3630 add.
3313 3574 3374 3629 in
3405 3575 3514 3644 eo).
3577 3574 3688 3629 Lo-

2025 3670 2316 3734 cutusque
2349 3665 2439 3717 est
2481 3662 2758 3717 Dominus
2790 3664 2859 3718 ad
2881 3667 3100 3731 Mosen,
3158 3663 3388 3718 dicens:
3431 3662 3688 3732 Loquere

2028 3753 2168 3808 filiis
2204 3751 2400 3817 Israel,
2434 3756 2489 3805 et
2515 3753 2673 3806 dices
2698 3753 2768 3806 ad
2802 3768 2940 3806 eos:
2979 3755 3124 3807 Cum
3166 3751 3420 3823 ingressi
3455 3750 3684 3805 fueritis

2029 3847 2270 3909 terram,
2303 3857 2480 3912 quam
2510 3857 2615 3910 ego
2657 3841 2806 3895 dabo
2828 3841 3010 3907 vobis,
3047 3845 3105 3895 et
3128 3839 3495 3897 messueritis
3521 3854 3688 3910 sege-

2030 3932 2171 3996 tem,
2205 3929 2399 3985 feretis
2433 3928 2764 4000 manipulos
2795 3928 3116 4000 spicarum,
3151 3929 3445 4000 primitias
3476 3929 3688 3983 messis

2031 4024 2255 4085 vestrae,
2289 4019 2358 4072 ad
2377 4018 2743 4074 sacerdotem
2770 4035 2782 4074 :
2805 4020 2905 4088 qui
2937 4017 3182 4073 elevabit
3207 4017 3553 4073 fasciculum
3585 4033 3684 4072 co-

2036 4125 2158 4163 ram
2188 4107 2456 4172 Domino,
2509 4111 2573 4161 ut
2631 4105 2987 4176 acceptabile
3038 4106 3114 4160 sit
3158 4123 3260 4177 pro
3291 4106 3476 4175 vobis,
3517 4105 3695 4160 altero

2042 4197 2134 4251 die
2155 4195 2414 4262 Sabbati,
2449 4201 2505 4250 et
2535 4194 2928 4250 sanctificabit
2960 4194 3149 4250 illum.
3179 4199 3370 4266 Atque
3400 4193 3459 4249 in
3493 4195 3697 4249 eodem

2039 4286 2131 4339 die
2158 4301 2272 4354 quo
2298 4285 2642 4354 manipulus
2664 4290 3063 4348 consecratur,
3089 4284 3341 4339 caedetur
3363 4300 3551 4355 agnus
3581 4283 3696 4337 im-

2042 4375 2396 4438 maculatus,
2432 4372 2745 4427 anniculus
2790 4373 2846 4427 in
2900 4373 3308 4428 holocaustum
3347 4371 3595 4428 Domini.
3629 4375 3702 4427 Et

2043 4463 2366 4527 libamenta
2413 4463 2732 4517 olferentur
2761 4479 2893 4516 cum
2915 4478 3006 4526 eo,
3042 4463 3170 4516 duae
3215 4461 3474 4517 decinnaa
3506 4459 3694 4516 sinilze

2039 4568 2363 4622 conspersa:
2393 4551 2518 4606 oleo
2549 4549 2608 4604 in
2669 4550 2974 4606 incensum
3030 4551 3284 4617 Domini,
3337 4550 3699 4619 odoremque

274 4631 368 4681 θυι
426 4627 727 4691 scabiem,
787 4627 871 4680 νθί
907 4626 1334 4697 impetiginem,
1371 4642 1485 4680 οοη
1557 4625 1811 4680 “feretis
1868 4641 1933 4678 θη
1966 4621 2010 4685 D
2045 4621 2462 4695 suavissimum
2501 4657 2511 4692 :
2546 4639 2664 4693 liba
2697 4656 2929 4710 quoque
2975 4641 3115 4708 vini,
3159 4643 3372 4711 quarta
3411 4655 3546 4710 pars
3575 4637 3704 4692 hin.

283 4717 550 4782 Domino,
580 4732 777 4786 neque
808 4714 1115 4770 adolebitis
1155 4732 1222 4769 ex
1247 4714 1332 4769 eis
1383 4729 1560 4784 super
1609 4714 1789 4768 altare
1836 4713 1940 4767 Do-

282 4804 438 4860 mini.
477 4807 702 4860 Bovem
755 4809 812 4859 et
858 4820 1024 4858 ovem
1086 4820 1223 4858 aure
1269 4808 1328 4857 et
1359 4804 1547 4858 cauda
1601 4802 1941 4873 amputatis,

281 4893 618 4949 voluntarie
653 4893 856 4948 offerre
908 4896 1072 4963 potes
1105 4893 1187 4964 [h.
1240 4893 1444 4947 bovem
1505 4896 1562 4947 et
1600 4907 1786 4960 ovem,
1820 4907 1946 4961 quae

280 4983 645 5052 generaliter
712 4981 844 5052 plus
909 4981 1173 5036 minusve
1247 4980 1541 5047 habuerit,
1620 4978 1950 5035 voluntarie

281 5072 488 5126 offerre
525 5070 749 5143 potes,]
768 5075 966 5126 votum
1000 5076 1195 5126 autem
1221 5087 1288 5125 ex
1311 5070 1402 5124 bis
1427 5069 1570 5124 solvi
1593 5087 1706 5124 non
1743 5072 1949 5140 potest.

286 5160 466 5218 Omne
502 5159 736 5217 animal
780 5161 936 5232 quod
996 5159 1080 5217 vel
1133 5159 1422 5227 contritis,
1453 5159 1540 5214 vel
1601 5159 1816 5227 tunsis,
1865 5155 1954 5213 vel

283 5253 454 5307 sectis
479 5250 829 5320 ablatisque
849 5249 1138 5306 testiculis
1155 5254 1270 5314 est,
1286 5267 1399 5304 non
1420 5249 1670 5304 oﬂ‘eretis
1693 5247 1956 5303 Domino:

285 5355 339 5404 et
367 5350 426 5404 in
463 5356 642 5404 terra
673 5352 864 5403 vestra
886 5348 994 5403 hoc
1025 5347 1265 5403 omnino
1291 5364 1363 5402 ne
1387 5347 1633 5402 faciatis.
1666 5352 1746 5401 De
1780 5363 1956 5400 manu

288 5439 651 5511 alienigenas
686 5453 796 5492 non
831 5436 1085 5491 offeratis
1105 5453 1286 5507 panes
1308 5436 1422 5492 Deo
1453 5442 1666 5504 vestro,
1699 5441 1755 5490 et
1785 5434 1960 5506 quid-

289 5528 428 5600 quid
467 5525 644 5584 aliud
676 5525 809 5581 dare
837 5524 1127 5580 voluerit:
1174 5525 1312 5596 quia
1357 5531 1631 5597 corrupta
1672 5524 1963 5580 maculata

293 5624 432 5672 sunt
466 5615 716 5684 omnia,
747 5632 859 5671 non
894 5613 1231 5686 suscipiatis
1262 5631 1331 5670 ea
1353 5615 1433 5684 (h.
1466 5615 1544 5670 De
1560 5631 1736 5670 manu
1759 5613 1964 5669 alieni-

297 5721 458 5780 genas
497 5720 631 5761 non
694 5703 945 5761 otferetis
997 5720 1178 5776 panes
1225 5707 1343 5760 Deo
1374 5707 1562 5760 vestro
1589 5703 1658 5758 de
1688 5702 1966 5759 omnibus

2046 4735 2292 4794 Panem,
2327 4732 2385 4782 et
2417 4727 2732 4798 polentam,
2768 4734 2825 4782 et
2858 4728 3050 4798 pultes
3096 4729 3171 4799 (b.
3210 4728 3418 4800 spicam
3446 4729 3710 4793 teneram)

2054 4837 2168 4874 non
2201 4817 2522 4873 comedetis
2549 4833 2618 4871 ex
2649 4822 2865 4888 segete.
2902 4834 3089 4890 usque
3112 4819 3182 4872 ad
3213 4819 3392 4889 diem,
3427 4834 3545 4889 qua
3575 4816 3713 4873 oil‘e-

2058 4907 2196 4963 retis
2227 4923 2290 4959 ex
2317 4923 2383 4960 ea
2416 4905 2531 4960 Deo
2563 4910 2776 4960 vestro.
2814 4906 3175 4977 Praeceptum
3208 4912 3266 4962 et
3288 4907 3715 4978 sempiternum

2059 4997 2119 5052 in
2152 4995 2650 5068 generationibus,
2702 4996 3050 5067 cunctisque
3099 4995 3452 5052 habitaculis
3487 4996 3718 5051 vestris.

2062 5085 2460 5140 Numerabitis
2485 5100 2622 5154 ergo
2654 5085 2725 5138 ab
2759 5083 2940 5140 altero
2971 5084 3063 5140 die
3097 5085 3359 5153 Sabbati,
3393 5086 3449 5139 in
3477 5101 3591 5155 quo
3622 5083 3720 5138 ob-

2065 5174 2289 5230 tulistis
2322 5173 2688 5243 manipulum
2715 5173 3132 5244 primitiarum,
3159 5181 3382 5245 septem
3404 5173 3722 5227 hebdoma-

2067 5265 2171 5320 das
2187 5262 2613 5332 plenas,usque
2633 5262 2700 5315 ad
2729 5261 2969 5318 alteram
3015 5263 3168 5319 diem
3209 5261 3552 5334 expletionis
3574 5261 3723 5316 heb-

2069 5353 2336 5408 domadas
2367 5349 2656 5421 septimm,
2683 5351 2737 5404 id
2773 5355 2881 5416 est,
2915 5351 3342 5422 quinquaginta
3375 5337 3519 5417 dies,
3553 5355 3610 5405 et
3639 5349 3726 5404 sic

2071 5440 2326 5497 oII‘eretis
2351 5438 2708 5494 sacrificium
2727 5455 2944 5495 novum
2963 5440 3208 5496 Domino
3233 5457 3300 5495 ex
3321 5439 3596 5494 omnibus
3626 5438 3728 5494 ha-

2071 5529 2348 5586 bitaculis
2408 5529 2642 5596 vestris,
2692 5544 2873 5599 panes
2906 5529 3302 5600 primitiarum
3344 5527 3492 5582 duos
3521 5528 3600 5594 (h.
3660 5543 3729 5584 ex

2074 5617 2434 5673 habitaculis
2449 5617 2661 5673 vestris
2675 5617 2931 5672 offeratis
2948 5633 3128 5687 panes
3143 5615 3535 5688 primitiarum
3560 5616 3731 5689 duos)

2075 5708 2145 5764 de
2175 5707 2404 5762 duabus
2435 5705 2679 5761 decimis
2701 5705 2910 5760 simila:
2936 5707 3318 5776 fermentata,
3345 5721 3493 5777 quos
3516 5721 3732 5777 coque-
