4068 6172
393 350 500 404 367
1428 351 1486 402 8.
1531 349 1932 404 HIERONYMI
1970 352 2222 405 DIVINA
2258 352 2756 406 BIBLIOTHECA.
3697 352 3802 408 368

397 475 476 530 tis
507 475 564 529 in
593 474 880 548 primitias
916 471 1168 533 Domini.
1193 475 1576 546 Oﬁ'eretisque
1616 490 1746 529 cum
1793 473 2046 546 panibus
2076 474 2128 542 Α
2161 474 2386 531 arboris
2442 474 2869 546 pulcherrimae,
2905 474 3290 547 spatulasque
3334 475 3688 548 palmarum,
3749 485 3807 534 et

403 571 629 636 septem
663 582 842 638 agnos
874 566 1286 622 immaculatos
1327 565 1660 636 anniculos,
1694 569 1750 619 et
1801 563 2048 622 vitulum
2159 580 2352 618 ramos
2387 564 2530 634 ligni
2565 565 2882 618 densarum
2917 565 3235 634 frondium,
3267 571 3316 620 et
3345 565 3554 622 salices
3582 571 3652 622 de
3686 571 3804 622 tor-

403 653 475 708 de
504 662 766 711 armento
795 672 997 725 unum,
1028 662 1085 711 ut
1115 656 1324 710 arietes
1355 655 1525 725 duos,
1559 660 1616 709 et
1647 659 1817 710 erunt
1849 656 1908 710 in
1942 655 2047 710 ho-
2158 657 2341 717 rente,
2374 658 2430 706 et
2452 652 2726 707 laztamini
2749 669 2942 708 coram
2981 653 3224 709 Domino
3259 654 3368 710 Deo
3399 660 3612 710 vestro.
3645 655 3804 711 Gele-

404 741 730 799 locaustum
765 761 897 799 cum
933 744 1269 800 libamentis
1301 746 1446 811 suis,
1480 744 1536 798 in
1557 745 1794 799 odorem
1827 743 2049 798 suavis-
2159 741 2524 812 brabitisque
2555 740 2988 797 solemnitatem
3022 743 3150 812 ejus
3207 748 3430 814 septem
3464 743 3672 800 diebus
3705 761 3808 816 per

403 833 621 888 simum
656 833 922 888 Domino.
951 834 1195 889 Facietis
1225 838 1282 888 et
1325 833 1553 888 hircum
1588 833 1671 904 (h.
1715 832 2048 904 caprarum)
2160 847 2402 885 annum.
2440 831 2785 901 Legitimum
2839 831 3264 902 sempiternum
3300 834 3411 887 erit
3456 833 3514 887 in
3558 850 3802 903 genera-

403 939 508 993 pro
554 927 810 994 peccato,
844 924 1111 994 duosque
1160 939 1341 995 agnos
1368 921 1672 978 anniculos
1714 921 1931 977 hostias
1955 939 2050 993 pa-
2160 917 2416 973 tionibus
2449 918 2674 974 vestris.
2708 923 2902 973 Mense
2935 919 3188 990 septimo
3229 921 3373 976 festa
3405 921 3800 992 celebrabitis,

406 1011 1001 1083 cilicorum.Cumque
1033 1011 1340 1068 elevaverit
1371 1029 1467 1067 eos
1490 1011 1760 1067 sacerdos
1791 1027 1922 1065 cum
1947 1027 2047 1082 pa-
2159 1010 2214 1061 et
2246 1006 2586 1062 habitabitis
2623 1007 2677 1060 in
2729 1007 3090 1064 umbraculis
3121 1009 3198 1066 (h.
3259 1010 3678 1084 tabernaculis)
3709 1029 3805 1068 se-

405 1101 583 1155 nibus
616 1101 1011 1172 primitiarum
1037 1117 1229 1157 coram
1262 1100 1530 1170 Domino,
1555 1101 1760 1156 cedent
1783 1100 1840 1153 in
1875 1115 2050 1154 usum
2159 1101 2316 1166 ptem
2351 1097 2579 1152 diebus.
2613 1097 2816 1154 Omnis
2849 1097 2947 1169 qui
2979 1099 3050 1154 de
3079 1115 3286 1168 genere
3308 1105 3398 1156 est
3445 1101 3644 1168 Israel,
3678 1119 3800 1158 ma-

403 1200 533 1270 ejus
577 1199 658 1270 (h.
700 1200 960 1255 sanctitas
1007 1210 1172 1254 ενυηι
1230 1201 1460 1255 Domino
1518 1198 1587 1253 ad
1642 1198 2050 1268 sacerdotem),
2160 1185 2320 1240 nebit
2376 1185 2432 1240 in
2482 1186 2876 1243 tabernaculis
2927 1193 2990 1242 ut
3045 1189 3278 1244 discant
3339 1190 3553 1261 posteri
3630 1193 3807 1248 vestri

403 1289 471 1342 Et
501 1287 780 1344 vocamus
811 1288 968 1344 hunc
1000 1289 1150 1343 diem
1205 1287 1647 1344 celeberrimum
1709 1293 1884 1358 atque
1915 1303 2048 1342 san-
2161 1278 2313 1346 quod
2351 1276 2406 1330 in
2439 1277 2834 1332 tabernaculis
2881 1277 3146 1333 habitare
3179 1280 3414 1335 fecerim
3448 1280 3598 1337 ﬁlios
3627 1283 3806 1338 Israel

404 1378 739 1432 ctissimum
775 1395 788 1433 :
836 1395 1008 1433 omne
1039 1395 1186 1450 opus
1215 1377 1423 1433 servile
1457 1394 1571 1432 non
1595 1377 1817 1431 facietis
1853 1376 1908 1430 in
1961 1394 2010 1431 θ(

2198 1381 2291 1418 um
2324 1365 2628 1421 educerem
2661 1382 2758 1421 eos
2791 1367 2860 1422 de
2891 1372 3042 1421 terra
3090 1368 3334 1439 Egypti.
3368 1369 3485 1438 Ego
3522 1371 3804 1428 Dominus

408 1475 756 1548 Legitimum
772 1477 1196 1547 sempiternum
1219 1476 1332 1530 erit
1355 1475 1412 1529 in
1428 1475 1654 1530 cunctis
1675 1474 2014 1528 habitaculi:

2201 1469 2314 1507 iens
2345 1459 2550 1508 vester.
2570 1454 2936 1525 Locutusque
2953 1461 3042 1510 est
3064 1457 3252 1512 Moses
3276 1474 3452 1529 super
3472 1459 3807 1516 solemnita-

404 1573 459 1620 et
483 1541 967 1637 generationibus
984 1565 1213 1620 vestris.
1239 1565 1550 1635 Postquam
1579 1569 1771 1618 autem
1798 1579 2050 1618 messue-
2162 1541 2322 1596 tibus
2353 1541 2587 1598 Domini
2611 1543 2681 1598 ad
2717 1542 2868 1598 θίίοδ
2905 1545 3099 1601 Israel-

406 1656 537 1711 ritis
568 1661 825 1727 segetem
857 1654 938 1725 (h.
971 1656 1183 1708 Etcum
1209 1652 1547 1708 messueritz's
1578 1652 1855 1722 segetem)
1886 1657 2050 1706 terra
2233 1669 2309 1723 (ρ,
2346 1668 2568 1733 LXXX,
2603 1669 2730 1740 σαρ,
2776 1668 2992 1740 XXIV),
3035 1673 3100 1726 Et
3127 1671 3357 1726 ιοουιυε
3406 1682 3490 1727 εει
3523 1673 3810 1733 Dominus

403 1749 626 1811 vestrae,
663 1760 777 1798 non
830 1743 1104 1798 secabitis
1158 1758 1284 1797 eam
1321 1758 1508 1814 usque
1549 1744 1618 1797 ad
1679 1741 1912 1796 solum:
1950 1757 2009 1795 ne

2207 1757 2231 1810 Li
2267 1757 2487 1824 Mosen,
2521 1757 2720 1812 dicens
2755 1774 2768 1812 :
2807 1757 3055 1829 Praecipe
3079 1759 3215 1814 filiis
3246 1761 3444 1828 Israel,
3475 1766 3537 1817 ut
3566 1764 3813 1820 afferant

405 1837 776 1889 remanentes
803 1832 994 1904 spicas
1026 1830 1335 1902 colligetis,
1361 1832 1461 1886 sed
1487 1832 1841 1902 pauperibus
1873 1835 1930 1885 et
1962 1847 2011 1901 pt

2199 1846 2263 1899 .bi
2295 1845 2486 1900 oleum
2538 1847 2608 1900 de
2639 1845 2805 1900 olivis
2865 1847 3274 1919 purissimum,
3307 1867 3372 1904 ac
3415 1850 3698 1919 lucidum,
3734 1854 3805 1909 ad

405 1922 654 1994 regrinis
686 1922 993 1977 dimittetis
1011 1939 1125 1976 eas.
1158 1922 1274 1993 Ego
1307 1937 1436 1976 sum
1467 1921 1749 1975 Dominus
1774 1920 1926 1975 Deus
1957 1937 2011 1975 ve

2203 1935 2596 1990 ancinnandas
2629 1934 2898 1990 lucernas
2922 1935 3166 2008 jugiter,
3220 1942 3381 1994 extra
3409 1939 3601 1995 velum
3635 1943 3809 1998 testi-

402 2016 541 2066 ster.
577 2013 655 2082 (Τ.
690 2010 812 2077 XV,
843 2014 905 2065 C-
939 2009 1194 2076 ΙΑΧΧΙΧο)
1231 2012 1593 2079 Locutusque
1636 2014 1723 2063 θεῖ
1771 2009 2051 2064 Dominus
2160 2023 2339 2076 monii
2365 2024 2420 2076 in
2454 2023 2828 2080 tabernaculo
2850 2025 3081 2081 foederis
3111 2026 3191 2092 (h.
3230 2029 3593 2097 testimonii).
3628 2035 3812 2087 Ponet

404 2101 473 2154 ad
506 2104 724 2166 M08611,
757 2099 990 2154 dicens:
1023 2098 1282 2169 Loquere
1313 2097 1448 2152 ﬁliis
1485 2097 1670 2187 ismei
1695 2116 1710 2187 ἕ
1731 2097 1926 2153 Mense
1957 2114 2049 2152 80"
2158 2125 2257 2166 eas
2278 2113 2468 2165 Aaron
2496 2127 2787 2182 avespere
2819 2113 3078 2184 usquein
3107 2131 3277 2170 mane
3306 2133 3500 2172 coram
3532 2118 3806 2187 Domino,

403 2189 608 2259 ptimo,
645 2187 833 2259 prima
856 2188 948 2242 die
980 2187 1224 2251 mensiS,
1257 2187 1367 2241 erit
1385 2187 1550 2241 vobis
1583 2186 1903 2241 Sabbatum
1931 2202 2048 2241 [ηε-
2158 2200 2316 2254 cultu
2347 2199 2574 2270 rituque
2599 2207 2875 2272 perpetuo
2903 2204 2960 2256 in
2984 2205 3461 2274 generationibus
3478 2208 3684 2262 vestris
3702 2186 3806 2263 su;

403 2277 670 2343 moriale,
691 2275 1099 2347 clangentibus
1131 2275 1311 2341 tubis,
1343 2279 1399 2329 et
1428 2276 1729 2330 vocabitur
1759 2283 2050 2331 sanctum:
2159 2305 2261 2360 per
2283 2288 2696 2344 candelabrum
2718 2291 3175 2347 mundissimum
3197 2297 3810 2368 ponen'tursemperin

405 2383 578 2421 omne
610 2383 758 2438 opus
789 2366 997 2421 δοτνίιθ
1030 2383 1145 2421 non
1177 2366 1397 2421 faeieti3
1420 2366 1478 2420 in
1512 2366 1657 2436 ϐουλε
1689 2383 1801 2421 non
1835 2366 2052 2437 habet):
2159 2382 2470 2448 conspectu
2507 2379 3039 2451 Domini.Accipies
3062 2397 3296 2452 quoque
3319 2383 3600 2451 similam,
3633 2366 3688 2440 et
3711 2402 3812 2441 co-

405 2459 462 2510 et
492 2455 746 2546 oti‘eretis
779 2453 1204 2546 holocaustum
1254 2455 1512 2546 Domino.
1551 2455 1916 2546 Locutusque
1956 2462 2054 2546 est
2160 2482 2304 2538 quos
2331 2482 2398 2520 ex
2428 2483 2495 2522 ea
2525 2468 2833 2524 duodecim
2870 2486 3049 2540 panes
3078 2471 3156 2530 (h.
3209 2473 3530 2546 placentas),
3555 2475 3651 2546 qui
3683 2476 3813 2530 sin-

406 2545 691 2600 Dominue
721 2544 792 2599 ad
820 2548 1040 2615 Mosen,
1063 2545 1301 2600 dicens:
1339 2545 1569 2599 Ι)θοὶωο
1592 2544 1685 2600 die
1706 2546 1923 2601 melleis
1951 2545 2052 2602 hu-
2159 2555 2279 2626 guli
2299 2555 2600 2610 habebunt
2621 2557 2769 2612 duas
2792 2558 3054 2614 decimas
3087 2577 3099 2614 :
3127 2577 3377 2631 quorum
3403 2544 3586 2619 senos
3608 2563 3815 2619 altrin-

397 2635 502 2706 jus
533 2633 790 2705 septimi,
823 2633 947 2688 dies
963 2634 1359 2704 expiationum
1391 2633 1499 2689 erit
1529 2632 1965 2702 celeberrimus,
1998 2641 2056 2690 et
2160 2661 2329 2699 secus
2360 2661 2536 2715 super
2567 2660 2829 2701 mensam
2861 2649 3268 2718 purrissimam
3313 2667 3504 2706 coram
3567 2653 3814 2709 Domino

405 2724 710 2780 vocabitur
742 2726 981 2778 sanctus
1016 2721 1442 2794 :aﬂligetisque
1477 2724 1704 2778 animas
1739 2728 1960 2778 vestras
1992 2724 2050 2778 in
2158 2737 2402 2799 statues,
2433 2739 2489 2788 et
2521 2750 2697 2804 pones
2733 2753 2909 2806 super
2933 2754 3030 2791 eos
3087 2737 3225 2792 thus
3259 2737 3716 2809 lucidissimum,
3749 2746 3816 2796 ut

404 2827 491 2879 eo,
525 2815 582 2866 et
638 2809 893 2866 oﬂ'eretis
924 2809 1329 2867 holocaustum
1387 2811 1654 2867 DomiDO-
1690 2811 1872 2867 Omne
1905 2829 2051 2884 opus
2161 2821 2237 2876 sit
2265 2821 2372 2891 (h.)
2403 2823 2535 2892 pani
2559 2823 2616 2878 in
2645 2825 3071 2880 monimentum
3096 2827 3408 2883 oblationis
3429 2829 3678 2885 Domini.
3705 2835 3818 2886 Per

403 2899 594 2970 (Vulg,
626 2900 776 2962 add.)
808 2900 1056 2970 servile)
1091 2917 1205 2956 non
1256 2901 1480 2956 facietis
1512 2901 1572 2955 in
1633 2907 1893 2972 tempore
1936 2901 2052 2957 diei
2160 2910 2394 2981 singula
2440 2911 2693 2968 sabbata
2751 2915 3249 2988 mutabuntur(h.
3307 2919 3813 2990 praeparabantur)

404 2991 582 3061 hujus
617 3008 630 3045 :
667 2990 807 3061 quia
838 2991 964 3045 dies
997 2990 1431 3061 propitiationis
1466 2996 1575 3060 est,
1609 2998 1674 3045 ut
1705 2991 2052 3061 propitiatur
2159 3016 2354 3056 coram
2399 2999 2642 3056 Domino
2675 3004 2928 3074 suscepti
2963 3021 2995 3058 a
3027 3005 3162 3060 filiis
3194 3005 3366 3071 Israel
3390 3008 3601 3064 fmdere
3653 3026 3812 3065 sem-

400 3079 569 3134 VObie
630 3079 911 3133 Dominus
965 3078 1120 3132 Deus
1162 3085 1368 3133 νεεῑΘΓ-
1431 3079 1637 3134 Omnis
1669 3081 1888 3144 anima,
1924 3096 2051 3149 quae
2159 3087 2386 3158 piterno
2409 3106 2426 3141 :
2458 3098 2745 3162 eruntque
2765 3097 2951 3146 Aaron
2986 3097 3044 3147 et
3067 3092 3315 3149 filiorum
3363 3096 3492 3165 ejus
3525 3102 3589 3152 ut
3621 3113 3812 3154 come-

406 3165 764 3277 aﬂ'licta‘non
815 3166 1004 3265 fuerit.
1031 3167 1087 3220 in
1135 3167 1227 3277 die
1272 3167 1408 3266 hoc,
1437 3167 1653 3277 peribit
1695 3168 1780 3277 Ade
1820 3167 2050 3277 populis
2081 3213 2123 3277 Ο
2159 3177 2304 3232 dant
2325 3193 2424 3232 eos
2455 3178 2510 3231 in
2545 3177 2668 3234 loco
2699 3183 2901 3235 sancto
2930 3197 2942 3233 :
2967 3183 3106 3252 quia
3161 3183 3440 3239 Sanctum
3471 3192 3812 3243 sanctorum

409 3255 554 3345 suis,
601 3261 656 3310 et
689 3272 816 3345 quae
849 3255 1041 3345 operis
1081 3256 1384 3327 quidpiam
1436 3257 1655 3345 fecerit,
1688 3257 1888 3312 delebo
1921 3273 2048 3311 eam
2082 3255 2123 3277 υ
2163 3267 2353 3320 estde
2394 3266 2698 3322 sacrificiis
2759 3269 2983 3324 Domini
3015 3271 3148 3338 jure
3208 3278 3510 3344 perpetuo.
3545 3275 3634 3341 (T.
3660 3274 3814 3345 XVI,

412 3344 484 3398 de
539 3344 753 3416 populo
785 3344 1108 3434 suoaNihil
1141 3360 1274 3414 ergo
1297 3345 1488 3434 operis
1523 3344 1745 3400 iacietis
1777 3347 1835 3400 in
1865 3361 1924 3400 eo
1974 3345 2050 3414 (h.
2164 3359 2225 3410 Β,
2258 3353 2400 3422 XIV,
2445 3355 2506 3410 C,
2565 3355 2835 3428 LXXXI.)
2865 3358 3009 3414 Ecce
3067 3365 3262 3415 autem
3324 3377 3596 3434 egressus
3657 3344 3815 3419 ﬁlius

413 3451 523 3489 non
558 3434 788 3505 habet):
831 3432 1160 3505 legitimum
1194 3433 1618 3504 sempiternum
1663 3435 1773 3489 erit
1804 3435 2051 3490 vobisin
2163 3445 2429 3501 mulieris
2509 3445 2875 3517 Israelitidis,
2962 3465 3136 3518 quem
3211 3432 3451 3522 peperat
3537 3454 3608 3508 de
3690 3455 3816 3510 viro

414 3523 642 3579 cunctis
701 3523 1180 3594 generationibus
1233 3532 1286 3578 et
1314 3523 1779 3578 habitationibus
1823 3525 2049 3579 vestris.
2161 3535 2424 3606 Λζεγριίο
2455 3535 2606 3590 inter
2649 3535 2802 3590 filios
2837 3536 3036 3606 Israel,
3060 3539 3338 3609 jar-gntus
3370 3546 3458 3594 est
3509 3543 3565 3595 in
3600 3543 3816 3598 castris

401 3622 728 3678 Sabbatum
761 3620 1138 3692 requietionis
1169 3628 1280 3687 est,
1315 3627 1370 3677 et
1401 3621 1651 3692 aﬂigetis
1682 3622 1911 3677 animas
1953 3639 2050 3678 ve~
2159 3639 2292 3677 cum
2327 3623 2444 3678 viro
2478 3623 2757 3679 Israelita.
2792 3624 3052 3697 Cumque
3084 3627 3553 3698 blasphemasset
3591 3647 3806 3686 nomen

398 3717 551 3768 stras
582 3711 675 3766 die
713 3727 863 3766 nono
896 3711 1112 3766 mensis
1145 3729 1174 3765 a
1217 3727 1458 3781 vespera
1489 3728 1672 3781 usque
1705 3710 1784 3782 (h.
1824 3712 2048 3783 atilige-
2161 3711 2280 3778 Dei,
2313 3718 2370 3767 et
2424 3712 2824 3768 maledixisset
2871 3713 2921 3768 ei
2951 3714 3033 3784 (h.
3068 3716 3179 3771 Non
3221 3717 3382 3772 habet
3414 3718 3510 3772 Dei
3565 3734 3664 3775 nec
3711 3721 3811 3791 ei),

394 3802 471 3856 tis
503 3801 737 3857 animas
758 3804 967 3856 vestras
998 3800 1090 3854 die
1124 3816 1276 3855 nona
1306 3801 1515 3854 mensis
1562 3801 1633 3854 ad
1667 3817 1992 3871 vesperam,
2016 3819 2050 3856 a
2159 3802 2449 3856 adductus
2481 3807 2570 3856 est
2601 3802 2668 3855 ad
2729 3801 2927 3857 Mosen
2967 3805 3316 3870 (vocabatur
3373 3811 3565 3862 autem
3623 3813 3814 3864 mater

390 3906 632 3962 vespera
662 3890 852 3961 usque)
913 3889 984 3944 ad
1032 3905 1335 3959 vesperam
1394 3889 1766 3944 celebrabitis
1797 3891 2049 3946 Sabbata
2158 3891 2284 3959 ejus
2329 3889 2658 3960 Solomith),
2687 3890 2806 3946 {ilia
2837 3891 2996 3946 Dibri
3029 3895 3095 3947 de
3120 3895 3273 3949 tribu
3324 3896 3465 3950 Dan.
3501 3895 3814 3952 Misernnt-

393 3984 608 4035 vestra.
642 3983 710 4033 Et
739 3976 971 4034 locutus
1002 3982 1092 4034 est
1131 3979 1417 4034 Dominus
1451 3980 1522 4032 ad
1555 3983 1772 4046 Mosen,
1806 3979 2044 4044 dicens;
2159 3995 2272 4051 que
2301 3996 2436 4034 eum
2469 3980 2526 4034 in
2564 3993 2878 4046 carcerem,
2911 3980 3090 4036 donec
3141 3989 3384 4038 nossent
3442 3985 3582 4055 quid
3628 3985 3807 4055 jube-

388 4071 656 4142 Loquere
687 4068 826 4124 filiis
876 4068 1092 4124 Israel:
1127 4075 1173 4120 A
1205 4069 1414 4139 quinto
1441 4069 1668 4124 decimo
1701 4069 1793 4123 die
1829 4069 2047 4123 mensis
2157 4075 2244 4123 ret
2277 4068 2576 4122 Dominus.
2636 4068 2743 4131 Qui
2779 4068 3009 4124 locutus
3053 4075 3144 4126 est
3181 4072 3251 4126 ad
3303 4072 3524 4141 Mosen,
3561 4074 3807 4131 dicens:

385 4159 568 4230 hujus
590 4158 828 4228 septimi
861 4163 1035 4214 erunt
1084 4158 1238 4213 ferias
1290 4158 1758 4213 taberaculorum
1819 4163 2043 4228 septem
2156 4159 2314 4213 Educ
2346 4157 2753 4228 blasphemum
2789 4163 2950 4212 extra
2978 4165 3189 4231 castra,
3223 4165 3281 4216 et
3328 4167 3549 4233 ponant
3576 4179 3814 4232 omnes,

386 4249 596 4302 diebus
617 4247 891 4302 Domino.
925 4247 1060 4302 Dies
1085 4247 1313 4318 primus
1332 4248 1610 4302 vocabtur
1632 4245 2044 4302 celeberrimus
2155 4248 2250 4319 qui
2285 4245 2620 4313 audierunt,
2646 4263 2858 4302 manus
2909 4265 3048 4303 suas
3107 4267 3285 4318 super
3331 4258 3508 4322 caput
3563 4253 3712 4322 ejus,
3749 4261 3816 4308 et

387 4341 562 4406 atque
602 4336 1056 4391 sanctissimus:
1088 4352 1259 4390 omne
1309 4353 1457 4407 opus
1489 4334 1695 4391 servile
1728 4353 1837 4390 non
1877 4335 2046 4391 facie-
2153 4335 2370 4407 lapidet
2399 4351 2529 4390 eum
2563 4340 2816 4407 populus
2855 4337 3186 4394 universus.
3220 4340 3290 4394 Et
3321 4341 3390 4395 ad
3427 4341 3600 4410 ifilios
3629 4341 3811 4398 Israel

384 4425 461 4482 tis
497 4426 554 4481 in
585 4442 644 4482 eo
676 4427 759 4495 (h.
786 4443 900 4482 non
935 4425 1154 4494 habet).
1187 4427 1256 4481 Et
1287 4433 1512 4497 septem
1549 4427 1755 4482 diebus
1789 4427 2041 4483 offeretis
2151 4423 2407 4495 loqueris
2441 4441 2453 4478 :
2482 4428 2691 4494 Homo,
2722 4425 2820 4495 qui
2879 4425 3248 4482 maledixerit
3293 4429 3409 4484 Deo
3442 4445 3571 4499 suo,
3605 4434 3810 4502 porta-

384 4515 729 4571 holocausta
761 4517 1038 4582 Domino;
1064 4516 1187 4571 dies
1219 4531 1448 4587 quoque
1471 4521 1711 4570 octavus
1743 4516 1849 4570 erit
1887 4517 2036 4572 cele-
2151 4516 2236 4570 bit
2263 4520 2563 4587 peccatum
2593 4531 2790 4579 suum,
2825 4520 2882 4570 et
2913 4517 3011 4587 qui
3048 4517 3544 4588 blasphemaverit
3591 4537 3809 4576 nomen

387 4603 680 4660 berrimus
712 4612 888 4676 atque
919 4605 1350 4670 sanctissimus,
1384 4610 1439 4659 et
1470 4605 1724 4660 oti'erctis
1756 4604 2033 4660 holocau-
2067 4589 2112 4652 D
2143 4604 2395 4671 Domini,
2431 4609 2613 4659 morte
2641 4605 2961 4661 moriatur:
2989 4605 3308 4678 lapidimus
3333 4609 3628 4680 opprimet
3670 4625 3808 4666 eum

382 4699 538 4748 stum
572 4693 872 4750 Domino:
906 4699 995 4749 cst
1040 4694 1197 4748 enim
1259 4699 1445 4748 cmtus
1505 4699 1678 4764 atque
1736 4693 2034 4749 collectae:
2147 4695 2340 4751 omnis
2385 4695 2720 4764 multitudo,
2771 4697 2891 4751 sive
2943 4696 3041 4752 ille
3072 4698 3241 4762 civis,
3287 4699 3408 4754 sive
3460 4700 3810 4772 peregrinus

379 4798 553 4838 omne
584 4799 734 4854 opus
764 4783 970 4838 servile
1003 4799 1116 4838 non
1142 4783 1365 4838 facietis
1392 4783 1447 4836 in
1475 4799 1540 4837 eo
1566 4783 1647 4852 (h.
1677 4799 1788 4838 non
1813 4783 2032 4854 habet).
2146 4785 2338 4840 fuerit.
2373 4784 2477 4851 Qui
2511 4784 3004 4856 blasphemaverit
3053 4803 3264 4842 nomen
3326 4789 3647 4858 Domini(h.
3683 4807 3805 4846 non

380 4879 475 4934 Has
508 4885 650 4934 sunt
683 4880 834 4935 feriae
867 4880 1118 4947 Domini,
1152 4897 1300 4951 quas
1324 4880 1604 4935 vocabitis
1627 4880 2035 4938 celeberrimas
2144 4875 2338 4940 habet,
2376 4873 2656 4944 Domini],
2679 4879 2862 4928 morie
2893 4875 3196 4932 moriatur.
3226 4877 3340 4948 (CV
3377 4877 3663 4947 LXXXII.)
3692 4880 3808 4944 Qui

380 4973 554 5040 atque
585 4969 1016 5034 sanctissimas,
1068 4967 1438 5039 otferetisque
1485 4969 1543 5022 in
1594 4969 1678 5023 eis
1711 4969 2034 5026 oblationes
2143 4963 2518 5034 percusserit,
2549 4967 2606 5018 et
2629 4962 2905 5017 occiderit
2927 4963 3247 5031 hominem,
3285 4972 3471 5022 morte
3495 4967 3806 5024 moriatur.

380 5057 653 5127 Domino,
676 5057 1020 5114 holocausta
1041 5064 1097 5114 et
1117 5057 1622 5127 libamentajuxta
1646 5059 1818 5112 ritum
1838 5059 2036 5114 unius-
2143 5053 2248 5117 Qui
2303 5053 2654 5123 percusserit
2717 5049 2956 5122 animal,
3003 5054 3206 5108 reddat
3258 5056 3570 5121 vicarium,
3599 5056 3655 5111 id
3689 5062 3808 5123 est,

381 5148 666 5217 cujusque
687 5145 803 5201 diei
827 5163 840 5201 :
865 5147 1152 5218 exceptsis
1187 5146 1426 5200 Sabbati
1459 5145 1712 5210 Domini,
1746 5147 2033 5218 donisque
2143 5143 2398 5197 animam
2434 5157 2536 5210 ρνο
2585 5141 2801 5196 enima-
2835 5141 2966 5205 QUi‘
2991 5141 3335 5213 irrogaverit
3357 5144 3642 5200 maculam
3677 5145 3808 5200 cui-

377 5237 611 5302 vestris,
649 5241 707 5292 et
737 5252 864 5307 qua:
923 5236 1176 5291 oﬂ'erctis
1203 5252 1271 5290 ex
1319 5242 1472 5299 voto,
1504 5234 1591 5289 vel
1641 5251 1766 5305 quae
1826 5243 2031 5307 sponte
2143 5231 2286 5286 libet
2333 5229 2542 5284 civium
2604 5245 2847 5285 suorum
2885 5246 2896 5285 :
2933 5230 3087 5285 sicut
3120 5232 3272 5299 fecit,
3314 5233 3399 5288 sic
3431 5234 3533 5288 fiat
3563 5233 3613 5290 ei
3637 5251 3654 5286 :
3682 5233 3807 5288 fra-

381 5324 655 5379 tribuetis
691 5326 953 5380 Domino.
988 5331 1034 5380 A
1067 5324 1272 5395 quinto
1315 5324 1539 5378 decimo
1570 5339 1706 5394 ergo
1739 5324 1832 5379 die
1863 5342 2030 5380 men-
2140 5325 2368 5376 cturam
2404 5335 2503 5388 pro
2551 5319 2828 5385 fractura,
2882 5319 3118 5374 oculum
3153 5337 3256 5392 pro
3311 5321 3501 5389 oculo,
3562 5323 3805 5380 dentem

379 5413 462 5468 sis
483 5414 740 5485 septimi,
773 5416 1010 5485 quando
1042 5413 1536 5485 congregaveritis
1566 5429 1770 5468 omnes
1799 5413 2029 5470 fructus
2138 5428 2243 5483 pro
2283 5411 2456 5463 dente
2506 5407 2794 5472 restituet,
2858 5407 3088 5478 qualem
3145 5409 3422 5465 inﬂixerit
3480 5410 3804 5482 maculam,

375 5507 542 5557 terra:
575 5509 799 5570 vestra},
846 5503 1221 5559 celebrabitis
1281 5503 1454 5556 ferias
1513 5501 1743 5557 Domini
1803 5508 2025 5574 septem
2136 5499 2310 5555 talem
2329 5495 2614 5553 sustinere
2643 5500 2901 5566 cogetur.
2925 5497 3028 5560 Qui
3051 5500 3407 5569 percusserit
3433 5499 3805 5574 jumentnm,

377 5589 605 5645 diebus.
661 5593 756 5647 Dic
791 5593 978 5664 primo
1010 5597 1066 5649 et
1096 5594 1167 5648 de
1219 5596 1419 5647 octavo
1451 5590 1558 5646 erit
1587 5590 1933 5656 Sabbatum,
1969 5592 2023 5648 id
2136 5588 2337 5645 reddet
2369 5584 2550 5640 aliud.
2585 5583 2689 5650 Qui
2740 5586 3096 5655 percusserit
3125 5585 3448 5656 hominem,
3494 5587 3799 5660 punietur.

377 5683 484 5750 est,
517 5679 769 5753 requies.
801 5682 1177 5756 Sumetisque
1207 5680 1370 5739 vobis
1400 5680 1493 5737 die
1549 5678 1739 5752 primo
1799 5681 2026 5740 fructus
2134 5683 2391 5750 Equum
2420 5672 2725 5747 judicium
2759 5673 2836 5731 sit
2891 5674 3045 5732 inter
3099 5691 3225 5747 vos,
3274 5676 3398 5735 sive
3451 5677 3800 5751 peregrinus
