4068 6172
303 339 388 396 369

1665 340 1878 399 LIBER
1915 346 2247 402 LEVITICI.

3557 347 3668 403 370

300 467 394 523 sive
433 463 558 521 civis
609 465 942 534 peccaverit
991 464 1072 538 [h.
1129 467 1365 538 fuerit]:
1420 467 1557 539 quia
1610 486 1716 541 ego
1766 486 1897 525 sum
1930 474 1984 538 Α
2015 477 2276 540 scantur,
2311 473 2496 528 edetis
2527 476 2737 528 vetera.
2771 474 2951 528 Terra
2972 487 3207 544 quoque
3240 489 3353 528 non
3386 473 3673 530 vendetur

304 555 540 612 Dominus
583 553 733 609 Deus
781 559 989 610 vester.
1041 555 1414 627 Locutusque
1461 563 1548 613 est
1599 558 1786 613 Moses
1831 561 1901 614 ad

302 648 422 701 ﬁlios
443 646 700 716 Israe1,et
723 647 1053 702 eduxerunt
1075 655 1233 709 eum.
1252 650 1350 720 qui
1376 649 1904 721 blasphemaverat,

302 742 431 791 extra
456 741 660 802 castra,
695 752 761 790 ac
794 734 1090 806 lapidibus
1121 746 1553 808 oppresserunt.
1594 744 1906 795 Fecerunt-

304 843 389 897 que
416 825 506 880 ﬁlii
538 823 712 880 Israel
748 824 899 880 sicut
935 835 1281 896 praeceperat
1315 827 1596 883 Dominus
1630 829 1795 883 Mosi.

355 915 480 986 (Cap.
512 913 704 975 XXV.)
758 914 1132 985 Locutusque
1167 921 1256 970 est
1285 915 1568 970 Dominus
1599 918 1670 970 ad
1705 917 1903 972 Mosen

300 1003 343 1058 in
386 1007 560 1058 monte
601 1001 784 1066 Sinai,
834 1002 1078 1057 dicens:
1128 1003 1385 1073 Loquere
1439 1003 1574 1058 filiis
1617 1005 1814 1074 Israel,
1848 1013 1906 1062 et

298 1091 424 1146 dices
442 1091 505 1145 ad
525 1107 625 1146 eos
657 1109 668 1146 :
699 1091 941 1154 Quando
965 1091 1211 1164 ingressi
1235 1092 1461 1148 fueritis
1482 1098 1696 1148 terram
1726 1111 1905 1166 quam

298 1197 378 1248 ego
420 1181 556 1234 dabo
607 1179 794 1246 vobis,
848 1180 1171 1236 sabbatizet
1231 1182 1539 1237 sabbatum
1602 1183 1684 1253 [b.
1728 1185 1904 1255 terra]

297 1269 560 1325 Domino‘.
613 1273 719 1324 Sex
769 1269 940 1324 annis
989 1287 1148 1325 seres
1197 1286 1402 1340 agrum
1466 1277 1654 1339 tuum,
1701 1278 1756 1327 et
1806 1290 1906 1328 sex

294 1359 430 1412 annis
445 1358 672 1427 putabis
687 1359 1498 1431 vineam,tuam,colligesque
1514 1361 1738 1415 fructus
1753 1362 1800 1430 ej
1813 1379 1901 1416 us:

291 1447 506 1516 septimo
527 1450 725 1501 autem
753 1463 904 1501 anno
930 1447 1240 1502 sabbatum
1257 1449 1367 1502 erit
1385 1454 1568 1515 terrae,
1596 1451 1906 1520 requietio-

293 1536 367 1589 nis
393 1535 609 1589 Domini
640 1551 652 1590 :
680 1551 886 1607 agrum
913 1552 1024 1591 non
1047 1552 1224 1606 seres,
1252 1543 1308 1591 et
1336 1537 1564 1592 vineam
1597 1555 1710 1593 non
1737 1544 1902 1610 puta-

290 1625 380 1678 bis.
411 1623 532 1687 Qua
570 1629 778 1696 sponte
807 1625 1006 1694 gignet
1033 1624 1272 1694 humus,
1308 1642 1424 1679 non
1458 1631 1661 1695 metes,
1681 1632 1736 1680 et
1763 1643 1903 1681 uvas

292 1713 651 1783 primitiarum
687 1718 919 1768 tuarum
946 1730 1058 1768 non
1086 1713 1324 1785 colliges
1346 1715 1512 1785 quasi
1545 1715 1901 1770 vindemiam

283 1801 350 1868 (h.
377 1805 426 1856 et
455 1819 596 1857 uvas
641 1819 788 1873 quas
819 1803 986 1858 vinea
1016 1811 1204 1873 sponte
1252 1803 1510 1858 attulerit
1539 1821 1649 1858 non
1679 1804 1903 1874 colliges

287 1889 671 1961 vindemiam):
705 1909 897 1946 annus
948 1891 1102 1947 enim
1157 1893 1533 1964 requietionis
1584 1898 1748 1948 terris
1781 1899 1899 1950 est:

283 1979 363 2032 sed
385 1986 544 2034 erunt
567 1980 735 2035 vobis
766 1981 822 2035 in
853 1980 1078 2046 cibum,
1109 1981 1214 2034 tibi
1249 1985 1305 2036 et
1336 1998 1500 2036 servo
1530 1987 1654 2048 tuo,
1681 1982 1903 2037 ancillae

283 2073 375 2121 tuas
399 2074 452 2123 et
472 2069 829 2125 mercenaria
853 2074 972 2135 tuo,
993 2075 1051 2124 et
1072 2071 1306 2126 advenis
1333 2071 1428 2140 qui
1455 2073 1904 2142 peregrinantur

281 2157 406 2222 apud
439 2162 526 2223 te;
573 2158 862 2227 jumentis
907 2159 1024 2214 tuis
1062 2164 1118 2214 et
1166 2161 1495 2231 pecoribus,
1547 2161 1746 2215 omnia
1774 2178 1899 2232 quas

281 2251 591 2313 nascuntur,
636 2248 980 2317 praebebunt
1011 2246 1230 2303 cibum.
1291 2249 1633 2305 Numerabis
1667 2267 1900 2321 quoque

281 2333 363 2386 tibi
392 2342 605 2406 septem
650 2335 976 2391 bebdomad
992 2353 1055 2391 as
1107 2355 1415 2406 annorum,
1450 2339 1504 2393 id
1537 2345 1644 2405 est,
1677 2345 1896 2410 septem

277 2424 478 2493 septies,
511 2441 644 2495 quae
675 2424 851 2480 simul
886 2426 1106 2480 faciunt
1154 2442 1337 2482 annos
1367 2429 1758 2499 quadraginta
1789 2445 1895 2482 no-

278 2525 416 2578 vem;
447 2517 500 2566 et
546 2512 786 2584 clanges
828 2515 1076 2569 buccina
1117 2531 1318 2571 mense
1368 2516 1638 2586 septimo,
1670 2516 1898 2570 decima

277 2599 350 2654 die
378 2603 595 2656 mensis
624 2603 1052 2673 propitiationis
1071 2609 1334 2676 tempore
1359 2605 1416 2659 in
1453 2605 1722 2660 universa
1742 2609 1896 2660 terra

273 2693 449 2744 vestra.
483 2691 1014 2764 Sanctiﬁcabisque
1054 2710 1274 2748 annum
1309 2694 1893 2765 quinquagesimum,

272 2785 316 2831 et
340 2780 558 2835 vocabis
591 2781 999 2836 remissionem
1024 2783 1252 2837 cunctis
1275 2783 1704 2837 habitatoribus
1727 2787 1895 2838 terrae

273 2869 398 2922 tuae:
429 2869 548 2938 ipse
581 2874 675 2925 est
705 2870 859 2926 enim
903 2870 1202 2941 jubilaeus.
1237 2872 1577 2926 Revertatur
1614 2872 1788 2927 homo
1820 2873 1891 2927 ad

272 2960 673 3025 possessionem
697 2977 890 3024 suam,
918 2965 974 3014 et
997 2961 1409 3032 unusquisque
1437 2961 1696 3016 redietnd
1725 2963 1892 3016 fami-

271 3043 379 3098 liam
409 3047 740 3118 pristinam,
776 3048 915 3119 quia
958 3049 1236 3118 jubilasus
1269 3055 1354 3104 est
1383 3054 1438 3105 et
1470 3052 1891 3123 quinquagesi-

268 3149 378 3189 mus
407 3153 614 3193 annus.
649 3142 777 3192 Non
825 3138 1052 3205 seretis,
1103 3154 1290 3209 neque
1337 3139 1560 3194 metetis
1593 3144 1798 3210 sponte
1831 3140 1886 3193 in

2018 561 2073 615 in
2109 565 2488 633 perpetuum:
2525 561 2665 634 quia
2697 579 2826 618 mea
2856 567 2964 631 est,
2993 567 3050 617 et
3082 581 3184 619 vos
3216 563 3447 618 advenas
3476 568 3531 618 et
3565 580 3665 618 co-

2014 649 2130 705 loni
2165 651 2276 705 mei
2308 651 2451 707 estis
2484 651 2565 721 (h.
2601 656 2658 705 et
2689 651 2876 706 coloni
2908 652 3062 723 apud
3095 654 3208 720 me)
3262 652 3420 708 Unde
3453 656 3667 708 cuncta

2017 739 2173 810 regio
2206 739 2593 809 possessionis
2626 744 2825 794 vestra:
2859 739 2970 794 sub
3011 740 3428 811 redemptionis
3460 741 3663 796 condi-

2015 827 2171 881 tione
2201 827 2504 882 vendetur.
2553 827 2636 897 (C.
2689 826 3008 897 LXXXIII.)
3039 827 3094 880 Si
3154 831 3492 883 attenuatus
3549 829 3664 884 fra-

2016 919 2252 970 tertuus
2275 914 2600 970 vendiderit
2623 914 3156 987 possessiunculam
3179 933 3369 986 suam,
3397 916 3666 972 etvolue-

2017 1005 2089 1057 rit
2121 1003 2486 1076 propinquus
2513 1005 2663 1074 ejus,
2698 1007 2886 1074 potest
2917 1003 3204 1059 redimere
3236 1004 3503 1076 quodille
3533 1021 3670 1060 ven-

2015 1094 2260 1148 diderat.
2287 1095 2386 1148 Sin
2412 1099 2605 1148 autem
2632 1111 2744 1148 non
2771 1093 3044 1148 habuerit
3067 1094 3424 1164 proximum,
3457 1098 3514 1150 et
3539 1095 3668 1167 ipse

2016 1183 2269 1253 pretium
2294 1183 2363 1237 ad
2387 1183 2794 1238 redimendum
2813 1181 3071 1252 potuerit
3090 1180 3347 1237 invenire
3373 1198 3386 1237 :
3421 1199 3669 1254 compu-

2014 1272 2298 1326 tabuntur
2327 1273 2553 1327 fructus
2600 1289 2668 1326 ex
2700 1288 2766 1326 eo
2832 1277 3090 1342 tempore
3139 1287 3253 1342 quo
3300 1270 3580 1338 vendidit,
3615 1275 3668 1328 et

2015 1362 2168 1431 quod
2195 1361 2509 1432 reliquum,
2535 1367 2646 1428 est,
2671 1361 2873 1416 reddet
2896 1360 3166 1432 emptori,
3193 1360 3395 1432 sicque
3427 1360 3669 1432 recipiet

2015 1451 2450 1520 possessionem
2485 1467 2677 1505 suam.
2713 1450 2875 1515 Quod
2911 1449 2959 1504 si
2993 1467 3107 1504 non
3141 1449 3427 1504 invenerit
3457 1466 3670 1506 manus

2013 1540 2160 1609 ejus,
2196 1544 2259 1592 ut
2292 1540 2494 1594 reddat
2521 1539 2798 1610 pretium,
2822 1539 3060 1594 habebit
3077 1545 3305 1609 emptor
3329 1540 3483 1610 quod
3507 1555 3666 1594 eme-

2015 1632 2122 1690 rat,
2156 1645 2338 1696 usque
2363 1627 2432 1681 ad
2455 1627 3019 1697 annumjubilaeum.
3047 1633 3107 1681 In
3134 1629 3259 1699 ipso
3291 1628 3446 1682 enim
3472 1628 3663 1684 omnis

2014 1715 2267 1770 venditio
2325 1716 2474 1770 redit
2507 1718 2689 1786 (Vulg.
2739 1716 2970 1786 redibit)
3015 1717 3084 1771 ad
3133 1715 3441 1771 dominum
3502 1722 3559 1772 et
3589 1718 3660 1772 ad

2015 1819 2414 1875 possessorem
2435 1804 2883 1874 pristinum.Qui
2902 1804 3482 1858 vendideritdomum
3510 1805 3662 1860 intra

2017 1893 2178 1948 urbis
2214 1909 2437 1961 muros,
2471 1892 2714 1947 habebit
2771 1892 3062 1948 licentiam
3099 1893 3443 1958 redimendi,
3479 1894 3664 1948 donec

2014 2000 2169 2037 unus
2203 1982 2519 2054 impleatur
2548 1999 2757 2038 annus.
2791 1983 2848 2036 Si
2895 1999 3009 2037 non
3063 1982 3392 2048 redemerit,
3422 1988 3480 2037 et
3526 1984 3662 2037 anni

2011 2070 2268 2126 circulus
2301 2071 2779 2139 fueritevolutus,
2819 2077 3050 2142 emptor
3083 2071 3410 2142 possidebit
3439 2087 3587 2135 eam,
3610 2075 3665 2127 et

1959 2203 1962 2205 Α
2009 2160 2226 2231 posteri
2276 2161 2404 2232 ejus
2435 2161 2493 2215 in
2550 2165 2922 2233 perpetuum,
2955 2164 3012 2214 et
3061 2159 3268 2215 redimi
3311 2177 3426 2215 non
3457 2159 3666 2232 poterit

2011 2250 2184 2305 etiam
2217 2249 2275 2304 in
2303 2249 2565 2320 jubilazo.
2600 2250 2698 2305 Sin
2734 2254 2926 2304 autem
2964 2249 3022 2303 in
3056 2247 3191 2304 villa
3221 2249 3397 2304 fuerit
3430 2250 3665 2316 domus,

2009 2356 2168 2410 quase
2203 2355 2400 2393 muros
2427 2355 2541 2394 non
2572 2338 2768 2405 habet,
2813 2353 3086 2410 agrorum
3115 2339 3249 2408 jure
3279 2338 3580 2393 vendetur.
3605 2337 3665 2393 Si

2007 2433 2140 2484 ante
2172 2429 2475 2500 redempta
2509 2445 2623 2483 non
2659 2428 2855 2495 fuerit,
2891 2427 2948 2482 in
2973 2425 3214 2497 jubilaso
3250 2431 3571 2482 revertetur
3590 2427 3663 2481 ad

2004 2516 2333 2572 dominum.
2366 2517 2538 2572 jEdes
2560 2517 2916 2584 Levitarum,
2943 2532 3073 2587 quas
3104 2517 3161 2570 in
3213 2516 3458 2570 urbibus
3494 2521 3658 2583 sunt,

2005 2620 2238 2676 semper
2268 2612 2520 2676 possunt
2543 2605 2775 2675 redimi,
2805 2605 2849 2659 si
2876 2606 3189 2675 redemptae
3214 2621 3327 2659 non
3353 2605 3660 2670 fuerint,iu

1998 2694 2236 2773 jubilaeo
2252 2695 2693 2750 revertenturad
2710 2693 3002 2761 dominos,
3020 2693 3160 2764 quia
3173 2694 3384 2748 domus
3424 2693 3660 2748 urbium

2005 2785 2331 2840 Levitarum
2350 2800 2452 2856 pro
2471 2782 2944 2854 possessionibus
2962 2786 3100 2836 sunt
3124 2782 3274 2836 inter
3290 2781 3438 2836 ﬁlios
3456 2781 3659 2837 Israel.

2004 2874 2356 2930 Suburbana
2375 2879 2572 2928 autem
2603 2888 2805 2927 eorum
2832 2888 2945 2926 non
2971 2875 3240 2937 veneant,
3264 2869 3404 2942 quia
3428 2887 3664 2941 posses-

2003 2963 2090 3018 sio
2120 2961 2479 3033 sempiterna
2502 2963 2610 3015 est.
2643 2959 2702 3014 Si
2726 2962 3066 3012 attenuatus
3101 2957 3273 3012 fuerit
3295 2956 3472 3014 frater
3497 2961 3660 3025 tuus,

2003 3057 2059 3106 et
2083 3051 2570 3115 inﬁrmusmanu,
2595 3052 2653 3103 et
2675 3047 3006 3118 susceperis
3030 3062 3162 3101 eum
3187 3046 3353 3117 quasi
3376 3047 3659 3102 advenam

2009 3140 2408 3212 peregrinum,
2441 3144 2497 3194 et
2543 3137 2750 3192 vixerit
2795 3140 3010 3202 tecum,
3075 3152 3146 3189 ne
3202 3135 3456 3206 accipias
3490 3135 3562 3190 ab
3594 3151 3660 3191 eo

270 3238 384 3292 agro
415 3226 735 3294 nascentia,
770 3231 826 3282 et
857 3227 1149 3298 primitias
1180 3227 1484 3283 vindemiae
1518 3245 1629 3282 non
1662 3227 1891 3297 collige-
1924 3202 1966 3267 C
2010 3245 2276 3296 usuram,
2306 3245 2409 3284 nec
2441 3226 2696 3299 amplius
2752 3241 2946 3297 quam.
2983 3224 3220 3281 dedisti.
3277 3224 3438 3279 Time
3469 3224 3656 3280 Deum

269 3310 348 3376 tis,
374 3314 440 3367 ob
482 3314 1014 3371 sanctiﬁcationem
1057 3316 1303 3385 jubileei,
1339 3319 1441 3372 sed
1473 3319 1668 3372 statim
1704 3317 1898 3372 oblata

269 3403 556 3458 comedetis
589 3403 676 3475 (h.
711 3410 768 3458 et
818 3405 1044 3460 vineam
1096 3422 1203 3460 non
1235 3406 1669 3476 vindemiabilis,
1704 3407 1802 3461 sed
1838 3406 1894 3460 in

273 3503 388 3560 agro
415 3493 604 3547 statim
623 3493 990 3564 comedetis).
1013 3494 1415 3564 Annojubilzei
1443 3495 1665 3550 redient
1695 3511 1898 3550 omnes

267 3578 324 3631 ad
357 3582 758 3649 possessiones
778 3579 1185 3646 suas.Quando
1208 3585 1421 3639 vendes
1453 3584 1753 3657 quidpiam
1786 3585 1896 3638 civ1

269 3669 351 3720 tuo
373 3669 452 3724 vel
486 3687 653 3726 emes
707 3672 778 3725 ab
811 3688 898 3736 eo,
952 3689 1022 3727 ne
1073 3674 1383 3730 contristes
1433 3674 1668 3728 fratrem
1701 3680 1894 3742 tuum,

274 3757 355 3809 sed
376 3758 540 3827 juxta
578 3776 891 3815 numerum
920 3777 1207 3816 annorum
1253 3761 1478 3832 jubilzei
1512 3780 1667 3818 emes
1702 3765 1772 3818 ab
1805 3778 1891 3828 eo,

273 3849 316 3898 et
334 3846 489 3915 juxta
515 3850 1003 3920 supputationem
1041 3851 1272 3924 frugum
1295 3855 1503 3908 vendet
1526 3854 1652 3909 tibi.
1669 3854 1896 3917 Quanto

280 3933 452 4003 plures
512 3940 658 3992 anni
711 3939 1101 3995 remanserint
1161 3946 1292 4012 post
1342 3942 1681 4014 jubilasum,
1738 3949 1899 3998 tanto

275 4031 469 4081 crescet
500 4033 556 4082 et
589 4027 844 4098 pretium
871 4045 884 4082 :
919 4033 975 4083 et
1005 4035 1225 4099 quanto
1259 4031 1456 4086 minus
1480 4033 1760 4104 temporis
1791 4049 1898 4086 nu-

279 4116 592 4184 meraveris,
655 4121 817 4172 tanto
892 4118 1135 4174 minoris
1199 4124 1256 4174 et
1314 4121 1531 4191 emptio
1589 4122 1899 4176 constabit.

278 4199 507 4274 Tempus
533 4205 698 4260 enim
758 4207 992 4276 frugum
1039 4207 1247 4262 vendet
1277 4208 1382 4262 tibi
1423 4208 1614 4263 Nolito
1647 4209 1904 4280 afﬂigere

273 4293 612 4348 contribules
639 4299 883 4362 vestros,
915 4296 1014 4350 sed
1048 4295 1251 4351 timeat
1282 4298 1692 4369 unusquisque
1729 4304 1903 4353 Deum

273 4392 447 4447 suum,
483 4383 628 4452 quia
659 4399 764 4454 ego
801 4385 1077 4440 Dominus
1119 4385 1268 4440 Deus
1297 4389 1503 4440 vester.
1542 4387 1729 4442 Facite
1762 4405 1903 4458 prae-

275 4474 419 4535 cepta
452 4487 605 4540 mea,
640 4472 943 4541 etjudicia
991 4473 1302 4541 custodite,
1336 4479 1390 4529 et
1438 4475 1675 4546 implete
1721 4493 1806 4544 ea,
1843 4481 1906 4530 ut

2006 3321 2194 3382 tuum,
2229 3321 2292 3372 ut
2330 3317 2518 3371 vivere
2560 3314 2742 3386 possit
2769 3314 2945 3368 frater
2994 3318 3132 3369 tuus
3165 3313 3318 3386 apud
3369 3318 3445 3369 te.
3479 3317 3662 3368 Pecu-

2009 3409 2167 3463 niam
2201 3414 2362 3462 tuam
2403 3423 2514 3461 non
2539 3405 2707 3460 dabis
2740 3404 2789 3458 ei
2821 3404 2891 3458 ad
2916 3419 3182 3474 usuram,
3207 3407 3262 3458 et
3287 3404 3521 3475 frugum
3557 3421 3659 3459 su-

2007 3495 2536 3568 perabundantiam
2562 3511 2676 3548 non
2701 3492 2917 3563 exiges.
2944 3492 3060 3563 Ego
3080 3492 3362 3547 Dominus
3388 3494 3539 3548 Deus
3560 3510 3654 3549 ve-

2008 3591 2147 3652 ster,
2190 3585 2289 3657 qui
2333 3584 2505 3639 eduxi
2562 3599 2660 3637 vos
2719 3583 2789 3636 de
2832 3588 2988 3637 terra
3037 3581 3281 3654 Egypti,
3336 3587 3399 3636 ut
3448 3583 3650 3638 darem

2007 3676 2172 3732 vobis
2201 3680 2416 3729 terram
2461 3673 2741 3738 Chanam,
2775 3676 2832 3726 et
2876 3687 3063 3726 essem
3116 3675 3305 3726 vester
3361 3671 3535 3726 Deus.
3568 3673 3649 3742 (C.

2011 3764 2318 3835 LXXXIV.)
2360 3763 2414 3816 Si
2467 3765 2813 3833 paupertate
2861 3758 3205 3830 compulsus
3237 3759 3560 3814 vendiderit
3592 3776 3654 3814 se

2008 3853 2112 3908 tibi
2147 3853 2319 3907 frater
2338 3855 2501 3917 tuus,
2529 3866 2644 3904 non
2668 3866 2800 3904 eum
2827 3850 3125 3920 opprimes
3162 3848 3441 3903 servitute
3466 3847 3656 3902 famu-

2008 3942 2219 4011 lorum,
2252 3941 2349 3995 sed
2385 3938 2554 4011 quasi
2597 3938 2993 3993 mercenarius
3042 3943 3099 3993 et
3129 3938 3372 3992 colonus
3417 3937 3526 3992 erit
3557 3936 3638 4006 (h.

2009 4032 2448 4101 tecum),usque
2469 4028 2536 4082 ad
2564 4043 2781 4082 annum
2810 4025 3469 4098 jubilaeumoperabitur
3499 4024 3655 4096 apud

2011 4126 2064 4174 te
2095 4124 2152 4174 et
2183 4122 2382 4190 postea
2412 4116 2744 4188 egredietur
2783 4131 2918 4170 cum
2967 4113 3168 4169 liberis
3200 4114 3349 4183 suis,
3380 4117 3437 4169 et
3468 4128 3657 4169 rever-

2010 4213 2166 4263 tetur
2196 4208 2266 4261 ad
2297 4205 2703 4278 cognationem
2756 4209 2811 4258 et
2841 4205 2912 4258 ad
2959 4204 3386 4275 possessionem
3421 4207 3656 4274 patrum

2012 4311 2256 4352 suorum
2291 4315 2304 4363 ;
2340 4294 2451 4349 mei
2487 4293 2644 4348 enim
2677 4293 2827 4348 servi
2853 4302 3009 4362 sunt,
3043 4297 3097 4347 et
3129 4309 3234 4364 ego
3266 4292 3437 4346 eduxi
3469 4307 3568 4346 eos
3585 4292 3657 4348 de

2013 4392 2167 4441 terra
2198 4383 2422 4456 {Egypti
2474 4383 2597 4438 Non
2648 4387 2894 4437 veneant
2943 4381 3275 4437 conditione
3314 4396 3654 4436 servorum:

2017 4494 2087 4530 ne
2118 4474 2347 4546 afﬂigas
2377 4489 2510 4527 eum
2545 4488 2646 4544 per
2678 4471 3020 4543 potentiam,
3053 4471 3154 4526 sed
3201 4470 3446 4526 metuito
3480 4471 3659 4525 Deum

274 4552 519 4613 habitare
575 4561 822 4629 possitis
851 4561 908 4616 in
963 4565 1116 4616 terra
1164 4563 1386 4634 absque
1418 4563 1534 4620 ullo
1585 4582 1814 4635 pavore,
1849 4570 1905 4620 et
1936 4572 1981 4636 Ι)
2013 4570 2202 4620 tuum.
2254 4567 2468 4618 Servus
2498 4567 2556 4616 et
2603 4560 2815 4616 ancilla
2853 4561 2974 4616 sint
3000 4560 3163 4615 vobis
3194 4561 3264 4614 de
3296 4559 3662 4626 nationibus,

275 4645 457 4715 gignat
483 4649 658 4703 vobis
708 4649 926 4705 humus
977 4651 1200 4706 fructus
1252 4669 1412 4717 suos,
1464 4654 1680 4724 quibus
1710 4671 1905 4710 vesca-

277 4731 401 4787 mini
433 4753 625 4808 usque
657 4738 728 4792 ad
763 4740 1153 4805 saturitatem,
1205 4740 1424 4796 nullius
1475 4743 1757 4813 impetum
1795 4747 1908 4797 t'or-

276 4822 568 4881 midantes.
633 4825 798 4889 Quod
850 4828 898 4883 si
952 4828 1254 4884 dixeritis:
1327 4830 1474 4893 Quid
1534 4833 1908 4888 comcdcmus

275 4923 412 4966 anno
466 4913 740 4984 septimo,
777 4917 825 4970 si
861 4934 973 4970 non
1021 4917 1364 4986 severimus,
1401 4936 1583 4990 neque
1616 4921 1907 4992 collegeri-

280 5013 396 5055 mus
442 5002 648 5074 fruges
700 5005 980 5061 nostras?
1011 5007 1164 5062 Dabo
1208 5006 1668 5064 benedictionem
1719 5026 1908 5066 meam

278 5087 424 5144 vobis
473 5109 634 5147 anno
685 5098 867 5165 sexto,
919 5099 975 5149 et
1007 5095 1178 5150 faciet
1231 5097 1453 5151 fructus
1503 5098 1680 5152 trium
1730 5117 1908 5155 annos

276 5192 411 5244 rum,
444 5181 780 5254 seretisque
813 5200 964 5239 anno
998 5192 1222 5251 octavo,
1256 5189 1312 5238 et
1341 5187 1660 5241 comedetis
1691 5195 1912 5243 veteres

279 5264 458 5338 fruges
491 5286 688 5341 usque
719 5274 789 5326 ad
843 5289 1062 5328 nonum
1112 5291 1374 5328 annum:
1420 5275 1601 5331 donec
1636 5292 1780 5331 nova
1809 5295 1910 5332 na-

349 5445 572 5522 }_Editi,
606 5449 944 5522 sqbbatizes.
971 5456 1044 5504 At
1065 5467 1175 5505 ms.
1199 5452 1428 5506 codices
1463 5453 1718 5508 melioris
1743 5459 1912 5522 notae,

281 5514 576 5574 sabbatizet
649 5520 944 5577 Sabbalum
1004 5523 1251 5578 Domino.
1311 5523 1615 5579 Itecentior
1671 5543 1824 5581 unus
1855 5514 1911 5582 Si

286 5585 544 5667 Germani
579 5609 628 5667 a4
650 5593 851 5665 Patris,
899 5610 1061 5649 num.
1116 5596 1236 5662 164,
1264 5611 1406 5665 pure
1439 5595 1579 5667 legit
1606 5602 1683 5667 ,ut
1712 5598 1769 5652 in
1807 5599 1916 5653 Hc-

289 5655 447 5731 brs’o,
495 5664 808 5723 sabbatizet
839 5655 1016 5722 [terra
1077 5655 1379 5722 Sabbotum
1430 5655 1684 5725 οόγηὶὴο.
1753 5669 1913 5737 Quod

2017 4670 2145 4725 quae
2199 4655 2257 4706 in
2307 4651 2553 4706 circuitu
2605 4654 2794 4704 vestro
2844 4655 3001 4704 sunt.
3037 4652 3102 4702 Et
3132 4648 3203 4702 de
3251 4647 3511 4719 advenis,
3563 4647 3666 4719 qui

2018 4741 2466 4814 peregrinantur
2492 4739 2645 4811 apud
2679 4755 2801 4804 vos,
2836 4737 2922 4793 vel
2955 4737 3050 4808 qui
3081 4753 3148 4791 ex
3171 4737 3262 4792 bis
3294 4737 3416 4792 nati
3449 4737 3668 4793 fuerint

2019 4832 2075 4885 in
2109 4835 2264 4884 terra
2308 4832 2520 4896 vestra,
2557 4828 2664 4882 hos
2713 4826 3006 4882 habebitis
3057 4826 3342 4882 famulos:
3398 4830 3454 4883 et
3483 4826 3665 4882 haere-

2019 4919 2228 4974 ditario
2256 4921 2389 4988 jure
2416 4917 2832 4971 transmittens
2875 4917 2945 4970 ad
2983 4919 3265 4986 posteros,
3301 4933 3366 4971 ac
3398 4916 3666 4988 posside-

2021 5008 2158 5062 bitis
2187 5007 2242 5060 in
2268 5011 2570 5061 aeternum.
2607 5005 2834 5059 Fratres
2857 5008 3052 5059 autem
3069 5008 3292 5060 vestros
3317 5003 3465 5060 filios
3488 5004 3663 5060 Israel

2021 5113 2092 5150 ne
2125 5093 2473 5166 opprimatis
2529 5108 2632 5164 per
2678 5092 3027 5164 potentiam.
3079 5093 3136 5148 Si
3169 5091 3480 5148 invaluerit
3508 5093 3662 5163 apud

2021 5201 2122 5238 vos
2157 5199 2367 5238 manus
2400 5183 2633 5236 advenas
2683 5187 2856 5250 atque
2889 5181 3202 5252 peregrini,
3237 5185 3293 5236 et
3331 5185 3667 5236 attenuatus

2024 5273 2200 5327 frater
2230 5277 2369 5326 tuus
2398 5269 2727 5326 vendiderit
2757 5286 2818 5324 se
2850 5269 2923 5337 ei,
2957 5275 3059 5324 aut
3090 5270 3362 5340 cuiquam
3396 5270 3466 5325 de
3489 5269 3673 5341 stirpe

2025 5455 2326 5521 sumptum
2362 5449 2595 5503 videtur
2617 5465 2644 5503 e
2678 5447 2984 5521 marginali
3011 5447 3384 5521 adnotatione
3405 5449 3671 5521 canonis,

2024 5518 2196 5592 prout
2227 5523 2283 5575 in
2320 5521 2450 5576 aliis
2478 5521 2762 5575 sexcentis
2793 5519 2956 5579 locis,
2981 5518 3078 5572 ubi
3110 5519 3165 5571 in
3190 5534 3426 5587 corpore
3454 5518 3672 5577 Biblio4

2024 5591 2154 5648 rum
2206 5593 2580 5664 inVcniuntur
2628 5591 2841 5664 posita,
2887 5607 3015 5659 qua:
3060 5605 3242 5644 canon
3300 5591 3358 5644 in
3410 5595 3676 5664 margine

2025 5670 2224 5722 monet
2254 5682 2380 5721 esse
2413 5665 2470 5718 in
2504 5661 2754 5719 Hebraeo.
2793 5661 2980 5716 MART.
