4068 6172
341 300 444 357 371

1386 304 1444 356 S.
1486 301 1894 356 HIBRONYMI
1934 301 2191 356 DIVINA
2227 303 2725 363 BIBLIOTHECA.

3657 306 3764 361 3’72

345 428 513 495 ejus:
550 429 680 497 post
709 423 1100 481 venditionem
1136 426 1325 494 potest
1349 423 1575 477 redimi.
1611 424 1717 487 Qui
1748 421 2000 478 voluerit
2030 426 2081 490 Α
2111 425 2754 497 dieritismihi,addain
2769 429 3167 501 correptiones
3187 431 3763 501 vestrasseptuplum

349 531 418 571 ex
448 514 730 570 fratribus
761 515 907 579 suis,
941 513 1183 568 redimet
1214 528 1371 578 eum,
1421 517 1475 566 et
1508 518 1775 583 patruus,
1807 517 1862 567 et
1894 529 1999 583 pa-

350 603 582 670 truelis,
604 608 660 659 et
681 602 1178 673 consanguineus,
1221 608 1276 656 et
1299 601 1492 657 afﬁnis
1516 603 1597 671 (h.
1625 619 1779 656 unus
1801 618 1869 657 ex
1889 603 2003 656 fra-

354 696 546 750 tribus
571 696 697 750 suis
721 694 968 748 redimet
991 709 1147 760 eum,
1172 697 1272 747 aut
1296 698 1560 763 patruus,
1585 694 2004 765 autpatruclis,

356 788 458 840 aut
497 783 746 856 quilibet
785 781 1261 853 consanguineus
1308 782 1672 853 cognationis
1705 783 1866 853 suae).
1907 782 2006 837 Sin

356 877 552 927 autem
575 876 631 926 et
657 873 781 942 ipse
809 870 1086 941 potuerit,
1111 871 1354 926 redimet
1373 887 1457 940 se,
1487 872 1818 942 supputatis
1842 873 2008 927 dum-

355 963 514 1015 taxat
544 959 716 1015 annis
763 977 794 1014 a
843 964 1104 1030 tempore
1151 959 1507 1015 venditionis
1554 977 1670 1014 suae
1707 977 1891 1030 usque
1938 961 2008 1016 ad

355 1064 575 1104 annum
594 1047 939 1118 jubilzsum:
975 1051 1032 1101 et
1071 1049 1340 1118 pecunia.
1367 1065 1480 1119 qua
1503 1048 1774 1103 venditus
1798 1050 2009 1120 fuerat,

345 1138 515 1208 juxta
528 1152 814 1192 annorum
835 1152 1140 1191 numerum
1155 1141 1210 1190 et
1225 1135 1503 1191 rationem
1523 1138 2012 1212 mercenariisup-

353 1231 576 1299 putata.
609 1226 668 1281 Si
702 1225 900 1296 plures
935 1224 1150 1280 fuerint
1177 1225 1315 1280 anni
1350 1226 1451 1296 qui
1486 1234 1794 1282 remanent
1826 1245 2014 1299 usque

359 1317 427 1372 ad
452 1314 783 1385 jubilaeum,
819 1315 1147 1370 secundum
1184 1314 1290 1370 hos
1318 1316 1520 1370 reddet
1561 1322 1618 1371 et
1649 1318 1922 1388 pretium.
1951 1317 2009 1373 Si

362 1407 555 1478 pauci,
589 1411 764 1477 ponet
795 1405 1081 1460 rationem
1115 1422 1248 1460 cum
1291 1423 1356 1460 eo
1383 1407 1550 1476 juxta
1581 1424 1871 1463 annorum
1905 1426 2016 1463 nu-

364 1511 616 1564 merum,
639 1499 696 1550 et
728 1495 1188 1566 reddetemptori
1212 1495 1363 1564 quod
1394 1495 1685 1566 reliquum
1711 1503 1799 1552 est
1835 1514 2015 1552 anno-

368 1600 522 1653 rum,
567 1584 780 1654 quibus
815 1589 947 1638 ante
994 1583 1231 1637 servivit
1262 1585 1633 1638 mercedibus
1663 1585 1971 1658 imputatis
2001 1603 2015 1641 :

369 1689 485 1727 non
519 1672 741 1744 aftliget
770 1687 903 1726 eum
935 1671 1219 1726 violenter
1249 1671 1305 1725 in
1357 1678 1674 1744 conspectu
1706 1678 1828 1728 tuo.
1855 1676 2016 1741 Quod

2113 519 2347 587 propter
2377 522 2612 587 peccata
2634 523 2845 584 vestra,
2876 522 2931 574 et
2961 523 3260 574 conteram
3285 520 3625 590 superbiam
3656 522 3767 576 du-

2114 605 2259 659 ritiae
2291 611 2515 661 vestrae.
2551 605 2829 678 Daboque
2861 607 3065 662 coelum
3119 607 3280 664 vobis
3312 609 3381 663 de
3415 624 3594 680 super
3615 610 3768 665 sicut

2115 695 2334 748 ferrum
2381 701 2437 749 et
2459 700 2670 750 terram
2695 712 2938 752 aeneam.
2961 699 3355 754 Consumetur
3373 697 3672 754 incassum
3690 699 3767 754 la-

2117 784 2222 836 bor
2250 788 2462 848 vester,
2497 801 2609 839 non
2643 785 2894 855 proferet
2924 792 3078 840 terra
3107 801 3371 857 germen,
3397 803 3502 842 nec
3529 788 3769 844 arbores

2119 898 2291 953 poma
2317 884 2676 954 praebebunt.
2693 885 2750 940 Si
2774 885 3219 941 ambulaveritis
3241 902 3309 941 ex
3329 886 3575 942 adverso
3601 886 3767 953 mihi,

2119 988 2223 1025 nec
2244 971 2540 1028 volueritis
2559 974 2759 1029 audire
2779 974 3110 1042 me,addam
3126 973 3330 1046 plagas
3343 979 3562 1030 vestras
3585 992 3771 1046 usque

2123 1060 2302 1130 (Vulg.
2337 1065 2441 1116 tae.
2472 1063 2681 1133 usque)
2714 1063 2771 1116 in
2805 1063 3102 1134 septulum
3137 1072 3374 1135 prepter
3404 1068 3644 1135 peccata
3673 1081 3768 1118 ve-

2122 1153 2278 1204 stra:
2323 1150 2707 1223 emittamque
2739 1153 2798 1206 in
2829 1168 2932 1208 vos
2971 1151 3187 1208 bestias
3220 1153 3365 1223 agri,
3399 1169 3528 1224 quas
3560 1169 3772 1208 consu-

2127 1244 2290 1294 mant
2319 1257 2439 1305 vos,
2471 1245 2525 1294 et
2558 1256 2766 1311 pecora
2809 1245 3021 1309 vestra,
3057 1247 3112 1294 et
3141 1241 3214 1295 ad
3249 1241 3601 1311 paucitatem
3633 1258 3774 1297 cun-

2125 1334 2219 1384 cta
2249 1328 2536 1400 redigant,
2570 1330 2928 1401 desertaeque
2961 1331 3099 1385 ﬁent
3129 1329 3230 1385 vize
3269 1334 3493 1386 vestras.
3540 1331 3698 1396 Quod
3727 1331 3777 1386 si

2127 1433 2232 1472 nec
2264 1421 2347 1472 sic
2372 1416 2674 1472 volueritis
2704 1418 2959 1489 recipere
2989 1418 3383 1489 disciplinam,
3439 1420 3540 1475 sed
3569 1419 3780 1474 ambu-

2125 1505 2386 1562 laveritis
2415 1523 2482 1561 ex
2512 1507 2754 1562 adverso
2805 1506 2983 1562 mihi:
3017 1523 3121 1578 ego
3163 1523 3397 1579 quoque
3446 1520 3647 1563 contra
3673 1524 3778 1563 vos

2128 1597 2408 1650 adversus
2432 1595 2723 1660 incedam,
2752 1600 2808 1651 et
2829 1597 3154 1668 percutiam
3177 1613 3280 1651 vos
3304 1596 3520 1668 septies
3543 1604 3780 1668 propter

2131 1689 2365 1757 peccata
2413 1688 2628 1751 vestra,
2677 1684 3070 1756 inducamque
3119 1701 3298 1756 super
3354 1701 3457 1740 vos
3513 1685 3778 1758 gladium

364 1762 544 1860 siper
572 1761 693 1816 haec
726 1760 940 1865 redimi.
963 1761 1375 1865 non-pot‘qerit,
1410 1779 1564 1861 anno
1591 1762 1825 1863 jubilaso
1857 1781 2020 1865 egre:
2052 1798 2100 1863 Β
2133 1774 2378 1829 ultorem
2397 1773 2628 1828 foederis
2651 1774 2784 1828 mei.
2815 1773 3476 1847 Cumqueconfugeritis
3501 1775 3558 1829 in
3583 1775 3784 1846 urbes,

369 1852 570 1905 dietur
598 1865 734 1904 cum
775 1849 976 1904 liberis
1009 1849 1153 1904 suis.
1191 1849 1301 1904 Mei
1350 1851 1505 1905 enim
1551 1853 1702 1907 servi
1736 1858 1875 1908 sunt
1919 1853 2023 1909 filii

357 1939 567 2005 Israel,
602 1955 753 2010 quos
785 1938 956 1994 eduxi
987 1939 1059 1994 de
1090 1943 1246 1994 terra
1276 1938 1528 2010 .‘Egypti.

438 2066 520 2136 (Ο.
576 2063 846 2131 LXXXV,
904 2063 1038 2134 Cap.
1088 2062 1322 2130 XXVI.)
1365 2064 1481 2135 Ego
1531 2065 1819 2121 Dominus
1870 2068 2025 2123 Deus

369 2159 598 2209 vester:
633 2153 757 2208 Non
777 2153 1001 2208 facietis
1023 2151 1185 2208 vobis
1209 2152 1291 2223 (h.
1533 2154 1754 2210 idolum
1780 2161 1836 2211 et
1866 2156 2025 2212 scul-

367 2243 532 2314 ptile,
564 2257 668 2296 nec
693 2241 893 2296 titulos
917 2240 1178 2312 erigetis,
1206 2256 1310 2296 nec
1330 2240 1621 2312 insignem
1645 2243 1898 2315 lapidem
1923 2263 2023 2316 po-

369 2331 524 2387 netis
548 2330 785 2385 interra
803 2334 1017 2394 vestra,
1039 2334 1103 2383 ut
1131 2329 1384 2385 adoretis
1405 2346 1563 2406 eum.
1596 2331 1678 2402 (Ο.
1713 2333 2027 2405 LXXXVI.)

376 2422 496 2492 Ego
550 2419 706 2474 enim
759 2434 894 2473 sum
945 2417 1228 2473 Dominus
1278 2423 1428 2474 Deus
1459 2425 1686 2477 vester:
1737 2423 2028 2480 custodite

374 2511 629 2568 Sabbata
652 2525 800 2578 mea,
826 2514 882 2564 et
905 2513 1105 2580 pavete
1127 2511 1198 2565 ad
1233 2511 1635 2566 sanctuarium
1660 2529 1877 2569 meum.
1912 2517 2028 2588 Ego

374 2599 684 2655 Dominus.
724 2598 807 2668 (Ο.
865 2597 1183 2654 LXXXVII.
1236 2599 1292 2653 Β.
1344 2600 1484 2671 XV.)
1535 2601 1593 2656 Si
1626 2602 1686 2656 in
1728 2607 2029 2675 praeceptis

380 2689 528 2744 meis
560 2685 1026 2755 ambulaveritis,
1081 2691 1138 2741 et
1172 2689 1443 2744 mandata
1475 2706 1604 2746 mea
1634 2693 2029 2749 custodieritis

373 2781 430 2832 et
452 2775 703 2832 feceritis
735 2791 824 2840 ea,
858 2775 1010 2830 dabo
1044 2776 1207 2832 vobis
1239 2777 1463 2847 pluvias
1489 2781 1852 2849 temporibus
1880 2783 2027 2838 suis.

371 2870 428 2922 et
455 2869 612 2920 terra
632 2864 833 2936 gignet
853 2879 1091 2935 germen
1123 2881 1255 2919 sum
1275 2869 1332 2920 et
1351 2866 1540 2936 pomis
1565 2868 1799 2924 arbores
1834 2871 2029 2941 reple-

373 2956 614 3010 buntur.
650 2952 1062 3024 Apprehendet
1086 2954 1362 3008 messium
1401 2955 1613 3011 tritura
1649 2957 2029 3027 vindemiam,

375 3048 432 3100 et
462 3043 754 3098 vindemia
787 3041 1097 3112 occupabit
1119 3048 1440 3097 sementem
1467 3060 1477 3097 :
1515 3048 1572 3098 et
1595 3048 1914 3103 comedetis
1939 3067 2032 3119 pa-

2133 1863 2360 1918 mittam
2396 1861 2788 1934 pestilentiam
2821 1862 2880 1917 in
2915 1863 3104 1918 medio
3154 1863 3352 1930 vestri,
3382 1868 3440 1918 et
3471 1863 3782 1919 trademini

2132 1961 2190 2014 in
2207 1959 2466 2014 hostium
2496 1958 2789 2026 manibus,
2808 1963 3121 2030 potsquam
3145 1959 3483 2031 confregero
3510 1959 3784 2016 baculum

2135 2047 2304 2120 panis
2332 2047 2507 2103 vestri
2534 2065 2546 2102 :
2571 2047 2654 2102 ita
2687 2053 2748 2102 ut
2779 2048 2976 2102 decem
3014 2047 3291 2103 mulieres
3319 2047 3378 2102 in
3414 2065 3529 2104 uno
3559 2049 3789 2105 clibano

2134 2141 2388 2207 coquant
2440 2152 2644 2207 panes,
2693 2141 2749 2191 et
2798 2137 3047 2191 reddant
3093 2153 3196 2192 eos
3241 2139 3311 2192 ad
3366 2138 3706 2210 pondus(h.
3735 2143 3795 2194 et

2133 2230 2393 2281 vertetur
2426 2225 2590 2296 panis
2622 2230 2812 2280 vester
2842 2225 2914 2281 ad
2949 2227 3257 2296 pondus):
3285 2231 3340 2282 et
3365 2227 3707 2290 comedetis.
3731 2233 3793 2282 et

2136 2331 2251 2370 non
2285 2313 2721 2369 saturabimini.
2754 2314 2854 2369 Sin
2887 2319 3084 2370 autem
3118 2332 3222 2370 nec
3253 2332 3356 2388 per
3385 2316 3506 2372 haec
3537 2316 3790 2372 audieri-

2137 2403 2213 2459 tis
2245 2419 2358 2468 me,
2391 2404 2491 2459 sed
2525 2403 2964 2460 ambulaveritis
3014 2409 3219 2460 contra
3249 2421 3340 2460 me
3367 2422 3380 2460 :
3415 2411 3471 2460 et
3499 2423 3603 2476 ego
3633 2405 3790 2463 ince-

2137 2493 2273 2547 dam
2297 2495 2606 2547 adversum
2635 2509 2732 2547 vos
2754 2493 2810 2547 in
2833 2494 3025 2548 furore
3056 2494 3370 2563 contrario,
3399 2497 3453 2549 et
3474 2494 3792 2566 corripiam

2141 2599 2241 2638 vos
2265 2587 2469 2653 septem
2509 2579 2700 2652 plagis
2727 2580 2810 2652 (h.
2861 2581 3098 2654 septies)
3153 2587 3390 2655 propter
3429 2587 3664 2654 peccata
3695 2600 3794 2639 ve-

2139 2677 2283 2741 stra,
2315 2671 2397 2725 ita
2424 2675 2481 2725 ut
2517 2671 2837 2726 comedetis
2868 2687 3068 2727 carnes
3100 2671 3353 2728 ﬁliorum
3377 2678 3703 2728 vestrorum
3738 2676 3802 2728 et

2142 2760 2392 2816 filiarum
2442 2764 2792 2827 vestrarum,
2844 2761 3146 2817 destruam
3195 2761 3422 2818 excelsa
3471 2766 3684 2828 vestra,
3743 2767 3802 2817 et

2142 2849 2462 2906 simulacra
2510 2853 2702 2904 vestra
2749 2849 2922 2920 (Vulg.
2984 2858 3087 2905 (ac.
3142 2851 3354 2922 vestra)
3401 2851 3801 2923 confringam.

2141 2940 2369 2994 Cadctis
2402 2939 2554 2994 inter
2568 2938 2767 2993 ruinas
2801 2938 3091 2995 idolorum
3112 2945 3461 3009 vestrorum,
3485 2945 3544 2996 et
3571 2941 3808 2996 abomi-

2143 3029 2380 3084 nabitur
2409 3045 2508 3083 vos
2533 3027 2729 3082 anima
2752 3028 2973 3095 mea,in
3013 3033 3247 3084 tantum
3268 3034 3333 3084 ut
3373 3030 3551 3086 urbes
3573 3035 3803 3087 vestras

379 3149 513 3188 nem
545 3136 805 3187 vestrum
839 3131 898 3185 in
931 3130 1258 3199 saturitate,
1282 3136 1337 3185 et
1369 3132 1591 3203 absque
1625 3151 1832 3205 pavore
1864 3116 2031 3193 habi-
2069 3144 2110 3211 C
2151 3118 2409 3211 Γβάίὲθῐῖλ
2431 3118 2488 3172 in
2513 3116 2915 3211 SOIilUdi'lemi
2958 3122 3014 3211 ξπ
3034 3118 3263 3211 ἀθερνῐθι
3285 3117 3808 3211 Ταοίθω-θειῖισὶυα-

383 3220 583 3278 tabitis
614 3221 670 3275 in
705 3226 860 3275 terra
889 3225 1100 3274 vestra.
1163 3219 1316 3275 Dabo
1349 3237 1549 3292 pacem
1609 3224 1664 3278 in
1700 3226 1916 3283 finibus
1949 3245 2040 3284 ve-

383 3311 547 3379 stris,
572 3307 900 3374 dormietis,
921 3313 979 3362 et
1003 3324 1116 3362 non
1148 3307 1254 3364 erit
1278 3309 1376 3380 qui
1402 3313 1705 3367 exterreat.
1739 3318 2041 3383 Auferam,

388 3399 578 3454 malas
631 3396 892 3452 bestias:
927 3405 981 3451 et
1028 3396 1262 3468 gladius
1295 3415 1409 3452 non
1445 3401 1716 3456 transibit
1757 3405 2042 3462 terminos

390 3491 634 3543 vestros.
664 3485 1103 3556 Persequemini
1126 3485 1398 3540 inimicos
1421 3491 1666 3549 vestros.
1690 3495 1745 3545 ct
1770 3499 2045 3550 corruent

391 3591 588 3631 coram
609 3574 776 3629 vobis
805 3591 817 3628 :
844 3579 1275 3645 persequentur
1292 3575 1550 3647 quinque
1587 3578 1656 3633 de
1679 3582 1888 3637 vestris
1915 3599 2045 3638 cen-

391 3670 517 3722 tum
551 3663 796 3729 alienos,
823 3667 880 3718 et
909 3668 1143 3718 centum
1180 3664 1249 3718 de
1270 3663 1436 3720 vobis
1468 3665 1667 3722 decem
1702 3668 1922 3725 millia:
1950 3687 2046 3726 ca-

390 3755 531 3809 dent
562 3753 787 3808 inimici
818 3751 995 3806 vestri
1029 3751 1087 3808 in
1120 3758 1434 3823 conspectu
1467 3761 1656 3810 vestro
1687 3756 1902 3827 gladio.
1937 3764 2048 3815 Re-

391 3843 639 3915 Spiciam
659 3859 782 3911 vos,
800 3849 854 3896 et
871 3857 1126 3896 crescere
1143 3841 1349 3896 faciam
1379 3859 1392 3897 :
1417 3843 1742 3915 multiplica
1757 3848 1979 3918 bimini,
1996 3854 2052 3904 et

385 3933 632 3988 firmabo
665 3935 897 4002 pactum
924 3945 1122 3986 meum
1149 3931 1474 3986 vobiscum.
1500 3937 1562 3988 Et
1603 3937 1920 3992 comedetis
1954 3955 2051 3993 ve-

388 4021 722 4078 tustissima
755 4024 1039 4085 veterum,
1074 4023 1130 4072 et
1161 4024 1354 4074 vetera
1381 4023 1543 4076 novis
1587 4027 2052 4094 supervenienti-

391 4110 504 4165 bus
559 4109 897 4181 projicietis.
971 4109 1186 4162 Ponam
1221 4109 1664 4166 tabernaculum
1741 4131 1934 4169 meum
1995 4115 2053 4170 in

393 4199 584 4254 medio
619 4198 821 4252 vestri.
855 4202 912 4252 et
947 4215 1060 4251 non
1120 4197 1358 4268 abjiciet
1387 4216 1491 4254 vos
1545 4201 1740 4256 anima
1787 4220 1934 4258 mea.
1972 4204 2055 4272 (C.

396 4287 766 4353 LXXXVIII.)
827 4287 896 4340 Et
955 4285 1271 4340 ambulabo
1333 4287 1488 4344 inter
1543 4307 1663 4352 vos.
1725 4308 1822 4346 ero
1869 4297 2060 4348 vester

391 4380 568 4442 Deus,
602 4391 823 4445 vosque
869 4373 1032 4429 eritis
1082 4375 1335 4445 populus
1387 4393 1575 4433 meus.
1628 4380 1745 4451 Ego
1779 4382 2060 4439 Dominus

396 4469 548 4519 Deus
577 4468 802 4519 vester:
838 4463 939 4534 qui
971 4463 1142 4517 eduxi
1175 4479 1278 4517 vos
1311 4464 1382 4519 de
1437 4471 1590 4523 terra
1627 4469 2056 4541 (Egyptiorum,

393 4570 463 4609 ne
499 4552 792 4608 serviretis
812 4551 935 4619 eis;
971 4551 1142 4622 etqui
1177 4555 1430 4623 confregi
1476 4561 1713 4612 catenas
1763 4559 2055 4614 cervicum

391 4647 742 4704 vestrarum,
776 4647 840 4696 ut
866 4641 1210 4696 incederetis
1237 4644 1430 4697 erecti.
1455 4646 1617 4708 Quod
1644 4645 1692 4700 si
1720 4665 1829 4702 non
1858 4631 2056 4703 audie-

396 4731 523 4787 ritis
555 4747 667 4794 me,
694 4745 797 4784 nec
831 4730 1085 4785 feceritis
1113 4731 1311 4785 omnia
1338 4740 1621 4804 prmcepta
1648 4752 1795 4790 mea:
1823 4737 1869 4791 si
1897 4752 2057 4808 spre-

395 4819 593 4876 veritis
625 4819 780 4891 leges
814 4835 973 4875 meas
997 4818 1076 4889 (h.
1111 4817 1373 4890 legitima
1405 4831 1567 4887 mea).
1603 4828 1660 4878 et
1683 4825 1906 4894 judicia
1931 4842 2058 4881 mea

396 4907 889 4979 contempseritis,
926 4912 989 4962 ut
1015 4924 1126 4962 non
1155 4908 1378 4964 faciatis
1413 4927 1472 4965 ea
1500 4929 1622 4982 qua:
1650 4931 1680 4967 a
1713 4930 1804 4968 me
1834 4918 2054 4970 consti-

395 5004 524 5055 tuta
554 5002 712 5063 sunt,
747 5003 804 5052 et
833 4997 904 5052 ad
937 4996 1169 5050 irritum
1198 4997 1529 5067 perducatis
1557 5006 1790 5072 pactum
1816 5019 2013 5057 meum
2041 5019 2052 5058 :

399 5106 504 5162 ego
559 5103 792 5160 quoque
843 5087 961 5140 haec
1010 5085 1220 5141 faciam
1255 5089 1438 5142 vobis.
1499 5090 1762 5146 Visitabo
1814 5109 1913 5147 vos
1958 5109 2054 5147 ve.

402 5181 603 5236 lociter
635 5177 690 5231 in
725 5178 984 5246 egestate
1033 5181 1090 5230 et
1139 5175 1366 5242 ardore,
1403 5178 1502 5247 qui
1555 5181 1827 5235 conficiat
1859 5181 2058 5237 oculos

399 5273 645 5331 vestros,
678 5273 734 5321 et
766 5269 1080 5320 consumat
1111 5265 1342 5319 animas
1385 5271 1626 5322 vestras.
1665 5270 1870 5325 Frusta
1899 5287 2058 5326 sere-

403 5359 478 5413 tis
503 5359 848 5418 sementem,
869 5369 997 5422 quae
1027 5353 1096 5406 ab
1123 5352 1390 5408 hostibus
1415 5355 1811 5413 devorabitur.
1841 5359 2056 5414 Ponam

406 5447 613 5502 faciem
650 5459 836 5498 meam
872 5445 1074 5496 contra
1097 5457 1218 5504 vos,
1241 5449 1298 5496 et
1330 5446 1616 5499 corruetis
1650 5463 1842 5501 coram
1877 5448 2060 5502 hosti-

409 5537 520 5589 bus
545 5533 774 5598 vestris,
809 5537 866 5586 et
897 5529 1290 5600 subjicicmini
1329 5532 1420 5586 his
1453 5534 1550 5604 qui
1573 5536 1822 5589 oderunt
1843 5538 2060 5602 vos,fu-

411 5621 603 5693 gietis,
639 5621 869 5676 nemine
893 5623 1297 5690 persequente.
1324 5621 1422 5676 Sin
1457 5628 1650 5678 autem
1687 5639 1790 5679 nec
1822 5623 1906 5681 sic
1927 5626 2062 5681 obe-

2093 4516 2134 4580 D

2148 3208 2234 3263 ria
2257 3212 2468 3275 vestra,
2496 3223 2601 3262 nec
2626 3206 2898 3276 recipiam
2924 3206 3078 3262 ultra
3098 3208 3332 3264 odorem
3362 3209 3805 3265 suavissimum.

2152 3297 2615 3368 Disperdamque
2647 3301 2862 3351 terram
2890 3301 3164 3364 vestram,
3193 3303 3249 3353 et
3275 3298 3597 3368 stupebant
3628 3313 3811 3370 super

2151 3402 2278 3442 eam
2313 3385 2536 3440 inimici
2570 3385 2768 3450 vestri,
2801 3401 2934 3439 cum
2978 3385 3334 3441 habitatores
3368 3384 3532 3442 illius
3564 3386 3804 3442 fuerint.

2153 3485 2268 3540 Vos
2300 3489 2492 3539 autem
2526 3484 2860 3554 dispergam
2891 3483 2951 3537 in
2991 3487 3214 3554 gentes,
3248 3488 3306 3540 et
3331 3484 3653 3555 evaginabo
3672 3489 3810 3557 post

2155 3591 2255 3631 vos
2267 3573 2552 3645 gladium,
2577 3573 2803 3642 eritque
2820 3575 2972 3628 terra
2993 3577 3185 3629 vestra
3206 3574 3521 3640 deserta,et
3538 3575 3809 3630 civitates

2158 3668 2357 3719 vestrae
2389 3662 2614 3718 dirutae.
2646 3661 2808 3716 Tunc
2858 3661 3170 3732 placebunt
3207 3665 3378 3718 terrae
3427 3663 3670 3718 sabbata
3701 3679 3814 3719 sua

2158 3751 2388 3808 cunctis
2418 3751 2626 3806 diebus
2654 3749 2991 3806 solitudinis
3039 3767 3200 3807 sum:
3233 3753 3466 3822 quando
3491 3753 3719 3808 fueritis
3749 3753 3813 3807 in

2157 3846 2313 3897 terra
2344 3838 2569 3902 hostili,
2594 3837 3003 3905 sabbatizabit,
3031 3843 3087 3894 et
3108 3840 3436 3911 requiescet
3458 3841 3514 3896 in
3547 3841 3815 3897 sabbatis

2161 3927 2499 3985 solitudinis
2531 3943 2671 3993 suae,
2704 3943 2769 3982 eo
2820 3927 2974 3999 quod
3027 3944 3140 3983 non
3195 3929 3543 4000 requieverit
3575 3929 3633 3984 in
3665 3929 3816 3985 Sab-

2165 4018 2315 4073 batis
2337 4016 2544 4072 vestris
2557 4016 2792 4087 quando
2815 4015 3173 4073 habitabatis
3203 4017 3261 4073 in
3287 4035 3372 4074 ea.
3397 4023 3465 4072 Et
3495 4018 3598 4091 qui
3620 4019 3692 4074 de
3711 4035 3818 4074 vo-

2164 4109 2254 4163 bis
2287 4105 2693 4172 remanserint,
2722 4105 2870 4160 dabo
2905 4121 3173 4176 pavorem
3215 4106 3273 4161 in
3306 4107 3582 4163 cordibus
3611 4124 3815 4164 eorum

2164 4198 2221 4252 in
2274 4195 2610 4266 regionibus
2669 4194 2953 4264 hostium,
2986 4195 3228 4250 terrebit
3283 4213 3381 4251 eos
3426 4198 3656 4252 sonitus
3688 4196 3815 4252 folii

2165 4285 2411 4340 volantis
2437 4288 2493 4338 et
2516 4284 2596 4338 ita
2611 4283 2836 4355 fugient
2861 4283 3028 4354 quasi
3060 4284 3320 4354 gladium
3347 4301 3360 4339 :
3396 4287 3626 4350 cadent,
3651 4285 3814 4342 nullo

2167 4379 2570 4445 persequente,
2591 4376 2647 4427 et
2677 4376 2949 4426 corruent
2980 4372 3197 4442 singuli
3231 4361 3408 4446 super
3447 4375 3651 4430 fratres
3675 4391 3817 4429 suos

2167 4463 2336 4535 quasi
2355 4461 3002 4532 bellafugientcs,neiuo
3025 4467 3282 4517 vestrum
3299 4463 3554 4518 inimicis
3574 4465 3820 4519 audebit

2168 4554 2456 4608 resistere.
2485 4551 2752 4605 Peribitis
2783 4551 2934 4605 inter
2956 4556 3181 4621 gentes,
3208 4557 3263 4606 et
3285 4551 3518 4608 hostilis
3538 4570 3642 4608 vos
3663 4559 3820 4608 terra

2167 4646 2473 4698 consumet
2509 4641 2666 4704 Quod
2685 4639 2732 4694 si
2756 4645 2811 4694 et
2833 4640 2902 4694 de
2922 4640 2992 4694 iis
3016 4641 3194 4712 aliqui
3223 4643 3634 4713 remanserint,
3656 4645 3816 4700 tabe-

2167 4732 2405 4800 scentiin
2428 4729 3000 4800 iniquitatibuszsuis,
3021 4730 3076 4783 in
3104 4736 3254 4786 terra
3278 4731 3648 4788 inimicorum
3676 4750 3816 4788 suo-

2169 4838 2296 4874 rum
2349 4824 2404 4872 et
2456 4821 2689 4888 propter
2736 4821 2971 4888 peccata
3022 4822 3251 4888 patrum
3304 4836 3544 4876 suorum
3595 4827 3651 4878 et
3708 4839 3819 4878 sua

2170 4908 2510 4978 al'ﬂigentur
2538 4923 2549 4960 :
2580 4907 2763 4960 donec
2795 4906 3187 4961 confiteantur
3208 4908 3549 4979 iniquitates
3573 4927 3736 4976 suas,
3761 4916 3823 4967 et

2171 4998 2455 5068 majorum
2483 5011 2750 5060 suorum,
2776 4994 2991 5065 quibus
3016 4997 3368 5066 pravaricali
3393 5004 3532 5054 sunt
3553 4999 3612 5053 in
3638 5005 3819 5067 me,et

2170 5088 2620 5142 ambulaverunt
2641 5101 2709 5139 ex
2739 5085 2982 5138 adverso
3019 5085 3184 5140 mihi.
3209 5086 3536 5143 Ambulabo
3558 5088 3743 5160 igitur
3764 5096 3824 5144 et

2169 5192 2273 5245 ego
2297 5180 2494 5230 contra
2515 5190 2635 5241 eos,
2660 5177 2716 5228 et
2745 5172 3014 5226 inducam
3040 5173 3170 5229 illos
3196 5175 3251 5229 in
3283 5181 3496 5231 terram
3521 5176 3821 5247 hostilem,

2171 5267 2354 5319 donec
2384 5263 2688 5318 erubescat
2742 5262 3156 5318 incircumcisa
3207 5281 3371 5318 mens
3403 5281 3603 5321 eorum
3633 5283 3644 5320 :
3677 5273 3823 5322 tunc

2171 5354 2422 5407 orabunt
2441 5369 2540 5422 pro
2556 5350 2957 5422 impietatibus
2974 5352 3117 5406 suis.
3138 5352 3198 5405 Et
3220 5354 3568 5409 recordabor
3587 5355 3826 5413 fmderis

2175 5441 2306 5508 mei,
2341 5441 2494 5503 quod
2531 5440 2719 5511 pepigi
2744 5455 2875 5494 cum
2914 5439 3117 5506 Jacob,
3141 5447 3196 5496 et
3229 5443 3388 5497 Isaac
3417 5449 3473 5497 et
3499 5444 3818 5501 Abraham.

2173 5540 2361 5594 Terra:
2383 5554 2612 5608 quoque
2629 5554 2854 5592 memor
2876 5552 2992 5592 ero:
3020 5555 3146 5608 quae
3169 5555 3301 5594 cum
3320 5539 3522 5594 relicta
3543 5542 3721 5597 fuerit
3747 5545 3820 5600 ab

2173 5627 2277 5695 eis,
2304 5625 2692 5698 complacebit
2713 5625 2822 5681 sibi
2849 5625 2902 5680 in
2928 5627 3187 5684 sabbatis
3210 5629 3593 5701 suis,patiens
3618 5631 3821 5688 solitu-
