4068 6172
303 341 400 396 373

1614 345 1824 401 LIBER
1863 343 2346 400 NUMERORUM.

3591 345 3699 400 3⁸74

302 467 484 524 dinem
525 470 755 539 propter
788 466 940 524 illos.
977 469 1095 541 Ipsi
1127 486 1260 527 vero
1297 471 1587 543 rogabunt
1636 486 1738 542 pro
1796 483 1932 540 pec-
1962 470 2017 534 Α
2048 471 2222 538 terra,
2254 467 2683 541 quinquaginta
2713 468 2875 525 siclis
2897 470 3182 526 vendetur
3212 470 3460 542 argenti.
3486 471 3546 528 Si
3576 475 3697 528 sta—

305 557 440 612 catis
473 557 618 624 suis,
640 573 705 612 eo
737 559 892 629 quod
927 559 1247 628 abjecerint
1269 559 1497 630 judicia
1531 576 1659 614 mea
1680 563 1737 614 et
1786 557 1942 629 leges

314 645 553 714 meas(h.
584 645 863 716 legitima)
883 648 1269 718 despexerint.
1296 652 1364 702 Et
1384 654 1580 704 tamen
1608 648 1780 703 etiam
1806 663 1939 701 cum

306 740 485 790 essent
508 735 563 788 in
581 735 968 806 terrahostili,
1005 753 1119 792 non
1144 737 1379 808 penitus
1397 737 1581 808 abjeci
1605 753 1724 802 eos,
1754 751 1941 806 neque

305 825 380 879 sic
395 825 619 895 despexi
641 826 1536 894 utconsumerentur,etirritum
1554 827 1800 881 facerem
1814 841 1941 896 pac-

303 920 414 968 tum
440 929 627 968 meum
651 930 786 969 cum
809 915 1042 987 eis.Ego
1062 915 1219 970 enim
1237 915 1820 970 sumDominusDeus
1843 929 1936 968 eo-

299 1007 495 1070 rum,et
511 1004 709 1058 record
721 1005 860 1058 abor
877 1003 1112 1059 foederis
1127 1004 1237 1059 mei
1255 1004 1748 1075 pristini,quando
1765 1004 1938 1060 eduxi

298 1107 385 1146 eos
400 1092 466 1145 de
501 1097 653 1147 terra
667 1092 896 1164 ngypti
922 1093 979 1146 in
1005 1098 1318 1164 conspectu
1351 1093 1637 1164 gentium,
1662 1097 1725 1147 ut
1745 1107 1937 1147 essem

295 1179 431 1234 Deus
460 1195 684 1235 eorum.
728 1180 1034 1236 Dominus.
1083 1186 1208 1236 Haec
1245 1186 1383 1237 sunt
1433 1187 1720 1254 praecepta
1765 1185 1936 1251 atque

288 1269 494 1337 judicia
522 1273 579 1324 et
615 1268 790 1340 leges,
824 1286 965 1340 quas
996 1271 1154 1325 dedit
1187 1271 1468 1325 Dominus
1496 1271 1645 1325 inter
1675 1287 1736 1325 se
1767 1275 1823 1325 ct
1846 1272 1932 1325 in-

295 1361 372 1410 ter
394 1357 542 1413 ﬁlios
576 1358 755 1414 Israel
788 1358 847 1412 in
881 1363 1080 1414 monte
1110 1358 1267 1414 Sinai
1319 1375 1421 1429 per
1474 1375 1717 1414 manum
1766 1358 1930 1413 Mosi.

356 1445 438 1513 (Β.
470 1445 628 1514 XVI,
663 1449 722 1501 C.
760 1447 1100 1502 LXXXVIII.
1131 1447 1261 1518 Cap.
1287 1447 1540 1515 XXVII.)
1563 1448 1932 1518 Locutusque

291 1538 368 1588 est
386 1534 668 1590 Dominus
699 1536 769 1590 ad
797 1536 1015 1604 Mosen,
1041 1537 1243 1593 dicens
1268 1553 1280 1592 :
1312 1538 1571 1608 Loquere
1594 1535 1730 1592 filiis
1751 1535 1928 1592 lsrael

291 1629 340 1677 et
368 1624 521 1678 dices
545 1624 621 1678 ad
651 1641 787 1680 eos:
819 1626 998 1681 Homo
1021 1626 1336 1696 quivotum
1361 1625 1579 1691 fecerit,
1605 1631 1662 1680 et
1679 1641 1929 1696 spopon-

289 1711 423 1767 derit
453 1713 713 1767 animam
733 1714 1442 1780 suam,subzestimatione
1465 1715 1630 1769 dabit
1646 1715 1923 1786 pretium.

290 1800 338 1855 Si
369 1801 532 1856 fuerit
558 1801 862 1857 masculus
886 1819 919 1857 a
949 1803 1224 1858 vicesimo
1255 1819 1407 1858 anno
1443 1819 1628 1873 usque
1660 1804 1731 1857 ad
1755 1818 1922 1858 sexao

287 1890 559 1960 gesimum
589 1907 836 1957 annum,
861 1891 1024 1946 dabit
1045 1892 1470 1964 quinquaginta
1495 1892 1668 1947 siclos
1691 1892 1918 1964 argenti

285 1979 346 2033 ad
372 1995 711 2035 mensuram
745 1981 1107 2048 sanctuarii;
1146 1982 1194 2036 si
1229 1981 1461 2049 mulier,
1515 1981 1814 2052 tringinta.
1872 1983 1916 2035 A

287 2067 473 2137 quinto
507 2075 712 2124 autem
747 2086 900 2124 anno
924 2086 1112 2141 usque
1133 2070 1204 2126 ad
1226 2070 1592 2137 vicesimum,
1621 2070 1918 2126 masculus

283 2158 426 2212 dabit
453 2157 672 2229 viginti
704 2157 879 2214 siclos
903 2177 919 2228 ;
944 2159 1158 2215 femina
1189 2160 1408 2215 decem.
1457 2161 1543 2214 Ab
1565 2177 1680 2215 uno
1719 2176 1917 2215 mense

283 2263 451 2317 usque
481 2248 554 2302 ad
584 2264 806 2303 annum
839 2248 1130 2318 quintum,
1157 2265 1260 2320 pro
1292 2248 1556 2304 masculo
1615 2249 1917 2304 dabuntur

282 2336 522 2408 quinque
548 2336 817 2408 sicli,pro
847 2338 1066 2392 femina
1084 2338 1651 2410 tres.Sexagenarius
1673 2343 1729 2392 et
1766 2337 1917 2393 ultra

291 2425 579 2481 masculus
615 2425 774 2481 dabit
815 2426 1150 2496 quindecim
1183 2426 1396 2495 siclos;
1447 2427 1665 2481 femina
1695 2427 1914 2481 decem.

284 2513 323 2568 si
346 2530 561 2586 pauper
590 2514 790 2582 fuerit,
813 2518 870 2569 et
907 2514 1354 2570 aestimationem
1389 2516 1632 2570 reddere
1671 2531 1785 2569 non
1816 2531 1915 2570 va-

286 2601 429 2670 lebit,
464 2603 654 2659 stabit
671 2619 866 2658 coram
887 2603 1212 2668 sacerdote,
1231 2609 1288 2658 et
1305 2609 1590 2675 quantum
1616 2602 1712 2658 ille
1753 2604 1904 2659 aesti-

282 2691 524 2757 maverit,
563 2696 623 2746 et
654 2691 863 2746 viderit
887 2708 1020 2747 eum
1056 2707 1230 2763 posse
1264 2692 1522 2758 reddere,
1547 2696 1776 2747 tantum
1809 2693 1913 2748 da-

279 2778 369 2834 bit.
400 2779 634 2836 Animal
669 2783 868 2835 autem
902 2781 1055 2852 quod
1089 2779 1405 2851 immolari,
1427 2785 1617 2851 potest
1647 2782 1910 2850 Domino,

277 2867 323 2922 Si
352 2868 476 2940 quis
498 2869 727 2925 voverit
746 2870 994 2926 Domino
1029 2870 1216 2942 (Vulg.
1269 2874 1374 2925 tac.
1437 2871 1724 2941 Domino),
1783 2888 1914 2926 san-

276 2962 417 3012 ctum
448 2959 588 3025 erit,
616 2963 672 3014 et
705 2959 922 3013 mutari
956 2975 1071 3014 non
1104 2959 1340 3030 poterit,
1371 2959 1430 3014 id
1461 2965 1570 3028 est,
1631 2977 1735 3016 nec
1787 2976 1912 3015 me-

278 3045 379 3100 lius
431 3047 612 3117 malo,
641 3064 746 3102 nec
797 3048 965 3118 pejus
1027 3048 1211 3103 bono:
1275 3049 1430 3119 quod
1491 3049 1539 3103 si
1592 3051 1904 3105 mutaverit

2057 557 2161 612 tim
2192 558 2264 613 ab
2295 574 2448 613 anno
2479 557 2815 630 incipientis
2848 559 3030 631 (Vulg.
3064 559 3432 631 accipientis)
3471 560 3698 631 jubilaei

2054 647 2275 700 voverit
2305 663 2534 718 agrum,
2568 648 2802 718 quando
2831 647 3022 702 valere
3055 654 3264 718 potest,
3329 654 3490 704 tanto
3536 649 3696 705 aesti-

2052 735 2325 790 mabitur.
2361 735 2462 790 Sin
2494 739 2691 790 autem
2721 739 2852 807 post
2906 736 3334 807 aliquantulum
3389 738 3692 809 temporis,

2050 825 2389 895 suppatabit
2421 825 2692 879 sacerdos
2726 824 3032 895 pecuniam
3059 827 3230 896 juxta
3252 843 3565 894 annorum,
3589 827 3691 899 qui

2051 912 2261 984 reliqui
2290 918 2452 980 sunt,
2488 929 2797 968 numerum
2835 929 3017 985 usque
3047 915 3116 968 ad
3145 915 3474 985 jubilzeum,
3507 920 3565 971 et
3595 917 3693 972 de-

2049 1004 2313 1059 trahetur
2341 1020 2410 1059 ex
2431 1004 2636 1075 pretio.
2661 1005 2821 1068 Quod
2849 1005 2898 1060 si
2925 1005 3167 1061 voluerit
3186 1007 3470 1063 redimere
3483 1023 3690 1080 agrum

2048 1092 2146 1147 ille
2177 1093 2276 1163 qui
2302 1097 2558 1161 voverat,
2583 1094 2759 1148 addet
2789 1094 3056 1164 quintam
3119 1098 3342 1165 partem
3393 1097 3689 1152 aestimatae

2052 1183 2335 1254 pecuniae,
2368 1188 2426 1238 et
2457 1183 2786 1255 possidebit
2833 1199 2990 1238 eum.
3042 1183 3141 1238 Sin
3194 1189 3388 1240 autem
3438 1185 3693 1242 noluerit

2045 1272 2352 1335 redimere,
2386 1274 2478 1328 sed
2532 1272 2699 1328 altari
2760 1271 3000 1327 cuilibet
3047 1272 3221 1328 fuerit
3273 1273 3688 1344 venumdatus,

2046 1360 2198 1416 ultra
2270 1378 2404 1416 eum
2455 1361 2556 1432 qui
2615 1365 2868 1426 voverat,
2927 1361 3212 1417 redimere
3271 1377 3383 1416 non
3436 1363 3685 1434 poterit:

2043 1450 2183 1521 quia
2214 1466 2346 1505 cum
2392 1449 2619 1521 jubilaei
2651 1451 2879 1505 venerit
2926 1450 3072 1517 dies,
3132 1450 3533 1506 sanctiﬁcatus
3579 1452 3691 1508 erit

2043 1539 2307 1604 Domino,
2336 1543 2392 1594 et
2423 1539 2718 1610 possessio
2747 1543 3092 1595 consecrata
3150 1540 3222 1594 ad
3273 1540 3377 1610 jus
3435 1539 3688 1611 pertinet

2039 1627 2430 1681 sacerdotum.
2463 1627 2520 1680 Si
2552 1642 2690 1697 ager
2718 1631 2955 1697 emptus
2977 1631 3085 1693 est,
3117 1631 3173 1682 et
3206 1644 3320 1682 non
3353 1627 3424 1682 de
3458 1644 3686 1700 posses-

2038 1715 2200 1770 sione
2232 1716 2522 1785 majorum
2558 1714 2966 1770 sanctiﬁcatus
3010 1715 3185 1770 fuerit
3211 1715 3476 1782 Domino,
3537 1733 3680 1788 sup-

2037 1803 2268 1876 putabit
2297 1804 2568 1858 sacerdos
2595 1804 2766 1873 juxta
2795 1819 3083 1858 annorum
3132 1820 3440 1860 numerum
3491 1821 3682 1876 usque

2035 1893 2105 1947 ad
2130 1891 2437 1962 jubilaaum
2500 1892 2775 1961 pretium,
2835 1896 2892 1946 et
2920 1891 3076 1946 dabit
3139 1892 3234 1946 ille
3292 1893 3393 1963 qui
3452 1901 3682 1949 voverat

2029 1978 2787 2050 eum,Domino.Injubilaeo
2811 1984 3007 2035 autem
3039 1985 3362 2036 revertetur
3403 1982 3475 2038 ad
3525 1981 3679 2053 prio-

2030 2087 2148 2126 rem
2184 2069 2486 2125 dominum
2531 2069 2630 2141 qui
2673 2068 3016 2124 vendiderat
3065 2086 3223 2137 eum,
3283 2075 3342 2125 et
3386 2070 3675 2126 habuerat

2029 2160 2086 2214 in
2119 2163 2277 2214 sorte
2308 2157 2702 2230 possessionis
2733 2174 2872 2213 suae.
2925 2158 3132 2214 Omnis
3190 2159 3487 2215 aestimatio
3535 2160 3678 2216 siclo

2025 2247 2342 2304 sanctuarii
2380 2247 2819 2319 ponderabitur.
2853 2246 3044 2303 Siclus
3077 2247 3281 2320 viginti
3311 2248 3515 2306 obolos
3562 2249 3665 2304 ha-

2025 2337 2141 2393 bet.
2205 2337 2625 2407 Primogenita,
2683 2353 2810 2408 quae
2864 2337 2936 2392 ad
2997 2337 3315 2392 Dominum
3361 2337 3674 2410 pertinent,

2029 2443 2197 2481 nemo
2229 2426 2594 2482 sanctificare
2625 2427 2855 2497 poterit,
2887 2431 2944 2482 et
2973 2443 3198 2495 vovere,
3230 2427 3350 2483 sive
3381 2427 3509 2495 bos,
3555 2427 3676 2485 sive

2025 2515 2150 2570 ovis
2182 2515 2377 2582 fuerit,
2403 2514 2633 2570 Domini
2667 2520 2824 2571 sunt.
2859 2517 3021 2581 Quod
3053 2516 3102 2570 si
3159 2515 3535 2572 immundum
3584 2521 3676 2574 est

2026 2604 2268 2675 animal,
2303 2604 2545 2660 redimet
2577 2605 2678 2676 qui
2711 2605 2946 2674 obtulit,
2990 2607 3163 2676 juxta
3218 2606 3669 2663 aestimationem

2023 2698 2210 2761 tuam,
2242 2699 2298 2748 et
2327 2693 2500 2749 addet
2528 2693 2796 2764 quintam
2821 2698 3045 2766 partem
3074 2693 3244 2766 pretii
3274 2711 3287 2761 ;
3313 2694 3360 2749 si
3385 2695 3671 2752 redimere

2023 2782 2296 2848 noluerit,
2327 2783 2612 2837 vendetur
2638 2783 2806 2837 alteri
2838 2787 3293 2854 quantocunque
3330 2799 3362 2837 a
3395 2788 3450 2839 te
3499 2784 3674 2839 fuerit

2021 2871 2398 2927 aestimatum.
2432 2871 2617 2926 Omne
2647 2871 2805 2943 quod
2837 2871 3082 2927 Domino
3116 2878 3516 2939 consecratur,
3553 2873 3676 2929 sive

2022 2961 2197 3015 homo
2229 2960 2422 3029 fuerit,
2457 2960 2576 3016 sive
2607 2961 2847 3026 animal,
2873 2961 2992 3017 sive
3025 2975 3183 3032 ager,
3217 2978 3331 3016 non
3366 2961 3673 3031 vendetur,

2023 3067 2128 3104 nec
2161 3049 2369 3105 redimi
2403 3050 2633 3121 poterit.
2668 3049 2963 3122 Quidquid
2998 3049 3180 3105 semel
3231 3049 3406 3105 fuerit
3463 3066 3669 3106 conse-

272 3139 319 3189 et
344 3136 531 3207 ipsum
587 3137 740 3208 quod
797 3140 1094 3192 mutatum
1149 3141 1259 3203 est,
1321 3141 1380 3192 et
1439 3137 1582 3192 illud
1644 3155 1745 3210 pro
1795 3156 1910 3210 quo
1950 3202 1982 3210 _
2021 3145 2270 3209 cratum,
2305 3139 3346 3196 SanctumsanctorumeritDomino.
3380 3139 3451 3195 Et
3482 3139 3674 3196 omnis

275 3231 546 3282 mutatum
585 3233 697 3293 est,
739 3236 1144 3282 consecratum
1194 3227 1306 3283 erit
1361 3229 1627 3283 Domino.
1677 3229 1908 3284 Animal
1941 3202 1983 3269 Ο
2023 3228 2402 3294 consecratio,
2437 3245 2564 3299 quae
2597 3228 2838 3284 oil'ertur
2857 3229 2929 3284 ab
2961 3228 3224 3292 homine,
3255 3245 3373 3284 non
3423 3228 3668 3286 redime-

273 3319 447 3370 autem
477 3317 884 3384 immundum,
929 3318 1083 3388 quod
1145 3317 1441 3372 immolari
1489 3317 1732 3373 Domino
1791 3336 1905 3374 non

271 3409 457 3473 potest,
492 3407 542 3462 si
582 3405 713 3477 quis
761 3406 1005 3475 voverit,
1067 3407 1394 3461 adducetur
1451 3412 1585 3461 ante
1633 3409 1904 3463 sacerdo-

269 3495 392 3548 tem.
421 3495 525 3558 Qui
553 3494 833 3564 judicans
874 3499 1072 3549 utrum
1132 3495 1348 3550 bonum
1405 3512 1476 3549 an
1518 3496 1739 3551 malum
1799 3497 1900 3564 sit,

266 3587 458 3639 statuet
490 3584 771 3656 pretium.
818 3585 982 3649 Quod
1042 3585 1090 3639 si
1122 3585 1259 3639 dare
1294 3584 1374 3647 (h.
1427 3585 1738 3654 redimere)
1797 3604 1892 3642 vo-

257 3667 471 3728 lueritis
494 3673 637 3744 quis
669 3673 856 3740 oﬂ‘ert,
881 3673 951 3728 ad
967 3674 1064 3728 det
1085 3690 1266 3744 supra
1294 3674 1682 3730 aestimatione
1723 3677 1898 3746 quin-

270 3762 371 3814 tam
405 3761 850 3832 partem.Homo
868 3762 916 3816 si
943 3762 1158 3816 voverit
1189 3762 1431 3817 domum
1456 3769 1706 3829 suam,et
1732 3781 1897 3821 sanc-

186 3902 195 3915 ,
263 3847 557 3906 tiﬁcaverit
570 3850 1243 3919 Domino,considerabit
1261 3867 1388 3906 eam
1404 3855 1675 3908 sacerdos
1696 3860 1892 3909 utrum

263 3934 394 3990 bona
422 3955 493 3993 an
516 3937 675 3993 mala
695 3938 790 4006 sit,
824 3945 882 3994 et
900 3941 1066 4009 juxta
1081 3939 1351 4010 pretium,
1370 3941 1520 4010 quod
1546 3942 1616 3997 ab
1638 3957 1703 3996 eo
1721 3941 1894 3997 fuerit

257 4027 645 4096 constitutum,
682 4027 1175 4082 venumdabitur:
1233 4027 1324 4082 sin
1383 4033 1578 4084 autem
1637 4029 1732 4084 ille
1790 4031 1892 4102 qui

259 4121 485 4182 voverat,
536 4115 789 4172 voluerit
838 4117 1124 4171 redimere
1173 4132 1324 4184 eam,
1387 4117 1556 4173 dabit
1618 4120 1888 4189 quintam

262 4208 457 4270 partem
491 4205 905 4262 aestimationis
954 4221 1156 4276 supra,
1215 4210 1271 4259 et
1338 4205 1575 4261 habebit
1624 4209 1883 4264 domum.

262 4291 403 4354 Quod
433 4295 480 4349 si
513 4311 724 4366 agrum
757 4295 1145 4367 possessionis
1193 4309 1312 4349 sua:
1343 4297 1561 4351 voverit
1607 4301 1663 4351 et
1685 4314 1887 4354 conse-

260 4384 480 4438 creverit
499 4384 766 4449 Domino,
779 4385 949 4453 juxta
971 4400 1308 4440 mensuram
1326 4386 1606 4442 sementis
1627 4387 1887 4443 aestima-

259 4466 396 4525 bitur
425 4474 679 4542 pretium
709 4489 724 4528 :
750 4472 798 4529 si
856 4473 1139 4545 tringinta
1174 4473 1388 4530 modiis
1429 4474 1630 4531 hordei
1670 4477 1888 4533 seritur

2019 3322 2134 3389 tur,
2167 3319 2262 3373 sed
2317 3323 2502 3373 morte
2558 3317 2860 3373 morietur.
2921 3317 3134 3373 Omnes
3188 3317 3426 3372 decimas
3473 3322 3664 3386 terris,

2016 3408 2136 3464 sive
2166 3409 2235 3464 de
2265 3407 2558 3480 frugibus,
2590 3408 2712 3463 sive
2744 3408 2814 3463 de
2838 3408 3030 3480 pomis
3064 3407 3365 3474 arborum,
3421 3408 3657 3464 Domini

2013 3503 2168 3567 sunt,
2201 3502 2258 3553 et
2287 3497 2370 3552 illi
2404 3497 2865 3553 sanctiﬁcantur.
2899 3498 2956 3552 Si
2990 3497 3125 3568 quis
3157 3501 3350 3552 autem
3410 3496 3658 3555 voluerit

2011 3589 2297 3642 redimere
2345 3587 2602 3642 decimas
2658 3603 2819 3654 suas,
2871 3587 3044 3642 addet
3104 3586 3372 3658 quintam
3424 3592 3651 3658 partem

2009 3693 2232 3733 earum.
2266 3676 2539 3732 Omnium
2566 3675 2926 3731 decimarum
2956 3676 3121 3731 bovis
3153 3679 3210 3730 et
3241 3675 3366 3731 ovis
3385 3679 3439 3730 et
3467 3692 3648 3748 caprae

2005 3767 2086 3836 (h.
2122 3783 2237 3821 non
2269 3766 2487 3838 habet),
2522 3782 2650 3836 qua:
2681 3766 2790 3820 sub
2820 3764 3072 3837 pastoris
3103 3764 3266 3836 virga
3320 3769 3656 3834 transeunt,

2006 3853 2294 3926 quidquid
2309 3855 2599 3910 decimum
2618 3851 2857 3924 venerit,
2881 3853 3346 3909 sanctificabitur
3379 3851 3646 3908 Domino.

2004 3943 2126 3998 Non
2158 3943 2406 4015 eligetur
2436 3959 2542 3998 nec
2592 3943 2812 3998 bonum
2845 3958 2951 3997 nec
3003 3941 3247 4012 malum,
3309 3955 3414 3996 nec
3461 3940 3642 3997 altero

2003 4032 2498 4088 commutabitur:
2534 4031 2580 4086 si
2617 4031 2752 4102 quis
2799 4030 3131 4098 mutaverit,
3191 4034 3249 4084 et
3313 4031 3466 4100 quod
3517 4045 3649 4085 mu-

2003 4121 2144 4176 tavit
2174 4121 2358 4192 (Vulg.
2403 4124 2696 4174 mutatum
2757 4124 2885 4189 est),
2916 4121 2972 4174 et
3029 4133 3132 4189 pro
3181 4133 3297 4188 quo
3350 4120 3645 4173 mutatum

2000 4213 2088 4264 est
2117 4207 2579 4264 sanctificabitur
2613 4208 2879 4275 Domino,
2913 4211 2970 4262 et
2999 4223 3114 4262 non
3148 4207 3487 4262 redimetur.
3520 4205 3649 4262 Haec

1999 4301 2138 4353 sunt
2170 4303 2476 4370 praecepta,
2521 4314 2644 4368 quae
2695 4297 2995 4353 mandavit
3053 4295 3336 4353 Dominus
3369 4296 3523 4354 Mosi
3573 4297 3644 4352 ad

1998 4386 2149 4442 ﬁlios
2183 4386 2358 4443 Israel
2392 4386 2452 4441 in
2485 4389 2679 4442 monte
2709 4385 2897 4441 Sinai.

1434 4629 1678 4700 Explicit
1709 4631 1956 4702 Vaiecra,
1990 4630 2046 4686 id
2074 4635 2153 4686 est
2185 4630 2467 4687 Leviticus.

847 4881 1091 4938 TITULI
1137 4883 1327 4939 LIBRI
1378 4884 1682 4955 NUMERI,
1715 4853 1839 4952 QUI
1875 4887 2225 4943 HEBRAICE
2254 4885 2540 4943 DICITUR
2574 4883 3061 4940 VAJEDABBER.

320 5129 358 5183 Ι.
392 5134 670 5204 Praecepit
700 5133 988 5191 Dominus
1019 5135 1190 5203 Mosi,
1225 5141 1286 5192 ut
1336 5153 1648 5193 numerum
1699 5136 1883 5192 totius
1920 5139 1966 5204 D
2072 5136 2163 5191 III.
2188 5135 2296 5192 Ubi
2328 5134 2602 5207 praecepit
2627 5133 2950 5190 maculatos
2981 5136 3143 5189 extra
3174 5140 3362 5189 castra
3389 5148 3536 5200 esse,
3569 5132 3604 5187 d

261 5217 438 5287 populi
471 5237 503 5274 a
535 5221 739 5292 viginti
772 5225 945 5280 annis
968 5230 1023 5280 et
1050 5243 1250 5296 supra,
1285 5225 1547 5281 omnium
1601 5226 1881 5291 virorum,

260 5320 312 5358 ac
340 5308 663 5380 principum
698 5311 1056 5369 familiarum
1089 5314 1402 5381 describat,
1437 5319 1675 5386 excepta
1721 5313 1878 5370 tribu

262 5393 386 5465 Levi,
417 5402 473 5453 et
497 5397 747 5469 qualiter
780 5407 974 5456 castra
1009 5407 1486 5474 promoveantur,
1534 5402 1623 5458 vel
1661 5419 1880 5474 ponan-

261 5485 360 5537 tur.

266 5658 274 5666 υ
321 5572 724 5666 Il.‘Descriptio
757 5578 948 5634 tribus
982 5578 1265 5648 Leviticee,
1289 5584 1343 5635 et
1382 5586 1444 5635 ut
1487 5582 1621 5652 quis
1674 5582 1882 5638 debeat

264 5662 314 5712 in
345 5662 659 5721 ministerio
691 5666 925 5723 Domini
956 5668 1146 5724 ocfﬁio
1177 5669 1524 5741 mancipari.

1993 5225 2143 5280 votis
2175 5241 2428 5292 reorum,
2465 5225 2534 5278 de
2559 5223 2726 5294 aquis
2748 5223 3043 5294 zelotypiae
3087 5223 3240 5278 inter
3293 5236 3529 5276 uxorem
3580 5224 3636 5277 et

1995 5315 2295 5370 maritum.

2065 5404 2152 5458 IV.
2179 5403 2256 5458 De
2280 5401 2718 5458 consecratione
2737 5401 3141 5456 Nazareorum
3166 5403 3223 5454 et
3240 5397 3637 5455 oblationibus

1991 5507 2194 5548 eorum
2223 5510 2233 5546 :
2269 5491 2561 5562 quomodo
2587 5491 2918 5545 sacerdotes
2951 5487 3233 5560 populum
3287 5487 3639 5544 benedicant

2064 5580 2130 5634 V.
2165 5581 2244 5635 De
2279 5579 2645 5635 dedicatione
2674 5576 3060 5645 tabernaculi,
3093 5579 3148 5632 et
3177 5574 3475 5642 altaris,et
3496 5576 3634 5647 quid

1992 5685 2095 5741 per
2125 5669 2433 5726 duodecim
2449 5668 2574 5724 dies
2591 5668 2804 5739 singuli
2826 5665 3120 5738 principes
3134 5665 3394 5722 tribuum
3409 5664 3631 5722 obtule-
