4068 6172
339 338 454 395 375

1382 342 1441 393 S.
1484 340 1891 394 HIERONYMI
1930 339 2183 392 DIVINA
2219 337 2722 392 BIBLIOTHECA.

3654 341 3758 394 376

341 467 482 522 rint.
514 471 596 522 De
626 465 1061 521 consecratione
1111 464 1458 534 Levitarum,
1491 467 1548 518 et
1605 463 1674 518 de
1734 461 1990 518 lucernis
2019 493 2073 556 Α
2106 466 2187 516 De
2209 461 2558 533 expiatione.
2595 461 2671 515 De
2711 476 2866 531 aqua
2925 461 3405 518 contradictionis
3464 468 3520 520 et
3573 471 3760 522 morte

343 559 549 612 contra
575 553 927 626 Aquilonem
978 553 1286 624 ponendis,
1339 557 1403 608 ut
1463 567 1724 608 mensam
1767 566 1986 622 panum

346 643 766 716 prepositionis
797 641 1134 712 respiciant.

417 733 592 789 VI.De
622 732 809 803 primo
832 731 1052 786 Pascha
1074 729 1134 785 in
1149 731 1464 797 deserto,et
1483 731 1741 787 secundo
1764 744 1992 794 eorum,

343 821 444 892 qui
472 821 722 892 primum
739 820 924 874 facere
943 835 1057 874 non
1081 823 1415 890 potuerunt:
1445 825 1502 874 et
1522 819 1683 874 tubis
1705 817 1997 888 argenteis

348 910 418 966 ad
453 907 928 979 congregandum
955 907 1241 979 populum
1265 907 1569 964 faciendis.

418 1000 541 1052 VII.
576 995 684 1052 Ubi
717 1001 874 1051 mota
904 1001 1044 1051 sunt
1069 1002 1280 1066 castra,
1343 1001 1589 1068 cognato
1640 1012 1746 1051 suo
1801 994 1998 1050 Moses

347 1087 575 1156 suadet,
611 1090 674 1141 ut
706 1085 778 1141 ad
811 1092 1025 1141 terram
1061 1085 1474 1156 promissionis
1525 1102 1724 1141 secum
1776 1087 1999 1156 pergat.

347 1177 430 1233 De
461 1175 925 1232 murmuratione
954 1175 1174 1246 populi,
1231 1181 1287 1230 et
1343 1175 1478 1247 igne
1531 1175 1845 1229 iracundiae
1900 1174 2002 1229 Dei

349 1265 703 1322 vindicantis
734 1265 792 1318 in
823 1280 910 1318 eo.
963 1264 1043 1318 De
1094 1263 1385 1319 desiderio
1435 1263 1636 1335 populi
1689 1262 2004 1333 quaerentis

353 1371 579 1424 carnes,
613 1369 808 1425 cepas,
840 1358 897 1407 et
925 1369 1289 1421 cucumeres,
1339 1358 1396 1408 et
1424 1359 1648 1420 caetera,
1695 1357 1752 1406 et
1810 1350 2005 1406 nolen-

353 1445 502 1499 tium
536 1442 947 1497 dulcissimum
974 1458 1127 1496 man.
1152 1447 1230 1496 De
1251 1441 1630 1512 Septuaginta
1654 1439 2004 1510 presbyteris

356 1532 868 1604 prophetantibus,
902 1537 956 1585 et
980 1533 1049 1584 de
1071 1530 1472 1584 coturnicibus
1489 1531 1559 1584 ad
1577 1529 2002 1584 comedendum

349 1623 434 1677 eis
466 1622 752 1676 irascente
783 1623 891 1676 Deo
925 1619 1218 1684 adductis,
1251 1623 1305 1673 et
1336 1618 1406 1672 de
1439 1618 1726 1688 sepulcris
1787 1632 2000 1672 concu-

356 1710 678 1782 piscentiae.

428 1799 575 1854 VIII.
600 1799 680 1854 De
714 1797 1180 1853 murmuratione
1211 1803 1403 1852 Aaron
1427 1800 1485 1851 et
1539 1795 1756 1860 Mariae,
1819 1799 1874 1850 et
1933 1795 2002 1849 de

356 1889 520 1960 lepra
549 1888 697 1958 ejus.
731 1888 810 1942 De
833 1886 1300 1959 exploratoribus
1327 1887 1395 1940 ad
1422 1891 1634 1940 terram
1661 1884 2000 1956 promissio-
2034 1863 2080 1928 Β

360 1978 452 2032 nis
483 1976 968 2033 considerandam
1021 1974 1241 2029 missis.
1297 1973 1374 2028 De
1423 1977 1720 2028 fructuum
1772 1972 2006 2028 indiciis

361 2065 578 2122 allatis.
619 2067 693 2120 De
725 2065 1042 2120 tentatione
1093 2064 1293 2134 populi
1353 2067 1410 2117 et
1470 2078 1695 2134 pavore.
1759 2062 1835 2117 De
1897 2063 2009 2116 fide

355 2154 534 2209 Josue
564 2157 620 2208 et
667 2151 902 2207 Chaleb.
964 2156 1040 2204 De
1100 2139 1405 2206 iracundia
1455 2151 1573 2215 Dei,
1626 2149 1723 2204 ubi
1759 2167 1859 2220 per
1915 2166 2006 2205 se-

354 2243 552 2314 ipsum
568 2243 730 2312 jurat
749 2240 974 2295 nullum
1001 2257 1070 2295 ex
1087 2241 1171 2295 eis
1186 2246 1429 2295 terrram
1454 2238 1864 2311 promissionis
1877 2255 2009 2293 con-

362 2331 609 2402 tingere.

430 2419 523 2477 IX.
555 2419 635 2474 De
665 2418 1006 2490 spontaneis
1027 2419 1196 2473 votis.
1220 2423 1295 2472 De
1347 2417 1618 2489 primitiis
1641 2416 2005 2488 separandis.

361 2509 440 2564 De
463 2507 661 2563 anima
691 2523 818 2578 quae
843 2523 942 2578 per
965 2506 1379 2579 ignorantiam,
1403 2505 1489 2560 vel
1516 2505 1851 2576 superbiam
1878 2520 2010 2575 pec-

367 2602 475 2653 cat.
538 2596 620 2652 De
649 2595 886 2651 homine
941 2595 1101 2666 ligna
1155 2593 1510 2666 colligente;
1561 2611 1678 2665 qua
1721 2593 2012 2648 sententia

359 2685 562 2741 debuit
590 2684 706 2740 Deo
737 2684 1060 2756 imperante
1081 2682 1342 2738 bercelli.
1402 2687 1479 2738 De
1511 2682 1764 2737 ﬁmbriis
1794 2682 1853 2736 in
1910 2698 2011 2736 an-

360 2773 516 2848 gulis
549 2772 861 2846 palliorum
876 2816 888 2827 .

433 2863 496 2919 X.
522 2862 604 2918 De
623 2862 938 2917 certamine
970 2861 1216 2928 Dathan,
1249 2861 1410 2932 Core,
1445 2865 1501 2916 et
1545 2861 1786 2929 Abiron,
1833 2864 1890 2916 et
1943 2859 2014 2914 de

366 2950 606 3008 interitu
637 2967 862 3006 eorum.
913 2950 1168 3021 Populus
1214 2955 1416 3005 contra
1463 2951 1661 3005 Mosen
1709 2954 1766 3005 et
1821 2955 2013 3004 Aaron

366 3058 470 3113 pro
497 3041 582 3096 eis
614 3043 1022 3094 murmuratus
1055 3044 1162 3094 est.
1199 3038 1299 3094 Ubi
1334 3040 1422 3093 ira
1453 3039 1591 3093 exiit
1613 3056 1645 3093 a
1670 3037 1932 3104 Domino,
1956 3042 2014 3092 et

363 3128 646 3200 populum
673 3131 972 3198 percutere
990 3127 1182 3198 coepit,
1201 3129 1458 3182 etAaron
1485 3127 1848 3182 thuribulum
1874 3143 2010 3181 cum

2107 553 2322 606 Mariae.

2175 639 2330 694 XIII.
2356 642 2542 694 Moses
2575 639 2813 694 nuntios
2837 639 3020 694 mittit
3069 641 3140 694 ad
3200 641 3381 696 Edom
3435 643 3752 700 transitum

2107 733 2334 799 potens,
2369 732 2426 783 et
2457 727 2790 798 prohibitus
2815 729 2925 782 est.
2945 733 3028 784 De
3053 733 3239 785 morte
3261 736 3454 786 Aaron
3474 731 3534 787 in
3560 739 3756 790 monte

2108 818 2242 889 Hor,
2277 825 2334 873 et
2359 817 2626 873 Eleazaro
2659 834 2997 874 successore
3029 819 3148 874 filio
3179 821 3329 892 ejus.
3377 826 3454 878 De
3488 829 3757 896 serpente

2107 912 2350 978 azneo,et
2379 907 2602 963 nuntiis
2627 908 2698 962 ad
2726 907 2876 963 Seon
2899 923 3095 979 regem
3121 909 3592 967 Amorrhaaorum
3613 913 3760 968 dire-

2107 997 2238 1051 etis.

2179 1085 2327 1140 XIV.
2361 1084 2441 1140 De
2471 1083 2680 1139 Balaac
2702 1100 2856 1157 rege,
2888 1089 2945 1140 et
2977 1084 3174 1141 Balam
3203 1087 3411 1154 ariolo,
3445 1088 3542 1144 ubi
3596 1090 3766 1146 asina

2110 1175 2303 1230 locuta
2325 1179 2433 1241 est,
2466 1179 2522 1228 et
2551 1175 2844 1244 quomodo
2874 1176 3200 1232 econtrario
3234 1177 3596 1234 benedixerit
3655 1197 3762 1251 po-

2113 1263 2248 1335 pulo
2283 1263 2476 1319 Israel.

2183 1351 2302 1406 XV.
2338 1352 2588 1422 Populus
2619 1352 2888 1408 initiatus
2915 1353 3256 1426 Belphegor.
3279 1356 3455 1412 Jubet
3478 1357 3762 1414 Dominus

2113 1441 2404 1514 principes
2430 1441 2629 1512 populi
2661 1443 2942 1512 suspendi
2978 1442 3034 1496 in
3069 1443 3369 1514 patibulis.
3432 1445 3514 1501 De
3571 1454 3763 1502 scorto

2114 1529 2506 1598 Madianitide,
2539 1534 2596 1584 et
2625 1529 2880 1585 vindicta
2909 1531 3176 1586 Phineas.
3209 1532 3290 1588 De
3339 1532 3490 1589 bello
3543 1536 3762 1591 Madia-

2114 1618 2252 1672 nitis
2275 1618 2459 1685 illato,
2493 1624 2550 1672 et
2580 1617 2796 1689 populo
2828 1619 3040 1674 iterum
3073 1626 3400 1678 numerato.
3431 1627 3506 1678 De
3529 1623 3764 1680 filiabus

2114 1708 2406 1780 Satphaad
2439 1707 2836 1763 hereditatem
2868 1711 3288 1780 quaerentibus.
3313 1716 3395 1768 De
3416 1713 3556 1767 Mosi
3579 1719 3767 1769 morte

2116 1797 2410 1868 praedicta,
2446 1801 2502 1852 et
2532 1798 2712 1852 Josue
2743 1798 3010 1853 ordinato
3042 1815 3382 1856 successore
3413 1803 3560 1872 ejus.

2189 1885 2329 1940 XVI.
2364 1887 2444 1941 De
2473 1887 2588 1940 ritu
2646 1885 2914 1942 sacrificii
2976 1889 3270 1956 matutini,
3331 1896 3387 1945 et
3445 1890 3764 1948 bolocausti

2117 1975 2365 2030 faciendi
2399 1992 2500 2046 per
2530 1975 2796 2047 singulos
2831 1979 3203 2048 menses,qui
3225 1978 3335 2034 sibi
3370 1997 3522 2036 anno
3545 1986 3769 2037 verten-

2121 2071 2172 2120 te
2206 2065 2547 2119 succedunt.
2582 2065 2663 2120 De
2692 2064 2984 2121 oblatione
3018 2066 3075 2121 in
3100 2070 3460 2124 Pentecoste.
3499 2071 3573 2126 De
3605 2070 3773 2126 obla-

2117 2152 2378 2206 tionibus
2411 2151 2630 2207 mensis
2655 2151 2955 2221 tubarum,
2986 2155 3044 2208 et
3071 2155 3217 2210 votis
3252 2156 3590 2212 mulierum.

2189 2239 2362 2294 XVII.
2398 2245 2472 2294 De
2505 2239 2909 2296 interiectione
2949 2241 3428 2311 Madianitarnm,
3462 2250 3519 2300 et
3576 2248 3775 2318 praeda

2117 2345 2343 2384 eorum.
2373 2330 2446 2384 De
2476 2329 2754 2400 petitione
2788 2329 3210 2387 Rubenitarum
3261 2338 3316 2388 et
3365 2333 3770 2402 Gaaditarum,

2120 2423 2182 2472 ut
2216 2420 2272 2473 in
2304 2419 2506 2474 eadem
2540 2423 2694 2474 terra
2723 2419 3067 2475 animalium
3109 2423 3316 2478 merito
3348 2429 3537 2479 sortes
3576 2425 3772 2481 susci-

2120 2508 2301 2580 piant,
2335 2513 2392 2563 et
2421 2508 2798 2565 concessione
2828 2509 2996 2566 Mosi.

2190 2596 2395 2652 XVIII.
2433 2598 2532 2652 Uic
2563 2597 2988 2668 profectionum
3039 2599 3166 2654 loca
3213 2605 3653 2672 commemorat,
3713 2606 3772 2657 et

2123 2686 2184 2740 in
2217 2686 2432 2755 quibus
2465 2685 2608 2742 locis
2639 2688 2875 2743 fixerint
2897 2689 3172 2744 tentoria.

2192 2775 2344 2830 XIX.
2376 2777 2663 2832 Dominus
2694 2777 2965 2848 praecepit
2994 2777 3246 2848 qualiter
3296 2783 3511 2834 terram
3572 2795 3775 2851 repro-

2124 2863 2425 2919 missionis
2451 2872 2603 2920 sorte
2633 2865 2932 2934 devidant,
2966 2871 3022 2921 et
3044 2883 3413 2937 unaquaeque
3439 2868 3649 2935 tribus,
3674 2885 3775 2923 cu-

2117 2955 2216 3024 jus
2248 2952 2357 3007 loci
2390 2953 2599 3008 debeat
2621 2954 2734 3008 fine
2765 2954 3054 3011 concludi.

2193 3041 2320 3096 XX.
2349 3040 2453 3096 Ubi
2475 3042 2721 3111 jubetur
2754 3043 2924 3098 urbes
2956 3044 3016 3097 in
3067 3042 3440 3112 fugitivorum
3500 3045 3779 3116 praesidia

2125 3130 2407 3201 separari,
2436 3136 2492 3184 et
2523 3131 2619 3201 qui
2650 3133 2768 3186 sint
2801 3132 2898 3203 qui
2924 3132 3174 3187 debeant
3204 3131 3477 3204 praesidio
3509 3135 3779 3190 confove-

362 3217 750 3288 thymiamate
773 3216 1021 3270 offerens
1073 3213 1441 3285 prohibuerit
1494 3221 1864 3270 vastatorem.
1925 3221 2006 3270 De
2039 3225 2081 3288 ρ
2120 3219 2189 3274 ri.
2225 3218 2348 3273 Filii
2380 3219 2629 3274 filiorum
2650 3221 2866 3291 Joseph
2889 3224 3084 3276 Mosen
3109 3220 3596 3293 interpellantpro
3622 3222 3778 3277 lilia-

369 3305 548 3375 virgis
578 3304 910 3370 duodecim,
941 3309 998 3357 et
1029 3304 1190 3374 virga
1219 3304 1408 3358 Aaron
1442 3304 1864 3360 frondescente.

437 3393 529 3449 XI.
567 3399 643 3448 De
661 3392 926 3447 custodia
957 3393 1338 3457 tabernaculi,
1363 3394 1513 3463 quod
1547 3395 1615 3446 ad
1650 3396 2009 3448 sacerdotem

361 3483 631 3554 pertinet.
660 3482 738 3536 De
761 3481 1168 3553 primogenitis
1193 3481 1571 3550 redimendis,
1595 3487 1652 3538 et
1675 3483 1743 3536 de
1765 3483 2008 3538 decimis

362 3571 747 3628 decimandis.

438 3663 563 3718 XII.
590 3663 670 3718 De
698 3660 878 3718 vitula
911 3664 1058 3733 rufa,
1092 3679 1223 3732 qua:
1254 3664 1417 3717 extra
1447 3665 1637 3717 castra
1696 3666 2005 3718 mactatur.

2122 3309 2232 3363 bus
2265 3307 2579 3379 Salphaad,
2615 3326 2687 3364 ne
2717 3309 3057 3365 haereditate
3078 3311 3335 3366 donante
3368 3310 3424 3364 in
3451 3311 3566 3366 alia
3582 3312 3766 3381 tribu,

2120 3397 2392 3468 conjugia
2415 3398 2758 3466 sortiantur,
2788 3415 2857 3454 ne
2906 3398 3152 3455 sortium
3213 3399 3479 3456 confusio
3533 3400 3652 3468 fiat,
3712 3407 3774 3458 et

2121 3485 2365 3540 aliorum
2402 3487 2694 3557 possessio
2725 3487 2796 3541 ad
2849 3487 3064 3543 alteros
3112 3493 3394 3559 transeat,
3453 3496 3510 3543 et
3552 3506 3772 3560 praece-

2121 3579 2230 3645 ptis
2270 3579 2409 3630 sunt
2457 3575 2516 3630 in
2550 3575 2703 3630 tribu
2739 3591 2848 3630 sua
2879 3575 3094 3646 quibus
3124 3575 3450 3632 voluissent
3502 3578 3779 3650 conjugis.

2121 3679 2354 3719 800181⁸1.

1638 3920 1908 3976 BREVES
1968 3921 2161 3976 LIBRI
2223 3921 2518 3978 NUMERI.

369 4200 410 4256 Ι.
446 4201 786 4272 Recognitio
819 4197 1130 4255 duodecim
1162 4198 1426 4253 tribuum
1461 4196 1610 4250 facta
1659 4213 1692 4250 a
1751 4195 1909 4251 Mose
1955 4201 2014 4252 et

439 4294 652 4357 Aaron,
685 4294 741 4344 et
771 4287 1079 4344 duodecim
1115 4287 1506 4359 principibus,
1540 4302 1573 4340 a
1602 4284 1808 4356 viginti
1841 4284 2012 4340 annis

443 4384 500 4434 et
531 4395 729 4449 supra,
758 4383 961 4449 praeter
998 4375 1226 4431 Levitas
1260 4377 1299 4444 ¹,
1333 4391 1424 4429 ne.
1459 4391 1542 4427 ιιι.
1578 4378 1634 4428 et
1666 4391 1754 4428 DL.

378 4468 452 4524 II.
485 4469 662 4525 Jubet
687 4465 972 4522 Dominus
1005 4463 1222 4519 tribum
1259 4463 1388 4517 Levi
1433 4479 1547 4516 non
1581 4462 1876 4516 numerari
1917 4478 1930 4514 :
1961 4466 2022 4515 ut

448 4559 558 4628 ipsi
593 4554 967 4611 tabernaculo
989 4553 1341 4619 deserviant,
1373 4557 1429 4607 et
1462 4551 1818 4606 ministrent.

380 4648 474 4702 III.
507 4647 685 4701 Jubet
715 4646 1000 4700 Dominus
1037 4649 1097 4698 ut
1123 4643 1390 4696 ordinate
1440 4640 1758 4711 procedant
1791 4657 1891 4710 per
1922 4641 2021 4693 do-

455 4753 583 4790 mus
617 4743 906 4807 paternas,
941 4738 997 4787 et
1030 4748 1128 4804 per
1158 4736 1387 4785 turmas
1421 4746 1578 4784 suas.

381 4826 471 4881 IV.
507 4825 586 4880 De
617 4824 887 4896 progenie
921 4821 1120 4890 Mosis,
1153 4824 1209 4875 et
1238 4821 1448 4887 Aaron,
1483 4823 1539 4873 et
1572 4817 1822 4872 filiorum
1874 4817 2024 4886 ejus,

453 4913 553 4985 qui
585 4915 657 4968 ad
691 4909 1084 4967 sacerdotium
1125 4908 1280 4963 uncti
1316 4913 1477 4962 sunt.

385 5004 445 5060 V.
483 5004 703 5060 Levitas
725 5000 868 5056 dicit
909 4998 1192 5055 Dominus
1217 4997 1456 5068 adjungi
1505 4999 1714 5063 Aaron,
1767 5011 1832 5050 eo
1869 4995 2025 5066 quod

453 5093 564 5150 sibi
577 5089 865 5162 acceperit
883 5105 980 5144 eos
1001 5106 1102 5159 pro
1119 5087 1274 5142 omni
1287 5088 1394 5141 bus
1409 5086 1493 5157 pri
1506 5083 2023 5157 mogenitistsrael.

2127 4197 2270 4252 VIII.
2306 4195 2480 4252 Filios
2507 4195 2716 4265 Gauth,
2741 4196 2914 4267 jubet
2936 4196 3235 4253 Dominus
3267 4202 3502 4269 portare
3561 4215 3758 4255 arcam

2196 4291 2252 4340 et
2281 4301 2562 4353 mensam,
2595 4289 2652 4340 et
2676 4286 2876 4355 altare,
2912 4289 2970 4340 et
3005 4291 3068 4340 ut
3103 4303 3220 4342 non
3254 4292 3499 4360 tangant
3563 4294 3794 4357 sancta,

2049 4360 2095 4424 D
2201 4391 2270 4430 ne
2298 4373 2644 4430 moriantur.

2135 4462 2226 4518 IX.
2263 4464 2435 4518 Filios
2465 4462 2684 4518 Gerson
2709 4463 2878 4534 jubet
2927 4468 3159 4534 portare
3219 4464 3667 4520 tabernaculum
3727 4472 3792 4520 et

2204 4552 2346 4608 lora.

2133 4641 2195 4696 X.
2232 4642 2406 4696 Filios
2441 4641 2642 4696 Merari
2667 4641 2856 4712 capita
2879 4643 3263 4710 tabernaculi,
3295 4647 3351 4698 et
3389 4659 3551 4698 seras
3583 4650 3638 4697 et
3687 4661 3789 4699 co-

2205 4731 2460 4793 lumnas,
2491 4737 2547 4785 et
2578 4731 2770 4796 bases,
2803 4746 3005 4786 omnes
3037 4736 3336 4801 portantes
3391 4748 3538 4802 opus
3595 4733 3794 4787 taber~

2207 4820 2399 4873 naculi
2433 4825 2561 4874 octo
2596 4819 2780 4873 millia
2810 4820 3115 4890 quingenti
3145 4821 3460 4892 octoginta.

2136 4911 2234 4964 XI.
2271 4909 2441 4962 Jubet
2469 4907 2750 4963 Dominus
2781 4908 2910 4977 ejici
2935 4910 3004 4963 de
3027 4908 3235 4965 castris
3267 4925 3499 4965 omnem
3524 4909 3790 4966 immun-

2211 4997 2374 5049 dum.

2138 5085 2265 5140 XII.
2302 5085 2380 5140 De
2414 5084 2672 5151 muliere,
2709 5100 2836 5157 quae
2864 5083 3111 5140 latenter
3133 5087 3305 5142 fuerit
3330 5085 3678 5144 adulterata.

380 5182 688 5239 VI.Levits:
721 5180 1222 5235 dinumerantura
1244 5192 1443 5231 mense
1466 5191 1580 5229 uno
1607 5179 1661 5230 et
1685 5191 1882 5245 supra,
1913 5175 2028 5232 duo
2138 5175 2289 5229 XIII.
2325 5174 2402 5228 De
2426 5174 2518 5239 iis,
2551 5174 2650 5244 qui
2684 5178 2882 5229 votum
2918 5174 3176 5229 voverint
3206 5176 3520 5232 castitatis.

463 5271 646 5328 millia
678 5267 914 5324 ducenti
947 5272 1002 5320 et
1034 5264 1405 5336 septuaginta
1435 5271 1707 5335 quatuor.

2139 5263 2288 5317 XIV.
2323 5263 2623 5326 Quomodo
2655 5262 3010 5317 benedicant
3042 5264 3322 5335 populum
3357 5268 3712 5321 sacerdotes.

381 5361 499 5416 VII.
525 5367 770 5415 Umncm
801 5354 1256 5428 primogenitum
1290 5353 1544 5408 ﬁliorum
1573 5351 1748 5406 Israel
1778 5369 1809 5406 a
1834 5367 2033 5406 mense
2141 5352 2263 5406 XV.
2296 5350 2469 5421 Ungit
2501 5351 2690 5405 Moses
2724 5351 3191 5422 tabernaculum,
3223 5359 3280 5407 et
3303 5353 3598 5426 principes
3657 5372 3800 5410 mu-

454 5467 569 5505 uno
602 5454 660 5504 et
693 5463 874 5519 supra
900 5445 1083 5516 jussit
1114 5443 1398 5498 Dominus
1446 5442 1832 5496 dinumerari.

2215 5458 2354 5495 nera
2385 5440 2658 5496 oti‘erunt.

458 5580 471 5610 ¹
538 5576 694 5631 Unus
771 5571 995 5628 Palatin
1067 5587 1200 5639 ms.,
1261 5570 1323 5624 Et
1389 5568 1670 5626 duodecim
1737 5568 1938 5624 Tribus
1997 5568 2340 5639 principibus
2391 5584 2424 5621 α
2481 5567 2718 5637 triginta
2776 5571 2827 5623 et
2864 5583 3053 5638 supra,
3112 5577 3312 5639 praeter
3363 5570 3583 5626 Levila:
3637 5588 3797 5643 οων,

385 5652 434 5703 et
457 5661 544 5701 οι..
