4068 6172
249 314 334 370 377
1540 313 1754 370 LIBER
1790 309 2278 367 NUMERORUM.
3512 317 3619 374 378

243 441 364 497 XVI.
395 439 610 512 Singuli
644 457 747 512 per
777 440 1042 513 singulos
1075 441 1200 496 dies
1233 440 1538 498 duodecim
1562 435 1853 511 principes
1886 436 1938 503 Α
1969 433 2089 489 XL.
2127 435 2201 489 De
2231 433 2480 492 ﬁmbriis
2512 436 2813 493 faciendis.

302 547 520 586 munera
548 547 656 586 sua
685 531 830 586 Mosi
865 531 1142 586 offerunt,
1962 525 2108 578 XLI.
2136 525 2214 579 De
2245 525 2409 591 Core,
2432 526 2680 594 Dathan,
2701 532 2756 581 et
2779 527 3017 598 Abiron,
3045 529 3386 587 etducentis
3436 533 3614 603 quin-

245 620 394 675 XVII.
430 619 506 674 De
537 619 912 687 candelabro,
942 625 998 675 et
1029 618 1306 674 lucernis.
2033 614 2316 684 quaginta
2350 614 2736 686 principibus.

242 708 411 764 XVIII.
448 713 519 763 De
552 709 758 764 Levitis
780 709 1104 780 puriﬁcatis
1134 710 1202 764 ad
1237 706 1633 762 ministerium
1657 703 1850 759 taber-
1963 701 2134 756 XLII.
2168 702 2314 757 Dixit
2349 705 2624 759 Dominus
2670 706 2862 761 delere
2906 722 3137 761 omnem
3165 723 3520 780 synagogam
3553 714 3609 765 et

299 796 492 851 naculi.
2033 791 2322 861 deprecati
2349 797 2488 846 sunt
2509 793 2698 848 Moses
2720 800 2774 848 et
2795 802 2982 849 Aaron
3011 811 3112 867 pro
3135 796 3375 867 populo,
3398 801 3455 852 et
3475 797 3607 869 glu-

239 887 365 940 XIX.
397 888 430 939 Λ
462 885 662 957 viginti
695 886 954 956 quinque
986 887 1159 942 annis
1212 885 1441 941 Levites
1473 882 1748 940 accedere
1777 879 1849 934 ad
2031 881 2161 934 tivit
2180 886 2333 934 terra
2361 881 2582 936 Dathan
2606 888 2664 936 et
2682 883 2898 937 Abiron
2921 885 2963 948 δ,
2985 891 3041 939 et
3058 885 3429 955 consumpsit
3451 887 3607 958 ignis

293 974 739 1043 ministrandum,
767 980 824 1030 et
855 991 887 1029 a
917 975 1348 1046 quinquaginta
1380 972 1667 1028 recedere.
2032 970 2314 1024 ducentos
2345 968 2776 1041 quinquaginta
2807 972 3059 1026 ferentes
3089 973 3424 1030 incensum.

233 1061 321 1116 XX.
348 1070 504 1117 Anno
525 1064 783 1118 secundo
805 1079 874 1118 ex
897 1064 1217 1135 Egyptoin
1245 1063 1432 1134 primo
1461 1060 1851 1130 mensejubet
1959 1057 2154 1112 XLIII.
2209 1058 2358 1112 Exiit
2407 1057 2491 1113 ira
2539 1075 2572 1114 a
2616 1059 2759 1114 facie
2817 1060 3065 1125 Domini,
3097 1064 3153 1116 et
3192 1061 3384 1132 fragor
3416 1064 3606 1119 factus

289 1151 548 1205 Dominus
582 1151 863 1206 celebrari
895 1152 1140 1208 Pascha,
2030 1151 2138 1211 est,
2201 1152 2257 1201 et
2305 1147 2521 1202 mortui
2573 1153 2713 1204 sunt
2768 1165 2836 1204 ex
2896 1149 3108 1220 populo
3155 1151 3602 1220 quatuordecim

230 1239 345 1293 XXI.
377 1239 696 1295 Perfectum
730 1246 818 1296 est
867 1240 1340 1303 tabernaculum,
1374 1244 1430 1294 et
1479 1239 1667 1294 nubes
1698 1237 1841 1292 texit
2032 1236 2218 1290 millia
2247 1235 2748 1309 septuaginti,pro
2796 1254 2862 1292 eo
2893 1238 3043 1308 quod
3079 1245 3605 1296 murmuraverunt

281 1327 405 1381 illud
439 1329 494 1382 in
523 1330 637 1394 die,
665 1335 722 1384 et
753 1329 906 1402 ignis
934 1331 992 1385 in
1033 1335 1220 1386 nocte.
2031 1325 2311 1382 adversus
2347 1327 2538 1382 Mosen
2571 1331 2627 1382 et
2659 1329 2866 1382 Aaron.

227 1416 369 1471 XXII.
399 1418 760 1474 Praecedente
802 1419 973 1484 nube,
1025 1434 1093 1474 ex
1124 1423 1410 1490 przecepto
1443 1415 1674 1472 Domini
1706 1431 1844 1487 pro-
1957 1415 2148 1471 XLIV.
2179 1417 2251 1470 De
2273 1417 2438 1486 virga
2462 1422 2653 1471 Aaron
2682 1433 2812 1487 quae
2839 1417 3054 1481 ﬂoruit,
3088 1420 3143 1473 et
3167 1421 3230 1473 ut
3251 1419 3482 1475 desinat
3505 1437 3601 1491 po-

285 1507 591 1572 movebant,
631 1511 688 1562 et
717 1507 1136 1563 consistebant.
2027 1504 2202 1575 pulus
2234 1521 2620 1576 murmurare,
2655 1521 2726 1561 ne
2759 1506 3104 1562 moriantur.

228 1593 392 1650 XXIII.
422 1601 497 1651 De
546 1597 706 1650 tubis
750 1597 1041 1668 argenteis
1091 1597 1163 1651 ad
1198 1595 1597 1666 promovenda
1626 1597 1838 1648 castra.
1953 1593 2118 1647 XLV.
2153 1594 2390 1648 Tribum
2416 1594 2736 1665 Levijubet
2763 1595 2980 1651 servire
3002 1596 3400 1666 tabernaculo,
3425 1603 3481 1653 et
3502 1616 3604 1653 cu-

227 1681 386 1738 XXIV.
418 1683 473 1738 1n
505 1685 766 1740 secundo
797 1684 1244 1752 anno,secundo
1279 1699 1474 1738 mense
1497 1685 1842 1753 promovent
2022 1682 2262 1746 stodire,
2293 1687 2348 1736 et
2374 1683 2443 1737 ad
2478 1699 2615 1738 vasa
2646 1689 2851 1738 sancta
2875 1701 2946 1739 ne
2975 1685 3276 1740 accedant.

283 1791 466 1831 omnes
493 1776 601 1829 ﬁlii
632 1775 805 1830 Israel
838 1781 1050 1831 castra.
1759 1862 1769 1872 ι
1871 1808 1916 1873 Β
1952 1769 2139 1873 XL‘VI.
2190 1771 2415 1873 Levitas
2439 1772 2611 1841 jubet
2655 1773 2912 1844 accipere
2953 1773 3234 1841 decimas,
3267 1780 3324 1830 et
3355 1792 3421 1831 ex
3452 1776 3597 1848 ipsis

227 1863 352 1920 XXV.
367 1866 566 1921 Hobab
586 1867 932 1938 cognatum‘
951 1882 1124 1922 suum
1148 1865 1419 1920 hortatur
1439 1866 1627 1919 Moses
1648 1862 1840 1917 venire
1872 1858 1916 1873 ⁹
2017 1858 2275 1915 decimas
2308 1861 2532 1916 oIl'erre.

279 1969 476 2009 secum.
1946 1948 2162 2004 XLVII.
2200 1951 2435 2005 Vaccam
2466 1949 2710 2006 cremari
2735 1950 2790 2006 in
2815 1950 3038 2007 cineres
3065 1953 3135 2007 ad
3163 1970 3376 2026 aquam
3428 1972 3594 2026 spar-

227 2041 388 2098 XXVI.
421 2043 926 2100 Promoveruntde
942 2048 1137 2100 monte
1153 2043 1403 2112 Domini,
1437 2047 1493 2098 et
1506 2057 1642 2097 arca
1657 2045 1837 2095 testa-
2015 2039 2218 2093 sionis.

280 2133 443 2187 monti
477 2133 843 2204 prmoedebat
875 2150 994 2189 eos.
1945 2127 2179 2183 XLVIII.
2216 2128 2442 2184 Mortua
2473 2133 2562 2183 est
2595 2128 2774 2184 Maria
2807 2129 2863 2183 in
2895 2129 3160 2184 deserto:
3197 2134 3590 2187 murmuravit

223 2220 410 2276 XXVII.
442 2223 830 2277 Murmuravit
854 2223 1127 2294 populus,
1156 2227 1213 2277 et
1235 2221 1387 2293 ignis
1410 2218 1709 2276 consumit
1735 2216 1836 2272 ali-
2014 2215 2264 2286 pepulus
2289 2235 2388 2288 pro
2411 2222 2643 2289 aqua,et
2666 2218 2955 2290 percussit
2977 2219 3165 2274 Moses
3181 2224 3403 2290 petram
3428 2220 3590 2291 virga

275 2326 405 2380 quos
435 2327 499 2365 ex
533 2311 706 2382 ipsis.
2011 2305 2210 2360 dicens
2245 2349 2256 2361 .
2283 2307 2577 2378 Numquid
2600 2308 2669 2362 de
2693 2313 2858 2380 petra
2880 2308 2986 2363 hac
3011 2308 3404 2379 producemus
3426 2311 3590 2365 vobis

221 2397 423 2453 XXVIIl.
458 2399 646 2455 Flevit
694 2400 970 2471 populus,
1025 2403 1290 2471 petentes
1335 2412 1541 2452 carnes
1567 2412 1580 2449 :
1605 2398 1661 2449 et
1691 2393 1836 2448 dixit
2010 2411 2226 2466 aquam
2257 2396 2278 2429 ⁸
2311 2398 2333 2450 ?
2361 2400 2418 2450 et
2446 2395 2585 2451 exiit
2615 2413 2770 2468 aqua
2800 2396 3004 2455 multa.
3027 2397 3316 2454 Dominus
3343 2398 3491 2453 dixit
3516 2399 3586 2453 ad

274 2490 434 2542 Moses
465 2489 534 2543 ad
576 2489 884 2544 Dominum
921 2506 932 2542 :
964 2488 1088 2544 Non
1123 2493 1319 2560 potero
1350 2485 1512 2541 solus
1546 2485 1693 2539 ferre
1727 2499 1833 2554 po-
2013 2483 2237 2548 Mosen,
2269 2489 2326 2539 et
2354 2491 2586 2541 Aaron:
2643 2486 2767 2541 Non
2819 2486 3111 2542 inducetis
3158 2503 3258 2542 vos
3306 2486 3588 2560 populum

275 2578 451 2648 pulum
480 2579 689 2634 istum,
2009 2573 2191 2626 istum
2224 2574 2282 2627 in
2317 2581 2549 2642 terram,
2583 2591 2759 2644 quam
2792 2575 2924 2631 dedi
2955 2575 3060 2632 eis.

220 2667 392 2722 XXIX.
455 2667 614 2722 Dixit
691 2667 979 2722 Dominus
1053 2667 1229 2722 Mosi:
1290 2666 1555 2720 Convoca
1607 2663 1676 2717 ad
1739 2676 1830 2716 me
1936 2661 2124 2718 XLIX.
2181 2662 2357 2718 Mittit
2387 2669 2571 2718 Moses
2607 2664 2678 2718 ad
2711 2679 2903 2735 regem
2958 2664 3138 2733 Edon,
3172 2670 3237 2719 ut
3268 2665 3587 2721 transirent

271 2757 620 2829 septuaginta
637 2756 790 2810 viros
823 2757 1178 2822 seniores,et
1208 2755 1356 2810 dabo
1386 2770 1484 2809 eos
1517 2752 1620 2807 tibi
1644 2751 1705 2808 in
1727 2767 1830 2805 au-
2007 2767 2107 2821 per
2137 2753 2351 2824 ipsum,
2387 2757 2444 2807 et
2471 2751 2568 2806 ille
2598 2751 2804 2808 noluit.

270 2843 470 2899 xilium.
1935 2843 1996 2894 L.
2053 2841 2224 2896 Jubet
2280 2840 2564 2897 Dominus
2624 2842 2793 2910 Mosi,
2859 2846 2922 2897 ut
2978 2843 3189 2897 vestiat
3246 2841 3579 2898 Eleazarum

213 2930 340 2986 XXX.
371 2933 523 2988 Tulit
559 2933 848 2989 Dominus
879 2934 951 2990 ah
982 2933 1192 3006 spiritu
1225 2933 1390 3000 Mosi,
1423 2936 1481 2987 et
1512 2929 1708 3003 posuit
1729 2945 1830 2984 su-
2003 2929 2211 2984 stolam
2235 2930 2800 3001 patrissuiAaronin
2818 2932 2895 2987 0r
2910 2936 3102 2987 monte
3119 2932 3161 2998 ⁸,
3195 2935 3251 2987 et
3294 2936 3359 2987 ut
3383 2937 3579 2988 Aaron

267 3037 350 3090 per
376 3024 658 3092 seniores,
691 3029 748 3078 et
781 3023 1293 3095 prophetaverunt.
2009 3019 2296 3074 moriatur
2328 3018 2429 3074 ibi.

212 3108 369 3164 XXXI.
403 3111 564 3167 Misit
611 3111 896 3167 Dominus
945 3129 1174 3184 gregem
1227 3110 1594 3167 coturnicum
1638 3110 1694 3163 in
1729 3125 1828 3162 ca-
1860 3177 1892 3184 _
1933 3105 2023 3160 LI.
2060 3106 2177 3162 Rex
2205 3109 2354 3163 Arad
2392 3107 2749 3176 belligeravit
2794 3109 3072 3165 adversus
3106 3108 3304 3180 Israel,
3340 3109 3582 3165 Domino

267 3203 386 3267 stra,
435 3206 490 3256 et
541 3203 836 3272 percussit
883 3177 1196 3273 exvpo'pulo
1246 3201 1451 3272 viginti
1490 3200 1604 3255 tria
1637 3199 1822 3254 millia
1851 3177 1894 3244 (ἶ
2002 3195 2366 3266 prohibente,
2393 3202 2449 3252 et
2480 3198 2700 3253 subditi
2733 3203 2872 3254 sunt
2901 3199 2973 3254 ei.

265 3287 528 3343 virorum,
1938 3283 2054 3339 LII.
2086 3287 2468 3342 Murmuravit
2499 3286 2752 3359 populus
2782 3305 2794 3342 :
2829 3293 2888 3343 et
2912 3288 3160 3343 immisit
3186 3289 3270 3344 eis
3301 3289 3588 3345 Dominus

219 3377 412 3433 XXXII.
444 3386 646 3434 Aaron
679 3384 735 3433 et
763 3380 943 3434 Maria
975 3379 1124 3434 male
1168 3379 1347 3436 locuti
1381 3384 1520 3435 sunt
1550 3380 1620 3434 de
1652 3379 1830 3447 Mose,
2009 3374 2282 3430 colubros
2315 3378 2542 3431 mortis.

265 3471 309 3520 et
336 3467 508 3524 Maria
546 3483 825 3538 percussa
855 3471 874 3502 ²
904 3473 991 3523 est
1020 3468 1198 3541 lepra,
1234 3475 1291 3526 et
1321 3469 1430 3524 fuit
1459 3475 1617 3526 extra
1641 3473 1834 3524 castra
1938 3462 2081 3518 LIII.
2138 3464 2379 3520 Profecti
2422 3465 2728 3520 ambulant
2779 3483 2877 3538 per
2933 3467 3252 3534 desertum,
3314 3471 3369 3522 et
3425 3467 3588 3522 misit

268 3562 466 3626 septem
491 3557 727 3613 diebus,
2008 3551 2199 3608 Moses
2231 3555 2301 3608 ad
2330 3554 2502 3621 Seon,
2538 3560 2603 3609 ut
2649 3555 2968 3611 transirent
3005 3573 3108 3627 per
3150 3554 3298 3612 ﬁnes
3343 3556 3495 3626 ejus,
3527 3563 3585 3612 et

216 3640 436 3700 XXXIII.
469 3645 647 3702 Mittit
698 3646 888 3702 Moses
921 3647 1316 3719 speculatores
1349 3648 1679 3717 duodecim,
1714 3648 1829 3703 sin-
2006 3641 2195 3696 noluit
2222 3643 2394 3711 Seon,
2427 3643 2527 3698 sed
2559 3644 2715 3699 venit
2745 3645 2815 3698 ad
2843 3650 3198 3716 pugnam,et
3214 3645 3428 3700 occidit
3448 3661 3582 3700 eum

267 3733 412 3804 gulos
443 3737 512 3790 de
544 3734 800 3806 singulis
849 3736 1144 3801 tribubus,
1177 3737 1274 3808 qui
1308 3737 1520 3792 reversi
1542 3738 1829 3794 miserunt
2010 3730 2186 3787 Israel
2216 3733 2234 3765 ⁷
2259 3774 2272 3785 ο

265 3827 521 3878 terrorem
555 3823 617 3878 in
653 3823 888 3895 populo.
939 3824 1155 3880 Chaleb
1187 3829 1381 3881 autem
1415 3826 1830 3884 exhortabatur
1937 3817 2068 3872 LIV-
2102 3819 2251 3875 Ειίίι
2281 3820 2366 3892 08
2397 3838 2494 3876 rex
2527 3822 2584 3875 in
2618 3822 2847 3878 ObViam
2883 3823 3061 3879 Israel
3111 3823 3179 3878 ad
3209 3837 3492 3894 pugnam,
3527 3827 3584 3877 et

266 3911 548 3982 populum,
583 3917 650 3967 ut
680 3915 1062 3968 escenderent.
1091 3915 1375 3970 adversus
1426 3931 1547 3970 eos,
2002 3907 2141 3963 fecit
2169 3909 2221 3964 ei
2252 3909 2407 3965 sicut
2436 3910 2571 3966 fecit
2601 3912 2749 3967 Seon
2784 3912 2904 3984 regi
2939 3912 3422 3968 Amorrhmorum.

211 3993 415 4054 XXXIV.
447 4001 836 4056 Murmuravit
867 4001 1123 4073 populus
1147 4001 1350 4058 dicens
1378 4019 1390 4057 :
1418 4003 1633 4059 Demus
1658 4005 1827 4062 nobis
1931 3995 2042 4050 LV-
2076 3996 2285 4053 381880
2311 4014 2411 4055 τοι
2442 3999 2612 4056 Moab
2643 4001 2806 4056 misit
2849 4001 2918 4057 διά
2947 3999 3204 4069 Balaam,
3245 4004 3309 4054 ut
3335 3998 3581 4069 Veniret,

277 4084 472 4142 Ducem
505 4089 550 4152 2,
584 4094 644 4142 et
673 4093 1034 4143 revertamur
1062 4091 1120 4144 in
1152 4089 1487 4161 Egyptum.
2001 4090 2059 4140 et
2098 4085 2471 4143 malediceret
2521 4089 2732 4144 Israel:
2786 4095 2843 4144 et
2887 4089 3139 4145 obviavit
3195 4088 3278 4142 illi
3333 4087 3578 4159 angelus

218 4170 416 4228 XXXV.
477 4177 670 4232 Iratus
739 4181 828 4231 est
877 4177 1183 4243 Dominus,
1211 4185 1269 4232 et
1322 4177 1467 4232 dixit
1524 4185 1824 4250 percutere
2000 4174 2308 4245 evaginato
2338 4177 2552 4247 gladio.
2585 4182 2640 4233 et
2671 4176 2898 4233 volebat
2928 4177 3192 4233 occidere
3222 4193 3379 4232 eum.

264 4263 543 4333 pepulnm.
605 4271 661 4319 et
719 4265 1065 4334 deprecatus
1118 4271 1208 4321 est,
1269 4267 1453 4322 Moses
1513 4269 1821 4324 Dominum
1931 4261 2070 4318 LVI.
2105 4262 2393 4318 Fornicati
2444 4271 2583 4318 sunt
2611 4281 2678 4320 ex
2708 4265 2922 4336 popqu
2963 4281 3096 4320 cum
3128 4264 3488 4332 Madianitis,
3521 4269 3578 4320 et

264 4356 308 4404 et
337 4354 617 4424 propitius
651 4355 838 4409 factus
868 4361 958 4409 est
989 4355 1092 4411 eis.
1997 4351 2212 4404 occidit
2243 4352 2488 4408 Phinees
2515 4354 2700 4409 Zamri
2731 4372 2863 4409 cum
2898 4353 3231 4419 Madianite,
3266 4360 3325 4409 et
3358 4353 3576 4410 mortui

211 4437 421 4495 XXXVI.
452 4441 621 4497 Jurat
642 4444 922 4498 Dominus
949 4461 1064 4500 non
1087 4444 1458 4501 introducere
1489 4463 1589 4502 eos
1622 4448 1678 4502 in
1706 4454 1822 4504 ter-
1999 4445 2233 4494 suntex
2266 4441 2478 4512 populo
2507 4442 2711 4514 viginti
2744 4448 2995 4516 quatuor
3027 4443 3230 4499 millia.

264 4543 368 4582 ram
397 4531 805 4601 promissionis
845 4549 950 4604 pro
982 4549 1049 4588 eo
1096 4535 1250 4604 quod
1297 4537 1811 4593 murmupaverint,
1844 4541 1891 4607 D
1927 4527 2091 4582 LVII.
2118 4528 2267 4584 Dicit
2297 4530 2582 4587 Dominus
2605 4533 2674 4586 ad
2709 4535 2925 4588 Mosem
2959 4536 3022 4588 ut
3043 4531 3329 4604 percutiat
3361 4531 3574 4586 Madia-

210 4612 447 4673 XXXVII.
481 4627 560 4676 De
594 4620 935 4676 holocausto
967 4627 1021 4676 et
1053 4622 1361 4678 sacrificio.
2000 4615 2174 4672 nitus-

210 4700 465 4762 XXXVIII.
498 4710 799 4764 Primitias
823 4711 991 4781 panis
1023 4716 1188 4766 terrae
1209 4728 1386 4782 quam
1418 4712 1666 4785 ingressi
1694 4721 1815 4772 I'uc-
1928 4707 2119 4762 LVIII.
2158 4709 2424 4781 Praecepit
2473 4709 2758 4765 Dominus
2791 4710 2968 4777 Mosi,
2999 4729 3032 4766 a
3061 4711 3335 4766 vicesimo
3379 4729 3532 4767 anno
3553 4712 3572 4746 ⁸

264 4793 382 4858 rint,
410 4797 575 4866 jubet
606 4798 717 4852 sibi
748 4799 941 4852 oii'erri
973 4799 1277 4856 Dominus.
1997 4802 2056 4852 et
2089 4814 2268 4868 supra
2300 4798 2652 4854 considerari
2677 4801 2994 4870 populum:
3029 4807 3084 4857 et
3109 4801 3396 4856 numerati
3434 4805 3573 4857 sunt

214 4880 439 4939 XXXIX.
473 4886 619 4941 Eum
649 4887 746 4957 qui
795 4887 1016 4958 colligit
1066 4887 1226 4959 ligna
1261 4891 1316 4942 in
1346 4891 1621 4960 Sabbato,
1647 4894 1818 4966 jubet
1999 4892 2270 4941 sexcenta
2305 4887 2509 4953 millia,
2534 4893 2590 4942 et
2621 4888 2781 4943 mille
2812 4889 3169 4960 septingenti
3203 4891 3461 4962 triginta.

266 4974 527 5030 Dominus
560 4975 820 5047 Iapidari.
1927 4974 2063 5028 LIX.
2105 4975 2226 5028 Filii
2276 4976 2426 5042 Levi,
2481 4992 2548 5030 ex
2592 4976 2809 5047 quibus
2859 4981 3114 5046 Amram,
3165 4983 3222 5034 et
3269 4996 3412 5034 uxor
3441 4981 3569 5050 ejus

265 5203 281 5302 ξ
307 5200 459 5302 ξςθῐιξῖ
473 5219 594 5302 Ιῐιὶε.
623 5221 1099 5302 generum‘suum,‘
1127 5222 1230 5278 pro
1258 5213 1573 5276 cognatum.
1993 5213 2024 5302 ἶ
2045 5215 2177 5264 Ηῖῐὲϐ
2208 5226 2462 5284 quoque,
2517 5215 2575 5266 In
2607 5213 2682 5268 0r
2726 5221 2926 5280 monte,
2976 5219 3110 5281 etc.,
3155 5213 3340 5269 nescit
3383 5213 3562 5270 Palat.

307 5273 360 5349 In
392 5273 571 5349 Palat.
603 5273 742 5332 mss.
772 5281 1001 5348 per/usa
1021 5273 1256 5348 estfpro
1285 5273 1560 5349 percussa.
1923 5283 2119 5337 codex.

266 5342 282 5372 ³
307 5344 392 5398 liis
421 5342 789 5427 eti‘erl_Palat.
826 5342 936 5404 ms.
971 5342 1170 5415 verba,
1203 5342 1400 5405 Dcinus
1443 5356 1600 5409 nobis
1624 5360 1811 5425 u'urcs,
1994 5356 2011 5387 ⁷
2050 5355 2297 5427 Rursum
2359 5356 2502 5420 hmo,
2534 5365 2586 5410 et
2627 5355 2827 5411 occidit
2853 5372 2980 5411 eum
3039 5356 3206 5409 Israel
3265 5355 3324 5409 in
3385 5357 3562 5412 Palat.

213 5411 783 5513 ιιεζηξιὶςιζιοὺὶδφρὶξ.ι
1012 5492 1067 5513 Γ
1411 5495 1466 5513 m
1797 5411 1811 5425 ’
1925 5442 2034 5513 ωεζ
2071 5426 2240 5513 sicuti
2275 5433 2330 5513 e't
2354 5411 2532 5513 tertio
2564 5430 2634 5513 ab
2693 5428 2801 5483 hoc
2833 5428 3087 5513 capitqu
3138 5432 3431 5513 postrema
3467 5429 3566 5483 illa

268 5487 283 5575 ξ
310 5487 595 5575 lpterserit
624 5490 805 5546 Palat.
830 5508 982 5575 me,
1011 5492 1104 5575 hic
1139 5509 1370 5575 nomen,
1395 5495 1596 5575 ‘Chore;
1923 5499 2118 5575 verba,
2147 5503 2194 5556 et
2229 5500 2435 5575 volebat
2461 5500 2712 5575 occidere
2741 5516 2886 5566 eum,
2905 5487 3346 5554 ‘desiderantur.

309 5560 428 5637 Quae
478 5561 923 5633 subsequuntur
971 5564 1146 5634 hujus
1195 5565 1434 5636 capituli
1466 5570 1661 5637 verba,
1697 5588 1808 5628 ms.
1991 5572 2010 5605 ⁸
2047 5560 2224 5629 Palat.
2262 5573 2396 5637 ms.°,
2419 5589 2452 5626 a
2483 5573 2755 5627 tricesimo
2786 5560 2949 5626 anno.

217 5619 348 5680 Palat
379 5628 620 5701 ignorat.
