4068 6172
410 323 515 380 379
1440 327 1498 381 S.
1542 327 1952 385 HIERONYMI
1987 331 2242 386 DIVINA
2278 332 2772 389 BIBLIOTHECA.
3713 325 3824 382 380

485 449 776 506 .Iochabed
805 450 952 521 (quis
968 449 1190 522 peperit
1213 451 1394 505 Aaron
1418 454 1687 506 etMosen
1713 456 1770 507 et
1802 452 2068 526 Mariam)
2101 456 2153 521 A
2255 470 2464 525 pecora
2498 459 2702 511 nostra
2742 454 3144 528 relinquemus
3164 453 3280 521 hic,
3316 458 3373 509 et
3404 469 3512 508 nos
3535 452 3831 525 praecede-

486 538 953 611 quiconsiderati
979 539 1195 594 suntab
1217 556 1332 594 uno
1354 546 1635 610 mense,et
1654 558 1834 613 supra
1853 542 2058 613 viginti
2239 559 2372 598 mus
2406 551 2539 600 ante
2571 545 2853 617 populum
2887 543 3096 600 armati
3128 547 3185 598 et
3215 541 3493 598 ordinati.

487 629 601 683 tria
631 627 837 682 millia.
2168 632 2420 688 LXVIII.
2452 633 2806 690 Diverticula
2838 633 3088 688 filiorum
3122 631 3297 687 Israel
3329 646 3398 686 ex
3428 647 3544 704 quo
3571 630 3816 701 profecti

419 717 527 771 LX.
562 716 796 788 Accepit
827 716 1018 771 Moses
1046 720 1249 772 Jesum
1279 717 1466 773 ﬁlium
1499 717 1671 782 Nave,
1705 723 1761 775 et
1783 718 2065 790 imposuit
2242 727 2379 777 sunt
2409 738 2476 778 ex
2505 725 2730 795 zEgpto.

490 822 665 876 super
693 821 826 860 eum
855 822 1064 861 manus
1091 822 1282 861 coram
1308 807 1466 862 omni
1491 809 1728 879 populo,
1753 809 1905 864 sicut
1925 825 2061 864 con-
2173 810 2365 865 LXIX.
2400 811 2552 866 Dicit
2582 813 2867 868 Dominus
2898 815 2963 866 ut
2991 810 3334 882 disperdant
3363 824 3568 865 omnes
3598 807 3835 864 inhabi-

490 895 682 949 stituit
716 893 801 948 illi
839 894 1137 950 Dominus.
2243 903 2437 954 tantes
2456 901 2512 955 in
2536 900 2811 958 Chanaan
2836 901 2857 934 ²
2882 916 2895 956 :
2921 899 3076 971 quod
3099 897 3148 953 si
3173 896 3394 952 residui
3417 895 3654 964 fuerint,
3695 909 3829 950 esse

421 983 556 1039 LXI.
590 983 735 1038 Dicit
764 983 1046 1038 Dominus
1102 985 1267 1052 Mosi,
1302 989 1368 1040 ut
1417 985 1716 1057 praecipiat
1746 986 1960 1058 popqu
1995 987 2066 1042 de
2245 990 2423 1044 sudes
2457 990 2514 1044 in
2548 989 2733 1046 oculis
2763 1005 2987 1045 eorum.

491 1071 796 1127 sacriﬁciis
825 1077 881 1126 et
912 1071 1125 1128 hostiis
1156 1074 1488 1130 olferendis.
2178 1077 2337 1135 LXX.
2364 1079 2577 1135 Novem
2610 1079 2882 1134 tribubus
2913 1082 2972 1133 et
3019 1075 3280 1131 dimidias
3325 1073 3507 1129 tribui
3554 1072 3829 1128 Manasse

423 1161 591 1216 LXII.
625 1163 758 1226 Quae
789 1160 847 1215 in
881 1161 974 1216 die
1005 1161 1240 1217 Pascha:
1273 1162 1465 1217 offerri
1487 1164 1755 1233 debeant,
1787 1166 2062 1220 ostendit.
2245 1177 2462 1227 terram
2495 1169 2767 1226 Chanaan
2793 1169 2964 1240 jubet
2989 1165 3269 1222 Dominus
3290 1163 3470 1219 dividi
3503 1163 3560 1217 in
3585 1167 3828 1219 sortem.

418 1251 620 1305 ΙιΧΙΙῐο
653 1250 786 1313 Quae
816 1250 874 1304 in
908 1250 1263 1307 Pentecoste.
2175 1261 2366 1316 LXXI.
2417 1258 2667 1314 Nomina
2726 1257 3058 1321 hominum,
3109 1255 3210 1325 qui
3269 1252 3621 1324 dispertiant
3689 1249 3832 1305 ﬁliis

423 1339 606 1394 LXIV.
641 1341 774 1404 Quae
805 1339 863 1394 in
898 1357 1098 1396 mense
1129 1340 1381 1412 septimo
1414 1357 1515 1412 per
1544 1341 1667 1398 dies
1698 1348 1940 1414 septem.
2248 1350 2425 1406 Israel
2458 1356 2671 1404 terram
2702 1347 2999 1403 Chanaan.

425 1427 591 1483 LXV.
625 1427 838 1482 Votum
871 1430 1024 1498 quod
1059 1431 1278 1485 voverit
1307 1431 1439 1502 quis
1471 1448 1585 1486 non
1616 1433 2066 1502 praetermitten-
2178 1439 2384 1494 LXXII.
2410 1437 2680 1492 Civitates
2711 1434 3024 1507 signiﬁcat,
3054 1448 3180 1503 qua
3212 1432 3430 1487 dantur
3476 1428 3706 1496 Levitis,
3737 1426 3832 1484 vel

490 1518 652 1571 dum.
2251 1544 2377 1598 qua:
2411 1526 2529 1582 sint
2561 1524 2620 1578 in
2653 1523 2966 1595 refugium.

423 1606 610 1661 LXVI.
652 1606 799 1661 Dicit
827 1606 1113 1662 Dominus
1145 1607 1312 1676 Mosi,
1349 1613 1411 1662 ut
1445 1609 1614 1665 faciat
1653 1610 1973 1666 vindictam
2007 1611 2067 1666 in
2179 1616 2439 1673 LXXIII.
2479 1617 2536 1668 In
2570 1613 2903 1669 civitatibus
2948 1611 3330 1682 refugiorum,
3365 1607 3582 1680 quibus
3631 1606 3833 1662 causis

493 1695 865 1762 Madianitas,
917 1701 973 1751 et
1018 1697 1442 1752 commiserunt
1470 1705 1674 1754 contra
1704 1699 1981 1770 Madiam,
2013 1707 2072 1757 et
2250 1707 2654 1776 perpetrantes
2676 1700 2994 1758 homicidia
3015 1701 3325 1770 confugere
3347 1698 3618 1766 debeant,
3638 1701 3840 1751 osten-

493 1785 832 1840 occiderunt
860 1801 1090 1841 omnem
1122 1786 1516 1842 masculinum
1543 1805 1744 1844 eorum
2101 1833 2146 1850 η
2251 1794 2358 1850 dit.

422 1833 1821 1948 Piiii-RvubenetCadvpetie—runtva‘M-ose
1853 1883 2067 1934 terram
2101 1833 2148 1899 B
2180 1833 2424 1939 LXXIV.
2457 1882 2538 1937 De
2587 1879 2826 1936 ﬁliabus
2883 1879 3171 1951 Salphaad
3211 1878 3478 1948 jubetur,
3505 1878 3571 1931 ut
3615 1874 3738 1930 sint
3767 1871 3835 1927 in

499 1964 654 2018 intra
682 1963 997 2019 Jordanem
1032 1967 1073 2035 ¹,
1108 1963 1366 2020 dicentes
1394 1982 1405 2019 :
1441 1966 1713 2022 Mulieres
1750 1974 1984 2024 nostras
2015 1973 2072 2024 et
2253 1971 2413 2028 tribu
2444 1969 2633 2042 plebis
2662 1970 2844 2042 patris
2875 1969 2988 2025 sui.

493 2108 507 2140 ¹
537 2107 695 2161 Idem
728 2123 866 2173 ms.,
897 2111 1054 2162 trans
1079 2107 1392 2163 Iordanem.
2253 2114 2273 2146 ²
2307 2117 2415 2168 Pro
2446 2111 2746 2179 Chanaan,
2779 2110 3011 2183 prafert
3043 2126 3154 2166 ms.
3189 2108 3371 2164 Palat.
3406 2106 3595 2164 Moab.

844 2395 1235 2458 CAPITULA
1280 2398 1486 2458 LIBRI
1535 2399 1837 2462 NUMERI
1871 2400 2003 2470 QUI
2050 2402 2441 2464 HEBRAICE
2485 2403 2808 2464 DICITUR
2851 2401 3394 2463 VA-JEDABBER.

421 2717 460 2772 I.
499 2718 572 2772 De
604 2716 816 2772 Levitis
849 2734 963 2772 non
997 2719 1401 2774 numerandis.
2181 2722 2339 2779 XXX.
2375 2722 2657 2779 Profectio
2690 2721 2878 2794 prima
2909 2736 2942 2774 a
2971 2724 3169 2776 monte
3199 2719 3357 2775 Sina.

417 2805 484 2861 II.
507 2810 588 2861 De
619 2805 828 2861 castris
859 2807 1310 2863 constituendis.
2180 2811 2382 2867 XXXI.
2411 2811 2668 2884 Cognato
2717 2827 2824 2867 suo
2868 2810 3094 2880 Moyses
3126 2808 3417 2880 proficisci
3451 2823 3649 2863 secum
3690 2824 3844 2863 sua-

416 2895 516 2950 III.
551 2895 862 2966 Progenies
891 2897 1104 2951 Aaron.
2249 2902 2363 2956 det.

416 2984 511 3038 IV.
550 2984 752 3039 Levitis
782 2984 1065 3056 obsequio
1099 2989 1290 3040 Aaron
1325 2986 1465 3041 dati.
2177 2989 2406 3046 XXXII.
2434 2989 2540 3045 Ubi
2574 2993 2908 3045 murmurat
2941 2986 3218 3062 populus,
3251 2990 3307 3042 et
3337 2987 3474 3060 igne
3518 3001 3844 3058 percussus

416 3073 478 3128 V.
512 3073 740 3129 Levitas
771 3089 873 3144 pro
907 3073 1313 3146 primogenitis
1346 3074 1522 3131 Israel
1555 3076 1740 3133 datos.
2251 3079 2540 3135 oburitur.

417 3166 494 3217 VI
523 3162 816 3218 Numerus
849 3163 1204 3218 Levitarum.
2101 3212 2140 3238 η
2181 3168 2436 3224 XXXIII.
2471 3167 2772 3224 Desideria
2803 3167 3089 3234 carnium,
3124 3169 3182 3222 et
3210 3180 3529 3238 peponum,
3563 3165 3620 3219 et
3659 3178 3842 3234 cepa-

414 3212 1538 3323 vi:agam;agamnam.
2100 3212 2142 3278 C
2184 3212 2408 3312 "1;;

413 3340 561 3396 VIII.
598 3341 936 3413 Redemptio
968 3342 1493 3414 primogenitorum
1529 3361 1632 3416 pro
1666 3343 1904 3401 Levitis.
2179 3345 2425 3401 XXXIV.
2459 3345 2540 3400 De
2574 3360 2811 3400 manna.

418 3429 513 3485 IX.
546 3429 626 3485 De
658 3430 895 3485 servitio
928 3429 1185 3486 ﬁllorum
1218 3432 1420 3487 Caath.
2178 3434 2394 3489 XXXV.
2429 3435 2654 3506 Moyses
2686 3434 2757 3488 ad
2796 3438 2972 3489 Deum
3005 3450 3107 3505 pro
3140 3431 3436 3489 carnibus.

417 3519 480 3574 X.
508 3519 732 3575 Levitas
765 3537 798 3576 a
829 3519 1073 3591 triginta
1094 3521 1267 3577 annis
1292 3537 1478 3593 usque
1509 3524 1580 3580 ad
1614 3522 2068 3596 quinquagessi-
2178 3522 2417 3578 XXXVI.
2445 3526 2526 3578 De
2561 3522 2936 3594 septuaginta
2966 3521 3320 3587 senioribus,
3344 3517 3447 3590 qui
3479 3524 3838 3590 acceperunt

493 3625 657 3664 mum
689 3608 1045 3664 ministrare.
2249 3613 2322 3667 de
2351 3611 2564 3683 spiritu
2591 3611 2742 3681 ejus.

417 3697 510 3752 XI.
545 3697 625 3753 De
647 3698 882 3754 servitio
915 3697 1171 3754 ﬁliorum
1206 3699 1448 3756 Gerson.
2181 3700 2446 3756 XXXVII.
2479 3699 2660 3756 Maria
2689 3704 2747 3756 et
2775 3701 2965 3757 Aaron
3023 3701 3335 3756 adversum
3387 3697 3624 3771 Moysen
3660 3712 3838 3752 mur-

415 3786 532 3844 XII.
565 3787 647 3842 De
677 3787 912 3844 servitio
945 3787 1197 3843 filiorum
1231 3789 1463 3845 Morari.
2251 3795 2508 3847 murant.

415 3877 571 3932 XIII.
607 3876 714 3933 Ubi
749 3875 962 3948 Ieprosi
993 3877 1064 3932 de
1095 3877 1306 3934 castris
1334 3877 1664 3947 eiiciantur.
2180 3880 2486 3935 XXXVIII.
2521 3879 2626 3936 Ubi
2661 3879 2821 3936 misit
2852 3880 3078 3952 Moyses
3113 3877 3482 3934 considerare
3514 3880 3758 3946 terram,
3782 3879 3845 3931 et

415 3966 558 4022 XIV.
594 3967 674 4022 De
708 3967 962 4037 peccatis
985 3965 1378 4038 negligentie.
2253 3968 2323 4024 de
2355 3969 2542 4032 botro,
2574 3972 2631 4023 et
2661 3968 2836 4024 malo.

418 4056 530 4112 XV.
563 4056 862 4111 Primitias
895 4057 1268 4112 sacerdotum
1301 4072 1454 4112 esse.
2181 4056 2432 4112 XXXIX.
2465 4059 2647 4112 Moses
2677 4055 2965 4113 satisfecit
2995 4072 3098 4128 pro
3130 4053 3369 4127 populo.

420 4145 565 4201 XVI.
599 4145 678 4201 De
701 4145 1015 4217 Zolotypis.
2178 4145 2289 4201 XL.
2322 4145 2428 4200 Ubi
2463 4145 2855 4202 murmuravit
2884 4160 3182 4217 synagoga
3224 4145 3504 4200 adversus
3534 4142 3737 4210 Deum,
3776 4147 3838 4198 et

419 4234 592 4289 XVII.
630 4234 738 4300 Qui
767 4239 964 4289 votum
995 4234 1152 4289 vovit
1181 4235 1489 4290 castitatis.
1992 4291 1996 4294 ,
2250 4235 2568 4289 vindictam
2602 4237 3005 4305 sumpserunt.
3031 4232 3419 4289 Comminatio
3448 4233 3600 4304 quod
3634 4247 3839 4287 eremo

420 4321 615 4378 XVIII.
651 4324 756 4379 Ubi
790 4323 945 4379 Deus
968 4325 1139 4394 jubet
1168 4325 1462 4395 quomodo
1494 4325 1916 4382 benedicentur
1964 4327 2069 4382 filii
2251 4322 2516 4378 morituri
2545 4327 2742 4378 essent
2771 4339 2805 4378 a
2833 4322 3042 4394 viginti
3071 4322 3242 4378 annis
3269 4327 3328 4377 et
3359 4337 3558 4392 supra.

493 4412 692 4468 Israel.
2177 4413 2316 4468 XLI.
2353 4411 2458 4468 Ubi
2483 4411 2832 4479 moriuntur,
2857 4411 2958 4483 qui
2982 4416 3145 4467 terraa
3169 4412 3547 4467 detraxerunt
3567 4409 3843 4482 explora-

418 4503 564 4558 XIX.
589 4502 889 4574 Principes
919 4500 1188 4559 vehicula
1221 4503 1551 4561 offerentes.
1577 4508 1817 4562 Munera
1850 4505 2067 4577 princi-
2247 4507 2402 4558 tores

491 4607 650 4661 pum.
2096 4578 2142 4644 D
2176 4591 2341 4647 XLII.
2368 4590 2476 4646 Ubi
2501 4589 2754 4664 populus
2776 4594 3038 4647 montem
3059 4591 3372 4647 ascendere
3399 4588 3748 4662 prohibetur
3762 4589 3842 4645 ab

415 4679 528 4735 XX.
563 4685 693 4736 Arae
724 4680 1035 4738 dedicatio.
2245 4680 2506 4737 Amalec.

419 4771 580 4827 XXI.
616 4775 693 4828 De
723 4771 1092 4827 candelabro.
2175 4769 2376 4826 XLIII.
2410 4769 2755 4842 Deprecatio
2787 4767 3230 4826 sacriﬁciorum.

415 4860 588 4916 XXII.
621 4859 701 4916 De
733 4861 1144 4932 puriﬁcatione
1177 4861 1529 4918 Levitarum.
2176 4859 2359 4915 XLIV.
2396 4862 2472 4914 De
2505 4857 2805 4930 primitiis.
3636 4923 3643 4929 .

418 4949 630 5004 XXIII.
662 4949 742 5004 De
773 4950 1200 5021 primogenitis.
2176 4946 2347 5003 XLV.
2382 4945 2461 5001 De
2493 4945 2823 5018 Signagoga
2855 4946 2903 5001 si
2936 4944 3140 5001 nolens
3172 4943 3519 5016 peccaverit.

415 5037 605 5093 XXIV.
641 5039 719 5094 De
753 5039 1088 5096 Levitarum
1123 5041 1508 5096 ordinatione.
2177 5036 2373 5091 XLVI.
2411 5040 2488 5090 De
2521 5040 2753 5106 peccato
2791 5035 3102 5106 superbiai.

421 5129 600 5183 XXV.
636 5130 677 5183 A
711 5145 824 5199 quo
855 5133 1120 5200 tempore
1153 5129 1362 5195 astatis,
1395 5134 1452 5185 et
1483 5145 1670 5200 usque
1701 5144 1814 5198 quo
1866 5127 2066 5183 Levita:
2176 5125 2394 5182 XLVII.
2428 5124 2508 5180 De
2539 5140 2604 5180 eo
2638 5124 2737 5195 qui
2769 5123 2997 5196 lignum
3030 5122 3250 5194 colligit
3281 5121 3558 5180 Sabbato.

489 5217 548 5272 in
576 5218 954 5274 tabernacqu
985 5218 1338 5274 deserviunt.
2176 5214 2415 5269 XLVIII.
2452 5213 2530 5268 De
2560 5214 2720 5281 Core,
2755 5212 3002 5280 Dathan,
3032 5211 3272 5280 Abiron,
3303 5216 3359 5268 et
3389 5215 3614 5267 catera.

420 5307 617 5364 XXVI.
654 5313 729 5362 De
766 5307 1002 5362 Pascha.
2175 5303 2372 5358 XLIX.
2409 5303 2489 5356 De
2521 5300 2700 5356 arulis
2729 5307 2785 5357 et
2817 5300 3154 5357 thuribulis.

421 5396 642 5453 XXVII.
667 5403 746 5452 De
778 5396 1124 5463 immundis,
1149 5396 1247 5466 qui
1273 5397 1495 5452 Pascha
1515 5395 1807 5452 celebrare
1830 5412 1942 5452 non
1968 5411 2068 5467 po-
2177 5398 2238 5447 L.
2277 5394 2351 5448 De
2377 5390 2560 5461 virga,
2596 5407 2720 5461 quas
2755 5391 2969 5446 ﬂoruit.

489 5489 749 5541 tuerunt.
2179 5483 2269 5537 LI.
2303 5481 2588 5535 Dominus
2618 5481 2686 5534 ad
2719 5483 2932 5546 Aaron,
2965 5480 3025 5535 Ie
3056 5479 3378 5536 sacerdotio
3406 5483 3463 5534 et
3493 5479 3725 5536 Levitis.

417 5575 654 5630 XXVIII.
689 5577 990 5642 Quomodo
1024 5580 1496 5647 promoveantur.
1589 5553 1610 5570 ⁶
2181 5571 2292 5626 LII.
2318 5569 2398 5624 De
2430 5567 2798 5641 portionibus
2822 5570 3219 5638 sacerdotum,
3245 5585 3374 5640 qua
3404 5574 3545 5625 sunt
3573 5583 3641 5624 ex
3672 5568 3846 5626 obla-

419 5663 608 5722 XXIX.
643 5664 722 5720 De
753 5665 1011 5739 tubisad
1043 5665 1303 5738 Moysen.
2249 5658 2511 5714 tionibus
2545 5657 2769 5730 populi.
