4068 6172
239 338 319 395 381

1504 335 1718 390 LIBER
1755 333 2242 391 NUMEBORUM.

3432 413 3434 416 ν
3487 327 3596 384 382

242 463 435 522 LIII.De
451 460 844 517 sacerdotibus
867 464 925 514 et
949 458 1345 528 Levitis,nihil
1369 459 1577 514 debere
1599 458 1831 514 habere.
1866 461 1918 526 Α
1953 460 2204 515 LXXVI.
2239 459 2317 516 De
2348 460 2632 516 sacriﬁcio
2661 458 2920 514 Sabbati.

241 553 348 610 LIV.
366 550 625 606 Pecunias
656 551 866 605 debere
898 550 1035 604 dare
1058 549 1280 604 Levitas
1307 564 1374 602 ex
1405 547 1650 603 decimis
1682 548 1830 604 suis.

1942 550 2198 605 LXXVII.
2230 551 2592 605 Sacriﬁcium
2622 549 2973 605 Neomeniae.

243 639 812 698 I.V.DePuriﬁcatione
835 655 999 710 aqua:
1023 638 1435 710 sparsionis,et
1456 638 1831 692 immundum
1943 636 2233 691 LXXVIII.
2265 637 2629 692 Sacriﬁcium
2662 637 2916 692 Pascbaa.

294 728 656 798 tangentibus,
689 733 746 783 et
777 743 950 798 aqua.

244 819 347 874 LVI.
376 818 543 872 Maria
572 818 868 871 defuncta.

240 908 367 963 LVII.
395 913 466 962 De
494 922 649 978 aqua
678 903 1180 962 contradictionis.

1943 725 2188 780 LXXIX.
2222 725 2585 780 Sacriﬁcium
2616 741 2899 780 novorum
2934 725 2994 779 in
3025 725 3382 780 Pentecoste.

1945 815 2166 869 LXXX.
2200 814 2558 869 Sacriﬁcium
2595 814 2816 870 mensis
2847 814 3105 885 septimi.

1948 904 2179 959 LXXXI.
2213 903 2577 958 Sacriﬁcium
2606 903 2815 975 jejunii
2847 904 3100 974 septimi.

241 997 396 1052 LVIII.
429 995 526 1051 Ubi
561 1012 676 1050 non
710 999 802 1051 est
833 994 1082 1066 populus
1122 993 1422 1051 admissus
1455 995 1702 1051 transire
1737 1011 1840 1068 per
1950 993 2202 1048 LXXXII.
2236 993 2600 1048 Sacriﬁcium
2634 992 3153 1048 tabernaculorum
3183 990 3244 1046 in
3276 1007 3474 1046 mense
3505 1005 3596 1044 se-

296 1085 423 1140 ﬁlios
453 1085 652 1139 Edom.

237 1174 344 1230 LIX.
373 1174 469 1229 Ubi
498 1180 692 1228 Aaron
721 1175 990 1229 moritur.

240 1264 317 1320 LX.
344 1263 439 1319 Ubi
469 1262 721 1334 populus
750 1263 863 1318 Deo
894 1262 1286 1318 Cbananzeum
1319 1262 1566 1318 devovit.

239 1353 349 1407 LXI.
379 1357 446 1407 De
474 1356 745 1423 serpente
774 1368 952 1407 aeneo.

238 1441 365 1497 LXII.
384 1441 483 1497 Ubi
504 1441 794 1496 Dominus
815 1457 1028 1513 aquam
1047 1441 1117 1495 de
1134 1440 1306 1512 puteo
1322 1441 1628 1498 deditﬁliis
1645 1441 1842 1511 Israel,

291 1535 337 1584 et
361 1531 424 1585 de
452 1530 700 1597 cantico,
736 1531 889 1602 quod
917 1534 1006 1585 est
1039 1529 1256 1586 dictum
1287 1547 1464 1602 super
1493 1547 1650 1585 eum.

233 1619 392 1674 LXIII.
422 1619 679 1691 Populus
735 1619 910 1674 Israel
945 1624 1168 1691 pugnat
1201 1624 1404 1674 contra
1437 1635 1622 1692 regem
1654 1619 1846 1690 Moab,

289 1713 336 1762 et
359 1708 519 1777 Seon,
553 1713 611 1762 et
637 1707 722 1780 0g
751 1724 946 1779 regem
981 1708 1194 1779 Basan,
1225 1712 1282 1763 et
1306 1709 1660 1781 expugnavit
1691 1725 1809 1764 eos.

425 1796 501 1852 De
531 1795 728 1898 Balac‘,
761 1800 816 1851 et
843 1795 1100 1898 Balaam.
1879 1834 1927 1898 B

240 1885 370 1943 LXV.
401 1891 473 1940 De
503 1885 677 1941 asina
705 1884 1000 1956 loquente.

240 1973 392 2030 LXVI.
423 1973 523 2030 Ubi
551 1974 810 2046 populus
843 1973 1187 2029 fornicatur.

240 2063 414 2118 LXVII.
445 2063 700 2119 Phinees
733 2063 1029 2118 adulteros
1060 2062 1358 2118 interﬁcit.

240 2151 438 2208 LXVIII.
468 2153 764 2207 Numerus
796 2152 1152 2207 Levitarum.

239 2242 400 2301 LXIX.
429 2242 656 2308 Quibus
688 2247 842 2297 terra
873 2241 1050 2296 dividi
1075 2241 1338 2312 jubetur.

241 2329 368 2385 LXX.
401 2336 470 2386 De
502 2347 748 2386 numero
781 2329 1036 2385 ﬁliorum
1069 2329 1224 2386 Levi.

241 2420 396 2476 LXXI.
419 2420 518 2475 Ubi
543 2420 680 2474 ﬁlias
698 2419 988 2492 Salphaad
1016 2436 1118 2491 pro
1142 2418 1477 2475 haereditate
1499 2420 1734 2492 Moysen
1762 2420 1849 2474 in-

296 2508 604 2579 terpellant.

239 2597 411 2652 LXXII.
442 2599 518 2654 De
545 2598 1027 2654 successionibus
1058 2597 1440 2654 haereditatis.

239 2686 447 2744 LXXIII.
473 2688 584 2744 Ubi
609 2689 835 2760 Moyses
868 2689 924 2742 in
960 2693 1220 2743 montem
1255 2688 1850 2759 ascenderejubetur.

240 2774 442 2832 LXXIV.
479 2777 590 2832 Ubi
616 2778 790 2833 Jesus
821 2794 851 2832 a
887 2777 1128 2833 Domino
1160 2777 1504 2833 destinatur.

241 2863 413 2921 LXXV.
439 2865 517 2922 De
539 2866 850 2922 sacriﬁciis
873 2882 1180 2938 agnorum.

2023 1085 2230 1152 ptimo.

1950 1171 2253 1226 LXXXIII.
2284 1176 2366 1227 De
2396 1175 2528 1226 voto
2561 1169 2929 1242 complenda.

1954 1261 2244 1316 LXXXIV.
2278 1261 2357 1316 De
2388 1265 2520 1317 voto
2553 1261 2800 1321 feminae.

1954 1349 2220 1405 LXXXV.
2250 1350 2327 1405 De
2354 1349 2611 1405 vindicta
2641 1349 2701 1404 in
2731 1349 3098 1406 Madianitas.

1955 1439 2238 1494 LXXXVI.
2277 1438 2380 1494 Ubi
2417 1439 2650 1510 Moyses
2683 1439 3027 1511 indignatur
3059 1439 3295 1510 propter
3321 1432 3604 1490 Madiani-

2026 1533 2140 1584 tas.

1959 1617 2281 1674 LXXXVII.
2318 1621 2395 1671 De
2425 1616 2815 1673 divisionibus
2854 1617 3058 1688 praedae
3091 1613 3568 1670 Madianitarum.

1959 1707 2309 1763 LXXXVIII.
2346 1705 2454 1761 Ubi
2487 1723 2622 1778 pars
2649 1706 2850 1778 populi
2884 1705 3282 1761 hereditatem
3317 1702 3481 1775 petit.

1961 1795 2241 1852 LXXXIX.
2276 1795 2493 1851 Itinera
2520 1796 2742 1867 populi.

1958 1886 2060 1941 XC.
2091 1885 2171 1941 De
2199 1884 2372 1940 idolis
2404 1885 2865 1957 confringendis.

1957 1975 2092 2031 XCI.
2125 1974 2204 2030 De
2236 1979 2390 2030 sorte
2423 1974 2838 2045 possessionis.

1960 2063 2118 2119 XCII.
2152 2062 2403 2119 Nomina
2433 2062 2788 2135 principum,
2823 2062 2921 2134 qui
2956 2059 3228 2133 partituri
3276 2062 3444 2114 erant
3492 2062 3609 2113 ter-

2031 2168 2156 2207 ram
2167 2193 2180 2206 .

1959 2240 2162 2296 XCIII.
2197 2243 2492 2312 Praecepta
2522 2239 2743 2312 populi,
2769 2243 2834 2296 ut
2867 2240 3073 2295 Levitis
3106 2239 3244 2294 dent
3273 2235 3536 2292 civitates
3557 2236 3616 2288 et

2035 2329 2397 2384 suburbana.

1962 2419 2147 2474 XCIV.
2183 2419 2263 2474 De
2294 2418 2628 2474 civitatibus
2660 2417 2890 2490 refugii.

1961 2509 2122 2564 XCV.
2160 2512 2235 2562 De
2266 2508 2607 2564 interfectis.

1964 2595 2150 2652 XCVI.
2179 2597 2236 2650 Si
2269 2596 2508 2651 fortuitu
2544 2600 2602 2651 et
2631 2597 2852 2667 absque
2896 2595 3028 2651 odio
3071 2595 3212 2666 quis
3259 2591 3623 2665 percusserit

2038 2685 2367 2757 proximum
2403 2702 2600 2742 suum.

1967 2775 2185 2831 XCVII.
2215 2780 2295 2831 De
2328 2774 2562 2830 ﬁliabus
2615 2775 2935 2846 Salphaad,
2972 2778 3035 2828 ut
3065 2771 3345 2846 proximis
3376 2770 3621 2826 nubant.

1785 3152 2050 3210 INCIPIT

762 3305 1429 3468 LIBER
1617 3305 3081 3468 VAJEDABBER

1555 3577 1656 3624 QUI
1692 3578 1846 3617 APUD

1902 3578 2010 3618 N08
2050 3578 2284 3618 DICITUR

1487 3722 2355 3850 NUMERI.

295 4054 368 4122 [Τ.
404 4056 444 4123 I,
479 4055 543 4109 B.
580 4057 629 4124 Ι,
666 4053 796 4125 Cap.
832 4054 900 4124 I.]
936 4055 1308 4124 Locutusque
1339 4056 1428 4107 est
1465 4051 1744 4107 Dominus
1790 4054 1858 4108 ad
1895 4054 1937 4120 C
1979 4053 2135 4109 ﬁlius
2198 4055 2435 4110 Debuel.
2469 4061 2551 4111 De
2581 4055 2873 4127 Nephtali,
2909 4055 3082 4110 Abira
3114 4054 3269 4111 ﬁlius
3299 4059 3521 4110 Henan.
3555 4055 3628 4110 Hi

239 4145 400 4198 Mosen
450 4145 508 4198 in
575 4146 804 4199 deserto
861 4144 1017 4198 Sinai
1072 4143 1131 4197 in
1189 4140 1568 4196 tabernaculo
1617 4142 1872 4212 foederis,

237 4231 398 4300 prima
428 4234 520 4288 die
554 4233 779 4288 mensis
811 4233 1080 4298 secundi,
1117 4249 1269 4286 anno
1302 4230 1483 4285 altero
1517 4231 1872 4302 egressionis

240 4335 409 4377 eorum
440 4339 506 4376 ex
537 4324 811 4393 zEgypto,
844 4321 1044 4376 dicens
1079 4337 1092 4375 :
1149 4319 1359 4375 Tollite
1413 4334 1706 4374 summam
1739 4320 1875 4374 uni-

241 4425 392 4466 versae
410 4410 885 4484 congregationis
911 4411 1166 4465 ﬁliorum
1186 4409 1361 4465 Israel
1379 4424 1481 4480 per
1495 4408 1874 4480 cognationes

242 4503 286 4552 et
319 4500 514 4556 domos
560 4517 724 4564 suas,
759 4504 815 4556 et
867 4499 1108 4554 nomina
1155 4497 1550 4568 singulorum,
1584 4497 1872 4568 quidquid

241 4602 388 4644 sexus
408 4594 494 4645 est
518 4587 832 4644 masculini
857 4605 891 4643 a
912 4588 1188 4644 vicesimo
1214 4603 1367 4642 anno
1390 4603 1589 4658 supra,
1607 4587 1871 4640 omnium

241 4675 467 4732 virorum
500 4678 739 4734 fortium
787 4695 854 4733 ex
899 4675 1076 4733 Israel
1111 4677 1192 4748 [h.
1227 4689 1432 4730 omnes
1464 4674 1775 4730 bellatores
1807 4691 1875 4730 ex

244 4764 438 4838 Israel],
467 4771 524 4822 et
558 4766 950 4822 numerabitis
981 4782 1080 4821 eos
1112 4782 1214 4836 per
1245 4770 1472 4820 turmas
1529 4781 1690 4834 suas,
1724 4768 1786 4818 tu
1819 4769 1876 4819 et

243 4859 428 4910 Aaron.
458 4857 760 4926 Eruntque
791 4856 1094 4910 vobiscum
1147 4854 1443 4926 principes
1495 4853 1754 4908 tribuum
1808 4870 1874 4908 ac

243 4943 526 5000 domorum
561 4945 624 4999 in
658 4943 1105 5014 cognationibus
1137 4942 1284 5009 suis,
1311 4958 1556 5014 quorum
1591 4942 1704 4997 ista
1735 4947 1876 4997 sunt

243 5035 476 5092 nomina.
498 5034 578 5090 De
615 5034 837 5098 Ruben,
854 5032 1048 5086 Elisur
1077 5031 1235 5087 ﬁlius
1257 5031 1494 5085 Sedeur.
1515 5031 1588 5085 De
1612 5031 1870 5097 Simeon,

243 5119 492 5178 Selumiel
528 5121 688 5177 ﬁlius
718 5121 1076 5176 Surisaddai.
1113 5125 1190 5175 De
1220 5121 1391 5186 Iuda,
1418 5119 1679 5176 Naasson
1716 5118 1873 5174 ﬁlius

247 5209 574 5265 Aminadab.
611 5210 688 5265 De
726 5208 1012 5276 Issachar,
1047 5207 1368 5263 Natbanael
1402 5207 1559 5262 ﬁlius
1590 5208 1758 5262 Suar.
1792 5207 1872 5261 De

246 5293 676 5367 Zabulon,Eliab
702 5295 858 5352 ﬁlius
882 5297 1084 5353 Helon.
1103 5298 1379 5352 Filiorum
1409 5302 1602 5352 autem
1629 5296 1868 5367 Joseph,

250 5385 304 5486 de
333 5387 628 5457 Ephraim,
658 5387 916 5442 Elisama
947 5387 1106 5442 ﬁlius
1135 5387 1432 5441 Ammiud.
1465 5391 1546 5440 De
1579 5386 1867 5454 Manasse,
1904 5423 1946 5486 Β

250 5470 501 5531 Gsmaliel
548 5476 702 5532 ﬁlius
752 5475 1110 5531 Phadassur.
1167 5475 1244 5530 De
1294 5474 1869 5545 Benjamin,Abidan

254 5556 383 5615 filius
439 5563 716 5618 Gedecni.
748 5563 828 5618 De
883 5567 1024 5630 Dan,
1060 5562 1258 5616 Aiezer
1308 5561 1462 5616 ﬁlius
1507 5560 1869 5616 Amisaddai.

256 5649 316 5701 De
341 5652 496 5716 Aser,
520 5650 833 5723 Pbsganiel
865 5651 1023 5707 ﬁlius
1053 5651 1297 5706 Achran.
1321 5655 1396 5707 De
1424 5650 1568 5720 Gad,
1595 5649 1868 5722 Eliasaph

1984 4143 2337 4198 nobilissimi
2371 4144 2668 4216 principes
2702 4144 3100 4198 multitudinis
3126 4161 3228 4215 per
3248 4144 3438 4199 tribus
3463 4149 3520 4199 et
3541 4161 3632 4200 co-

1982 4234 2287 4303 gnationes
2337 4251 2498 4298 suas,
2531 4240 2587 4288 et
2626 4235 2816 4304 capita
2863 4233 3153 4288 exercitus
3205 4233 3430 4289 Israel:
3481 4250 3630 4304 quos

1985 4321 2244 4375 tulerunt
2275 4322 2462 4376 Moses
2495 4327 2553 4376 et
2581 4323 2770 4376 Aaron
2803 4337 2936 4375 cum
2969 4322 3129 4376 omni
3161 4321 3318 4393 vulgi
3357 4321 3631 4376 multilu-

1983 4411 2140 4478 dine,
2163 4415 2221 4464 et
2242 4416 2742 4482 congregaverunt
2774 4410 2964 4480 primo
2994 4410 3087 4465 die
3119 4411 3342 4466 mensis
3365 4411 3633 4477 secundi,

1985 4504 2357 4555 recensentes
2409 4516 2507 4555 eos
2556 4517 2659 4572 per
2706 4501 3100 4573 cognationes,
3133 4504 3190 4555 et
3215 4500 3422 4555 domos
3453 4516 3518 4554 ac
3548 4499 3635 4554 fa-

1984 4587 2202 4653 milias,
2226 4593 2282 4643 et
2304 4588 2514 4659 capita,
2540 4594 2597 4644 et
2627 4591 2866 4646 nomina
2899 4589 3263 4662 singulorum
3294 4588 3373 4661 [h.
3400 4589 3631 4644 domos-

1984 4692 2095 4748 que
2128 4677 2508 4746 familiarum,
2534 4675 2852 4734 etiiomina
2884 4677 3272 4751 singulorum]
3296 4695 3330 4734 a
3350 4677 3627 4734 vicesimo

1983 4782 2136 4821 anno
2182 4773 2238 4820 et
2281 4783 2481 4838 supra.
2513 4767 2666 4823 sicut
2696 4773 3048 4840 praeceperat
3071 4767 3378 4824 Dominus.
3413 4771 3628 4822 Nume-

1983 4855 2213 4925 ratique
2252 4861 2392 4910 sunt
2421 4856 2477 4910 in
2510 4857 2740 4912 deserto
2771 4858 2954 4914 Sinai.
2988 4857 3068 4913 De
3101 4857 3305 4913 Ruben
3337 4857 3629 4929 primoge-

1986 4943 2106 4998 nito
2141 4943 2370 4999 Israelis
2403 4961 2506 5016 per
2531 4945 2936 5017 generationes
2967 4951 3023 5002 et
3053 4946 3310 5002 familias
3333 4963 3398 5002 ac
3425 4947 3631 5001 domos

1982 5048 2140 5098 suas,
2176 5037 2231 5086 et
2283 5034 2520 5088 nomina
2551 5035 2808 5105 capitum
2844 5035 3241 5107 singulorum,
3273 5051 3440 5090 omne
3473 5034 3627 5104 quod

1980 5137 2154 5176 sexus
2187 5127 2276 5176 est
2307 5124 2622 5176 masculini
2647 5140 2678 5178 a
2701 5123 2978 5179 vicesimo
3005 5141 3158 5180 anno
3189 5131 3245 5180 et
3273 5139 3471 5194 supra,
3499 5139 3628 5194 pro-

1981 5211 2310 5264 cedentium
2345 5212 2410 5265 ad
2445 5211 3094 5284 bellum,quadraginta
3127 5231 3227 5269 sex
3255 5211 3443 5267 millia
3463 5211 3631 5283 quin-

1979 5302 2132 5370 genti
2145 5300 2244 5355 .De
2261 5301 2315 5353 ﬁl
2329 5300 2396 5354 iis
2410 5301 2643 5356 Simeon
2662 5318 2762 5372 per
2775 5305 3180 5373 generationes
3195 5319 3258 5356 su
3269 5302 3622 5372 as[Vulg.tac.

1980 5405 2118 5442 suas
2143 5390 2230 5442 hic
2249 5398 2299 5443 et
2321 5389 2496 5460 infra]
2515 5407 2578 5444 ac
2601 5389 2854 5446 familias
2884 5407 2949 5446 ac
2983 5393 3186 5446 domos
3210 5391 3624 5461 cognationum

1982 5493 2223 5530 suarum
2272 5479 2541 5532 recensiti
2593 5485 2729 5534 sunt
2778 5495 2880 5548 per
2928 5478 3165 5533 nomina
3197 5483 3252 5532 et
3282 5478 3474 5549 capita
3504 5479 3624 5533 sin-

1981 5564 2274 5634 gulorum,
2307 5582 2478 5622 omne
2517 5567 2672 5638 quod
2705 5583 2880 5622 sexus
2929 5571 3018 5622 est
3067 5566 3382 5622 masculini
3415 5583 3448 5622 a
3477 5566 3627 5622 vice-

1981 5653 2130 5710 simo
2155 5671 2304 5710 anno
2335 5659 2392 5710 et
2421 5672 2622 5727 supra,
2644 5657 3082 5727 procedentium
3107 5656 3176 5711 ad
3202 5655 3624 5730 bellum,quin-
