4068 6172
415 278 521 335 383

1451 280 1510 332 S.
1554 273 1961 330 HIERONYMI
1997 268 2252 324 DIVINA
2287 266 2783 322 BIBLIOTHECA.

3713 269 3822 326 384

417 403 700 478 quaginta
727 417 934 458 novem
968 401 1153 457 millia
1181 401 1445 456 trecenti.
1482 405 1557 456 De
1603 398 1740 454 ﬁliis
1783 396 1928 460 Gad,
1963 408 2065 464 per
2093 395 2147 459 Α
2178 407 2211 446 a
2242 389 2520 447 vicesimo
2577 405 2732 444 anno
2763 393 2819 445 et
2847 405 3048 462 supra,
3083 391 3184 462 qui
3231 395 3502 462 poterant
3549 394 3618 448 ad
3671 393 3827 450 bella

418 493 822 567 generationes
838 507 976 546 suas
991 495 1048 545 et
1062 488 1317 546 familias
1337 505 1401 544 ac
1421 490 1626 544 domos
1649 485 2064 556 cognationum

420 599 658 639 suarum
708 578 976 636 recensiti
1027 584 1169 634 sunt
1210 595 1311 649 per
1343 577 1583 633 nomina
1633 573 2002 646 singulorum
2035 588 2068 625 a

419 673 623 744 viginti
657 671 828 726 annis
849 678 902 724 et
924 685 1126 740 supra,
1154 684 1358 723 omnes
1390 666 1488 736 qui
1512 667 1582 721 ad
1608 664 1760 720 bella
1794 663 2069 735 procede-

419 769 570 826 rent,
595 758 989 830 quadraginta
1042 756 1303 828 quinque
1351 755 1539 810 millia
1589 753 1844 809 sexcenti
1890 751 2066 822 quin-

419 849 718 920 quaginta.
750 849 823 902 De
855 845 994 900 ﬁliis
1013 845 1167 900 Juda
1189 859 1290 916 per
1311 843 1714 916 generationes
1736 846 1792 897 et
1814 839 2069 894 familias

418 955 484 994 ac
515 938 720 992 domos
769 934 1184 1007 cognationum
1237 949 1502 995 suarum,
1536 947 1638 1002 per
1685 929 1924 986 nomina
1954 928 2071 982 sin-

417 1027 689 1100 gulorum
723 1042 754 1078 a
777 1024 1057 1079 vicesimo
1090 1039 1243 1077 anno
1275 1028 1332 1076 et
1363 1037 1564 1092 supra,
1597 1035 1800 1074 omnes
1833 1018 1930 1089 qui
1963 1034 2068 1088 po-

416 1120 609 1172 terant
657 1115 727 1169 ad
782 1112 936 1169 bella
969 1112 1298 1182 procedere,
1331 1107 1599 1165 recensiti
1643 1111 1780 1162 sunt
1827 1111 2067 1176 septua-

417 1203 580 1276 ginta
629 1208 881 1274 quatuor
927 1199 1092 1255 milia
1142 1199 1419 1254 sexcenti.
1462 1198 1540 1259 De
1590 1197 1728 1250 ﬁliis
1778 1195 2064 1262 Issachar,

419 1309 522 1364 per
543 1289 950 1363 generationes
974 1294 1030 1342 et
1053 1287 1304 1342 familias
1328 1303 1392 1341 ac
1415 1287 1622 1341 domos
1652 1285 2066 1355 cognationum

419 1395 685 1444 suarum,
712 1395 812 1445 per
834 1378 1076 1433 nomina
1099 1376 1467 1447 singulorum
1495 1392 1527 1429 a
1547 1373 1820 1429 vicesimo
1840 1388 1990 1427 anno
2013 1376 2069 1425 et

421 1483 622 1537 supra,
655 1481 858 1520 omnes
910 1465 1005 1534 qui
1061 1464 1132 1518 ad
1186 1463 1334 1518 bella
1371 1463 1768 1535 procederent,
1802 1459 2068 1516 recensiti

419 1560 559 1610 sunt
585 1554 1019 1625 quinquaginta
1041 1557 1298 1623 quatuor
1329 1551 1516 1606 millia
1546 1548 2070 1621 quadringenti.De

419 1644 557 1698 ﬁliis
584 1642 840 1698 Zabulon
869 1659 970 1713 per
990 1641 1392 1713 generationes
1423 1646 1480 1695 et
1503 1638 1753 1695 familias
1774 1655 1840 1694 ac
1861 1639 2066 1692 domos

2177 481 2509 556 procedere,
2543 487 2812 533 sexcenta
2871 481 2983 534 tria
3043 479 3224 534 millia
3282 481 3538 538 virorum
3597 484 3678 554 [h.
3707 499 3827 540 non

2178 568 2352 623 habet
2405 569 2688 638 virorum]
2744 567 3049 638 quingenti
3105 569 3561 642 quinquaginta.
3626 573 3829 628 Levita

2178 658 2447 713 autemin
2469 657 2620 711 tribu
2641 656 2997 712 familiarum
3030 674 3268 713 suarum
3303 676 3417 714 non
3452 666 3590 716 sunt
3622 678 3830 717 nume-

2179 746 2287 801 rati
2338 763 2471 801 cum
2522 747 2627 802 eis.
2653 746 2736 818 [Β.
2765 746 3016 816 II,C.I.]
3066 747 3440 819 Locutusque
3491 755 3581 806 est
3624 750 3828 806 Domi-

2180 852 2291 890 nus
2314 837 2382 890 ad
2407 835 2629 902 Mosen,
2654 836 2856 890 dicens
2881 851 2892 888 :
2926 835 3170 891 Tribum
3196 837 3327 892 Levi
3352 838 3469 893 noli
3493 856 3827 912 numerare,

2179 941 2286 979 nec
2316 941 2529 995 ponam
2562 940 2858 979 summam
2893 940 3094 980 eorum
3127 941 3260 980 cum
3295 925 3430 982 ﬁliis
3466 927 3639 982 Israel
3673 945 3686 982 :
3722 930 3828 985 sed

2179 1013 2471 1068 constitue
2525 1029 2623 1067 eos
2673 1029 2850 1083 super
2898 1013 3346 1070 tabernaculum
3405 1017 3724 1072 testimonii
3771 1025 3832 1073 et

2180 1108 2387 1156 cuncta
2417 1118 2556 1156 vasa
2585 1102 2733 1171 ejus,
2767 1105 2823 1156 et
2853 1103 3140 1173 quidquid
3174 1104 3244 1158 ad
3275 1107 3652 1161 caeremonias
3694 1123 3829 1177 per-

2179 1191 2322 1244 tinet
2351 1191 2432 1261 [h.
2468 1197 2524 1245 et
2553 1207 2784 1245 omnem
2819 1190 3236 1263 supellectilem
3270 1194 3441 1264 ejus].
3479 1194 3594 1264 Ipsi
3628 1200 3832 1265 porta-

2179 1279 2327 1334 bunt
2357 1279 2803 1334 tabernaculum
2827 1285 2884 1336 et
2906 1281 3103 1336 omnia
3125 1281 3400 1337 utensilia
3419 1284 3635 1354 ejus,et
3652 1288 3833 1340 erunt

2179 1369 2233 1422 in
2262 1367 2682 1436 ministerio,ao
2706 1385 2807 1440 per
2819 1370 3404 1441 gyrumtabernaculi
3429 1373 3769 1428 metabuntu
3782 1392 3831 1430 r.

2179 1457 2323 1512 Cum
2371 1457 2862 1528 proﬁciscendum
2917 1459 3108 1528 fuerit,
3141 1461 3437 1530 deponent
3486 1462 3690 1516 Levila:
3741 1468 3832 1518 ta-

2177 1546 2559 1602 bernaculum
2625 1562 2637 1600 :
2698 1563 2830 1600 cum
2894 1550 3466 1617 castrametandum,
3526 1550 3753 1624 erigent
3820 1570 3834 1607 :

2178 1635 2450 1706 quisquis
2500 1640 2874 1690 externorum
2924 1637 3254 1704 accesserit,
3301 1638 3614 1694 occidetur.
3647 1645 3836 1696 Meta-

416 1733 831 1804 cognationum
884 1747 1128 1785 suarum
1176 1730 1445 1785 recensiti
1491 1735 1632 1785 sunt
1679 1743 1781 1800 per
1830 1726 2067 1782 nomina
2102 1771 2146 1836 B
2180 1724 2402 1778 buntur
2431 1728 2626 1779 autem
2662 1731 2856 1779 castra
2902 1724 3004 1778 ﬁlii
3057 1726 3232 1780 Israel
3284 1727 3695 1799 unusquisque
3726 1745 3837 1801 per

453 1821 462 1830 '
526 1835 531 1836 ,
600 1819 609 1836 I
768 1835 773 1836 ,
944 1819 969 1836 ,3
993 1835 1000 1836 κ
1023 1819 1093 1836 κίε
1118 1835 1147 1836 η
1177 1835 1185 1836 κ
1284 1835 1287 1836 ,
1362 1835 1367 1836 ,
1418 1823 1459 1836 γι
1534 1835 1555 1836 η
1651 1835 1658 1836 ,
1739 1833 1931 1836 ____.__
1972 1814 2064 1836 _-_:
2181 1817 2404 1836 Ι.---...--
2441 1817 2488 1836 ,ι
2524 1829 2732 1836 -.----..
2787 1819 2956 1836 ,ιι-.-Α
3012 1815 3320 1836 --Α-.-Ξιημ
3381 1833 3543 1836 _-____-
3608 1817 3668 1836 νη
3729 1817 3781 1836 II
3814 1821 3834 1836 ς

417 1819 786 1890 singulorum
839 1836 872 1873 a
921 1819 1197 1874 vicesimo
1229 1835 1380 1873 anno
1407 1823 1464 1872 et
1495 1835 1695 1889 supra,
1730 1833 1934 1871 omnes
1967 1814 2067 1886 qui

418 1911 686 1980 poterant
715 1909 785 1962 ab
819 1907 971 1962 bella
1006 1909 1338 1978 procedere,
1372 1907 1800 1978 quinquaginta
1843 1911 2068 1976 septem

419 1997 606 2052 millia
665 1995 1103 2067 quadringenti.
1165 1997 1244 2051 De
1303 1996 1440 2050 ﬁliis
1498 1995 1751 2066 Joseph,
1813 1994 2070 2049 ﬁliorum

417 2085 693 2157 prraim
730 2101 828 2154 per
859 2084 1266 2155 generationes
1289 2089 1347 2138 et
1367 2083 1624 2139 familias
1647 2099 1714 2138 ac
1736 2083 1939 2138 domos
1975 2099 2070 2137 eo-

417 2175 764 2248 gnationum
797 2189 1039 2228 suarum
1073 2173 1346 2228 recensiti
1377 2177 1518 2228 sunt
1543 2189 1646 2244 per
1676 2174 1916 2227 nomina
1948 2173 2070 2227 sin-

419 2263 692 2337 gulorum
720 2280 752 2317 a
776 2261 1052 2316 vicesimo
1086 2279 1238 2317 anno
1264 2267 1320 2317 et
1343 2279 1540 2333 supra,
1565 2278 1770 2317 omnes
1789 2260 1887 2334 qui
1908 2266 2070 2332 pote-

420 2357 554 2408 rant
629 2351 701 2407 ad
769 2349 922 2406 bella
998 2351 1338 2422 procedere,
1401 2349 1811 2421 quadraginta
1887 2349 2071 2404 millia

420 2439 750 2514 quingenti.
777 2444 953 2494 Porro
978 2439 1232 2494 ﬁliorum
1258 2442 1522 2495 Manasse
1546 2455 1647 2511 per
1667 2439 2070 2510 generationes

419 2536 474 2588 et
496 2529 754 2585 familias
774 2545 840 2584 ac
866 2528 1072 2583 domos
1095 2528 1510 2600 cognationum
1532 2543 1773 2583 suarum
1797 2527 2071 2583 recensiti

418 2624 559 2677 sunt
589 2635 691 2690 per
722 2618 966 2673 nomina
995 2616 1364 2688 singulorum
1388 2634 1421 2672 a
1443 2616 1648 2689 viginti
1681 2616 1852 2670 annis
1885 2621 1942 2671 et
1972 2634 2071 2672 su-

419 2725 544 2780 pra,
579 2723 781 2762 omnes
814 2706 910 2778 qui
957 2711 1225 2776 poterant
1273 2706 1343 2760 ad
1396 2705 1550 2760 bella
1604 2707 1936 2776 procedere,
1967 2705 2072 2759 tri-

429 2797 596 2870 ginta
621 2795 736 2850 duo
785 2794 972 2850 millia
1021 2796 1279 2850 ducenti.
1313 2794 1392 2850 De
1442 2794 1577 2849 ﬁliis
1626 2794 1929 2864 Benjamin
1972 2809 2074 2864 per

420 2889 826 2955 generationes
875 2888 931 2939 et
979 2883 1233 2939 familias
1283 2900 1348 2938 ac
1399 2884 1606 2939 domos
1654 2883 2071 2954 cognationum

420 2989 663 3028 suarum
700 2973 973 3028 recensiti
1017 2978 1159 3028 sunt
1219 2972 1562 3027 nominibus
1621 2970 1988 3044 singulorum
2038 2987 2072 3025 a

417 3063 696 3116 vicesimo
725 3078 878 3118 anno
912 3066 968 3117 et
1017 3079 1217 3132 supra,
1273 3077 1478 3116 omnes
1538 3060 1636 3131 qui
1695 3064 1961 3132 poterant
1997 3062 2067 3115 ad

2181 1817 2406 1867 turmas
2437 1817 2494 1868 et
2520 1829 2734 1867 cuneos
2785 1819 2960 1884 atque
3007 1815 3326 1870 exercitum
3377 1833 3574 1874 suum.
3607 1817 3693 1886 [Ο.
3728 1817 3834 1889 ΙΙ.]

2175 1901 2350 1956 Porro
2385 1901 2592 1956 Levita“:
2623 1917 2724 1972 per
2753 1918 2958 1974 gyrum
2993 1903 3357 1959 tabernaculi
3389 1906 3569 1977 ﬁgent
3599 1906 3681 1979 [ιι.
3708 1923 3833 1963 me-

2173 1991 2478 2060 tabuntur]
2500 1993 2773 2057 tentoria,
2799 2006 2870 2045 ne
2893 1991 2993 2046 ﬁat
3012 1991 3339 2064 indignatio
3361 2010 3540 2066 super
3560 1995 3834 2051 multitu-

2175 2079 2374 2133 dinem
2400 2077 2653 2133 ﬁliorum
2679 2079 2879 2146 Israel,
2897 2084 2954 2136 et
2984 2081 3829 2154 excubabuntincustodiis[h.

2175 2169 2464 2242 custodia]
2484 2171 2842 2226 tabernaculi
2863 2173 3208 2228 testimonii.
3235 2175 3522 2230 Fecerunt
3549 2192 3686 2248 ergo
3721 2176 3833 2231 ﬁlii

2176 2259 2353 2314 Israel
2379 2260 2547 2330 juxta
2577 2262 2797 2328 omnia,
2821 2276 2951 2330 quae
2983 2268 3330 2334 praeceperat
3351 2265 3630 2320 Dominus
3659 2265 3830 2321 Mosi.

2246 2347 2330 2416 [Β.
2359 2345 2454 2412 III,
2477 2349 2609 2417 Cap.
2635 2349 2729 2416 11.]
2760 2347 3132 2420 Locutusque
3163 2355 3252 2405 est
3286 2352 3565 2408 Dominus
3595 2353 3666 2408 ad
3697 2357 3831 2408 Mo-

2177 2452 2277 2490 sen
2329 2442 2384 2490 et
2415 2441 2628 2502 Aaron,
2662 2435 2860 2490 dicens
2895 2453 2907 2490 :
2963 2437 3189 2509 Singuli
3222 2455 3323 2510 per
3355 2447 3600 2505 turmas,
3634 2439 3830 2509 signa,

2176 2529 2339 2596 atque
2367 2525 2574 2580 vexilla
2607 2525 2689 2595 [h.
2713 2541 2825 2580 non
2860 2524 3053 2598 habet]
3085 2532 3143 2582 et
3169 2527 3376 2584 domos
3407 2529 3829 2600 cognationum

2177 2631 2440 2681 suarum,
2474 2613 3051 2669 castrametabuntur
3098 2615 3202 2670 filii
3253 2615 3455 2686 Israel,
3487 2632 3591 2687 per
3618 2634 3829 2689 gyrum

2177 2701 2539 2758 tabernaculi
2595 2702 2843 2758 fmderis.
2871 2705 2952 2758 Ad
2987 2703 3282 2760 Orientem
3315 2708 3500 2761 Judas
3531 2707 3670 2778 ﬁget
3697 2713 3832 2762 ten-

2178 2792 2326 2846 toria
2357 2807 2459 2862 per
2489 2796 2714 2844 turmas
2747 2790 3034 2846 exercitus
3070 2809 3083 2846 :
3117 2792 3341 2862 eritque
3371 2793 3642 2865 princeps
3677 2794 3830 2850 ﬁlio-

2177 2899 2306 2938 rum
2353 2884 2484 2954 ejus
2527 2881 2789 2938 Naasson
2850 2883 3006 2939 ﬁlius
3057 2883 3409 2954 Aminadab,
3441 2889 3499 2940 et
3529 2884 3722 2940 omnis
3752 2887 3830 2941 de

2177 2973 2358 3045 stirpe
2373 2976 2748 3042 ejussumma
2763 2973 3550 3046 pugnantium,septuaginta
3571 2980 3831 3048 quatuor

2177 3061 2362 3118 millia
2401 3061 2676 3118 sexcenti.
2709 3063 2882 3118 Juxta
2933 3078 3063 3118 eum
3115 3065 3518 3120 castrametati
3566 3069 3706 3121 sunt
3751 3065 3829 3121 de

421 3150 571 3206 bella
624 3151 954 3222 procedere,
989 3151 1228 3221 triginta
1273 3151 1534 3222 quinque
1567 3149 1754 3206 millia
1784 3148 2064 3222 quadrin-
2097 3141 2140 3208 C
2179 3152 2333 3208 tribu
2360 3151 2907 3223 Issachar,quorum
2924 3153 3194 3225 princeps
3211 3153 3653 3210 fuitNathanael
3670 3153 3832 3210 ﬁlius

419 3239 598 3312 genti.
634 3239 713 3294 De
762 3239 898 3294 ﬁliis
947 3240 1094 3308 Dan,
1146 3256 1248 3310 per
1297 3240 1699 3308 generationes
1731 3243 1788 3295 et
1821 3238 2070 3294 familias

420 3345 484 3384 ac
543 3327 750 3382 domos
811 3328 1226 3399 cognationum
1306 3345 1549 3383 suarum
1604 3329 1872 3384 recensiti
1934 3333 2074 3383 sunt

423 3416 764 3472 nominibus
797 3415 1162 3488 singulorum
1195 3435 1226 3470 ει
1257 3417 1534 3471 vicesimo
1565 3433 1717 3472 anno
1768 3421 1823 3472 et
1871 3434 2072 3488 supra,

422 3520 628 3560 omnes
661 3505 759 3576 qui
795 3510 1064 3576 poterant
1104 3506 1173 3559 ad
1227 3505 1376 3560 bella
1411 3505 1741 3577 procedere,
1773 3505 2076 3577 sexaginta

423 3594 538 3648 duo
571 3592 755 3648 millia
787 3595 1163 3665 septingenti.
1194 3599 1276 3649 De
1325 3593 1460 3648 ﬁliis
1499 3594 1662 3659 Aser,
1697 3609 1797 3666 per
1827 3609 2073 3665 genera-

425 3684 610 3738 tiones
659 3689 716 3738 et
767 3683 1018 3739 familias
1050 3701 1114 3739 ac
1146 3685 1353 3740 domos
1385 3684 1799 3756 cognationum
1832 3701 2074 3740 suarum

425 3773 693 3828 recensiti
735 3778 874 3828 sunt
925 3789 1026 3843 per
1075 3773 1313 3829 nomina
1339 3773 1702 3846 singulorum
1737 3791 1770 3830 a
1799 3773 2074 3829 vicesimo

425 3878 579 3917 anno
611 3867 667 3916 et
697 3879 898 3934 supra,
931 3878 1132 3916 omnes
1170 3862 1266 3932 qui
1302 3866 1567 3933 poterant
1617 3863 1686 3917 ad
1741 3861 1895 3917 bella
1939 3878 2077 3933 pro—

426 3952 649 4018 cedere,
685 3950 1078 4022 quadraginta
1109 3951 1294 4006 millia
1341 3956 1398 4006 et
1442 3953 1601 4005 mille
1638 3951 1964 4024 quingenti.
1996 3951 2079 4006 De

431 4039 566 4095 ﬁliis
580 4039 876 4111 Nephtali,
892 4056 993 4111 per
1004 4040 1414 4112 generationes
1444 4044 1502 4095 et
1525 4039 1779 4096 familias
1792 4057 1857 4096 ac
1872 4041 2078 4095 domos

427 4129 844 4201 cognationum
907 4145 1151 4184 suarum
1211 4129 1485 4185 recensiti
1538 4133 1678 4184 sunt
1737 4129 2080 4185 nominibus

427 4217 794 4288 singulorum
829 4236 862 4273 a
894 4217 1170 4273 vicesimo
1201 4236 1354 4274 anno
1405 4224 1463 4274 et
1508 4235 1706 4290 supra,
1741 4235 1946 4274 omnes
1979 4218 2080 4291 qui

430 4311 697 4378 poterant
718 4307 786 4361 ad
814 4305 962 4362 bella
985 4308 1752 4380 procedere.quinquaginta
1768 4308 1881 4362 tria
1895 4307 2082 4362 millia

429 4394 863 4466 quadringenti.
901 4395 972 4450 Hi
1005 4402 1164 4464 sunt,
1198 4413 1347 4468 quos
1393 4405 1845 4452 numeraverunt
1897 4397 2081 4452 Moses

431 4490 488 4539 et
519 4491 733 4551 Aaron,
766 4489 824 4538 et
872 4484 1183 4539 duodecim
1235 4486 1529 4557 principes
1581 4485 1778 4553 Israel,
1816 4484 2080 4558 singulos

428 4590 531 4644 per
552 4574 758 4629 domos
780 4573 1201 4645 cognationum
1225 4574 1874 4646 suarum.Fueruntque
1889 4574 2082 4630 omnis

429 4678 712 4717 numerus
737 4661 992 4716 ﬁliorum
1013 4660 1224 4716 Israel1
1252 4677 1352 4732 per
1373 4662 1580 4718 domos
1597 4666 1652 4718 et
1671 4662 1920 4717 familias
1943 4679 2082 4718 suas

429 4752 510 4823 [b.
541 4767 644 4806 sen
673 4767 794 4823 per,
820 4768 923 4822 pro
951 4751 1159 4805 domos
1186 4749 1569 4805 familiarium
1606 4767 1867 4820 suarum,
1889 4751 2081 4824 habet]

503 4877 617 4930 ‘In
666 4893 805 4931 mss.
865 4875 1138 4947 legimus,
1199 4876 1548 4946 Fueruntque
1599 4892 1782 4932 omnes
1837 4877 2085 4946 ﬁliorum

429 4948 775 5013 Israel,etc.,
805 4953 925 5015 aut,
960 4949 1310 5018 Fuerunlque
1367 4948 1536 5002 simul
1589 4964 1779 5003 omnes
1834 4949 2084 5018 ﬁliorum

430 5019 628 5074 Israel.
664 5021 725 5074 In
775 5019 1108 5091 Aniciensis
1159 5024 1354 5091 autem
1400 5019 1671 5091 Ecclesiae
1721 5037 1830 5076 ms.
1866 5021 2084 5091 codice,

428 5091 528 5162 qui
576 5107 731 5145 nunc
758 5093 851 5163 est
880 5090 938 5144 in
973 5090 1328 5146 bibliotheca
1375 5089 1709 5146 Colbertina
1742 5093 1863 5159 157,
1899 5089 2088 5163 prima

427 5161 606 5218 manu
654 5161 940 5234 scriptum
995 5163 1175 5217 fuisse
1221 5163 1470 5227 videtur,
1506 5164 1854 5234 Fueruntque
1900 5161 2089 5218 omne:

425 5233 715 5306 supputali
742 5234 1020 5306 ﬁliorum
1045 5234 1262 5306 Israel,
1297 5237 1406 5289 etc.
1439 5233 1574 5306 Quae
1633 5233 1805 5290 lectio
1863 5236 2088 5306 Optima

425 5303 620 5362 esset:
657 5305 754 5360 sed
791 5307 906 5360 duo
941 5305 1114 5360 verba
1146 5303 1374 5376 scalpro
1406 5305 1598 5361 deleta
1630 5311 1788 5375 sunt,
1815 5311 1872 5360 et
1902 5303 2088 5377 supra

423 5379 683 5449 positum
719 5382 827 5440 est,
854 5378 1048 5436 simul,
1072 5382 1134 5431 ut
1158 5377 1265 5431 hoc
1303 5378 1473 5430 modo
1505 5377 1733 5447 legatur
1767 5395 1778 5432 :
1815 5379 2085 5434 Fuerunt-

423 5466 527 5520 que
557 5449 725 5503 simul
754 5450 1001 5517 ﬁliorum
1027 5452 1218 5514 Israel,
1251 5455 1357 5504 etc.
1399 5449 1582 5504 MART.

492 5569 563 5578 —
607 5537 853 5592 Urbinas
910 5553 1020 5592 ms.
1079 5539 1432 5608 Fuerunlque
1487 5553 1671 5592 omnes
1723 5538 1833 5606 ﬁlii
1891 5541 2078 5595 Israel.

424 5609 580 5664 Alias
614 5608 903 5664 variantes
936 5608 1214 5666 lectiones
1249 5609 1512 5666 Martian.
1546 5609 1730 5665 all‘ert.

2181 3243 2349 3297 Suar.
2386 3241 2451 3295 Et
2481 3240 2673 3296 omnis
2705 3255 2988 3296 numerus
3042 3247 3433 3313 pugnatorum
3465 3243 3616 3314 ejus,
3648 3244 3833 3314 quin-

2182 3328 2466 3400 quaginta
2523 3331 2776 3399 quatuor
2834 3327 3020 3384 millia
3078 3329 3515 3401 quadringenti.
3550 3331 3615 3384 In
3670 3331 3833 3386 tribu

2181 3416 2436 3471 Zabulon
2471 3416 2740 3488 princeps
2774 3416 2882 3471 fuit
2907 3417 3070 3472 Eliab
3104 3417 3261 3474 ﬁlius
3295 3418 3489 3474 Bolon.
3527 3418 3732 3474 Omnis
3758 3419 3836 3476 de

2184 3507 2366 3578 stirpe
2391 3506 2520 3577 ejus
2551 3505 2838 3561 exercitus
2868 3510 3256 3578 pugnatorum
3291 3507 3721 3578 quinquaginta
3738 3526 3838 3564 se-

2184 3600 2339 3667 ptem
2377 3594 2560 3649 millia
2591 3594 3022 3666 quadringenti.
3057 3595 3320 3651 Universi
3367 3596 3467 3668 qui
3518 3597 3574 3651 in
3623 3598 3837 3652 castris

2183 3685 2344 3740 Juda:
2377 3683 2745 3738 annumerati
2777 3689 2935 3752 sunt,
2970 3685 3209 3740 fuerunt
3253 3692 3484 3740 centum
3535 3687 3838 3757 octoginta

2184 3791 2283 3830 sex
2311 3773 2493 3828 millia
2526 3773 2961 3845 quadringenti,
2995 3778 3053 3829 et
3095 3791 3197 3846 per
3225 3780 3454 3830 turmas
3485 3792 3625 3830 suas
3656 3774 3835 3846 primi

2185 3863 2576 3935 egredientur.
2615 3864 2675 3917 In
2719 3864 2925 3918 castris
2974 3862 3227 3919 ﬁliorum
3281 3863 3482 3920 Ruben
3533 3866 3603 3920 ad
3649 3865 3835 3919 meri-

2187 3953 2422 4008 dianam
2481 3950 2709 4023 plagam
2743 3951 2852 4006 erit
2878 3951 3147 4024 princeps
3179 3951 3373 4008 Elisur
3402 3951 3556 4009 ﬁlius
3586 3953 3832 4022 Sedeur,

2186 4045 2242 4096 et
2285 4045 2532 4095 cunctus
2573 4041 2860 4096 exercitus
2893 4049 3281 4112 pugnatorum
3311 4042 3460 4111 ejus,
3493 4041 3594 4113 qui
3623 4057 3841 4097 nume-

2189 4129 2294 4183 rati
2329 4134 2488 4198 sunt,
2522 4128 2911 4200 quadraginta
2943 4144 3040 4183 sex
3075 4127 3258 4183 millia
3290 4129 3620 4202 quingenti.
3654 4129 3841 4186 Juxta

2188 4233 2320 4274 eum
2355 4217 2742 4273 castramelati
2777 4222 2915 4272 sunt
2945 4216 3015 4271 de
3047 4217 3201 4271 tribu
3250 4217 3481 4274 Simeon
3517 4234 3529 4274 :
3581 4234 3839 4288 quorum

2189 4308 2460 4378 princeps
2495 4307 2602 4360 fuit
2629 4303 2907 4361 Selumiel
2941 4304 3130 4377 [Vulg.
3157 4305 3453 4378 Salamiel]
3489 4307 3645 4362 ﬁlius
3675 4308 3842 4362 Suri-

2189 4395 2412 4450 saddai.
2439 4395 2508 4449 Et
2531 4399 2775 4449 cunctus
2804 4394 3096 4449 exercitus
3129 4401 3524 4466 pugnatorum
3551 4395 3699 4465 ejus,
3735 4396 3845 4466 qui

2191 4486 2480 4540 numerati
2507 4489 2664 4547 sunt,
2681 4483 3108 4554 quinquaginta
3132 4500 3338 4539 novem
3366 4484 3548 4539 millia
3570 4486 3845 4540 trecenti.

2192 4575 2253 4628 In
2286 4574 2446 4628 tribu
2477 4574 2595 4627 Gad
2632 4572 2902 4644 princeps
2957 4570 3064 4626 fuit
3110 4570 3387 4644 Eliasaph
3439 4571 3597 4627 ﬁlius
3642 4572 3789 4628 Duel
3824 4575 3846 4608 ³

2191 4662 2268 4733 [b.
2301 4661 2565 4732 Rabuel],
2597 4666 2654 4716 et
2684 4665 2932 4715 cunctus
2964 4660 3253 4716 exercitus
3284 4666 3679 4733 pugnatorum
3711 4664 3847 4733 ejus

2193 4751 2289 4822 qui
2321 4749 2610 4805 numerati
2634 4753 2791 4818 sunt,
2817 4748 3210 4820 quadraginta
3231 4749 3492 4821 quinque
3515 4748 3698 4806 millia
3719 4768 3849 4807 sex-

2265 4878 2285 4911 ²
2319 4876 2452 4947 Hoc,
2474 4892 2682 4930 nomen
2735 4873 3083 4947 Samaritani
3104 4877 3164 4947 et
3195 4874 3411 4947 Arabes
3443 4873 3661 4947 legunt
3709 4892 3850 4932 cum

2192 4949 2373 5003 dalelh
2441 4932 2828 5018 5N131.Dauel
2851 4952 2906 5000 et
2931 4945 3156 5007 Dauail;
3176 4947 3328 5018 quod
3353 4932 3630 5018 Vulgatus
3651 4954 3857 5003 noster

2194 5019 2464 5076 similiter
2521 5019 2674 5088 legit.
2723 5017 2998 5073 Hebrazus
3053 5023 3248 5073 autem
3306 5017 3652 5088 hodiernus,
3688 5018 3856 5090 LXX,

2195 5109 2397 5164 Cbald.
2423 5112 2478 5161 et
2507 5110 2633 5178 Syr.
2659 5106 2876 5160 habent
2902 5106 3053 5161 ναεεή
3085 5105 3157 5178 ab
3189 5105 3356 5160 initio
3388 5091 3586 5177 ‘mliﬂ,
3620 5107 3858 5176 Rahuel,

2197 5180 2279 5234 vel
2315 5177 2700 5248 RagnalIAtS.
2726 5177 3316 5249 Hieronymusjuxta
3337 5177 3856 5236 Samaritanorum

2195 5252 2444 5316 codices,
2479 5250 2536 5304 in
2573 5249 2718 5303 libro
2754 5248 3054 5304 nominum
3114 5248 3534 5304 Hebraicorum
3571 5249 3708 5317 legit
3735 5253 3854 5307 ite-

2195 5340 2323 5377 rum
2358 5337 2490 5376 cum
2525 5319 2739 5388 dulei/1.,
2765 5325 2822 5375 ct
2847 5322 3038 5392 ipsum
3072 5335 3286 5375 nomen
3321 5321 3511 5377 citans
3534 5337 3603 5376 ex
3629 5321 3852 5378 Nume-

2196 5395 2276 5448 ris
2329 5394 2766 5463 interpretatur,
2799 5401 3094 5460 agnoscant
3139 5393 3307 5465 Deum
3343 5410 3360 5447 :
3409 5393 3852 5465 Deuel,inquit,

2195 5471 2497 5536 agnoscant.
2541 5466 2748 5523 Deum;
2782 5479 2997 5536 nempe,
3029 5480 3071 5536 ra
3124 5464 3314 5517 radice
3364 5473 3483 5536 ἲν,
3526 5464 3683 5533 jada,
3717 5464 3855 5535 quae

2193 5534 2506 5609 signiﬁcat,
2539 5536 2778 5609 agnouit.
2817 5534 2939 5589 Non
2987 5534 3114 5609 ideo
3155 5539 3359 5609 tamen
3411 5535 3482 5590 de
3520 5534 3858 5609 Amarginali

2191 5604 2820 5664 adnotatione’incidat
2865 5606 3064 5662 statim
3115 5604 3314 5677 aliquo
3365 5605 3648 5679 suspicio,
3671 5604 3859 5680 quasi
