4068 6172
218 345 302 400 385
970 312 978 319 ’
1507 345 1721 398 uena
1760 346 1817 398 Nl

1928 346 2212 402 ERORUM
2223 387 2235 400 .

3473 359 3579 414 386

218 473 340 528 centi
369 470 803 542 quinquaginta.
837 471 1070 540 Omnes,
1111 471 1208 542 qui
1248 470 1551 526 rescensiti
1587 475 1726 526 sunt
1759 469 1815 524 in
1849 499 1900 564 Α
1931 471 2128 541 habet]
2159 474 2306 528 Abiu
2338 478 2395 529 et
2422 475 2677 546 Eleazar,
2731 483 2787 533 et
2832 478 3108 535 Ithamar.
3160 487 3292 538 Haec
3337 485 3579 542 nomina

218 561 392 616 castris
439 561 903 630 Ruben,centum
930 561 1351 632 quinquaginta
1370 559 1556 615 millia
1586 564 1642 615 et
1664 558 1822 614 mille

217 649 577 721 quadringinti
603 650 1032 722 quinquaginta
1064 667 1164 721 per
1192 655 1419 705 turmas
1449 666 1616 704 suas:
1643 650 1702 704 in
1726 664 1818 703 se-

217 739 374 794 cundo
403 737 520 793 loco
556 739 1016 809 proﬁciscentur.
1051 740 1363 796 Levabitur
1393 745 1590 794 autem
1627 740 1821 794 taber-

216 825 450 880 naculum
482 827 799 882 testimonii
826 844 926 898 per
941 828 1133 883 ofﬁcia
1154 829 1479 884 Levitarum
1509 833 1564 882 et
1596 833 1819 882 turmas

220 930 406 969 eorum.
439 917 736 980 Quomodo
768 917 1043 988 erigetur,
1077 919 1156 972 ita
1195 922 1251 972 et
1299 919 1642 988 deponetur.
1690 916 1816 971 Sin-

211 1001 306 1074 guli
328 1002 558 1074 perloca
589 1011 645 1060 et
667 1007 902 1060 ordines
934 1024 1073 1062 suos
1095 1007 1706 1078 [b.Levabiturautem
1732 1011 1819 1060 ta-

212 1092 486 1147 bernaculu
508 1095 888 1150 mtestimonii
912 1113 1011 1167 per
1040 1096 1232 1150 ofﬁcia
1258 1097 1583 1151 Levitarum
1611 1097 1666 1150 in
1693 1113 1815 1151 me-

212 1180 286 1234 dio
302 1184 941 1248 castrorum.Quomodo
967 1185 1452 1250 metabuntur,ita
1468 1186 1815 1256 proﬁciscen-

212 1275 283 1322 tur
307 1269 506 1339 singuli
542 1278 600 1326 et
630 1273 850 1328 ordines
879 1275 1022 1345 suos]
1057 1276 1513 1348 proliciscentur.
1546 1276 1626 1330 Ad
1662 1275 1813 1330 occi-

211 1358 465 1413 dentalem
495 1359 728 1432 plagam
763 1370 934 1417 erunt
982 1370 1174 1419 castra
1224 1365 1478 1419 ﬁliorum
1517 1364 1814 1435 prraim,

210 1463 419 1515 quorum
452 1450 726 1522 princeps
756 1451 865 1506 fuit
887 1453 1134 1508 Elisama
1167 1453 1319 1507 ﬁlius
1339 1451 1635 1507 Ammiud.
1665 1456 1815 1506 Cun-

208 1540 311 1589 ctus
331 1538 617 1594 exercitus
638 1547 1035 1611 pugnatorum
1065 1542 1320 1614 ejus,qui
1339 1541 1631 1596 numerati
1655 1545 1815 1610 sunt,

208 1625 558 1696 quadraginta
593 1629 780 1684 millia
801 1629 1214 1702 quingenti.Et
1243 1647 1375 1684 cum
1411 1630 1494 1684 eis
1528 1630 1713 1684 tribus
1741 1629 1808 1682 ﬁ-

208 1711 383 1767 liorum
407 1714 700 1782 Manasse,
733 1734 983 1790 quorum
1019 1720 1289 1791 princeps
1315 1720 1423 1774 fuit
1454 1718 1729 1774 Gamaliel
1757 1718 1817 1772 ﬁ-

210 1798 301 1855 lius
347 1804 696 1860 Pbadassur.
763 1809 1014 1864 Cunctas
1069 1809 1358 1864 exercitus
1418 1814 1812 1879 pugnatorum

1932 559 2381 616 ﬁliorumAaron
2400 566 2765 620 sacerdotum
2784 568 2878 637 qui
2905 570 3061 623 uncti
3078 588 3142 626 su
3157 577 3301 635 nt,et
3325 589 3574 644 quorum

1930 648 2160 718 repleta:
2174 656 2227 704 et
2240 661 2587 708 consecratae
2605 671 2812 709 manus
2829 664 2893 711 ut
2909 660 3232 715 sacerdotio
3257 662 3313 715 fu
3325 678 3572 733 ngeren-

1929 741 2047 791 tur.
2071 737 2276 793 Mortui
2301 747 2437 795 sunt
2455 747 2648 797 autem
2672 743 2873 799 Nadab
2895 747 3274 814 etAbiu,cum
3301 752 3574 810 offerrent

1929 824 2124 895 ignem
2141 825 2395 882 alienum
2420 831 2474 884 in
2501 835 3053 902 conspectuDomini
3071 836 3126 890 in
3152 838 3572 909 desertoSinai,

1928 913 2365 984 absqueliberis
2387 934 2398 970 :
2419 918 2716 990 functique
2748 927 2885 976 sunt
2907 925 3236 981 sacerdotio
3262 928 3494 984 Eleazar
3516 933 3575 986 et

1929 1001 2190 1058 Ithamar
2215 1021 2410 1060 coram
2433 1009 2621 1062 Aaron
2656 1016 2817 1080 patre
2848 1028 2974 1066 suo.
3009 1013 3093 1083 [Β.
3131 1018 3195 1081 V,
3229 1015 3289 1070 C.
3323 1019 3438 1088 IV.]
3466 1019 3574 1073 Lo-

1926 1098 2214 1164 cutusque
2245 1099 2333 1148 est
2365 1095 2651 1152 Dominus
2685 1100 2755 1152 ad
2790 1099 3011 1169 Mosen,
3047 1103 3252 1158 dicens
3288 1120 3301 1159 :
3338 1106 3574 1177 Applica

1925 1180 2145 1235 tribum
2175 1182 2328 1246 Levi,
2352 1190 2409 1238 et
2442 1186 2527 1239 fac
2543 1192 2697 1241 stare
2723 1188 2778 1240 in
2818 1200 3133 1260 conspeclu
3164 1197 3351 1248 Aaron
3378 1211 3574 1250 sacer-

1926 1267 2101 1336 dotis,
2137 1274 2198 1324 ut
2249 1271 2587 1328 ministrent
2626 1274 2697 1344 ei,
2740 1281 2796 1329 et
2826 1278 3128 1344 excubant,
3166 1284 3222 1334 et
3265 1283 3576 1338 observent

1926 1357 2210 1428 quidquid
2239 1360 2306 1413 ad
2332 1360 2554 1416 cultum
2582 1364 2831 1433 pertinet
2855 1366 3248 1424 multitudinis
3271 1385 3462 1424 coram
3486 1375 3571 1426 ta-

1926 1445 2064 1499 bern
2077 1446 2242 1502 aculo
2261 1449 2661 1520 testimonii,et
2684 1453 3169 1510 custodiantvasa
3187 1458 3573 1526 tabernaculi,

1927 1537 2242 1590 servientes
2263 1538 2318 1590 in
2341 1537 2668 1592 ministerio
2691 1541 3146 1615 ejus.Dabisque
3170 1545 3322 1600 dono
3352 1547 3574 1603 Levitas

1925 1624 2200 1690 Aaron,et
2224 1625 2361 1680 ﬁliis
2389 1628 2762 1698 ejus,quibus
2787 1631 2984 1686 traditi
3010 1637 3150 1686 sunt
3171 1633 3355 1689 aﬁliis
3377 1635 3572 1692 Israel.

1929 1716 2110 1766 Aaron
2139 1720 2334 1768 autem
2367 1720 2421 1770 et
2452 1716 2604 1771 ﬁlios
2636 1720 2764 1786 ejus
2796 1721 3117 1776 constitues
3146 1739 3321 1794 super
3350 1725 3571 1784 cultum

1927 1801 2260 1857 sacerdotii.
2286 1804 2594 1872 Externus,
2628 1807 2725 1876 qui
2759 1807 2827 1862 ad
2859 1811 3291 1866 ministrantium
3341 1813 3422 1883 [b.
3460 1832 3574 1872 non

212 1889 310 1955 ejus
339 1895 429 1962 qui
460 1897 754 1950 numerati
788 1898 1197 1969 gllnt,gpiginta
1230 1899 1346 1953 duo
1380 1868 1566 1952 τιξίιιῖει
1596 1900 1815 1951 ducen-
1856 1868 1898 1930 Β
1931 1889 2124 1959 babet‘1
2145 1893 2454 1946 accesserit
2481 1895 3164 1970 morietur.Locutusque
3187 1907 3275 1955 est
3294 1903 3575 1961 Dominus

212 1978 260 2030 ti.
290 1979 343 2032 In
373 1981 519 2036 tribu
549 1984 800 2039 ﬁliorum
836 1985 1138 2055 Benjamin
1174 1985 1444 2056 princeps
1466 1985 1571 2038 fuit
1595 1983 1822 2038 Abidan

220 2067 348 2122 filius
376 2070 682 2127 cheonis.
717 2078 785 2128 Et
823 2079 1069 2129 cunctus
1099 2075 1385 2129 exercitus
1430 2079 1822 2145 pugnatorum

217 2157 316 2224 ejus
342 2161 433 2231 qui
487 2162 765 2216 recensiti
815 2167 956 2217 sunt
1003 2163 1286 2232 tringinta
1333 2164 1596 2235 quinque
1639 2161 1824 2217 millia

217 2249 616 2322 quadringenti.
652 2253 866 2308 Omnes
891 2253 988 2324 qui
1023 2252 1312 2307 numerati
1346 2257 1488 2307 sunt
1517 2253 1573 2306 in
1608 2251 1823 2307 castris

218 2337 471 2409 prraim,
503 2347 744 2396 centum
771 2347 898 2397 octo
950 2341 1156 2407 millia,
1191 2347 1425 2397 centum
1463 2357 1562 2412 per
1595 2346 1822 2396 turmas

216 2429 512 2484 snasztertii
543 2430 1006 2500 proﬁciscentur.
1027 2432 1109 2485 Ad
1134 2430 1443 2503 Aquilonis
1458 2435 1680 2502 partem
1703 2447 1825 2486 cas-

213 2519 467 2572 trametati
511 2524 658 2573 sunt
710 2520 789 2590 [b.
817 2521 1352 2588 castramebuntur]
1392 2520 1490 2574 ﬁlii
1523 2526 1636 2575 Dan
1672 2537 1818 2592 quo-

214 2623 316 2660 rum
335 2610 601 2680 princeps
626 2609 736 2664 fuit
756 2610 994 2666 Abiezer
1017 2609 1173 2664 ﬁlius
1197 2610 1820 2665 Amisaddai.Cunctus

214 2697 460 2752 exercitus
509 2705 904 2770 pugnatorum
955 2701 1106 2769 ejus,
1156 2698 1255 2770 qui
1311 2704 1598 2754 numerati
1659 2703 1819 2767 sunt,

214 2787 474 2856 sexaginta
496 2788 618 2842 duo
644 2787 824 2842 millia
856 2789 1232 2859 septingenti.
1271 2789 1449 2843 Juxta
1479 2805 1614 2843 eum
1646 2788 1821 2842 ﬁxere

211 2876 421 2930 tentoria
449 2877 530 2948 [b.
571 2878 1166 2948 castrametabuntur]
1189 2879 1259 2931 de
1290 2877 1445 2932 tribu
1469 2881 1648 2932 Aser:
1675 2894 1818 2948 quo-

213 2981 316 3020 rum
371 2968 640 3038 princeps
672 2967 779 3023 iuit
819 2969 1130 3040 Pbagabiel
1165 2968 1320 3023 ﬁlius
1369 2969 1589 3023 Aobran
1627 2969 1817 3038 [Vulg.

214 3052 740 3127 0cbran.]Cunctus
780 3058 1071 3112 exercitus
1115 3062 1504 3128 pugnatorum
1559 3056 1686 3126 ejus
1719 3057 1819 3129 qui

213 3146 462 3200 numerati
496 3151 644 3200 sunt
683 3146 1074 3216 quadraginta
1107 3146 1293 3200 millia
1336 3151 1393 3200 et
1443 3144 1600 3200 mille
1649 3145 1824 3215 quin-

1931 1978 2003 2032 ad
2027 1979 2479 2046 Mosenfdicens
2505 1999 2516 2036 :
2545 1987 2659 2055 Ego
2681 1985 2783 2038 tuli
2817 1987 3036 2041 Levitas
3061 2006 3093 2042 a
3117 1989 3251 2043 ﬁliis
3277 1991 3450 2046 Israel
3477 2010 3576 2062 pro

1930 2069 2087 2122 omni
2123 2069 2634 2142 priinogenito,qui
2659 2075 2846 2143 aperit
2877 2077 3185 2131 vulvamin
3219 2077 3571 2137 ﬁliisIsrael.
3676 2140 3677 2143 η

1929 2161 2218 2227 eruntque
2247 2158 2456 2213 Levitis
2481 2160 2817 2216 mei.Meum
2852 2169 2941 2218 est
2969 2165 3126 2219 enim
3151 2182 3322 2222 omne
3356 2169 3575 2239 primo-

1928 2249 2213 2316 genitum,
2248 2263 2312 2301 ex
2344 2264 2457 2318 quo
2490 2252 2785 2319 perccussi
2838 2253 3261 2324 primogenitos
3310 2259 3368 2311 in
3418 2263 3578 2314 terra

1928 2334 2544 2406 {Egyptizsanctiﬁcavi
2577 2338 3023 2412 mihiquidquid
3045 2343 3296 2413 primum
3316 2348 3581 2402 nascitur

1929 2421 1986 2476 in
2013 2423 2186 2477 Israel
2210 2425 2280 2478 ab
2304 2424 2540 2480 bomine
2568 2443 2755 2496 usque
2778 2429 2847 2482 ad
2885 2445 3101 2500 pecus:
3132 2433 3243 2488 mei
3273 2439 3430 2490 sunt.
3458 2436 3576 2506 Ego

1927 2511 2233 2567 Dominus.
2271 2512 2360 2586 [Β.
2394 2514 2487 2579 VI,
2521 2518 2579 2568 C.
2615 2515 2736 2588 VL]
2771 2517 3138 2592 Locutusque
3170 2528 3260 2577 est
3294 2525 3576 2580 Dominus

1928 2601 1999 2656 ad
2033 2601 2231 2656 Mosen
2267 2604 2323 2656 in
2360 2601 2589 2658 deserto
2619 2605 2801 2676 Sinai,
2835 2607 3035 2663 dicens
3071 2625 3082 2662 :
3113 2609 3369 2667 Numera
3417 2613 3570 2669 ﬁlios

1930 2690 2060 2745 Levi
2089 2706 2189 2760 per
2216 2693 2421 2746 domos
2471 2699 2704 2762 patrum
2752 2712 2993 2751 suorum
3045 2703 3102 2752 et
3153 2700 3424 2768 familias,
3461 2719 3580 2757 om-

1928 2795 2058 2833 nem
2094 2779 2422 2834 masculum
2457 2781 2528 2836 ab
2563 2798 2677 2838 uno
2709 2799 2908 2839 mense
2939 2791 3214 2857 etsupra.
3241 2788 3580 2846 Numeravit

1925 2870 2133 2936 Moses,
2171 2872 2234 2920 ut
2258 2877 2609 2939 praeceperat
2633 2872 2936 2940 Dominus,
2962 2879 3018 2928 et
3041 2875 3261 2930 inventi
3293 2882 3434 2932 sunt
3469 2879 3570 2933 ﬁlii

1928 2956 2056 3010 Levi
2095 2973 2195 3026 per
2228 2958 2465 3012 nomina
2497 2975 2624 3025 sua,
2658 2959 2879 3016 Gerson
2921 2968 2977 3017 et
3025 2962 3201 3018 Caath
3254 2969 3312 3020 et
3350 2967 3575 3023 Morari.

1929 3043 2054 3099 Filii
2087 3049 2304 3100 Gerson
2333 3061 2345 3100 :
2371 3045 2548 3100 Lebni
2583 3052 2638 3101 et
2670 3047 2880 3103 Semei.
2916 3051 3042 3104 Filii
3075 3051 3256 3107 Caath
3290 3069 3304 3110 :
3337 3055 3575 3110 Amram

1936 3137 1991 3187 et
2018 3133 2273 3199 Jessaar,
2307 3135 2539 3190 Hobron
2573 3141 2629 3192 et
2671 3136 2845 3193 Oziel.
2902 3139 3026 3194 Filii
3075 3140 3282 3196 Merari
3315 3161 3330 3195 :
3364 3144 3575 3199 Mabali

213 3234 360 3299 genti.
393 3234 466 3288 De
500 3233 694 3289 tribus
739 3235 989 3290 ﬁliorum
1040 3233 1351 3306 Nepbtbali
1383 3235 1655 3306 princeps
1713 3234 1817 3288 fuit

1934 3226 1990 3277 et
2022 3222 2192 3278 Musi.
2239 3227 2314 3277 De
2347 3224 2566 3279 Gerson
2604 3225 2762 3282 fuere
2808 3228 3040 3283 familia:
3073 3230 3223 3301 dum,
3257 3233 3573 3302 Lebnitica,

213 3319 351 3376 Abira
388 3323 541 3379 ﬁlius
599 3329 820 3378 Henan.
869 3328 1123 3379 Cunctus
1171 3324 1460 3379 exercitus
1521 3327 1816 3394 pugnato-

213 3414 367 3466 torum
387 3414 530 3481 ejus,
573 3415 1002 3485 quinquaginta
1031 3413 1146 3468 tria
1168 3413 1356 3468 millia
1377 3410 1814 3485 quadringenti.

213 3497 386 3556 Omnes
414 3504 509 3572 qui
546 3503 836 3557 numerati
868 3507 1008 3557 sunt
1036 3502 1094 3557 in
1128 3503 1335 3558 castris
1381 3505 1522 3568 Dan,
1581 3503 1818 3556 fuerunt

213 3595 404 3644 centum
447 3591 883 3663 quinquaginta
939 3597 1164 3664 septem
1211 3591 1396 3647 millia
1447 3591 1728 3658 sexcenti,
1763 3594 1820 3644 et

213 3681 469 3735 novissimi
530 3681 998 3752 proﬁciscentur.
1060 3682 1164 3736 Hic
1233 3698 1514 3736 numerus
1563 3681 1817 3736 ﬁliorum

217 3764 378 3835 lsrael,
411 3787 508 3840 per
538 3772 748 3825 domos
779 3769 1196 3840 cognationum
1230 3786 1471 3824 suarum
1505 3775 1562 3824 et
1593 3774 1818 3823 turmas

217 3852 348 3911 divisi
403 3859 718 3924 exercitus,
777 3863 1049 3914 sexcenta
1096 3859 1208 3913 tria
1271 3857 1457 3914 millia
1514 3858 1818 3930 quingenti

218 3944 630 4018 quinquaginta.
688 3947 898 4004 Levites
945 3953 1137 4002 autem
1189 3964 1300 4002 non
1349 3951 1490 4003 sunt
1528 3947 1816 4003 numerati

218 4030 336 4086 inter
384 4036 530 4092 ﬁlios
568 4036 770 4103 Israel;
804 4038 884 4092 sic
914 4037 1070 4092 enim
1124 4037 1394 4108 praecepit
1450 4036 1628 4108 [ναις.
1677 4054 1820 4108 ριιω-

216 4125 426 4196 ceperat]
458 4125 746 4180 Dominus
770 4125 931 4180 Mosi.
969 4130 1250 4181 Fecerunt
1281 4125 1384 4180 ﬁlii
1431 4125 1607 4181 Israel
1651 4127 1822 4196 juxta

217 4212 394 4277 omnia,
432 4230 560 4284 quas
609 4220 958 4286 praaceperat
990 4215 1222 4270 Domini
1276 4215 1437 4270 Mosi.
1491 4215 1818 4271 Castrame-

216 4300 294 4352 tati
321 4309 445 4356 sunt
478 4322 580 4375 per
612 4311 838 4359 turmas
876 4321 1036 4373 suas,
1068 4312 1125 4360 et
1157 4322 1257 4377 pro
1272 4305 1401 4360 fecti
1435 4323 1536 4376 per
1566 4304 1821 4360 familias

215 4401 323 4443 suas
354 4391 536 4463 [ναις.
571 4398 678 4446 lac.
709 4395 869 4464 suas]
893 4411 958 4449 ac
989 4395 1196 4450 domos
1227 4399 1457 4464 patrum
1485 4410 1746 4449 suorum.

269 4476 333 4544 [Τ.
365 4481 426 4546 Il,
461 4483 524 4538 Β.
561 4483 654 4552 IV,
679 4486 742 4539 C.
777 4483 879 4551 III,
912 4487 1044 4553 Cap.
1084 4484 1200 4554 [IL]
1233 4487 1364 4538 Haec
1403 4488 1543 4538 sunt
1571 4500 1819 4555 genera-

215 4566 429 4624 rationes
461 4577 652 4626 Aaron
677 4571 916 4634 etMosi,
938 4572 993 4624 in
1016 4572 1111 4626 die
1134 4588 1251 4642 qua
1274 4571 1505 4626 locutus
1521 4577 1609 4626 est
1635 4571 1817 4661 Domi-
1848 4598 1894 4661 Β

217 4668 302 4708 nus
322 4659 382 4711 ad
406 4659 602 4716 Mosen
627 4662 684 4716 in
719 4665 911 4715 monte
935 4661 1116 4717 Sinai.
1165 4661 1229 4715 Et
1259 4662 1380 4716 haec
1405 4661 1643 4716 nomina
1666 4659 1816 4715 ﬁlio-

216 4756 318 4798 rum
341 4753 548 4804 Aaron:
571 4750 999 4822 primogenitus
1026 4751 1155 4820 ejus
1169 4749 1594 4816 Nadab,deinde
1609 4749 1813 4820 [b.non

219 4881 307 4920 non
334 4871 403 4924 sit
440 4871 800 4945 Hieronymi,
827 4872 926 4944 qui
951 4873 1007 4927 in
1032 4889 1138 4928 suo
1179 4871 1497 4944 exemplari
1528 4870 1813 4927 Hebraico

215 4951 403 5043 legebat
427 4945 634 5043 5.31?“
695 4962 895 5043 deuel;
956 4963 1097 5043 quia
1157 4963 1494 5043 frequenter
1537 4961 1664 5043 ipse
1710 4976 1815 5043 nos

215 5026 353 5103 {locet
390 5035 590 5088 eadem
627 5026 893 5089 nomina
939 5026 1170 5089 diverso
1205 5026 1399 5103 modo,
1456 5049 1522 5088 ac
1561 5026 1815 5088 'diversis

216 5094 386 5186 litteris
417 5104 591 5186 scribi
629 5105 808 5186 fuisse
838 5104 1138 5186 solita__:_ut
1159 5110 1254 5186 est
1282 5094 1712 5186 nomenDibon,
1745 5104 1816 5160 de

215 5183 306 5257 Quo
330 5173 440 5230 haec
469 5178 761 5257 observari
796 5176 980 5257 voluit
1005 5177 1106 5257 lib.
1131 5181 1545 5257 vi‘Comment:
1590 5177 1810 5257 incap.

216 5254 270 5290 XV
294 5245 448 5312 (vers.
488 5250 543 5318 2)
578 5251 736 5303 Isaia:
772 5265 784 5303 :
819 5251 892 5304 Ne
921 5249 1232 5327 _quis,.ait,
1280 5248 1568 5327 scriptoris
1612 5245 1814 5327 uitium

217 5319 352 5389 Putet,
380 5329 426 5372 et
449 5335 709 5387 errorem,
743 5319 1032 5376 emendare
1079 5320 1210 5374 dum
1253 5319 1397 5387 vult,
1443 5319 1622 5389 faciat
1656 5337 1667 5373 :
1704 5337 1816 5374 una

221 5385 316 5464 ξένςῶ
342 5397 386 5442 et
411 5407 505 5464 per
536 5407 610 5464 m,
637 5385 817 5464 et'per
872 5394 904 5447 b
955 5393 1194 5447 litteram
1218 5385 1490 5464 scribitur
1512 5408 1530 5447 :
1561 5406 1586 5445 e
1619 5391 1820 5462 quibus

221 5451 728 5534 Dimon'silcntium'
755 5467 1172 5534 interpretatur,
1207 5463 1419 5529 Dibon,
1455 5451 1642 5517 fluens
1677 5479 1687 5518 :
1724 5464 1813 5518 in-

222 5523 310 5607 ιξηίΙο
336 5535 552 5607 utroque
579 5535 800 5590 nomine
819 5523 1054 5607 propter
1083 5523 1291 5604 latices,
1320 5523 1592 5606 quitacite
1614 5536 1810 5595 ﬂuunt.

229 5595 362 5724 03M
385 5595 538 5660 hodie
568 5595 940 5724 inhaerente):
967 5612 1017 5663 et
1060 5595 1351 5662 Dimon'e't
1385 5607 1562 5688 Dibon
1595 5607 1694 5661 hoc
1721 5622 1814 5677 op-

232 5683 254 5724 υ
305 5688 385 5724 um
412 5676 633 5724 dicitur-
715 5695 881 5724 arum
933 5679 1032 5724 nni
1083 5694 1321 5724 necesse
1350 5678 1460 5724 fuit
1511 5694 1567 5724 in
1618 5692 1814 5724 exem-

305 5688 385 5727 um
412 5676 634 5735 dicitur.

1925 3314 1982 3366 et
2011 3311 2323 3366 Semeitica
2342 3329 2354 3366 :
2375 3329 2623 3383 quarum
2645 3323 2989 3372 numeratus
3020 3325 3105 3374 est
3127 3321 3380 3392 populus
3402 3339 3575 3380 sexus

1927 3399 2238 3454 masculini
2273 3401 2347 3456 ab
2378 3418 2494 3456 uno
2556 3420 2755 3460 mense
2777 3411 2833 3460 et
2875 3423 3076 3479 supra,
3125 3416 3346 3480 septem
3388 3411 3578 3468 millia

1927 3488 2251 3560 quingenti.
2307 3491 2376 3545 Hi
2430 3498 2560 3558 post
2606 3493 3047 3552 tabernaculum
3093 3500 3468 3555 metabuntur
3501 3503 3573 3558 ad

1926 3577 2321 3645 Occidentem,
2374 3581 2484 3635 sub
2517 3583 2776 3654 principe
2824 3583 3100 3658 Eliasapb
3149 3588 3266 3643 ﬁlio
3311 3589 3464 3644 Lael.
3511 3595 3576 3646 Et

1926 3667 2229 3723 habebunt
2278 3670 2555 3725 excubias
2589 3673 2643 3726 in
2678 3674 3057 3730 tabernaculo
3089 3677 3344 3743 hederis,
3380 3681 3575 3750 ipsum

1927 3757 2370 3812 tabernaculum
2431 3763 2488 3813 et
2544 3761 2974 3831 Operimentum
3034 3765 3184 3834 ejus,
3232 3769 3572 3836 tentorium,

1929 3847 2081 3916 quod
2109 3846 2374 3901 habitur
2403 3854 2535 3902 ante
2577 3850 2730 3904 fores
2761 3851 2896 3906 tecti
2931 3853 3176 3924 foederis,
3210 3861 3266 3909 et
3321 3857 3576 3913 cortinas

1928 3935 2058 3989 atrii
2097 3951 2109 3988 :
2147 3935 2459 3991 tentorium
2509 3953 2745 4009 quoque
2773 3942 2934 4010 quod-
2975 3944 3329 4014 appenditur
3375 3945 3433 3998 in
3484 3945 3575 4000 in-

1927 4023 2109 4077 troitu
2137 4025 2268 4078 atrii
2304 4026 2687 4093 tabernaculi,
2722 4032 2778 4082 et
2803 4029 3088 4102 quidquid
3126 4031 3194 4085 ad
3221 4031 3398 4086 ritum
3434 4033 3576 4088 alta-

1930 4110 2011 4165 ris
2045 4113 2314 4181 pertinet,
2357 4113 2526 4167 funes
2570 4115 2932 4171 tabernaculi
2977 4124 3032 4173 et
3063 4120 3261 4174 omnia
3292 4121 3576 4178 utensilia

1929 4199 2076 4269 ejus.
2101 4202 2377 4271 Cognatio
2399 4203 2577 4256 Caath
2603 4202 2840 4258 habebit
2870 4205 3493 4277 populusAmramitas
3521 4215 3577 4264 et

1927 4289 2294 4357 Jessaarilas,
2329 4293 2386 4344 et
2443 4289 2793 4347 Hebronitas
2850 4299 2906 4349 et
2953 4295 3248 4351 Ozielitas.
3284 4297 3376 4351 HZB
3436 4304 3574 4355 sunt

1928 4377 2163 4431 familiae
2196 4377 2634 4433 Caathitharum
2669 4383 2965 4437 recensitze
2999 4400 3101 4455 per
3132 4387 3372 4441 nomina
3417 4405 3524 4442 sua
3556 4406 3568 4442 :

1929 4482 2134 4520 omnes
2166 4467 2396 4537 generis
2430 4468 2742 4524 masculini
2773 4473 2845 4525 ab
2878 4489 2993 4527 uno
3027 4489 3251 4539 mense,
3284 4480 3340 4528 et
3370 4493 3570 4546 supra,

1929 4559 2056 4609 octo
2087 4555 2272 4609 millia
2302 4557 2554 4610 sexcenti
2590 4557 2890 4614 habebunt
2922 4563 3196 4617 excubias
3229 4565 3572 4630 sanctuarii,

1927 4647 1982 4697 et
2012 4646 2594 4700 castrametabuntur
2619 4647 2690 4702 ad
2720 4649 3104 4705 meridianam
3133 4653 3382 4722 plagam.
3418 4651 3573 4706 Prin-

1927 4747 2174 4802 cepsque
2195 4748 2397 4787 eorum
2423 4733 2535 4787 erit
2557 4733 2877 4806 Elisaphan
2897 4737 3054 4793 ﬁlius
3087 4739 3240 4794 Oziel
3273 4757 3284 4794 :
3311 4745 3367 4795 et
3389 4746 3577 4797 custo-

1925 4853 2087 4927 plum
2123 4855 2304 4911 Dibon
2336 4873 2771 4943 sumere‘,.cum
2813 4861 3182 4943 ipsissimum
3236 4881 3450 4943 nomen
3498 4867 3578 4943 de

1925 4943 2041 4998 quo
2073 4943 2230 4983 nunc
2262 4943 2454 4983 sermo
2486 4929 2654 4984 nobis
2686 4937 2796 5001 est,
2828 4929 3002 5002 infra,
3035 4951 3164 5006 cap.
3203 4953 3304 5001 vn,
3358 4938 3445 5003 42,
3487 4938 3574 5008 47,

1925 5016 2219 5094 scribatur
2273 5021 2332 5070 οι
2376 5017 2449 5094 in
2507 5018 2780 5094 Hebraeo,
2811 5025 2867 5076 et
2915 5023 2974 5077 in
3025 5023 3340 5082 Cbaldaico
3370 5011 3572 5094 ’νων-τ,

1927 5087 2099 5154 Duel,
2132 5093 2188 5143 et
2221 5104 2336 5142 non
2366 5089 2535 5144 Rauel
2559 5090 2586 5145 ?
2619 5087 2803 5148 Mm'r.

1998 5241 2062 5252 —-
2095 5211 2413 5267 Verissime
2448 5214 2796 5270 adnotatum
2833 5217 3072 5275 Hebraeo
3123 5219 3479 5287 Scholiastae,
3515 5220 3574 5275 in

1926 5301 2208 5357 Hebraico
2237 5317 2365 5355 esse
2394 5303 2624 5370 Rahuel,
2647 5289 2846 5369 Βκπνη.
2883 5308 2990 5362 Sed
3025 5309 3178 5363 idem
3215 5309 3320 5364 hoc
3361 5324 3573 5364 nomen

1925 5378 2014 5429 est
2043 5373 2196 5450 quod
2232 5373 2530 5442 superiore
2559 5377 2827 5446 Capitula
2855 5395 2912 5431 v.
2953 5381 3034 5448 14,
3062 5381 3116 5433 in
3145 5380 3271 5450 ipso
3296 5380 3573 5436 Hebraico

1927 5445 2366 5538 ADAahuelleW‘t
2383 5445 2683 5528 scribitur,
2710 5466 2910 5537 sicque
2943 5445 3188 5523 interiur
3211 5468 3298 5524 bis
3324 5485 3448 5538 cap.
3470 5485 3570 5538 vu,

1925 5535 1994 5588 42
2027 5542 2082 5586 et
2114 5533 2567 5605 47.Constatque
2598 5541 2779 5592 totam
2813 5533 3165 5594 diversitatis
3185 5533 3420 5594 causam
3445 5533 3572 5596 esse

1926 5623 1995 5682 ex
2037 5605 2362 5660 scribarum
2419 5610 2794 5682 properantia
2836 5609 3132 5682 nimiaque
3182 5610 3572 5670 similitudine

715 5695 882 5736 erum
933 5679 1035 5752 qui
1083 5694 1321 5736 necesse
1349 5678 1460 5735 fuit
1511 5677 1567 5733 in
1618 5673 1816 5733 exem-
1914 5673 2316 5738 'titterarum'i
2346 5673 2462 5740 ot‘i
2502 5673 2900 5750 repetendam.
