4068 6172
425 316 529 372 387

1473 313 1531 363 Β.
1572 305 1980 364 ΗΙΕΒΟΝῩΜΙ
2018 305 2274 357 DIVINA
2314 304 2812 360 BIBLIOTHECA.

3737 304 3848 359 388

427 442 591 498 dient
620 453 839 503 arcam,
873 433 1257 504 mensanique
1287 437 1343 488 et
1372 430 1812 495 candelabrum,
1859 426 2068 482 altaria
2107 431 2158 498 Α
2188 424 2604 498 involventque
2662 445 2727 484 eo
2779 443 2977 483 arcam
3048 426 3388 495 testimonii,
3448 433 3505 484 et
3579 428 3846 499 operient

429 536 486 586 et
516 547 654 586 vasa
677 524 995 584 sanctuarii
1030 525 1087 578 in
1120 524 1338 594 quibus
1359 522 1820 584 ministratur,et
1851 517 2073 582 velum,

431 625 821 688 cunctamque
852 613 1258 685 hujuscemodi
1302 609 1750 683 supellectilem.
1798 605 2076 676 Princeps

431 713 624 764 autem
660 704 993 777 principum
1030 703 1355 758 Levitarum
1397 699 1632 754 Eleazar
1678 695 1836 751 ﬁlius
1888 697 2074 749 Aaron

430 794 773 861 sacerdotis,
797 793 908 848 erit
939 808 1117 863 super
1148 791 1516 846 excubitores
1573 786 1852 842 custodiae
1907 799 2080 839 sanc-

429 885 625 940 tuarii.
659 889 734 937 At
780 899 915 938 vero
950 882 1018 936 de
1065 880 1272 936 Morari
1331 883 1502 934 erunt
1543 874 1742 948 populi
1788 871 2077 928 Mahalitae

430 979 487 1028 et
519 974 745 1028 Musitw
780 970 1011 1028 recesiti
1045 986 1146 1042 per
1176 969 1418 1024 nomina
1457 984 1566 1022 sua
1599 983 1611 1020 :
1647 979 1848 1020 omnes
1906 977 2080 1033 gene-

431 1064 512 1119 ris
544 1061 854 1118 masculini
900 1062 970 1115 ab
1019 1076 1134 1116 uno
1169 1073 1368 1112 mense
1409 1062 1465 1110 et
1513 1071 1714 1126 supra,
1764 1069 1861 1108 sex
1893 1049 2079 1104 millia

429 1151 690 1208 ducenti.
720 1151 1002 1220 Princeps
1028 1153 1221 1203 autem
1257 1148 1446 1217 [ναις.
1480 1154 1586 1200 lac.
1629 1141 1848 1210 autem]
1879 1154 2082 1195 eorum

432 1241 622 1297 Suriel
649 1240 808 1294 ﬁlius
831 1238 1079 1307 Abiajil;
1116 1239 1171 1291 in
1207 1236 1379 1308 plaga
1401 1230 1844 1306 septentrionali
1867 1233 2083 1284 castra-

433 1331 837 1386 metabuntur.
874 1328 1056 1382 Erunt
1089 1327 1198 1381 sub
1231 1325 1501 1380 custodia
1530 1338 1732 1378 eorum
1762 1317 1974 1373 tabula?
1994 1321 2081 1371 ta-

429 1418 732 1474 bernaculi
764 1423 821 1472 et
853 1421 1063 1482 vectes,
1099 1421 1156 1470 et
1207 1413 1492 1469 columnae
1528 1428 1593 1467 ac
1639 1411 1810 1464 bases
1859 1422 2084 1474 earum,

430 1515 485 1565 et
513 1508 714 1564 omnia
739 1523 864 1579 quae
897 1507 965 1560 ad
1001 1505 1227 1562 cultum
1277 1499 1687 1572 hujuscemodi
1742 1496 2036 1568 pertinent
2068 1509 2080 1548 :

428 1597 832 1667 columnasque
862 1594 992 1650 atrii
1029 1611 1129 1664 per
1160 1593 1472 1648 circuitum
1505 1607 1639 1645 cum
1660 1587 1904 1642 basibus
1935 1583 2084 1653 suis,

428 1692 488 1742 et
520 1684 720 1756 paxilli
753 1701 885 1739 cum
920 1683 1182 1738 funibus.
1219 1677 1806 1735 Castrametabuntur
1837 1677 1969 1728 ante
2001 1677 2087 1726 ta-

434 1772 816 1829 bernaculum
851 1771 1106 1839 fcederis,
1134 1771 1188 1823 id
1212 1774 1323 1835 est,
1358 1769 1428 1823 ad
1454 1764 1798 1871 orientalem
1830 1761 2086 1871 plagam,
2122 1807 2168 1871 Β

433 1864 625 1918 Moses
653 1869 710 1916 et
733 1864 916 1916 Aaron
941 1861 1022 1931 [h.
1045 1863 1229 1914 Moses
1252 1863 1513 1912 etAaron
1537 1859 1593 1909 et
1622 1852 1724 1907 ﬁlii
1749 1849 1961 1922 ejus,id
1979 1853 2086 1916 est,

434 1951 662 2021 Aaron],
696 1966 828 2005 cum
864 1949 1000 2003 ﬁliis
1050 1947 1196 2016 suis,
1247 1945 1530 2001 habentes
1579 1941 1904 1997 custodiam
1952 1954 2087 1992 san-

431 2039 644 2095 ctuarii
679 2043 737 2093 in
774 2036 960 2092 medio
993 2036 1248 2091 ﬁliorum
1283 2031 1480 2088 Israel.
1531 2028 1812 2100 Quisquis
1863 2026 2089 2082 alienus

431 2130 772 2195 accesserit,
802 2127 1106 2181 morietur.
1141 2125 1350 2179 Omnes
1375 2121 1605 2190 Levitas,
1638 2135 1784 2189 quos
1817 2130 2091 2171 numera-

430 2223 642 2275 verunt
659 2217 847 2272 Moses
866 2221 921 2271 et
943 2221 1140 2271 Aaron
1157 2215 1329 2284 juxta
1351 2213 1706 2283 praeceptum
1725 2203 1956 2262 Domini
1991 2219 2091 2273 per

431 2308 694 2364 familias
726 2323 867 2361 suas
901 2305 958 2358 in
981 2319 1192 2374 genere
1235 2295 1559 2356 masculino
1591 2316 1623 2352 a
1657 2311 1853 2352 mense
1885 2309 1999 2348 uno
2035 2296 2092 2345 et

439 2413 620 2467 supra
671 2396 907 2450 fuerunt
956 2392 1161 2464 viginti
1198 2392 1311 2445 duo
1347 2388 1550 2444 millia.
1577 2387 1661 2457 [Β.
1695 2386 1819 2450 VII,
1852 2382 1910 2437 Ο.
1945 2380 2089 2449 VII.]

437 2487 510 2541 Et
540 2485 621 2540 ait
653 2485 935 2539 Dominus
975 2482 1044 2536 ad
1084 2481 1280 2535 Mosen
1318 2495 1330 2533 :
1366 2477 1620 2532 Numera
1668 2469 2090 2546 primogenitae

441 2590 614 2630 sexus
650 2571 960 2628 masculini
987 2571 1056 2626 de
1084 2569 1221 2623 ﬁliis
1259 2565 1434 2623 Israel
1463 2584 1495 2620 a
1527 2579 1724 2620 mense
1759 2575 1875 2616 uno
1907 2564 1962 2613 et
1992 2573 2089 2611 su-

446 2680 572 2734 pra,
601 2668 657 2717 et
686 2661 929 2717 habebis
963 2674 1258 2714 summam
1291 2653 1833 2722 eorum.Tollesque
1865 2647 2092 2703 Levitas

453 2751 596 2807 mihi
631 2767 732 2822 pro
777 2749 936 2804 omni
981 2746 1369 2820 primogenito
1427 2743 1680 2797 ﬁliorum
1732 2737 1909 2795 Israel
1947 2750 2092 2805 :ego

446 2859 578 2898 sum
605 2841 688 2910 [h.
715 2856 828 2895 non
863 2838 1058 2904 habet,
1095 2838 1250 2904 sum]
1295 2832 1610 2888 Dominus:
1637 2836 1694 2885 et
1741 2843 1948 2899 pecora
1997 2839 2091 2878 eo-

446 2947 574 2987 rum
601 2947 702 3001 pro
726 2927 1014 2984 universis
1036 2921 1440 2998 primogenitis
1460 2920 1681 2991 pecoris
1707 2917 1896 2989 [ναις.
1924 2928 2092 2985 peco-

447 3023 600 3088 rum]
627 3019 881 3072 ﬁliorum
903 3014 1100 3071 Israel.
1142 3010 1669 3077 RecensuitMoses,
1698 3007 1850 3063 sicut
1882 3018 2090 3075 praece-

446 3113 607 3181 perat
629 3106 927 3174 Dominus,
952 3102 1369 3174 primogenitos
1389 3099 1639 3153 ﬁliorum
1667 3096 1861 3152 Israel.
1892 3099 1956 3149 Et
1978 3096 2096 3151 fue-

445 3169 584 3252 runt
600 3194 844 3250 masculi
867 3210 965 3265 per
985 3193 1222 3246 nomina
1241 3207 1369 3254 sua,
1389 3206 1421 3242 a
1458 3203 1656 3242 mense
1677 3202 1790 3240 uno
1811 3189 1863 3239 et
1887 3203 2091 3255 supra,
2124 3169 2166 3234 C

446 3284 649 3357 viginti
668 3287 782 3337 duo
817 3281 1001 3335 millia
1023 3279 1258 3333 ducenti
1282 3275 1655 3348 septuaginta
1679 3273 2091 3347 tres.[C.VIlI.]

448 3375 823 3442 Locutusque
845 3376 934 3425 est
973 3367 1258 3424 Dominus
1290 3367 1360 3420 ad
1396 3365 1616 3430 Mosen,
1648 3363 1870 3418 diicens
1897 3379 1908 3416 :
1934 3363 2094 3418 Tolle

449 3463 675 3518 Levitas
709 3477 810 3531 pro
845 3456 1253 3529 primogenitis
1275 3455 1528 3509 ﬁliorum
1564 3450 1763 3518 Israel,
1795 3456 1853 3506 et
1885 3468 2096 3522 pecora

449 3551 777 3606 Levitarum
812 3565 914 3620 pro
949 3545 1254 3617 pecoribus
1287 3558 1510 3612 eorum,
1545 3545 1834 3611 eruntque
1887 3541 2095 3597 Levita

448 3639 582 3696 mei.
609 3639 723 3710 Ego
747 3654 878 3693 sum
903 3636 984 3708 [h.
1019 3651 1132 3690 non
1169 3633 1343 3688 habet
1375 3631 1531 3702 sum]
1558 3629 1839 3684 Dominus
1873 3631 1936 3684 In
1967 3646 2094 3700 pre-

446 3729 526 3785 tio
551 3734 747 3783 autem
779 3727 1169 3780 ducentorum
1213 3723 1587 3793 septuaginta
1627 3719 1826 3785 trium,
1860 3718 1960 3788 qui
1993 3735 2095 3773 ex-

449 3819 664 3874 cedunt
699 3831 1011 3871 numerum
1046 3812 1375 3868 Levitarum
1413 3810 1482 3864 de
1515 3807 1920 3882 primogenitjs
1954 3805 2096 3862 ﬁlio-

449 3924 578 3962 rum
613 3905 816 3970 Israel,
843 3902 1107 3974 accepies
1131 3901 1389 3972 quinque
1421 3898 1594 3954 siclos
1629 3913 1729 3968 per
1759 3895 1990 3967 singula
2007 3913 2097 3951 ca-

451 3997 652 4068 pitaad
676 4010 1008 4049 mensuram
1033 3991 1375 4047 sanctuarii.
1400 3987 1587 4042 Siclus
1610 3986 1786 4040 habet
1805 3985 2006 4041 obolos
2019 3986 2096 4040 vi-

447 4085 617 4158 ginti.
664 4083 956 4152 Dabisque
998 4078 1306 4152 pecuniam
1326 4079 1517 4132 Aaron
1558 4080 1615 4130 et
1656 4073 1789 4129 liliis
1819 4075 1943 4144 ejus
1968 4091 2097 4145 pre-

449 4177 596 4229 tium
617 4189 818 4228 eorum
843 4169 943 4242 qui
969 4186 1148 4241 supra
1165 4172 1326 4223 sunt.
1355 4165 1511 4221 Tulit
1529 4165 1704 4235 igitur
1725 4164 1909 4218 Moses
1929 4180 2098 4233 pecu-

453 4264 611 4317 niam
635 4278 860 4325 eorum,
895 4259 994 4330 qui
1029 4261 1257 4313 fuerant
1287 4255 1565 4326 amplius,
1589 4259 1644 4308 et
1670 4271 1815 4323 quos
1841 4253 2095 4308 redeme-

454 4357 587 4406 rant
607 4367 639 4406 a
667 4350 873 4404 Levitis
898 4365 999 4420 pro
1025 4344 1431 4419 primogenitis
1447 4344 1700 4398 ﬁliorum
1721 4340 1916 4407 Isarel,
1939 4341 2098 4397 mille

452 4443 846 4495 trecentorum
871 4437 1174 4508 sexaginta
1188 4433 1446 4505 quinque
1469 4431 1743 4488 siclorum
1769 4431 1938 4501 juxta
1962 4448 2097 4502 pon-

2187 532 2423 570 rursum
2457 515 2745 571 velamine
2767 516 3178 586 janthinarum
3205 514 3474 586 pellium,
3499 518 3840 572 extendent-

2189 621 2302 675 que
2324 605 2576 675 desuper
2606 604 2849 675 pallium
2873 610 3060 660 totum
3090 603 3564 676 hyacinthinum,
3588 610 3647 660 et
3676 604 3849 660 indu-

2189 698 2321 747 cent
2351 699 2562 749 vectes.
2599 693 2857 750 Mensam
2900 710 3132 766 quoque
3176 694 3598 765 propositionis
3651 691 3843 748 invol-

2191 787 2328 836 vent
2358 781 2737 853 hyacinthino
2770 783 2966 854 pallio,
3015 787 3071 838 et
3119 787 3338 854 ponent
3384 799 3518 837 cum
3554 800 3621 838 ea
3651 783 3844 837 thuri-

2193 869 2331 925 bula
2379 877 2435 925 et
2487 871 2845 938 mortariola,
2903 871 3143 943 cyathos
3193 878 3249 927 et
3297 877 3558 927 crateras
3606 873 3676 926 ad
3723 870 3846 927 liba

2193 959 2529 1015 fundenda:
2559 977 2737 1032 panes
2770 976 3002 1032 semper
3026 963 3083 1015 in
3106 977 3174 1016 ea
3193 965 3386 1031 erunt;
3409 961 3847 1032 extendantque

2194 1049 2446 1120 desuper
2477 1048 2717 1120 pallium
2743 1050 3100 1116 coccineum,
3143 1050 3300 1121 quod
3326 1066 3557 1105 rursum
3582 1051 3850 1121 operient

2191 1137 2522 1192 velamento
2538 1138 2948 1208 janthinarum
2973 1138 3239 1210 pellium,
3257 1145 3312 1194 et
3327 1139 3607 1194 inducent
3630 1143 3850 1194 vectes.

2193 1227 2435 1282 Sument
2478 1232 2533 1282 et
2592 1227 2835 1298 pallium
2884 1227 3331 1300 hyacinthinum
3359 1227 3546 1300 [ναις.
3593 1229 3698 1297 et],
3730 1243 3850 1298 quo

2195 1315 2460 1386 operient
2487 1316 2902 1372 candelabrum
2936 1333 3069 1372 cum
3105 1317 3364 1373 lucernis
3410 1323 3470 1372 et
3527 1316 3853 1388 forcipibus

2197 1404 2318 1459 suis
2350 1409 2406 1459 et
2435 1406 2774 1461 enunctoris
2805 1411 2862 1462 et
2891 1405 3124 1461 cunctis
3180 1407 3336 1463 vasis
3393 1405 3527 1473 olei,
3588 1422 3716 1477 quae
3773 1404 3851 1460 ad

2196 1494 2636 1550 conciunandas
2669 1494 2938 1550 lucernas
2973 1494 3307 1550 necessaria
3349 1500 3490 1550 sunt
3522 1511 3536 1548 :
3569 1499 3627 1550 et
3673 1509 3855 1565 super

2197 1583 2394 1638 omnia
2427 1595 2646 1656 ponent
2675 1584 3108 1655 operimentum
3137 1583 3552 1655 janthinarum
3576 1583 3850 1656 pellium,

2198 1686 2256 1736 et
2284 1681 2566 1736 inducent
2622 1686 2835 1736 vectes.
2886 1682 3001 1737 Nec
3043 1699 3158 1736 non
3218 1683 3399 1738 altare
3452 1699 3695 1738 aureum
3756 1683 3852 1736 in-

2197 1771 2426 1825 volvent
2457 1770 2835 1842 hyacinthino
2868 1771 3236 1841 vestimento,
3286 1777 3342 1826 et
3393 1772 3708 1826 extendent
3737 1771 3852 1826 de-

2200 1875 2376 1930 super
2389 1858 3244 1930 operimentumjanthinarum
3265 1859 3857 1932 pellium,inducent-

2201 1963 2313 2020 que
2351 1953 2567 2004 vectes.
2602 1948 2814 2003 Omnia
2871 1965 3031 2016 vasa,
3091 1949 3310 2020 quibus
3369 1949 3738 2006 minislratur
3790 1949 3856 2005 in

2201 2037 2557 2105 sanctuario,
2587 2036 2883 2092 involvent
2933 2037 3316 2109 hyacinthino
3352 2037 3550 2109 pallio,
3573 2043 3630 2094 et
3657 2043 3861 2094 exten-

2201 2127 2335 2180 dent
2365 2127 2618 2197 desuper
2650 2126 3085 2196 operimentum
3132 2127 3544 2198 janthinarum
3579 2127 3853 2199 pellium,

2202 2215 2600 2287 inducentque
2636 2221 2848 2270 vectes.
2871 2216 2977 2271 Sed
3015 2222 3070 2270 et
3093 2217 3275 2271 altare
3308 2217 3682 2272 mundabunt
3703 2217 3862 2273 cine-

2203 2321 2282 2371 re,
2310 2310 2366 2359 et
2394 2303 2688 2359 involvent
2711 2302 2856 2358 illud
2891 2320 3181 2375 purpureo
3208 2306 3578 2372 vestimento,
3599 2310 3858 2376 ponent-

2201 2410 2313 2466 que
2344 2410 2478 2448 cum
2513 2409 2578 2448 eo
2610 2394 2809 2448 omnia
2837 2409 2999 2459 vasa,
3032 2394 3320 2465 quibusin
3357 2394 3685 2449 ministerio
3708 2395 3852 2465 ejus

2205 2488 2472 2549 utuntur,
2497 2482 2553 2536 id
2602 2488 2712 2550 est,
2744 2481 2972 2553 ignium
3007 2483 3393 2554 receptacula,
3429 2483 3758 2538 fuscinulas
3782 2500 3853 2538 ac

2203 2571 2507 2637 tridentes,
2544 2571 2787 2626 uncinos
2819 2577 2874 2626 et
2919 2571 3142 2627 batilla.
3173 2574 3398 2628 Cuncta
3451 2589 3592 2628 vasa
3637 2572 3852 2628 altaris

2203 2660 2467 2732 operient
2497 2659 2672 2715 simul
2704 2660 2996 2716 velamine
3030 2660 3443 2731 janthinarum
3497 2661 3763 2733 pellium,
3799 2667 3861 2718 et

2204 2749 2484 2804 inducent
2531 2754 2742 2804 vectes.
2802 2749 2888 2820 [Β.
2946 2750 3109 2821 VlII.]
3170 2750 3434 2822 Cumque
3505 2750 3862 2806 involverint

2203 2841 2388 2893 Aaron
2421 2842 2478 2892 et
2509 2837 2610 2892 lilii
2641 2839 2768 2906 ejus
2802 2838 3226 2906 sanctuarium,
3250 2844 3306 2894 et
3337 2839 3536 2895 omnia
3564 2855 3707 2894 vasa
3728 2841 3862 2910 ejus

2204 2928 2262 2982 in
2285 2926 2672 2982 commotione
2692 2932 3186 2998 castrorum,tunc
3208 2928 3513 2984 intrabunt
3529 2928 3628 2983 ﬁlii
3653 2928 3863 2998 Caath,

2205 3028 2270 3077 ut
2294 3027 2523 3094 portent
2548 3023 2806 3078 involuta
2831 3040 2842 3079 :
2871 3028 2927 3078 et
2947 3041 3060 3079 non
3083 3028 3328 3096 tangent
3345 3041 3484 3080 vasa
3507 3023 3858 3091 sanctuarii,

2207 3129 2276 3167 ne
2297 3111 2644 3166 moriantur.
2681 3112 2802 3166 Ista
2857 3117 2994 3166 sunt
3039 3127 3217 3168 onera
3258 3112 3510 3168 ﬁliorum
3561 3113 3738 3169 Caath
3797 3113 3859 3167 in

2208 3198 2580 3256 tabernaculo
2605 3201 2835 3255 l'mderis
2864 3216 3073 3271 :super
3115 3218 3262 3271 quos
3289 3201 3398 3256 erit
3429 3201 3666 3256 Eleazar
3695 3199 3860 3257 ﬁlius

2201 3291 2389 3344 Aaron
2422 3288 2765 3357 sacerdotis,
2795 3290 2863 3344 ad
2899 3290 3066 3360 cujus
3097 3307 3297 3344 curam
3353 3290 3600 3361 pertinet
3655 3290 3854 3346 oleum

2204 3377 2275 3431 ad
2316 3376 2752 3431 concinnandas
2803 3376 3075 3432 lucernas
3125 3377 3206 3450 [h.
3233 3378 3342 3433 erit
3371 3383 3566 3434 autem
3618 3377 3858 3433 Eleazar

2205 3463 2360 3519 ﬁlius
2397 3469 2585 3518 Aaron
2618 3464 2938 3520 sacerdotis
2960 3482 3137 3537 super
3165 3466 3358 3522 oleum
3389 3467 3464 3522 ad
3493 3466 3856 3522 concinnan-

2205 3554 2309 3608 das
2333 3552 2648 3622 lucernas],
2684 3558 2740 3608 et
2770 3554 3208 3625 compositionis
3243 3555 3573 3619 incensum,
3597 3554 3853 3610 etsacri-

2205 3642 2424 3708 ﬁcium,
2468 3643 2622 3712 quod
2655 3658 2890 3713 semper
2919 3643 3176 3712 oll‘ertur,
3210 3648 3266 3698 et
3297 3642 3491 3699 oleum
3529 3643 3856 3712 unctionis,

2206 3744 2264 3796 et
2293 3739 2573 3811 quidquid
2610 3741 2681 3795 ad
2715 3741 2934 3796 cultum
2980 3741 3340 3796 tabernaculi
3398 3739 3672 3813 pertinet,
3723 3757 3858 3796 om-

2208 3829 2494 3899 niumque
2516 3831 3017 3900 vasorum,qua3in
3043 3830 3380 3886 sanctuario
3405 3829 3862 3886 sunt.Locutus-

2208 3934 2321 3989 que
2345 3922 2434 3973 est
2457 3917 2741 3972 Dominus
2767 3918 2837 3973 ad
2863 3918 3059 3974 Mosen
3082 3923 3138 3972 et
3155 3921 3368 3988 Aaron,
3404 3919 3607 3974 dicens
3633 3917 3861 3974 :Nolite

2208 4008 2449 4078 perdere
2478 4006 2759 4078 populum
2788 4007 2968 4062 Caath
3005 4010 3074 4063 de
3105 4008 3296 4064 medio
3346 4007 3675 4064 Levitarum
3705 4025 3717 4073 ;
3751 4008 3861 4064 sed

2207 4095 2316 4151 hoc
2351 4095 2520 4151 facite
2543 4096 2646 4162 eis,
2683 4100 2748 4151 ut
2778 4096 2992 4162 vivant,
3042 4102 3098 4152 et
3145 4113 3259 4152 non
3317 4096 3661 4164 moriantur,
3697 4095 3746 4151 si
3775 4101 3861 4151 te-

2208 4184 2677 4256 tigerintSancta
2700 4189 3032 4240 sanctorum
3071 4186 3152 4254 [h.
3209 4202 3338 4240 eum
3385 4185 3737 4240 accesserint
3787 4185 3864 4240 ad

2210 4273 2496 4345 portanda
2527 4274 2741 4328 Sancta
2779 4275 3165 4345 sanctorum].
3203 4278 3387 4331 Aaron
3419 4279 3477 4330 et
3501 4274 3604 4328 ﬁlii
3627 4273 3865 4344 ejusin-

2210 4362 2470 4428 trabunt,
2503 4361 2736 4434 ipsique
2767 4363 3082 4435 disponent
3138 4380 3315 4436 opera
3364 4362 3755 4436 singulorum,
3805 4367 3867 4419 et

2210 4451 2468 4506 divident
2501 4452 2639 4521 quid
2669 4457 2901 4522 portare
2934 4453 3068 4524 quis
3099 4454 3327 4508 debeat.
3351 4451 3461 4507 Alii
3486 4451 3646 4508 nulla
3667 4452 3869 4508 curio-

455 4530 567 4583 (ίυε
595 4526 942 4595 sanetum“:
976 4530 1034 4580 et
1065 4523 1228 4616 dedit
1283 4539 1408 4577 eam
1441 4523 1649 4616 7A???
1699 4524 1754 4575 et
1779 4519 1922 4616 _miis
1973 4520 2100 4590 eius
2134 4530 2178 4596 D
2211 4541 2379 4596 sitate
2411 4519 2647 4596 videant
2670 4519 2800 4612 quas
2835 4519 2973 4598 sunt
3006 4543 3065 4598 in
3102 4545 3459 4610 sanctuario,
3514 4544 3869 4616 priusquam

447 4619 620 4688 juxta
650 4617 890 4672 verbum
928 4614 1083 4686 quod
1121 4615 1456 4685 preceperat
1485 4609 1595 4666 sibi
1624 4608 1930 4664 Dominus.

524 4744 606 4814 [Ο.
642 4741 739 4813 ΙΧ,
769 4743 902 4812 Cap.
930 4739 1045 4808 IV.]
1073 4739 1446 4807 Locutusque
1463 4740 1553 4790 est
1586 4734 1865 4790 Dominus
1896 4734 1964 4788 ad
1990 4737 2105 4787 Mo-

454 4847 560 4888 sen
586 4835 642 4887 et
664 4833 875 4900 Aaron,
901 4829 1101 4885 dicens
1129 4844 1140 4882 :
1166 4826 1328 4882 Tolle
1356 4840 1655 4880 summam
1695 4823 1950 4878 ﬁliorum
1995 4823 2104 4878 Ca-

458 4921 556 4977 ath
589 4920 659 4976 de
691 4919 880 4974 medio
907 4918 1230 4973 Levitarum
1267 4931 1368 4988 per
1393 4915 1598 4968 domos
1619 4917 1677 4967 et
1708 4911 1858 4967 ﬁlias
1888 4929 2048 4982 suas,
2072 4928 2105 4967 a

460 5009 764 5067 tricesimo
789 5025 940 5063 anno
957 5013 1015 5063 et
1039 5019 1437 5078 supra,usque
1458 5003 1527 5058 ad
1545 5000 2103 5074 quinquagesimum

459 5115 702 5167 annum,
737 5096 1000 5153 omnium
1028 5095 1127 5166 qui
1161 5093 1595 5166 ingrediuntur,
1621 5096 1682 5145 ut
1714 5094 1888 5154 stent,
1913 5093 1970 5144 et
1994 5088 2104 5143 mi-

459 5189 712 5244 nistrent
741 5187 802 5242 in
833 5183 1211 5241 tabernacqu
1246 5181 1498 5237 t'mderis.
1541 5179 1647 5234 Hic
1687 5184 1774 5234 est
1805 5177 2000 5233 cultus
2033 5177 2104 5231 ﬁ-

458 5277 669 5333 liorum
704 5275 884 5331 Caath
922 5290 936 5328 :
969 5273 1408 5328 tabernaculum
1442 5269 1694 5332 fmderis,
1737 5273 1794 5321 et
1824 5270 2103 5320 Sanctum

459 5375 797 5423 sanctorum
836 5364 915 5430 [h.
944 5363 1048 5417 Hic
1078 5366 1166 5416 est
1191 5359 1384 5415 cultus
1431 5357 1684 5412 ﬁliorum
1713 5354 1892 5410 Caath
1924 5355 1979 5408 in
2014 5359 2105 5409 ta-

459 5454 776 5512 bernaculo
801 5450 1366 5509 testimonii.Sancta
1390 5444 1752 5514 sanctorum]
1777 5443 2109 5514 ingredien-

461 5550 560 5601 tur
591 5549 782 5599 Aaron
817 5548 874 5598 et
898 5542 1001 5596 ﬁlii
1034 5542 1185 5610 ejus,
1217 5540 1453 5610 quando
1497 5533 1784 5590 movenda
1833 5536 1973 5586 sunt
2010 5547 2110 5586 ca-

463 5637 610 5704 stra,
638 5638 696 5689 et
729 5633 1022 5704 deponent
1061 5629 1282 5698 velum,
1315 5626 1472 5699 quod
1502 5624 1715 5697 pendet
1758 5624 1892 5678 ante
1935 5621 2113 5696 fores,

2211 4629 2603 4697 involvantur,
2662 4630 2920 4702 alioquin
2983 4633 3330 4689 morientur.
3386 4633 3472 4704 [Β.
3524 4633 3614 4700 ΙΧ,
3666 4634 3726 4688 C.
3775 4631 3871 4703 3L]

2217 4730 2584 4798 Locutusque
2615 4735 2706 4784 est
2738 4729 3021 4786 Dominus
3054 4731 3122 4786 ad
3160 4731 3383 4798 Mosen,
3416 4732 3616 4787 dicens
3651 4747 3666 4786 :
3701 4731 3874 4787 Tulle

2215 4836 2508 4876 summam
2532 4821 2710 4875 etiam
2738 4821 2991 4876 ﬁliorum
3011 4825 3232 4878 Gerson
3250 4839 3352 4895 per
3373 4823 3579 4878 domos
3606 4839 3671 4879 ac
3696 4823 3873 4878 fami-

2215 4911 2322 4965 lias
2352 4914 2408 4964 et
2437 4910 2812 4980 cognationes
2847 4927 2987 4966 suas
3019 4911 3100 4982 [h.
3137 4928 3238 4982 per
3269 4911 3476 4968 domos
3506 4911 3873 4967 familiarum

2215 4999 2501 5068 suarum],
2535 5016 2567 5053 a
2590 4998 2829 5068 triginta
2859 5000 3032 5055 annis
3061 5005 3117 5054 et
3146 5017 3345 5073 supro,
3395 5017 3578 5072 usque
3630 5001 3704 5056 ad
3759 5017 3869 5056 an-

2215 5105 2319 5143 nos
2369 5086 2820 5158 quinquaginta.
2856 5089 3111 5145 Numera
3132 5105 3354 5160 omnes,
3393 5089 3493 5162 qui
3524 5089 3880 5162 ingrediun-

2214 5180 2330 5244 tur,
2363 5181 2419 5231 et
2453 5175 2793 5231 ministrant
2827 5178 2882 5232 in
2918 5178 3296 5234 tabernaculo
3330 5178 3563 5234 faederis
3595 5180 3676 5250 [h.
3701 5179 3879 5234 testi-

2218 5265 2444 5335 monii].
2478 5264 2594 5320 Hoc
2626 5271 2714 5320 est
2745 5267 3004 5322 ofﬁcium
3041 5268 3273 5322 familiae
3305 5267 3776 5338 Gersonitarum,
3812 5273 3885 5323 ut.

2216 5360 2450 5426 portent
2509 5355 2765 5410 cortinas
2817 5355 3202 5426 tabernaculi,
3246 5361 3302 5412 et
3355 5362 3575 5411 tectum
3609 5357 3882 5427 fmderis,

2217 5443 2644 5514 cperimentum
2678 5442 2832 5498 aliud
2869 5449 2926 5500 et
2951 5461 3128 5516 super
3148 5445 3344 5500 omnia
3365 5445 3882 5515 velamenjanthi-

2219 5547 2360 5586 num
2390 5532 2852 5604 tantoriumque,
2879 5534 3035 5605 quod
3057 5535 3272 5605 pendet
3304 5533 3364 5590 in
3399 5535 3639 5589 introitu
3675 5535 3882 5590 taber-

2219 5619 2418 5676 naculi
2459 5621 2718 5690 fcederis,
2754 5622 3012 5679 cortinas
3045 5623 3200 5695 atrii,
3223 5632 3277 5679 et
3296 5623 3488 5679 velum
3521 5623 3579 5679 in
3605 5623 3884 5695 introitu,
