4068 6172
246 313 330 369 389

248 438 367 511 quod
391 438 467 491 est
491 436 624 489 ante
657 429 1128 489 tabernaculum.
1156 430 1369 486 Omnia
1399 447 1525 502 quae
1557 431 1626 486 ad
1664 429 1846 486 altare
1877 431 1926 497 Α

247 521 898 600 pertinent,funiculos,et
910 537 1049 576 vasa
1064 519 1647 590 ministerii,jubente
1662 522 1845 575 Aaron

248 622 290 672 et
313 614 426 669 ﬁliis
455 614 600 683 ejus,
629 612 947 683 portabunt
979 610 1082 665 ﬁlii
1113 610 1333 666 Gerson
1372 627 1383 663 :
1419 614 1474 664 et
1505 609 1692 665 scient
1721 609 1846 662 sin-

248 705 337 775 guli
365 703 445 758 cui
468 701 715 757 debeant
747 716 925 756 onera
974 699 1322 771 mancipari.
1357 699 1462 754 Hic
1510 704 1602 754 est
1653 697 1849 752 cultus

249 792 435 849 familiae
455 789 892 846 Gersonitarum
911 790 970 844 in
990 787 1369 845 tabernaculo
1385 786 1849 851 fmderis,erunt-

248 898 334 952 que
356 881 452 936 sub
475 895 654 934 manu
675 878 936 933 Ithamar
957 877 1062 932 tilii
1091 880 1276 932 Aaron
1307 872 1853 948 sacerdotis.[B.X.]

251 971 389 1025 Filios
403 984 628 1040 quoque
653 967 861 1022 Merari
889 983 991 1037 per
1013 965 1267 1021 familias
1289 972 1346 1022 et
1377 967 1581 1021 domos
1614 970 1850 1037 patrum

245 1075 443 1116 suorum
472 1056 832 1119 recensebis,
863 1072 896 1110 a
928 1056 1170 1128 triginta
1213 1054 1384 1109 annis
1429 1061 1485 1109 et
1515 1071 1714 1125 supra,
1751 1070 1848 1108 us-

246 1164 334 1220 que
357 1147 419 1202 ad
449 1162 634 1202 annos
666 1145 1127 1217 quinquaginta,
1155 1160 1362 1200 omnes
1389 1144 1490 1214 qui
1521 1144 1858 1215 ingrediun-

247 1244 321 1292 tur
343 1237 403 1291 ad
431 1236 689 1291 officium
733 1233 1042 1290 ministerii
1090 1233 1180 1289 sui
1232 1238 1290 1288 et
1339 1233 1562 1288 cultum
1620 1233 1852 1289 foederis

247 1325 544 1381 testimonii.
581 1325 710 1378 Haec
744 1329 884 1378 sunt
915 1339 1092 1377 onera
1123 1339 1326 1379 eorum
1365 1339 1377 1377 :
1413 1322 1738 1378 Portabant
1767 1327 1854 1376 ta-

245 1414 380 1469 bulas
412 1411 761 1468 tabernaculi
796 1418 853 1466 et
880 1417 1070 1466 vectes
1094 1411 1561 1480 ejus,columnas
1589 1427 1654 1466 ac
1685 1411 1855 1466 bases

246 1519 430 1568 earum,
461 1501 768 1558 columnas
800 1515 1034 1571 quoque
1068 1501 1201 1556 atrii
1236 1516 1338 1572 per
1377 1500 1688 1555 circuitum
1722 1515 1855 1555 cum

246 1591 447 1647 basibus
474 1595 529 1646 et
563 1588 795 1660 paxillis
828 1594 880 1644 et
922 1589 1167 1644 funibus
1200 1590 1348 1644 suis.
1400 1588 1607 1644 Omnia
1636 1605 1773 1644 vasa
1801 1595 1859 1645 et

245 1679 630 1751 supellectilem
665 1678 735 1733 ad
772 1693 1084 1732 numerum
1119 1677 1634 1748 accipient,sicque
1666 1682 1856 1748 porta-

246 1770 381 1823 bunt.
412 1769 522 1823 Hoc
555 1771 648 1822 est
676 1767 934 1824 ofﬁcium
975 1766 1210 1821 familia:
1240 1767 1734 1834 Meraritarum,et
1756 1767 1860 1821 mi-
1889 1800 1934 1864 Β

247 1856 507 1912 nisterium
540 1856 606 1910 in
639 1853 1017 1910 tabernaculo
1054 1855 1286 1909 foederis
1339 1871 1353 1909 :
1406 1860 1698 1925 eruntque
1747 1855 1857 1909 sub

249 1962 387 2000 manu
421 1945 670 2000 Ithamar
700 1943 802 1997 ﬁlii
837 1947 1024 1998 Aaron
1056 1944 1394 1998 sacerdotis.
1419 1944 1860 1998 Recensuerunt

247 2034 392 2104 igitur
419 2034 608 2088 Moses
640 2039 697 2087 et
729 2038 916 2086 Aaron
947 2037 1002 2086 et
1034 2032 1325 2103 principes
1355 2037 1672 2104 Synagogae
1707 2031 1856 2086 filios

250 2122 394 2177 Caatb
424 2139 520 2194 per
552 2121 936 2194 cognationes
967 2127 1023 2176 et
1053 2121 1256 2176 domos
1290 2126 1520 2192 patrum
1554 2137 1860 2186 suorum,a

249 2211 455 2282 triginta
484 2211 662 2266 annis
686 2216 741 2265 et
772 2227 972 2281 supra,
1003 2226 1190 2279 usque
1222 2211 1293 2265 ad
1315 2227 1538 2265 annum
1572 2210 1861 2280 quinqua-

249 2299 517 2372 gesimum,
550 2315 758 2354 omnes
791 2299 888 2369 qui
923 2297 1332 2369 ingrediuntur
1358 2299 1428 2354 ad
1463 2297 1857 2353 ministerium

247 2388 574 2444 tabernaculi
592 2388 911 2442 fcederiszet
927 2387 1144 2443 inventi
1162 2387 1346 2442 suntd
1359 2404 1429 2442 uo
1444 2387 1630 2443 millia
1643 2387 1861 2458 septin-

247 2479 371 2548 genti
403 2476 967 2549 quinquaginta.llic
991 2482 1079 2532 est
1102 2492 1387 2531 numerus
1417 2476 1617 2548 papuli
1653 2477 1856 2545 Caatb,

245 2566 324 2637 qui
348 2566 561 2621 intrant
596 2564 1036 2620 tabernaculum
1078 2564 1310 2620 foederis
1345 2580 1359 2620 :
1392 2565 1499 2620 hos
1531 2566 1861 2620 numeravit

246 2655 402 2710 Moses
421 2661 474 2710 et
495 2653 878 2723 Aaronjuxta
900 2669 1228 2708 sermonem
1259 2653 1486 2708 Domini
1503 2670 1603 2724 per
1618 2669 1856 2708 manum

244 2742 380 2798 Mosi.
411 2743 492 2814 lC.
549 2741 668 2813 XL]
713 2741 1015 2797 Numerati
1048 2746 1188 2796 sunt
1236 2746 1292 2796 et
1336 2742 1440 2795 ﬁlii
1485 2741 1709 2797 Gerson
1759 2758 1862 2813 per

245 2833 589 2902 cognationes
620 2836 676 2886 et
705 2832 909 2886 domos
960 2836 1192 2900 patrum
1240 2847 1504 2899 suorum,
1538 2848 1572 2886 a
1620 2831 1861 2902 triginta

244 2920 387 2976 annis
415 2924 467 2976 et
497 2935 902 2991 supra,usque
925 2920 995 2973 ad
1021 2919 1580 2990 quinquagesimum
1613 2936 1860 2986 annum,

247 3023 418 3063 omnes
447 3009 545 3080 qui
585 3007 1018 3078 ingrediuntur,
1043 3012 1105 3060 ut
1127 3006 1464 3061 ministrent
1493 3006 1552 3060 in
1585 3007 1860 3062 taberna-

247 3095 352 3152 culo
378 3098 641 3163 foederis;
680 3102 736 3151 et
765 3095 980 3150 inventi
1023 3100 1163 3149 sunt
1211 3095 1323 3149 duo
1369 3094 1550 3150 millia
1600 3093 1858 3150 sexcenti

246 3186 471 3256 triginta.
506 3159 736 3240 Hic'est
766 3184 938 3256 polus
971 3184 1437 3252 Gersonitarum,
1472 3200 1620 3254 quos
1654 3200 1858 3239 nume-
1891 3159 1934 3226 Ο

247 3281 488 3328 raverunt
517 3278 713 3328 Moses
764 3280 822 3327 et
870 3276 1060 3328 Aaron
1097 3274 1270 3342 juxta
1315 3273 1554 3327 verbum
1607 3272 1862 3328 Domini.

247 3361 312 3432 [Ο.
341 3363 476 3434 XII.]
509 3362 810 3418 Numerati
855 3366 995 3416 sunt
1033 3365 1089 3416 et
1122 3361 1224 3414 ﬁlii
1258 3360 1463 3416 Merari
1497 3377 1600 3432 per
1651 3377 1868 3432 cogna-

248 3449 406 3507 tiones
444 3457 501 3507 et
534 3453 750 3506 domos
791 3456 1022 3520 patrum
1070 3465 1334 3518 suorum,
1369 3465 1402 3503 a
1429 3449 1671 3520 triginta
1700 3449 1873 3505 annis

246 3544 288 3592 et
313 3557 496 3612 supra,
515 3555 710 3612 usque
725 3539 796 3593 ad
821 3555 1043 3593 annum
1061 3538 1648 3610 quinquagesimum,
1666 3555 1870 3594 omnes

246 3629 323 3698 qui
349 3629 763 3701 ingrediuntur
786 3629 856 3682 ad
917 3626 1236 3698 explendos
1300 3628 1452 3682 ritus
1500 3626 1868 3682 tabernaculi

248 3719 446 3774 foederis
473 3723 568 3774 :et
589 3717 812 3772 inventi
837 3722 979 3772 sunt
1012 3717 1122 3772 tria
1147 3715 1334 3771 millia
1366 3716 1622 3771 ducenti.
1657 3716 1762 3771 Hic
1783 3720 1873 3772 est

249 3822 495 3861 numerus
521 3805 784 3861 ﬁliorum
810 3805 1038 3870 Merari,
1065 3822 1210 3875 quos
1239 3809 1663 3860 recensuerunt
1681 3805 1869 3860 Moses

251 3901 294 3948 et
320 3902 493 3951 Aaron
517 3897 699 3966 juxta
718 3895 1031 3966 imperium
1057 3892 1289 3948 Domini
1311 3909 1411 3964 per
1434 3910 1678 3948 manum
1702 3894 1869 3950 Mosi.

253 3983 434 4040 Omnes
465 3987 568 4056 qui
611 3983 915 4039 recensisti
947 3987 1086 4038 sunt
1116 3982 1186 4038 de
1212 3983 1470 4050 Levitiis,
1505 3989 1562 4038 et
1591 3999 1738 4053 quos
1783 3999 1872 4039 re-

253 4076 481 4128 censeri1
516 4075 659 4128 fecit
681 4073 750 4127 ad
786 4088 997 4126 nomen
1028 4075 1236 4138 Moses,
1288 4077 1344 4127 et
1383 4076 1573 4126 Aaron
1605 4071 1686 4143 [b.
1723 4088 1874 4143 quos

250 4166 686 4217 numeraverunt
706 4160 896 4215 Moses
927 4165 985 4216 et
1014 4163 1230 4228 Aaron,
1254 4164 1311 4216 et
1344 4159 1638 4231 principes
1669 4160 1870 4228 Israel,

248 4262 327 4316 per
355 4251 756 4322 cognationes,
788 4252 845 4302 et
875 4249 1082 4303 domos
1115 4253 1349 4319 patrum
1381 4265 1653 4316 suorum,
1698 4266 1731 4303 a
1779 4249 1875 4303 tri-

246 4335 380 4405 ginta
407 4340 578 4394 annis
613 4343 676 4392 et
704 4353 906 4408 supra,
941 4352 1131 4407 usque
1163 4337 1231 4390 ad
1252 4353 1472 4392 annum
1504 4338 1872 4409 quinquage-

247 4425 461 4496 simum,
502 4426 907 4500 ingredientes
933 4426 1005 4480 ad
1039 4425 1436 4481 ministerium
1487 4425 1874 4495 tabernaculi,

1519 308 1732 361 LIBER
1771 307 1867 360 NU
1875 305 2258 362 MERORUM.

3504 308 3610 362 390

2031 430 2115 500 [T.
2151 429 2252 495 III,
2285 432 2347 484 B.
2382 431 2485 498 XI,
2515 433 2577 487 C.
2612 430 2756 496 XIII,
2790 431 2921 501 Cap.
2956 434 3047 504 V.]
3092 434 3470 505 Locutusque
3519 437 3610 489 est

1958 519 2242 576 Dominus
2267 520 2338 574 ad
2361 523 2580 586 Mosen,
2601 520 2799 576 dicens
2824 539 2835 574 :
2869 522 3116 594 praecipe
3140 523 3277 578 ﬁliis
3308 522 3503 591 Israel,
3538 528 3604 579 ut

1959 609 2192 678 ejiciant
2213 609 2286 663 de
2315 609 2524 664 castris
2555 626 2790 664 omnem
2813 609 3134 682 leprosum,
3169 618 3226 667 et
3248 615 3348 683 qui
3379 612 3606 667 semine

1959 697 2084 752 ﬂuit
2117 696 2497 768 pollutusque
2525 703 2614 753 est
2644 716 2822 770 super
2853 707 3083 755 mortuo
3115 700 3197 773 [b.
3226 700 3608 772 pollutusque

1959 791 2048 841 est
2072 802 2234 857 super
2273 784 2485 857 anima]
2521 803 2534 842 ε
2570 792 2690 842 tam
2726 787 3057 844 masculum
3091 807 3269 860 quam
3326 790 3600 846 feminam

1961 873 2149 944 ejicite
2168 875 2239 929 de
2268 874 2498 941 castris,
2527 891 2598 930 ne
2629 877 3030 932 contaminent
3059 895 3128 933 ea
3157 895 3290 934 eum
3315 879 3608 934 habitave-

1963 963 2116 1017 rint'
2139 963 2440 1018 vobiscum
2477 964 2558 1034 [b.
2592 965 2649 1018 in
2682 982 2930 1035 quorum
2989 967 3181 1022 medio
3222 984 3327 1039 ego
3361 967 3606 1037 habito].

1961 1057 2361 1122 Feceruntque
2391 1053 2474 1106 ita
2503 1051 2605 1105 ﬁlii
2638 1053 2835 1120 Israel,
2870 1059 2927 1108 et
2978 1057 3276 1125 ejecerunt
3319 1073 3418 1111 eos
3448 1061 3611 1112 extra

1963 1147 2155 1196 castra
2186 1141 2341 1196 sicut
2369 1140 2600 1196 locutus
2633 1146 2722 1196 est
2767 1141 3057 1197 Dominus
3109 1144 3276 1199 Mosi.
3335 1144 3420 1214 [Ο.
3444 1144 3608 1216 XIV.]

1965 1230 2340 1300 Locutusque
2398 1235 2490 1284 est
2544 1231 2831 1285 Dominus
2894 1229 3117 1299 Mosen,
3192 1233 3395 1288 dicens
3449 1248 3461 1288 :
3511 1234 3613 1288 Lo-

1965 1335 2143 1389 quere
2176 1319 2243 1372 ad
2280 1318 2430 1373 ﬁlios
2461 1319 2639 1374 Israel
2673 1336 2685 1374 :
2721 1319 2840 1389 Vir,
2873 1321 2995 1376 sive
3028 1320 3262 1386 mulier,
3293 1337 3432 1376 cum
3466 1323 3612 1378 fece-

1968 1410 2086 1463 rint
2117 1425 2186 1463 ex
2216 1408 2489 1464 omnibus
2534 1409 2812 1480 peccatis,
2857 1427 2985 1481 quae
3034 1409 3225 1465 solent
3275 1409 3614 1465 hominibus

1967 1498 2250 1563 accidere,
2283 1505 2339 1551 et
2372 1513 2474 1567 per
2516 1497 2936 1568 negligentiam
2995 1500 3347 1570 transgressi
3399 1498 3618 1555 fuerint

1971 1589 2316 1642 mandatum
2349 1586 2600 1654 Domini,
2634 1591 2810 1656 atque
2840 1586 3220 1658 deliquerint,
3251 1588 3616 1644 conﬁtebun-

1966 1681 2062 1730 tur
2094 1680 2394 1746 peccatum
2427 1692 2626 1744 suum,
2648 1680 2706 1730 et
2735 1676 2978 1730 reddent
2998 1677 3193 1748 ispuin
3219 1682 3412 1748 caput,
3439 1678 3618 1748 quin-

1967 1770 2206 1834 tamque
2252 1770 2471 1834 partem
2507 1764 2781 1834 desuper,
2814 1765 2863 1818 ei
2898 1765 2954 1818 in
3001 1781 3174 1834 quem
3226 1768 3613 1836 peccaverint.

1966 1853 2062 1908 Sin
2097 1858 2286 1908 autem
2319 1869 2432 1907 non
2467 1853 2642 1907 fuerit
2673 1853 2770 1923 qui
2807 1840 3069 1923 recipiat,
3094 1854 3322 1910 dabunt
3341 1855 3614 1923 Domino,

1968 1947 2024 1997 et
2053 1943 2164 1996 erit
2193 1941 2534 2006 sacerdotis,
2567 1946 2805 2012 excepto
2852 1943 3052 2008 ariete,
3094 1942 3193 2013 qui
3225 1944 3468 1998 offertur
3512 1959 3614 2015 pro

1967 2031 2315 2101 expiatione,
2339 2035 2403 2084 ut
2425 2031 2500 2084 sit
2524 2029 2825 2101 placabilis
2858 2031 3066 2085 hostia.
3105 2031 3181 2102 [Ο.
3209 2032 3356 2102 XV.]
3397 2032 3612 2089 Omnes

1968 2135 2202 2190 quoque
2232 2118 2528 2190 primitiae,
2561 2135 2709 2189 quas
2743 2119 2995 2174 offerunt
3027 2119 3128 2174 filii
3167 2121 3368 2190 Israel,
3415 2123 3487 2176 ad
3520 2139 3611 2176 sa-

1969 2208 2261 2262 cerdotem
2314 2206 2642 2277 pertinent:
2677 2212 2733 2262 et
2762 2208 3049 2279 quidquid
3103 2209 3161 2263 in
3213 2210 3615 2265 sanctuarium

1970 2297 2211 2352 oiiertur
2258 2313 2291 2350 a
2343 2295 2619 2367 singulis,
2667 2301 2723 2352 et
2781 2298 3034 2352 traditur
3087 2298 3362 2354 manibus
3419 2315 3616 2354 sacer-

1969 2385 2144 2450 dotis,
2189 2385 2378 2456 ipsius
2409 2385 2540 2441 erit.
2576 2385 2661 2456 [Β.
2721 2388 2853 2454 XII,
2903 2388 2961 2441 C.
3015 2386 3182 2458 XVI.]
3247 2388 3616 2460 Locutusque

1969 2481 2055 2529 est
2089 2474 2370 2529 Dominus
2402 2475 2471 2529 ad
2506 2475 2728 2541 Mosen,
2763 2474 2964 2530 dicens
2998 2491 3010 2530 :
3049 2477 3308 2547 Loquere
3351 2478 3420 2531 ad
3464 2477 3616 2532 filios

1970 2561 2170 2631 Israel,
2192 2569 2250 2617 et
2279 2563 2438 2618 dices
2470 2564 2540 2618 ad
2566 2578 2666 2618 eos
2701 2580 2714 2617 :
2748 2563 2830 2618 vir
2887 2565 3056 2633 cujus
3127 2581 3270 2619 uxor
3309 2565 3615 2632 erraverit,

1971 2652 2368 2723 maritumque
2433 2656 2817 2708 contemnens
2873 2652 3182 2708 dormierit
3239 2671 3374 2708 cum
3429 2653 3612 2710 altero

1968 2742 2112 2805 viro.
2161 2745 2218 2796 et
2275 2740 2385 2796 hoc
2443 2739 2692 2796 maritus
2744 2738 3178 2811 deprehendere
3247 2759 3362 2797 non
3413 2743 3616 2814 quive-

1972 2829 2091 2898 rit,
2163 2830 2262 2884 sed
2334 2830 2473 2883 latet
2540 2828 2931 2899 adulterium,
3007 2834 3064 2884 et
3127 2831 3383 2886 testibus
3450 2831 3618 2902 argui

1972 2935 2086 2974 non
2158 2923 2367 2989 potest,
2426 2917 2566 2988 quia
2624 2933 2736 2972 non
2797 2923 2888 2973 est
2945 2918 3177 2973 inventa
3237 2919 3294 2973 in
3361 2925 3615 2990 stupro:

1973 3007 2022 3063 si
2071 3007 2316 3078 spiritus
2370 3005 2451 3078 [b.
2504 3012 2561 3062 et
2617 3007 2885 3077 spiritus]
2937 3007 3236 3079 zelotypiae
3291 3009 3618 3064 concitaver-

1973 3095 2048 3149 rit
2075 3094 2266 3149 virum
2317 3099 2520 3149 contra
2571 3111 2810 3150 uxorem
2841 3111 3034 3161 suam,
3083 3112 3210 3166 quae
3254 3097 3342 3151 vel
3395 3095 3618 3168 polluta

1973 3189 2080 3250 est,
2117 3183 2204 3238 vel
2235 3183 2382 3238 falsa
2411 3183 2744 3254 suspicione
2774 3183 3092 3255 appetitur,
3115 3185 3366 3240 adducet
3396 3203 3525 3240 eam
3549 3186 3620 3241 ad

1975 3273 2435 3337 sacerdotem,et
2457 3273 2657 3327 oll‘eret
2679 3273 3033 3328 oblationem
3059 3291 3160 3345 pro
3188 3273 3308 3345 illa,
3329 3275 3618 3330 decimam

1975 3365 2196 3433 partem
2228 3361 2341 3417 sati
2380 3360 2462 3430 [b.
2499 3360 2679 3432 Epha]
2712 3361 2914 3418 farinae
2964 3362 3264 3418 hordeacia
3299 3380 3311 3416 :
3343 3380 3449 3418 non
3484 3364 3624 3419 lun-

1976 3453 2073 3506 det
2102 3465 2280 3520 super
2311 3467 2438 3505 eam
2484 3449 2702 3516 oleum,
2735 3467 2840 3506 nec
2866 3451 3132 3524 imponet
3160 3452 3335 3508 thus:
3365 3454 3506 3524 quia
3526 3470 3620 3508 sa-

1976 3539 2261 3594 crificium
2294 3538 2590 3610 zelotypiae
2613 3544 2702 3594 est
2738 3543 2794 3594 et
2823 3539 3039 3596 oblatio
3062 3541 3427 3612 investigans
3455 3540 3628 3597 adul-

1976 3629 2190 3683 terium
2215 3629 2368 3700 [b.et
2399 3627 2614 3684 oblatio
2645 3629 3065 3684 recordationis
3107 3631 3466 3702 investigans
3514 3630 3629 3685 ini-

1975 3718 2284 3788 quitatem].
2303 3717 2525 3772 Offeret
2544 3717 2720 3785 igitur
2740 3734 2866 3774 eam
2893 3719 3190 3786 sacerdos,
3215 3727 3267 3774 et
3291 3724 3510 3776 statuet
3531 3737 3628 3774 co-

1979 3823 2102 3861 ram
2127 3806 2372 3861 Domino
2397 3823 2409 3860 :
2436 3812 2823 3878 assumetque
2883 3823 3097 3878 aquam
3125 3813 3391 3864 sanctam
3414 3809 3472 3863 in
3495 3825 3630 3864 vase

1980 3894 2164 3962 ﬁctili,
2197 3900 2254 3948 et
2277 3893 2600 3965 pauxillum
2623 3899 2788 3948 terra:
2812 3895 2881 3950 de
2904 3895 3234 3967 pavimento
3267 3895 3630 3951 tabernaculi

1981 3983 2176 4038 mittet
2207 3982 2264 4036 in
2289 3999 2440 4038 eam.
2465 3982 2731 4054 Cumque
2749 3984 2977 4038 steterit
3002 3984 3212 4039 mulier
3232 3985 3287 4038 in
3315 3990 3629 4056 conspectu

1979 4070 2228 4137 Domini,
2281 4070 2668 4142 discOOperiet
2708 4077 2882 4142 caput
2933 4073 3083 4142 ejus,
3132 4078 3186 4128 et
3237 4079 3412 4144 ponet
3452 4089 3631 4144 super

1981 4177 2193 4215 manus
2244 4159 2403 4214 illius
2454 4159 2810 4214 sacriﬁcium
2861 4161 3308 4228 recordationis,
3357 4166 3414 4218 et
3459 4162 3622 4216 obla-

1981 4249 2198 4303 tionem
2258 4247 2556 4319 zelotypiae
2618 4265 2630 4302 :
2691 4249 2816 4318 ipse
2881 4255 3078 4304 autem
3161 4252 3376 4306 tenebit
3445 4267 3631 4323 aquas

1980 4335 2404 4403 amarissimas,
2441 4336 2498 4390 in
2531 4336 2748 4406 quibus
2784 4353 2919 4392 cum
2952 4339 3352 4394 exsecratione
3384 4340 3630 4394 maledi-

1981 4431 2075 4480 cta
2101 4425 2392 4495 congessit
2431 4424 2856 4496 Abjurabitque
2896 4443 3048 4494 eam,
3082 4435 3136 4482 et
3178 4427 3332 4483 dicet
3367 4445 3380 4483 :
3415 4428 3472 4481 Si
3515 4442 3630 4483 non

247 4517 291 4565 et
314 4531 476 4571 onera
503 4515 816 4587 portanda,
854 4515 1089 4570 fuerunt
1122 4514 1298 4569 simul
1331 4518 1458 4569 octo
1487 4513 1672 4569 millia
1693 4513 1869 4584 quin-
1899 4521 1943 4584 Π
1975 4514 2252 4568 dormivit
2281 4513 2368 4566 vir
2399 4511 2626 4567 alienus
2657 4517 2872 4583 tecum,
2908 4520 2964 4570 et
3015 4516 3064 4569 si
3123 4533 3234 4570 non
3297 4515 3518 4588 polluta
3547 4532 3633 4588 es,

247 4603 380 4671 genti
411 4605 733 4677 octoginta.
783 4603 960 4658 Juxta
1005 4603 1248 4658 verbum
1305 4604 1529 4658 Domini
1583 4603 1881 4662 recensuit

250 4706 330 4747 eos
357 4693 568 4761 Moses,
593 4708 1078 4764 unumquemque
1101 4694 1272 4763 juxta
1316 4691 1578 4748 cilicium
1619 4697 1676 4748 et
1704 4709 1883 4749 onera

252 4794 358 4848 sua,
382 4781 534 4839 sicut
566 4785 921 4855 praeceperat
952 4783 1003 4837 ei
1033 4781 1341 4837 Dominus.

312 4958 604 5015 ‘Verbum
636 4957 910 5014 recenseri
939 4957 1105 5012 abest
1146 4958 1207 5014 in
1264 4958 1542 5015 omnibus
1578 4976 1722 5016 mss.
1774 4977 1878 5015 no-

252 5031 364 5096 tris,
393 5033 668 5102 quodque
701 5031 890 5102 magis
930 5031 1236 5095 miramur,
1296 5034 1461 5086 abest
1511 5036 1568 5087 et
1613 5033 1671 5086 in
1719 5036 1878 5087 textu

255 5105 469 5158 canonis
524 5102 1165 5174 Hebraicaanveritatis,
1196 5103 1498 5174 Aquamvis
1566 5119 1595 5156 e
1645 5104 1880 5174 regione

254 5175 563 5243 appositum
590 5175 666 5229 sit
686 5172 949 5230 scholion
975 5189 1088 5243 quo
1110 5172 1474 5229 sufﬁcienter
1505 5172 1745 5228 docetur
1763 5175 1876 5231 lec-

255 5247 347 5309 tor,
378 5245 607 5300 nullum
637 5261 764 5300 esse
795 5261 1036 5299 sensum
1090 5245 1268 5315 hujus
1301 5245 1432 5315 loci,
1468 5247 1580 5300 nisi
1615 5247 1769 5300 adsrt
1817 5248 1877 5301 in

256 5321 500 5389 contextu
551 5318 959 5387 supradictum
1009 5317 1277 5371 verbum.
1337 5320 1419 5372 Ad
1485 5317 1661 5371 ﬁdem
1699 5317 1880 5389 igitur

251 5385 498 5471 editionis
534 5385 786 5471 Vulgata:
810 5405 876 5471 ea
900 5389 1334 5471 supplevimus,
1358 5405 1486 5470 quae
1511 5385 1874 5471 notariorum

253 5460 610 5529 antiquorum
645 5459 870 5515 incuria
898 5459 1129 5514 fuerant
1160 5461 1579 5529 praetermissa.
1614 5459 1802 5515 MART.

314 5560 373 5602 +
403 5531 659 5588 Verbum
690 5530 986 5602 recenseri,
1019 5530 1176 5602 quod
1210 5533 1281 5587 ab
1318 5532 1596 5587 omnibus
1637 5531 1875 5587 Martia-

257 5602 349 5656 nai
377 5618 516 5660 mss.
551 5603 774 5672 aberat,
805 5602 1061 5676 supplet,
1096 5605 1426 5676 asseritque
1455 5602 1672 5659 nostris
1705 5603 1876 5661 Urbi-

1992 4603 2219 4657 deserto
2252 4600 2448 4657 mariti
2476 4601 2667 4667 thoro,
2701 4619 2816 4658 non
2857 4609 2912 4658 te
2960 4605 3254 4660 nocebunt
3301 4622 3465 4676 aquae
3508 4606 3633 4661 istae

1992 4691 2398 4759 amarissima,
2457 4690 2517 4744 in
2577 4707 2722 4761 quas
2793 4691 3105 4748 maledicta
3181 4695 3468 4766 congessi.
3532 4695 3633 4750 Sin

1991 4786 2186 4836 autem
2221 4779 2527 4835 declinasti
2580 4797 2614 4834 a
2660 4781 2781 4835 viro
2833 4786 2931 4837 tuo
2981 4788 3161 4854 atque
3199 4783 3426 4856 polluta
3466 4801 3549 4856 es,
3581 4787 3638 4840 et

1989 4975 2097 5014 nas
2128 4958 2328 5013 codex.
2358 4955 2658 5031 Palatinus
2689 4959 2904 5014 nedum
2938 4961 3109 5031 illud,
3142 4963 3242 5017 sed
3278 4967 3333 5018 et
3377 4979 3547 5018 voces
3570 4962 3639 5018 ad

1989 5045 2182 5086 nomen
2219 5029 2626 5099 praetermittit.

2060 5103 2080 5134 2
2115 5103 2198 5155 Ita
2228 5116 2609 5175 mss._omnes
2641 5100 2712 5155 ad
2747 5105 3100 5175 unum;__sed
3135 5104 3344 5160 melius
3375 5105 3530 5175 quod
3551 5105 3635 5158 le-

1987 5173 2142 5242 gitur
2192 5176 2248 5227 in
2299 5171 2547 5243 Vulgata
2606 5178 2825 5242 nostra,
2882 5173 3121 5238 scilicet,
3155 5171 3542 5241 hubilavérim,
3575 5176 3636 5230 in

1989 5245 2179 5315 prima
2209 5259 2459 5317 persona
2487 5244 2797 5316 singulari,
2832 5251 2896 5299 ut
2927 5247 3076 5301 scire
3106 5247 3241 5302 licet
3271 5265 3300 5302 e
3324 5247 3635 5317 marginali

1988 5316 2210 5371 scholio
2241 5316 2484 5370 canonis
2517 5317 2660 5369 Heb.
2687 5332 2802 5371 ver.
2841 5317 3020 5372 MART.

2060 5417 2126 5427 —-
2159 5388 2402 5442 Palatin.
2456 5388 2643 5457 prima
2679 5403 2878 5457 manu,
2911 5391 3044 5458 quia
3099 5388 3290 5443 habito
3336 5389 3635 5443 vobiscum.

1987 5459 2151 5532 Certe
2182 5465 2238 5532 et
2267 5460 2546 5513 Hebraeus
2577 5459 2637 5512 in
2670 5460 2861 5529 prima
2910 5476 3161 5528 persona
3201 5461 3406 5515 iisdem
3459 5477 3640 5532 prope

1985 5531 2176 5586 verbis
2211 5531 2352 5603 legit
2384 5545 2397 5585 :
2444 5539 2588 5592 min
2619 5540 2733 5622 ΡΨ
2763 5541 2856 5590 ΠΝ
2890 5543 3042 5592 ws.
