4068 6172
421 318 521 371 391
1095 316 1125 338 ⁸

1452 309 1513 362 8.
1556 307 1964 360 HIERONYMI
2001 302 2260 361 DIVINA
2297 307 2793 367 BIBLIOTHRCA.

3729 307 3842 363 392

419 435 788 496 concubuisti
818 450 952 492 cum
986 433 1165 487 altero
1209 430 1355 496 viro,
1412 428 1505 484 his
1556 427 2069 484 maledictionibus
2105 431 2158 496 Α
2191 429 2468 486 orationis
2500 435 2627 502 ejus
2656 451 2668 488 :
2704 435 2859 505 quod
2892 435 3057 490 radet
3085 435 3240 491 illico
3272 435 3330 490 in
3355 435 3557 489 eadem
3581 433 3673 488 die
3695 449 3836 504 pur-

422 527 754 600 subjacebis
805 543 818 580 :
875 524 979 578 Det
1030 525 1085 576 te
1137 519 1424 574 Dominus
1478 518 1537 572 in
1595 515 2066 572 maledictionem

419 617 867 688 exemplumque
888 615 1236 666 cunctorum
1257 607 1316 662 in
1342 606 1555 678 populo
1579 623 1716 661 suo:
1735 613 2070 677 putrescere

418 707 591 762 faciat
623 705 817 758 femur
851 705 1023 754 tuum
1061 702 1120 753 et
1155 702 1392 752 tumens
1413 701 1614 751 uterus
1647 700 1785 750 tuus
1808 694 2070 749 disrum-

418 800 611 867 patur.
649 788 1062 862 Ingrediantur
1111 803 1274 857 aquae
1321 784 1644 840 maledicta
1696 783 1756 838 in
1809 787 2066 838 ventrem

417 888 610 948 tuum,
643 885 700 934 et
744 883 909 933 utero
961 881 1344 941 tumescente,
1398 877 1695 943 putrescat
1745 872 1938 926 femur
1982 872 2066 941 [h.

418 971 637 1027 Cadere
661 968 839 1023 faciat
874 968 1057 1037 femur
1097 968 1271 1032 tuum,
1321 968 1379 1017 et
1421 967 1624 1016 uterus
1655 965 1793 1016 tuus
1823 961 2066 1015 intume-

413 1057 972 1130 scalJngrediantur
999 1070 1165 1125 aquae
1189 1051 1508 1107 maledictae
1531 1051 1586 1104 in
1610 1049 1836 1104 viscera
1859 1059 1974 1116 tua,
2009 1053 2071 1103 ut

418 1149 578 1204 disru
591 1151 828 1218 mpatur
856 1150 1051 1199 uterus
1073 1141 1350 1211 femoris].
1366 1141 1436 1195 Et
1449 1138 1823 1211 respondebit
1838 1155 1890 1192 m
1904 1137 2070 1204 ulier,

415 1241 624 1302 Amen,
660 1251 851 1290 amen.
897 1233 1238 1302 Scribctque
1281 1230 1552 1285 sacerdos
1600 1228 1658 1282 in
1713 1226 1909 1283 libello
1961 1228 2086 1283 ista

421 1326 757 1392 maledicta,
781 1332 838 1379 et
869 1321 1084 1378 delebit
1115 1337 1183 1376 ea
1212 1319 1378 1389 aquis
1401 1316 1814 1385 amarissimis,
1840 1317 1898 1371 in
1923 1333 2072 1387 quas

418 1413 730 1471 maledicta
759 1410 1076 1483 congessit,
1111 1414 1167 1464 et
1197 1407 1360 1463 dabit
1389 1408 1441 1462 ei
1472 1405 1688 1460 bibere.
1735 1408 1889 1468 Quas
1937 1421 2068 1459 cum

417 1501 774 1570 exhauserit,
802 1498 1246 1555 tolletsacerdos
1269 1496 1339 1550 de
1364 1511 1536 1549 manu
1562 1495 1690 1563 ejus
1714 1492 2066 1548 sacrificium

417 1591 736 1663 zelotypizs,
769 1593 825 1643 et
853 1587 1101 1643 elevabit
1129 1584 1276 1640 illud
1325 1598 1522 1638 coram
1573 1582 1840 1650 Domino,
1875 1581 2066 1652 impo-

419 1685 633 1752 netque
665 1694 841 1750 super
886 1676 1104 1732 altare:
1157 1675 1237 1728 ita
1267 1674 1553 1727 duntaxat
1589 1677 1648 1725 ut
1679 1670 1844 1741 prius
1877 1668 2070 1741 pugil-

417 1770 541 1824 lum
570 1767 844 1825 sacriﬁcii
875 1764 1044 1822 tollat
1073 1765 1142 1819 de
1174 1779 1239 1818 eo
1273 1762 1428 1833 quod
1455 1761 1778 1825 olfertur,et
1798 1759 2070 1813 incendat

417 1876 597 1930 super
653 1857 834 1912 altare
894 1873 906 1910 :
967 1859 1023 1909 et
1081 1853 1164 1908 sic
1220 1858 1422 1924 potum
1473 1850 1570 1904 det
1615 1847 1847 1903 mulieri
1878 1863 2064 1918 aquas

418 1947 843 2004 amarissimas.
879 1946 1033 2010 Quas
1066 1958 1198 1997 cum
1242 1939 1471 2005 biberit,
1517 1939 1566 1992 si
1618 1937 1839 2008 polluta
1871 1942 1981 2001 est,
2010 1940 2066 1990 et

419 2034 751 2106 contemplo
807 2032 952 2094 viro,
984 2029 1254 2086 adulterii
1291 2045 1406 2097 rea,
1458 2026 1897 2098 pertransibunt
1935 2040 2064 2079 eam

419 2142 589 2198 aqua:
621 2121 1074 2186 maledictionis,
1099 2123 1156 2173 et
1177 2118 1377 2172 inflato
1397 2122 1616 2180 ventre,
1639 2115 2067 2185 computrescet

420 2216 610 2271 femur
669 2213 752 2283 [h.
834 2211 1102 2280 disrupto
1163 2213 1328 2266 utero
1381 2206 1547 2260 cadet
1604 2206 1792 2259 femur
1849 2200 2000 2274 ejus]
2048 2217 2061 2254 :

418 2304 644 2373 eritque
696 2299 905 2355 mulier
933 2299 991 2352 in
1025 2295 1520 2360 maledictionem,
1553 2299 1609 2348 et
1640 2294 1697 2347 in
1731 2291 2063 2362 exemplum

420 2391 579 2448 omni
615 2389 827 2462 populo
862 2388 942 2458 [h.
967 2388 1023 2442 in
1051 2385 1524 2441 maledictionem
1560 2383 1616 2436 in
1652 2381 1843 2436 medio
1866 2379 2064 2451 populi

421 2482 560 2552 sui].
614 2479 775 2546 Quod
811 2477 858 2532 si
903 2474 1122 2547 polluta
1161 2491 1274 2530 non
1326 2472 1521 2538 fuerit,
1569 2471 1679 2526 erit
1724 2468 1979 2535 innoxia,
2011 2472 2069 2522 et

420 2569 590 2626 faciet
623 2568 857 2623 liberos.
885 2567 992 2620 Ista
1016 2569 1105 2620 est
1133 2563 1224 2618 lex
1249 2561 1566 2631 zelotypiae.
1601 2559 1657 2615 Si
1693 2557 2068 2614 declinaverit

421 2658 634 2714 mulier
665 2675 697 2712 a
726 2657 850 2710 viro
883 2671 1011 2731 suo,
1049 2657 1106 2708 et
1138 2653 1185 2707 si
1221 2650 1444 2722 polluta
1476 2649 1671 2716 fuerit,
1706 2646 2067 2717 maritusque

421 2746 714 2820 zelotypize
778 2744 988 2816 spiritu
1049 2741 1374 2797 concitatus
1449 2737 1756 2793 adduxerit
1821 2753 1946 2791 eam
2007 2736 2065 2788 in

421 2840 736 2908 conspectu
773 2832 1028 2899 Domini,
1060 2836 1117 2885 et
1148 2828 1344 2885 fecerit
1373 2830 1423 2882 ei
1455 2827 1725 2882 sacerdos
1748 2826 1918 2896 juxta
1949 2840 2059 2879 om-

420 2925 520 2982 nia
549 2942 676 2996 quze
711 2922 928 2992 scripta
951 2925 1091 2976 sunt
1124 2919 1371 2972 maritus
1400 2916 1622 2988 absque
1653 2914 1824 2986 culpa
1849 2913 1980 2978 erit,
2013 2917 2070 2967 et

417 3015 518 3070 illa
550 3013 789 3083 recipiet
827 3009 1201 3082 iniquitatem
1234 3023 1403 3061 suam
1436 3005 1517 3073 [h.
1572 3003 1783 3060 mulier
1827 3002 2069 3073 recipiet

421 3102 790 3173 iniquitatem
822 3101 1035 3168 suam].

2182 519 2437 589 gationis
2461 538 2602 587 suae,
2633 529 2691 576 et
2739 540 2975 578 rursum
3017 525 3287 596 septima.
3328 525 3390 578 ln
3415 529 3617 578 octava
3637 527 3837 576 autem

2183 607 2274 661 die
2313 609 2513 664 otl‘eret
2542 611 2691 666 duos
2721 617 3000 681 turtures,
3027 613 3111 668 vel
3144 615 3292 668 duos
3325 612 3518 684 pullos
3548 609 3834 666 columba:

2181 698 2469 752 sacerdoti
2497 699 2552 752 in
2585 700 2826 756 introitu
2877 701 3108 757 fmderis
3141 701 3480 757 testimonii.
3522 700 3832 770 Facietque

2181 787 2456 842 sacerdos
2491 805 2672 843 unum
2707 807 2809 861 pro
2844 795 3098 862 peccato,
3118 797 3175 846 et
3194 794 3444 847 alterum
3467 790 3524 844 in
3548 788 3820 844 holocau-

2182 879 2362 945 stum,
2395 883 2451 932 et
2480 878 2891 949 deprecabitur
2920 897 3022 952 pro
3056 897 3144 948 eo,
3179 879 3318 952 quia
3350 879 3607 951 peccavit
3656 894 3836 950 super

2181 969 2412 1020 mortuo
2464 966 2544 1033 [h.
2592 985 2772 1040 super
2825 971 3045 1040 anima]
3096 968 3606 1039 sanctiﬁcabitque
3657 971 3834 1038 caput

2181 1055 2308 1126 ejus
2341 1057 2398 1111 in
2433 1058 2524 1113 die
2553 1057 2653 1114 illo
2676 1064 2761 1115 :et
2781 1062 3149 1116 consecrabit
3176 1059 3424 1117 Domino
3447 1060 3569 1114 dies
3597 1075 3830 1130 separa-

2180 1145 2358 1201 tionis
2390 1145 2549 1201 illius
2581 1148 2661 1218 [h.
2696 1150 3206 1220 sanctiﬁcabitque
3248 1154 3424 1220 caput
3447 1163 3620 1202 suum
3643 1146 3701 1201 in
3738 1145 3835 1201 die

2182 1233 2281 1289 illa
2312 1241 2367 1289 et
2398 1237 2760 1292 consecrabit
2790 1237 3039 1293 Domino
3072 1239 3198 1293 dies
3243 1235 3632 1308 separationis
3664 1243 3830 1305 suae].

2181 1323 2428 1380 otierens
2461 1343 2674 1395 agnum
2722 1327 3061 1383 anniculum
3099 1344 3200 1398 pro
3225 1331 3491 1398 peccato:
3519 1326 3602 1380 ita
3631 1330 3832 1379 tamen

2183 1418 2249 1469 ut
2287 1414 2411 1468 dies
2446 1414 2666 1485 priores
2721 1416 2870 1470 irriti
2922 1417 3099 1484 ﬁant;
3148 1417 3430 1487 quoniam
3485 1415 3710 1486 potluta
3741 1417 3836 1468 est

2180 1503 2565 1559 sanctificatio
2588 1506 2736 1574 ejus.
2780 1507 2898 1560 Ista
2928 1511 3017 1560 est
3049 1505 3138 1560 lex
3168 1503 3653 1560 consecrationis.
3677 1505 3827 1556 Cum

2182 1593 2328 1660 dies,
2356 1608 2504 1663 quos
2537 1608 2605 1646 ex
2622 1598 2751 1649 voto
2775 1595 3128 1664 decreverat,
3146 1593 3623 1665 complebuntur,
3647 1591 3832 1646 addu-

2181 1686 2270 1737 cet
2300 1699 2432 1736 eum
2469 1683 2538 1737 ad
2583 1684 2798 1738 ostium
2852 1683 3216 1740 tabernaculi
3255 1682 3510 1752 fmderis,
3543 1687 3599 1737 et
3629 1680 3836 1736 offeret

2180 1771 2530 1827 oblationem
2553 1773 2680 1840 ejus
2703 1771 2972 1838 Domino,
3006 1789 3222 1845 agnum
3250 1770 3588 1827 anniculum
3615 1771 3833 1825 imma-

2177 1859 2435 1914 culatum
2460 1859 2516 1915 in
2545 1861 3038 1927 holocaustum,et
3059 1879 3222 1917 ovem
3250 1859 3586 1917 anniculam
3612 1860 3831 1914 imma-

2175 1948 2428 2004 culatam
2491 1967 2592 2020 pro
2651 1956 2906 2019 peccato,
2964 1956 3019 2006 et
3077 1951 3317 2006 arietem
3356 1949 3830 2013 immaculatum,

2176 2037 2430 2094 hostiam
2466 2037 2865 2110 paciﬁcorum,
2928 2039 3250 2095 canistrum
3311 2054 3546 2110 quoque
3602 2052 3828 2108 panum

2176 2143 2538 2198 azymorum,
2597 2127 2698 2198 qui
2757 2129 3057 2200 conspersi
3116 2127 3236 2183 sint
3295 2127 3442 2194 oleo,
3508 2131 3563 2181 et
3612 2125 3832 2197 lagana

2177 2217 2398 2286 absque
2431 2217 2713 2271 fermento
2745 2221 2920 2272 uncta
2951 2217 3100 2286 oleo,
3133 2233 3199 2271 ac
3245 2217 3529 2271 libamina
3561 2212 3829 2285 singulo-

2176 2321 2304 2359 rum
2340 2322 2352 2359 :
2383 2320 2514 2375 quae
2544 2307 2745 2360 offeret
2767 2307 3040 2362 sacerdos
3062 2322 3254 2362 coram
3273 2305 3542 2369 Domino,
3574 2313 3627 2359 et
3650 2303 3827 2358 faciet

2176 2396 2294 2447 tam
2329 2410 2431 2464 pro
2483 2402 2736 2463 peccato,
2771 2411 2949 2465 quam
2982 2395 3042 2449 in
3089 2394 3519 2450 holocaustum.
3567 2391 3824 2447 Arietem

2175 2497 2308 2536 vero
2340 2482 2673 2537 immolabit
2707 2482 2956 2538 hostiam
2980 2483 3354 2554 paciﬁcorum
3382 2481 3645 2550 Domino,
3677 2479 3824 2535 otI'e-

2177 2587 2312 2626 rens
2336 2570 2512 2626 simul
2530 2571 2850 2627 canistrum
2882 2588 3245 2641 azymorum,
3278 2577 3334 2626 et
3357 2571 3676 2626 libamenta
3696 2586 3831 2640 quae

2178 2675 2246 2714 ex
2278 2677 2436 2714 more
2468 2661 2770 2716 debentur.
2805 2662 2966 2716 Tunc
2999 2661 3162 2716 radet
3209 2660 3464 2715 Nazaraei
3495 2658 3686 2730 [ναις.
3732 2674 3833 2712 ra-

2177 2748 2350 2803 detur
2374 2747 2699 2812 Nazarzeus]
2749 2756 2883 2805 ante
2927 2750 3140 2805 ostium
3194 2747 3558 2805 tabernaculi
3591 2745 3831 2802 fmderis

2178 2838 2470 2892 cazsariem
2487 2838 2940 2894 consecrationis
2954 2840 3003 2908 ej
3015 2856 3105 2904 us,
3123 2838 3401 2909 tolletque
3414 2835 3654 2908 capillos
3677 2837 3836 2906 ejus,

2179 2931 2236 2981 et
2256 2933 2428 2997 ponet
2454 2944 2630 2997 super
2658 2928 2877 2998 ignem,
2910 2927 3007 3000 qui
3046 2933 3134 2983 est
3161 2927 3504 3000 suppositus
3536 2923 3832 2981 sacriﬁcio

2179 3015 2578 3088 pacificorum.
2613 3018 2680 3071 Et
2710 3033 2940 3072 armum
2974 3023 3206 3073 coctum
3241 3016 3462 3084 arietis,
3496 3020 3834 3086 tortamque

2180 3105 2397 3176 abSque
2414 3107 2693 3161 fermento
2712 3123 2890 3160 unam
2917 3107 2986 3161 de
3013 3107 3290 3175 canistro,
3311 3111 3366 3159 et
3392 3104 3669 3176 laganum
3690 3119 3827 3174 azy-

496 3210 579 3281 [T.
615 3209 711 3276 IV,
747 3209 801 3263 Β.
839 3165 1082 3272 Χιιιξρ.
1117 3203 1289 3269 XVII,
1357 3203 1485 3273 Cap.
1521 3202 1637 3272 VL]
1691 3202 2064 3270 Locutusque
2097 3165 2139 3230 C
2180 3165 2341 3249 mum
2375 3211 2580 3259 unum,
2605 3200 2661 3249 et
2689 3195 2877 3250 tradet
2909 3196 2965 3250 in
3002 3212 3173 3250 manu
3209 3165 3485 3263 Nazareni,
3510 3165 3828 3264 postquam

423 3307 512 3356 est
553 3298 840 3354 Dominus
873 3297 941 3350 ad
976 3299 1195 3358 Mosen,
1229 3292 1427 3346 dicens
1461 3308 1473 3345 :
1514 3291 1775 3362 Loquere
1808 3290 1876 3344 ad
1912 3289 2067 3343 filios

424 3388 624 3457 Israel,
649 3392 705 3443 et
734 3387 892 3441 dices
923 3385 994 3439 ad
1022 3400 1120 3438 eos
1155 3399 1167 3436 :
1205 3382 1318 3451 Vir,
1353 3381 1473 3436 sive
1500 3380 1728 3442 mulier,
1763 3395 1897 3434 cum
1924 3379 2068 3434 fece-

421 3479 539 3533 rint
563 3480 858 3540 votum,ut
881 3474 1405 3537 sanctiﬁcantur,et
1429 3487 1490 3525 se
1513 3467 1802 3524 voluerint
1820 3467 2066 3522 Domino

422 3582 765 3624 consecrare
800 3582 812 3619 :
844 3567 978 3619 vino
1011 3567 1066 3617 et
1094 3561 1254 3616 omni
1305 3560 1458 3631 quod
1513 3557 1804 3612 inebriare
1855 3562 2065 3627 potest,

421 3656 827 3713 abstinebunt.
861 3656 1103 3708 Acetum
1147 3666 1215 3705 ex
1246 3650 1398 3714 vino,
1429 3652 1485 3704 et
1531 3663 1600 3702 ex
1647 3644 1905 3716 qualibet
1952 3645 2065 3700 alia

419 3745 679 3819 potione,
716 3748 772 3800 et
792 3742 1077 3814 quidquid
1123 3741 1194 3794 de
1239 3755 1346 3794 uva
1400 3737 1770 3807 exprimitur,
1818 3751 1930 3789 non
1979 3735 2063 3789 bi-

416 3838 558 3891 bent
592 3852 604 3890 :
637 3850 781 3888 uvas
813 3836 1074 3887 recentes
1105 3829 1406 3898 siccasque
1453 3842 1563 3880 non
1589 3825 1898 3880 comedent
1919 3841 2064 3878 cun-

419 3925 530 3980 ctis
562 3923 794 3984 diebus,
820 3921 1039 3992 quibus
1072 3935 1140 3973 ex
1168 3922 1296 3973 voto
1330 3915 1576 3971 Domino
1607 3918 2061 3969 consecrantur:

418 4013 701 4086 quidquid
737 4028 804 4066 ex
837 4011 1004 4064 vinea
1037 4023 1164 4063 esse
1196 4009 1408 4078 potest,
1432 4005 1504 4058 ab
1543 4020 1652 4058 uva
1683 4019 1855 4074 passa
1879 4016 2065 4072 usque

419 4105 490 4159 ad
526 4101 760 4156 acinum
793 4115 907 4154 non
957 4095 1282 4152 comedent.
1326 4092 1497 4147 Omni
1541 4095 1802 4160 tempore
1832 4104 2066 4161 separa-

417 4191 598 4246 tionis
621 4189 768 4245 suae1
803 4183 1084 4242 novacula
1107 4199 1220 4238 non
1245 4179 1521 4236 transibit
1538 4179 2064 4250 supercaputejus,

420 4295 609 4348 usque
636 4279 706 4332 ad
740 4274 1101 4346 completum
1134 4273 1311 4341 diem,
1345 4286 1460 4341 quo
1497 4268 1736 4324 Domino
1769 4284 2066 4322 consecra-

417 4373 535 4423 tur.
572 4369 822 4422 Sanctus
853 4364 963 4419 erit
1009 4367 1308 4417 crescente
1366 4359 1602 4414 caesarie
1657 4356 1865 4429 capitis
1915 4357 2062 4426 ejus.

419 4456 589 4514 Omni
636 4464 891 4526 tempore
922 4449 1379 4508 consecrationis
1411 4465 1529 4502 suae
1558 4463 1734 4515 super
1765 4452 2064 4500 mortuum

2176 3299 2376 3339 rasum
2411 3284 2585 3338 fuerit
2615 3291 2791 3355 caput
2821 3285 2969 3354 ejus.
3027 3284 3429 3355 Susceptaque
3463 3298 3698 3337 rursum
3748 3281 3829 3336 ab

2177 3388 2263 3438 eo,
2299 3373 2551 3428 elevabit
2588 3373 2645 3426 in
2693 3380 3012 3445 conspectu
3067 3373 3300 3428 Domini
3336 3377 3432 3428 :et
3461 3370 3832 3428 sanctiﬁcata

2177 3463 2499 3516 sacerdotis
2531 3467 2724 3530 erunt,
2751 3462 2901 3517 sicut
2932 3461 3524 3534 pectusculum,quod
3557 3457 3827 3531 separari

2172 3549 2408 3622 jussum
2442 3558 2549 3617 est,
2577 3558 2633 3606 et
2665 3551 2871 3607 femur.
2907 3557 3044 3606 Post
3070 3552 3190 3606 hzec
3224 3555 3414 3622 potest
3463 3549 3662 3604 bibere
3706 3546 3831 3603 Na-

2175 3656 2394 3695 zarzeus
2439 3641 2661 3695 vinum.
2701 3643 2816 3696 Ista
2845 3645 2933 3696 est
2980 3641 3071 3695 lex
3114 3641 3393 3704 Nazaraei,
3442 3655 3575 3694 cum
3606 3637 3834 3693 voverit

2176 3728 2530 3784 oblationem
2564 3746 2732 3784 suam
2769 3729 3024 3784 Domino
3056 3733 3319 3801 tempore
3362 3725 3826 3783 consecrationis

2176 3835 2315 3878 sum.
2341 3819 2598 3890 exceptis
2630 3818 2701 3872 iis
2743 3835 2868 3890 quis
2900 3818 3186 3874 invenerit
3218 3834 3428 3873 manus
3451 3819 3601 3888 ejus.
3649 3815 3834 3870 Juxta

2177 3905 2330 3975 quod
2365 3911 2558 3959 mente
2589 3906 2915 3970 devoverat,
2953 3905 3033 3960 ita
3066 3904 3236 3960 faciet
3285 3905 3354 3960 ad
3408 3903 3828 3974 perfectionem

2176 3993 2656 4049 sanctificationis
2685 4011 2824 4050 sua}.
2858 3995 2939 4063 [Β.
2974 3993 3126 4062 XIV,
3168 3993 3228 4050 C.
3285 3994 3515 4061 XVIII.]
3548 3993 3830 4047 Locutus-

2175 4098 2289 4154 que
2347 4089 2438 4138 est
2492 4083 2773 4138 Dominus
2830 4084 2898 4137 ad
2961 4082 3184 4153 Mosen,
3247 4082 3447 4137 dicens
3502 4098 3516 4136 :
3567 4081 3829 4151 Loquere

2173 4175 2362 4227 Aaron
2422 4178 2479 4227 et
2537 4170 2672 4226 filiis
2729 4173 2855 4243 ejus
2907 4188 2920 4226 :
2975 4171 3339 4227 Benedicetis
3412 4170 3550 4225 filiis
3623 4169 3828 4236 Israel,

2175 4266 2234 4316 et
2263 4261 2466 4316 dicetis
2490 4261 2572 4316 eis
2599 4277 2610 4315 :
2643 4259 2954 4316 Benedicat
2982 4260 3088 4316 tibi
3117 4261 3426 4326 Dominus,
3460 4263 3516 4314 et
3533 4257 3833 4314 custodiat

2175 4353 2250 4405 te.
2285 4350 2568 4405 Ostendat
2609 4349 2898 4404 Dominus
2948 4349 3154 4404 faciem
3211 4365 3378 4404 suam
3432 4347 3561 4416 tibi,
3605 4352 3662 4402 et
3710 4345 3831 4401 mi-

2177 4445 2436 4494 sereatur
2469 4439 2549 4493 tui
2597 4438 2676 4507 [h.
2732 4437 3028 4494 illuminet
3077 4438 3361 4493 Dominus
3407 4437 3611 4492 faciem
3655 4450 3829 4491 suam

418 4563 535 4600 non
560 4543 944 4614 ingredietur,
976 4555 1082 4594 nec
1101 4553 1280 4609 super
1303 4537 1486 4607 patris
1510 4535 1744 4606 quidem
1778 4539 1834 4588 et
1861 4533 2066 4590 matris
2095 4531 2142 4595 D
2174 4545 2353 4598 snper
2391 4533 2469 4592 te,
2501 4533 2557 4582 et
2609 4527 2956 4582 misereatur
2999 4529 3130 4600 tui],
3177 4528 3487 4582 Convertat
3533 4525 3831 4581 Dominus

417 4639 474 4690 et
505 4635 702 4688 fratris
734 4630 1071 4700 sororisque
1103 4630 1302 4681 l'unere
1351 4623 1863 4692 contaminabitur,
1921 4622 2056 4694 quia

419 4721 781 4779 consecratio
807 4718 899 4773 Dei
935 4733 1111 4788 super
1143 4719 1320 4787 caput
1367 4714 1494 4784 ejus
1532 4717 1638 4767 est.
1670 4711 1886 4767 Omnes
1937 4712 2062 4768 dies

418 4813 503 4885 [h.
535 4810 826 4866 Omnibus
861 4806 1089 4876 diebus]
1122 4801 1508 4875 separationis
1540 4817 1658 4855 sum
1691 4809 1929 4856 sanctus
1954 4801 2065 4856 erit

419 4900 666 4957 Domino
682 4903 721 4955 ¹.
745 4897 845 4953 Sin
878 4900 1076 4952 autem
1092 4900 1355 4948 mortuus
1373 4890 1750 4946 fueritsubito
1769 4890 2062 4962 quispiam

419 5005 616 5047 coram
649 5004 714 5044 eo
749 4987 827 5058 [h.
862 5000 1040 5056 super
1066 4982 1246 5052 eum],
1301 4978 1593 5052 polluetur
1641 4984 1815 5050 caput
1859 4995 2064 5036 conse-

490 5213 506 5247 ¹
544 5205 934 5267 Manuscripti
968 5205 1100 5260 libri
1132 5204 1288 5259 hunc
1318 5200 1670 5257 versiculum
1712 5201 1944 5256 duobus
1975 5201 2064 5257 vel

418 5284 611 5339 tribus
635 5281 824 5337 modis
853 5273 1058 5349 legunt
1087 5294 1100 5332 :
1126 5277 1322 5347 plures
1349 5274 1435 5349 sic
1455 5273 1694 5349 habent,
1722 5274 1922 5349 omnes
1945 5275 2066 5329 dies

419 5355 785 5428 separationis
839 5344 1232 5428 δυιὲὲ-..ςατιὲίαε
1289 5346 1393 5428 erit
1444 5344 1719 5428 907232.720:
1759 5345 1870 5427 Alii
1911 5362 2063 5428 vero,

424 5416 588 5485 Οἱηηί
609 5427 724 5482 dies
751 5420 1119 5494 separationis
1147 5424 1415 5494 su_;e,_etc.
1444 5416 1665 5494 Regius
1688 5416 1962 5494 denique,
1997 5417 2067 5473 de

464 5517 537 5555 uo
571 5515 749 5567 supra
782 5487 1003 5550 dictum
1039 5496 1148 5559 est,
1174 5490 1335 5567 _legit
1383 5504 1514 5544 cum
1536 5487 1808 5567 ’_Vu_l_gat.a
1841 5487 2066 5567 Latina,

464 5517 537 5555 UO
571 5517 749 5567 supra
782 5517 1003 5550 αιειυω
1039 5517 1148 5559 εμι,
1196 5517 1335 5559 lugu.
1383 5517 1514 5544 υυιιι
1575 5517 1808 5557 νυιὸαια
1841 5517 2066 5557 udi-mu,

421 5517 686 5627 gmm’bus
716 5568 908 5624 diebus
937 5560 1310 5635 separationis
1336 5575 1475 5635 sum,
1510 5565 1618 5635 etc.
1643 5559 2066 5635 Variantes_au-

418 5647 539 5701 tem
574 5639 915 5712 bujusmodi
947 5632 1228 5692 lectiones
1258 5632 1668 5706 complectitur
1705 5647 1891 5688 canon
1922 5633 2063 5690 Heb.

2172 4619 2401 4671 vultum
2435 4633 2609 4672 suum
2644 4617 2713 4671 ad
2749 4625 2822 4684 te,
2857 4621 2912 4671 et
2933 4617 3030 4672 det
3050 4617 3155 4671 tibi
3181 4633 3401 4686 pacem.
3440 4615 3832 4672 Invocabunt-

2175 4721 2288 4776 que
2316 4721 2526 4761 nomen
2561 4721 2757 4761 meum
2796 4721 2973 4776 super
3004 4704 3156 4760 filios
3188 4704 3390 4774 Israel,
3422 4709 3480 4760 et
3510 4718 3614 4775 ego
3646 4702 3833 4757 bene-

2176 4794 2366 4850 dicam
2401 4793 2504 4850 eis.

2249 4902 2331 4972 [Τ.
2367 4900 2433 4968 ν,
2454 4901 2514 4956 Β.
2535 4899 2661 4969 XV,
2685 4900 2814 4971 Cap.
2849 4899 2990 4971 VII.]
3021 4900 3264 4956 Factum
3294 4905 3384 4956 est
3405 4904 3600 4955 autem
3627 4900 3685 4953 in
3708 4896 3831 4964 die,

2177 5005 2295 5061 qua
2341 4988 2656 5061 complevit
2711 4989 2903 5046 Moses
2983 4989 3456 5058 tabernaculum,
3513 4993 3570 5044 et
3640 4986 3832 5044 erexit

2177 5204 2346 5332 ﬁerit;
2376 5203 2592 5259 docens
2625 5204 2764 5275 quid
2795 5205 2963 5274 juxta
3011 5203 3318 5258 Hebreum
3357 5203 3546 5274 legere
3587 5200 3828 5258 debeas.

2239 5293 2313 5330 an
2353 5318 2366 5330 .

2239 5292 2366 5330 ΛΒΤ.

2251 5377 2319 5387 -
2351 5345 2592 5401 Frustra
2635 5345 3006 5402 Martianieus
3052 5345 3312 5417 reposuit
3339 5345 3547 5417 omnis,
3591 5343 3837 5415 perinde

2183 5421 2358 5488 atque
2391 5417 2548 5472 aliud
2583 5421 2752 5472 sonet
2782 5435 2847 5472 ac
2876 5434 3082 5483 omnes,
3118 5415 3263 5471 cum
3317 5417 3468 5471 idem
3503 5415 3586 5488 sit
3607 5421 3832 5488 tamen,

2182 5486 2288 5546 nec
2306 5489 2419 5544 nisi
2451 5491 2662 5544 veteris
2696 5488 3218 5560 pronuntiationis,
3253 5504 3378 5558 quae
3413 5488 3433 5541 Ι
3464 5493 3521 5540 et
3551 5486 3838 5560 E_litteras

2183 5561 2527 5634 promiscue
2553 5557 2762 5629 mutat,
2782 5562 3033 5634 ratione
3061 5557 3300 5614 distent.
3342 5560 3532 5616 Codex
3582 5557 3836 5613 Urbinas

2183 5631 2405 5689 clarius
2437 5633 2613 5690 habet
2637 5631 2892 5690 omnibus
2923 5632 3134 5700 diebus,
3167 5637 3275 5687 etc.
