4068 6172
73 153 334 179 ...τινά

210 395 300 449 393

1511 397 1725 450 LIBER
1767 393 2250 450 NUMBRORUM.

3484 395 3590 448 394

214 519 223 569 ί
291 518 333 566 .l
366 534 378 569 :
405 515 759 586 unxitque,et
781 515 1184 583 sanctiﬁcavit,
1210 533 1344 571 cum
1369 517 1643 572 omnibus
1667 516 1821 571 vasis
1852 517 1904 582 Α
1933 515 2174 580 Sedeur,
2209 512 2423 568 obtulit
2453 513 2824 568 acetabulum
2877 519 3218 585 argenteum
3252 518 3593 588 appendens

214 604 338 672 suis,
367 605 539 658 altare
554 603 830 659 similiter
843 611 898 658 et
922 622 1014 659 om
1027 605 1122 659 nia
1141 622 1285 660 vasa
1305 607 1434 675 ejus
1459 625 1475 659 .'
1495 606 1833 660 obtulerunt

217 694 472 767 principes
505 692 684 748 Israel
717 700 775 748 et
807 695 1000 764 capita
1031 693 1707 765 lamiliarum,quierant
1736 713 1831 765 per

217 781 450 852 singulas
500 783 734 850 tribus,
793 784 1042 854 praefecti
1102 800 1327 851 eorum,
1381 786 1482 854 qui
1541 781 1832 838 numerati

215 873 438 936 luerent,
473 887 721 926 munera
752 887 949 926 coram
986 872 1255 935 Domino,
1281 890 1380 927 sex
1405 873 1666 944 plaustra
1687 878 1837 926 tecta

217 975 330 1012 cum
359 959 663 1013 duodecim
696 959 884 1014 bobus
917 977 930 1015 :
968 978 1146 1016 unum
1201 960 1527 1032 plaustrum
1572 960 1837 1016 obtulere

218 1049 314 1102 duo
341 1048 535 1116 duces,
565 1053 621 1103 et
655 1065 841 1103 unum
876 1049 1080 1104 bovem
1110 1050 1351 1121 singuli,
1379 1050 1837 1119 obtuleruntque

219 1137 345 1190 eain
378 1144 695 1208 conspectu
729 1138 1116 1193 tabernaculi.
1163 1141 1254 1194 Ait
1303 1145 1498 1195 autem
1550 1138 1836 1193 Dominus

218 1226 278 1279 ad
311 1225 520 1280 Mosen:
550 1226 790 1298 Suscipe
821 1227 893 1281 ab
926 1226 1009 1282 cis
1042 1232 1106 1282 ut
1137 1231 1398 1283 serviant
1426 1227 1485 1282 in
1511 1225 1837 1282 ministerio

217 1314 548 1369 tabernaculi
613 1316 939 1370 testimonii
990 1317 1187 1385 (Vulg.
1222 1326 1327 1370 lac.
1383 1315 1751 1382 testimonii),
1783 1320 1841 1370 et

222 1402 388 1457 trades
433 1419 501 1457 ea
563 1404 775 1458 Levitis
802 1405 1006 1474 jauxla
1055 1406 1322 1459 ordinem
1378 1404 1690 1459 ministerii
1724 1403 1836 1459 sui.

218 1500 389 1570 Itaque
410 1518 545 1556 cum
580 1503 939 1571 suscepisset
988 1503 1174 1558 llIoses
1225 1501 1490 1574 plaustra
1535 1510 1592 1556 et
1645 1503 1837 1568 boves,

218 1590 428 1644 tradidit
455 1606 558 1646 eos
611 1591 845 1648 Levitis.
879 1591 1005 1646 Duo
1036 1592 1295 1662 plaustra
1315 1597 1371 1646 et
1391 1598 1644 1662 quatuor
1667 1593 1842 1646 boves

217 1679 355 1733 dedit
375 1678 510 1734 ﬁliis
544 1679 786 1747 Gereon,
811 1681 1049 1750 juxtaid
1075 1682 1227 1752 quod
1254 1681 1551 1736 habebant
1573 1698 1841 1736 necessa—

219 1768 371 1820 rium.
406 1770 670 1833 Quatuor
719 1771 836 1824 alia
878 1769 1143 1840 plaustra
1181 1774 1238 1824 et
1287 1775 1414 1825 octo
1464 1771 1638 1825 boves
1685 1769 1845 1824 dedit

1944 608 2178 656 centum
2194 604 2437 673 triginta
2452 601 2909 673 siclos,phialam
2927 610 3262 675 argenteam
3280 606 3593 661 habentem

1945 695 2321 762 septuaginta
2344 693 2539 756 siclos,
2557 694 2624 746 ad
2656 693 2887 763 pondus
2910 695 3252 758 sanctuarii,
3279 700 3595 767 utrumque

1946 780 2184 852 plenum
2246 782 2442 836 simila
2509 798 2826 852 conspersa
2897 781 3022 838 oleo
3079 782 3137 837 in
3198 784 3593 850 sacriﬁcium;

1944 879 2350 932 mortariolum
2384 895 2629 934 aureum
2663 880 3003 949 appendens
3051 881 3248 935 decem
3299 881 3474 937 siclos
3508 882 3590 952 [h.

1946 968 2204 1036 aureos],
2241 969 2482 1038 plenum
2511 969 2787 1033 incenso;
2847 969 3048 1022 bovem
3094 969 3164 1023 de
3213 977 3502 1038 armento,
3536 975 3596 1026 et

1945 1056 2210 1122 arietem,
2253 1061 2310 1110 et
2369 1073 2589 1126 agnum
2649 1055 2993 1110 anniculum
3051 1057 3110 1110 in
3162 1058 3593 1126 holocaustum,

1947 1143 2294 1214 hircumque
2315 1162 2416 1216 pro
2452 1145 2850 1216 peccato,etin
2881 1145 3101 1200 hostias
3128 1145 3596 1218 [h.sacriﬁcium]

1949 1235 2324 1303 pacilicorum
2360 1235 2534 1289 boves
2583 1234 2756 1299 duos,
2807 1234 3021 1288 arietes
3071 1235 3355 1304 quinque,
3404 1235 3598 1290 hircos

1949 1322 2232 1392 quinque,
2265 1340 2450 1394 agnos
2481 1321 2786 1378 anniculos
2817 1323 3245 1392 quinqueJlaac
3261 1322 3599 1378 fuitoblatio

1949 1411 2139 1465 hlisur
2170 1412 2271 1464 lilii
2324 1411 2566 1467 Sedeur.
2620 1413 2718 1465 Die
2768 1412 2974 1482 quinto
3025 1413 3294 1482 princeps
3339 1411 3595 1467 ﬁliorum

1948 1500 2509 1565 Simeon,Selumiel
2541 1500 2722 1570 [ναις.
2776 1499 3073 1570 Ξαιαωίθι]
3123 1501 3282 1555 ﬁlius
3328 1499 3598 1556 Surisad-

1951 1588 2069 1652 dai,
2093 1588 2305 1643 obtulit
2334 1589 2706 1644 acetabulum
2741 1593 3082 1657 argenteum
3117 1590 3603 1660 appendenscen-

1952 1683 2076 1731 tum
2111 1677 2354 1748 triginta
2384 1679 2584 1744 siclos,
2616 1677 2872 1749 phialam
2905 1685 3241 1749 argenteam
3283 1679 3596 1734 habentem

1953 1768 2328 1837 septuaginta
2356 1767 2552 1836 siclos,
2587 1769 2658 1822 ad
2690 1767 2921 1834 pondus
2969 1768 3312 1833 sanctuarii,
3368 1773 3597 1822 utrum-

221 1858 361 1912 lilitis
383 1857 610 1922 Merari,
647 1859 973 1913 secundum
994 1858 1187 1914 ol'ﬁcia
1209 1859 1501 1913 etcultum
1527 1859 1840 1924 suum,sub
1873 1889 1920 1953 Β
1955 1872 2066 1924 qua
2097 1859 2332 1926 plenum
2370 1855 2568 1910 simila
2593 1873 2915 1926 conspersa
2946 1856 3070 1910 oleo
3101 1857 3160 1911 in
3191 1858 3545 1912 sacriﬁcium
3582 1875 3598 1925 ;

223 1962 374 2000 manu
408 1947 670 2001 Ithamar
699 1947 808 2001 ﬁlii
837 1950 1024 2006 Aaron
1059 1947 1401 2003 sacerdotis.
1445 1947 1603 2002 Filiis
1643 1954 1838 2002 autem

217 2033 367 2089 Caath
401 2052 517 2090 non
543 2037 701 2090 dedit
723 2037 976 2105 plaustra
991 2041 1037 2092 el
1065 2036 1222 2092 bove:
1246 2037 1450 2106 (h.non
1477 2035 1843 2107 habet]:quia

222 2124 266 2176 in
297 2124 626 2179 senctuario
677 2125 942 2180 serviunt
989 2132 1047 2180 et
1080 2143 1257 2180 onera
1316 2126 1567 2198 propriis
1609 2133 1843 2196 portant

221 2211 476 2269 humeris.
511 2215 555 2269 Ο
599 2212 662 2268 Β.
701 2213 901 2282 XVII.)
936 2215 1118 2285 Igitur
1163 2213 1504 2269 obtulerunt
1559 2217 1734 2269 duces
1784 2215 1842 2268 in

221 2301 629 2356 dedicationem
665 2302 890 2368 altaris,
927 2304 1021 2357 die
1055 2320 1167 2373 qua
1205 2310 1446 2358 unctum
1463 2309 1571 2365 est,
1604 2303 1846 2358 oblatio-

223 2406 331 2444 nem
355 2408 519 2445 suam
558 2397 692 2446 ante
723 2391 923 2446 altare.
957 2392 1040 2451 (C.
1073 2391 1247 2462 XIX.)
1268 2392 1538 2462 Dixitque
1565 2393 1843 2446 Dominus

226 2481 280 2532 ad
314 2480 522 2535 Mosen:
562 2480 792 2551 Singuli
825 2481 1001 2536 duces
1035 2498 1136 2551 per
1165 2481 1432 2552 singulos
1455 2482 1581 2535 dies
1602 2482 1847 2536 oﬁ‘erant

226 2583 444 2622 munera
468 2568 525 2622 in
562 2568 992 2624 dedicationem
1028 2570 1253 2624 altaris.
1289 2571 1484 2624 Primo
1511 2570 1605 2624 die
1637 2569 1849 2624 obtulit

225 2656 556 2713 oblationem
584 2674 750 2712 suam
784 2657 1042 2714 Naasson
1069 2659 1224 2714 ﬁlius
1248 2659 1574 2713 Aminadab
1597 2661 1667 2714 de
1689 2660 1840 2712 tribu

223 2741 394 2798 Juda:
440 2747 798 2816 fueruntque
849 2747 906 2800 in
967 2764 1033 2801 ea
1082 2747 1452 2802 acetabulum
1507 2754 1846 2817 argenteum

226 2833 391 2900 pondo
421 2839 664 2889 centum
701 2835 936 2905 triginta
977 2835 1279 2902 siclorum,
1332 2835 1528 2906 phiala
1575 2841 1850 2905 argentea

229 2919 423 2977 habens
437 2923 822 2994 septuaginta
843 2923 1042 2990 siclos,
1066 2927 1233 2993 juxta
1255 2925 1485 2995 pondus
1507 2923 1845 2990 sanctuarii,

228 3016 519 3082 utrumque
555 3012 797 3083 plenum
832 3013 1028 3067 simila
1059 3030 1377 3084 conspersa
1399 3012 1522 3068 oleo
1546 3014 1606 3068 in
1625 3013 1846 3068 sacriﬁ-

222 3098 372 3154 cium:
406 3100 820 3156 mortariolum
854 3118 923 3156 ex
954 3103 1152 3158 decem
1185 3103 1334 3158 stolis
1365 3103 1446 3173 (h.
1495 3119 1607 3157 non
1651 3103 1848 3171 habet)

225 3199 410 3262 aureis,
446 3198 692 3268 plenum
753 3199 1029 3254 incenso:
1094 3201 1296 3254 bovem
1350 3201 1544 3270 (Vulg.
1602 3199 1725 3253 add.
1779 3199 1848 3253 de

229 3289 510 3357 armento),
545 3292 608 3342 et
639 3287 900 3357 arietem,
932 3295 990 3343 et
1014 3304 1232 3359 agnum
1271 3287 1569 3342 aniculum
1593 3288 1652 3343 in
1688 3287 1854 3342 bolo:-

223 3382 489 3440 caustum,
522 3376 878 3447 hircumque
908 3394 1009 3446 pro
1043 3383 1278 3448 peccato
1313 3395 1324 3431 :
1370 3382 1427 3431 et
1457 3378 1516 3432 in
1565 3377 1852 3432 sacriﬁcio

231 3465 595 3530 paciﬁcorum
630 3467 803 3520 boves
857 3466 1028 3532 duos,
1070 3465 1279 3520 arietes
1327 3465 1612 3536 quinque,
1663 3466 1854 3520 hircos

231 3553 486 3623 quinque,
522 3570 711 3623 agnos
743 3554 1046 3609 anniculos
1078 3553 1356 3624 quinque.
1383 3553 1512 3608 Hac
1531 3559 1621 3608 est
1641 3553 1856 3608 oblatio

238 3639 471 3696 Naasson
496 3643 607 3696 lilii
642 3643 986 3697 Aminadah.
1020 3644 1286 3698 Secundo
1309 3642 1402 3697 die
1423 3642 1858 3698 obtulitNatha-

234 3730 335 3783 nael
393 3732 553 3786 ﬁlius
599 3731 772 3796 Suar,
833 3735 950 3786 dux
1009 3732 1074 3786 de
1136 3732 1286 3787 tribu
1345 3733 1426 3802 [h.
1491 3749 1604 3786 non
1661 3732 1857 3801 habet]

242 3815 895 3886 lssachar,acetabulum
913 3826 1253 3891 argenteum
1271 3821 1607 3892 appendens
1622 3827 1857 3875 centum

239 3904 452 3972 triginta
513 3908 736 3973 siclos,
799 3909 1052 3978 phialam
1147 3916 1478 3980 argenteam
1551 3909 1860 3964 habentem

239 3996 586 4066 septuaginta
615 3995 811 4064 siclos,
835 3997 1006 4066 juxta
1020 4000 1248 4068 pondus
1271 3997 1609 4063 sanctuarii,
1635 4003 1862 4052 utrum-

240 4097 334 4150 que
363 4084 601 4154 plenum
633 4084 831 4140 simila
861 4102 1180 4157 conspersa
1207 4088 1332 4142 oleo
1364 4091 1422 4141 in
1469 4087 1822 4140 sacriﬁcium
1848 4102 1862 4140 :

240 4181 638 4235 mortariolum
698 4197 944 4236 aureum
1003 4183 1230 4237 habens
1290 4184 1490 4237 decem
1553 4182 1730 4237 siclos
1780 4183 1862 4253 [h.

241 4270 469 4340 aureos],
535 4270 782 4341 plenum
844 4271 1127 4337 incenso;
1190 4272 1395 4326 bovem
1454 4272 1524 4326 de
1577 4277 1867 4329 armento.

241 4360 287 4406 et
312 4359 570 4423 arietem,
603 4365 663 4413 et
691 4375 909 4429 agnum
944 4359 1284 4414 anniculum
1319 4361 1374 4413 in
1436 4359 1867 4425 holocaustum,

243 4439 566 4516 hircumque
593 4463 696 4516 pro
731 4451 986 4516 peccato;
1022 4453 1079 4502 et
1101 4448 1158 4502 in
1184 4448 1471 4503 sacriﬁcio
1493 4448 1870 4518 pacilicorum

243 4529 391 4587 boves
423 4536 596 4599 duos,
631 4535 842 4590 arietes
874 4537 1162 4607 quinque.
1187 4537 1380 4592 hircos
1404 4538 1874 4608 quinque,agnos

1953 1945 2355 2000 mortariolum
2389 1961 2633 2000 aureum
2669 1946 3012 2016 appendens
3043 1946 3243 2001 decem
3286 1946 3463 2002 siclos
3511 1945 3596 2018 [h.

1953 2038 2206 2102 aureos],
2241 2034 2478 2104 plenum
2513 2034 2789 2099 incenso;
2845 2035 3051 2088 bovem
3101 2037 3172 2089 de
3223 2041 3505 2097 armento,
3542 2040 3600 2090 et

1953 2123 2218 2185 arietem,
2251 2128 2310 2177 et
2365 2139 2577 2193 agnum
2625 2124 2968 2178 anniculum
3029 2125 3090 2178 in
3144 2124 3586 2190 holocaustum;

1953 2219 2300 2290 hircumque
2336 2237 2437 2290 pro
2463 2226 2696 2291 peccato
2717 2225 2772 2275 et
2791 2219 2847 2274 in
2879 2221 3101 2276 hostias
3124 2221 3593 2292 (h.sacriﬁcium)

1956 2309 2370 2378 paciﬁcoorum
2406 2311 2579 2364 boves
2609 2311 2780 2375 duos,
2815 2310 3025 2365 arietes
3073 2310 3355 2381 quinque,
3409 2310 3604 2367 hircos

1957 2399 2241 2468 quinquc,
2266 2414 2448 2465 agnos
2479 2397 2784 2452 anniculos
2802 2398 3080 2468 quinque.
3108 2399 3238 2453 Haec
3262 2399 3604 2454 fuitoblatio

1955 2485 2228 2540 Selumiel
2263 2488 2440 2555 (Vulg.
2469 2487 2764 2554 Salamiel)
2794 2486 2894 2541 lilii
2923 2489 3288 2542 Surisaddai.
3315 2487 3417 2542 Die
3438 2493 3603 2543 sexto

1957 2575 2228 2644 princeps
2249 2573 2503 2628 ﬁliorum
2525 2574 2949 2645 Gad,Eliasaph
2977 2574 3132 2629 lilius
3148 2575 3608 2645 Dehuel,obtulit

1958 2662 2327 2719 acetabulum
2363 2669 2702 2734 argenteum
2737 2664 3076 2734 appendens
3097 2670 3333 2719 centum
3365 2666 3607 2735 triginta

1957 2751 2156 2819 siclos,
2191 2751 2451 2823 phialam
2485 2758 2822 2823 argenteam
2871 2753 3184 2808 habentem
3235 2755 3606 2824 septuaginta

1959 2840 2154 2908 siclos,
2189 2841 2258 2895 ad
2321 2841 2550 2911 pondus
2604 2841 2946 2906 sanctuarii,
2998 2847 3320 2912 utrumque
3367 2841 3606 2912 plenum

1961 2929 2158 2984 simila
2189 2945 2502 3000 conspersa
2534 2929 2660 2984 oleo
2693 2930 2751 2983 in
2785 2929 3164 2998 sacriﬁcium;
3199 2929 3604 2985 mortariolum

1961 3034 2207 3073 aureum
2237 3019 2576 3090 appendens
2609 3019 2807 3073 decem
2844 3017 3019 3074 siclos
3044 3020 3126 3088 (h.
3151 3034 3386 3090 semper
3407 3019 3606 3085 habet,

1961 3111 2162 3163 decem
2195 3107 2447 3177 aureos),
2469 3107 2704 3177 plenum
2735 3108 2994 3175 incenso;
3018 3109 3220 3164 bovem
3249 3109 3318 3162 de
3340 3113 3606 3164 armento

1966 3203 2023 3252 et
2052 3199 2315 3259 arietem,
2347 3202 2405 3250 et
2436 3211 2653 3267 agnum
2704 3197 3044 3252 anniculum
3081 3198 3140 3252 in
3174 3196 3604 3266 holocaustum,

1971 3285 2198 3340 hircum
2260 3301 2361 3356 pro
2417 3290 2692 3356 peccato;
2726 3285 2874 3340 etin
2935 3286 3189 3341 hostiam
3239 3286 3320 3356 [h.
3374 3301 3610 3356 semper

1965 3375 2164 3438 habet,
2208 3375 2267 3428 in
2328 3373 2710 3443 sacriﬁcium]
2772 3375 3146 3441 pacilicorum
3206 3375 3380 3429 boves
3438 3376 3609 3442 duos,

1965 3466 2177 3518 arietes
2208 3463 2485 3534 quinque,
2522 3462 2712 3518 hircos
2764 3464 3028 3533 quinque
3075 3479 3251 3534 agno:
3303 3463 3612 3518 anniculos

1968 3553 2251 3623 quinque.
2292 3553 2418 3606 IIch
2476 3552 2585 3606 luit
2633 3552 2847 3606 oblatio
2908 3552 3176 3623 Eliasaph
3209 3551 3309 3606 lilii
3369 3552 3608 3607 Debuel.

1968 3642 2069 3696 Die
2100 3641 2353 3712 septimo
2387 3640 2656 3710 princeps
2703 3640 2958 3695 ﬁliorum
3008 3641 3306 3711 Ephraim,
3355 3640 3610 3695 Elisama

1969 3731 2126 3784 titius
2155 3729 2454 3796 Ammiud,
2488 3729 2699 3783 obtulit
2729 3729 3097 3784 acetabulum
3127 3735 3467 3801 argenteum
3507 3746 3609 3798 ap-

1970 3820 2230 3890 pendens
2251 3824 2485 3873 centum
2509 3819 2747 3889 triginta
2770 3817 2965 3881 siclos,
2992 3817 3247 3889 phialam
3274 3823 3608 3888 argenteam

1974 3909 2281 3963 habentem
2309 3906 2681 3978 septuaginta
2702 3906 2898 3976 siclos,
2923 3909 2994 3961 ad
3019 3908 3249 3977 pondus
3271 3905 3616 3974 sanctuarii,

1975 4010 2292 4076 utrumque
2324 4005 2561 4075 plenum
2597 4004 2795 4059 simila
2819 4021 3138 4076 conspersa
3167 4003 3290 4059 oleo
3321 4003 3377 4057 in
3403 4003 3618 4057 sacriﬁ-

1978 4095 2188 4160 cium;
2247 4093 2652 4147 mortariolum
2715 4108 2956 4148 aureum
3023 4093 3361 4165 appendens
3417 4093 3617 4147 decem

1978 4183 2177 4247 siclos,
2228 4182 2465 4253 plenum
2521 4182 2803 4249 incenso;
2863 4182 3063 4236 bovem
3121 4184 3191 4237 de
3249 4185 3537 4248 armento,
3567 4185 3625 4236 et

1980 4273 2243 4336 arietem,
2303 4277 2359 4324 et
2417 4286 2631 4340 agnum
2682 4271 3027 4325 anniculum
3078 4273 3136 4324 in
3188 4271 3621 4339 holocaustum,

1981 4361 2328 4429 hircumque
2352 4375 2454 4430 pro
2513 4363 2796 4429 peccato;
2858 4360 3002 4414 etin
3063 4359 3286 4414 hostias
3348 4358 3622 4428 paciﬁco-

1982 4466 2135 4514 rum,
2170 4449 2343 4502 boves
2374 4449 2541 4513 duos,
2605 4448 2812 4502 arietes
2869 4449 3146 4518 quinque,
3209 4448 3399 4503 hircos
3455 4447 3624 4516 quin-

1987 4555 2100 4609 que
2137 4578 2150 4601 ,
2204 4554 2386 4605 agnos
2442 4537 2750 4591 anniculos
2805 4537 3066 4607 quinque
3101 4579 3114 4591 .
3175 4537 3304 4592 Haec
3363 4535 3465 4590 luit
3523 4535 3626 4590 ob-

246 4621 527 4677 anniculos
561 4624 844 4694 quinque.
885 4626 1013 4680 Haec
1048 4626 1157 4680 fuit
1186 4625 1404 4680 oblatio
1431 4623 1870 4680 Nathanaelﬁlii
1906 4619 1950 4682 D
1985 4627 2124 4680 latio
2157 4626 2411 4680 Elisama
2463 4625 2563 4678 ﬁlii
2614 4625 2909 4679 Ammiud.
2962 4626 3064 4679 Die
3108 4629 3308 4680 octavo
3358 4624 3630 4695 princeps

246 4706 396 4764 Suar.
431 4712 632 4767 Tertio
666 4713 758 4768 die
790 4715 1064 4784 princeps
1097 4714 1354 4769 ﬁliorum
1390 4715 1670 4779 Zabulon,
1719 4715 1878 4768 Eliab

250 4793 384 4852 ﬁlius
422 4799 628 4866 llelon,
663 4801 876 4856 obtulit
907 4802 1276 4858 acetabulum
1303 4808 1881 4875 argenteum,appen-

255 4883 379 4940 deris
409 4894 648 4942 centum
683 4890 937 4961 trigenta
989 4891 1186 4960 siclos,
1237 4891 1494 4962 phialam
1545 4898 1879 4962 argenteam

253 4970 540 5030 habentem
567 4978 945 5049 septuaginta
967 4977 1167 5048 siclos,
1193 4981 1264 5034 ad
1290 4981 1520 5051 pondus
1543 4979 1882 5065 Sanctuarii,

259 5075 555 5142 utrumque
591 5073 849 5143 plenum
869 5075 1065 5130 simila
1095 5093 1414 5148 conspersa
1434 5077 1558 5132 oleo
1581 5077 1638 5132 in
1663 5076 1886 5131 sacriﬁ.

258 5159 414 5225 cium;
439 5163 852 5218 mortariolum
873 5180 1112 5220 aureum
1133 5168 1468 5237 appendens
1490 5168 1685 5222 decem
1712 5165 1887 5221 siclos

256 5241 324 5313 (h.
357 5251 609 5321 aureos],
645 5251 884 5322 plenum
920 5254 1183 5322 incenso;
1209 5257 1413 5310 bovem
1447 5257 1516 5310 de
1538 5260 1889 5322 armento,et

260 5335 500 5405 arietem,
555 5345 616 5395 et
669 5357 884 5414 agnum
936 5345 1276 5400 anniculum
1336 5347 1394 5401 in
1453 5345 1888 5415 holocaustum,

262 5419 591 5499 hircumque
617 5446 724 5500 pro
759 5439 1016 5502 peccato,
1051 5435 1178 5489 etin
1202 5434 1490 5490 sacrilicio
1515 5435 1888 5505 pacilicorum

265 5511 415 5569 boves
448 5518 624 5586 duos,
652 5521 860 5576 arietes
893 5523 1177 5594 quinque,
1199 5524 1394 5579 hircos
1417 5524 1891 5595 quinque,agnos

270 5603 563 5660 anniculos
598 5609 878 5680 quinque.
903 5613 1357 5668 Haecestoblatio
1378 5613 1539 5668 Eliab
1563 5612 1666 5665 ﬁlii
1686 5611 1892 5666 Helon.

269 5685 354 5743 Die
382 5700 588 5762 quarto
622 5697 892 5770 princeps
925 5697 1178 5758 ﬁliorum
1212 5703 1442 5772 Duben,
1487 5701 1682 5757 Elisur
1733 5700 1894 5757 ﬁlius

575 5816 833 5880 Panos.
879 5820 1154 5883 XXVIII.

1992 4716 2239 4770 liliorum
2266 4713 2850 4779 Manasse,Gama!iel
2878 4714 3033 4768 ﬁlius
3060 4711 3636 4778 Phadassur,obtulit

1991 4803 2355 4858 acetabulum
2392 4807 2731 4872 argenteum
2757 4804 3097 4873 appendens
3124 4808 3357 4857 centum
3393 4801 3638 4872 triginta

1993 4892 2191 4961 siclos,
2222 4891 2479 4962 phialam
2515 4896 2852 4961 argenteam
2905 4891 3213 4946 habentem
3265 4891 3639 4962 septuaginta

1996 4981 2190 5046 siclos,
2225 4983 2292 5036 ad
2329 4980 2557 5049 pondus
2589 4979 2931 5045 sanctuarii,
2966 4990 3281 5049 utrumque
3311 4978 3544 5050 plenum
3566 4977 3642 5030 si-

1996 5069 2137 5124 mila
2167 5084 2484 5138 conspersa
2534 5067 2658 5122 oleo
2709 5068 2764 5121 in
2813 5067 3189 5132 sacriﬁcium,
3237 5064 3642 5122 mortariolum

1998 5174 2237 5214 aureum
2272 5157 2612 5228 appendens
2635 5156 2836 5210 decem
2873 5155 3074 5227 siclos,
3109 5156 3350 5227 plenum
3380 5155 3644 5218 incenso;

2000 5257 2204 5311 bovem
2221 5255 2290 5309 de
2311 5258 2600 5321 armento,
2627 5258 2684 5308 et
2711 5252 3041 5322 arietem,et
3060 5270 3276 5324 agnum
3301 5249 3644 5307 anniculum

2004 5349 2062 5401 in
2098 5345 2510 5400 holocaustum
2537 5362 2551 5411 ;
2588 5343 2936 5412 hircumque
2964 5360 3066 5413 pro
3100 5347 3352 5414 peccato,
3376 5346 3433 5395 et
3463 5340 3520 5393 in
3540 5338 3646 5392 ho-

2005 5435 2150 5489 stias
2174 5433 2550 5504 pacilicorum
2589 5432 2762 5486 boves
2793 5431 2962 5498 duos,
2997 5433 3206 5486 arietes
3239 5427 3650 5500 quinque,hir-

2003 5539 2102 5578 cos
2135 5521 2420 5593 quinque,
2454 5537 2635 5590 agnos
2679 5519 2985 5574 anniculos
3035 5521 3314 5591 quinque.
3365 5519 3491 5572 Haec
3543 5515 3653 5570 luit

2004 5611 2220 5668 oblatio
2250 5609 2532 5664 Gamaliel
2568 5608 2669 5663 ﬁlii
2700 5607 3056 5663 Phadassur.
3083 5608 3185 5663 Die
3206 5624 3356 5662 nono
3383 5607 3654 5676 princeps

2009 5700 2266 5758 ﬁliorum
2303 5697 2629 5768 Benjamin,
2651 5696 2900 5752 Abidam
2923 5698 3082 5753 ﬁlius
3107 5696 3419 5765 Gedeonis,
3443 5694 3658 5752 obtulit

3259 5817 3334 5876 I3
