4068 6172
456 359 564 414 395

1508 364 1566 415 S.
1610 362 2017 418 HIERONYMI
2057 365 2307 418 DIVINA
2345 367 2842 423 BIBLIOTHECA.

3755 372 3860 426 396

456 484 826 540 acetabulum
859 489 1198 557 argenteum
1229 485 1568 555 appendeus
1600 489 1833 541 centum
1861 487 2099 559 triginta
2129 489 2180 556 Α
2213 488 2428 545 oblatio
2460 491 2641 548 Ahira
2667 491 2770 546 ﬁlii
2802 493 3023 550 Henan.
3054 495 3135 565 [Ο.
3181 495 3321 566 ΧΧ.]
3351 499 3480 551 Haec
3515 497 3571 551 in
3623 497 3854 552 dedica-

457 575 655 645 siclos,
683 573 934 646 phialam
981 581 1312 646 argenteam
1366 574 1673 630 habentem
1729 577 2096 648 septuaginta

453 664 652 734 siclos,
685 664 755 717 ad
800 664 1028 735 pondus
1082 663 1424 734 sanctuarii,
1489 669 1805 736 utrumque
1855 665 2094 738 plenum

459 753 655 808 simila
687 768 1003 823 conspersa
1034 753 1158 808 oleo
1190 753 1249 807 in
1281 753 1660 822 sacriﬁcium;
1686 754 2094 810 mortariolum

455 860 694 899 aureum
723 844 1062 916 appendens
1093 845 1296 900 decem
1327 844 1528 912 siclos,
1561 845 1800 917 plenum
1828 847 2092 913 incenso;

458 932 658 988 bovem
685 933 754 988 de
778 939 1066 1000 armento,
1088 941 1140 988 et
1161 934 1424 999 arietem,
1443 938 1498 990 et
1520 951 1739 1006 agnum
1754 934 2095 991 anniculum

457 1022 516 1076 in
575 1021 1007 1089 holocaustum,
1073 1022 1420 1092 hircumque
1474 1040 1574 1094 pro
1626 1029 1896 1095 peccato;
1931 1030 1988 1080 et
2038 1024 2095 1080 in

457 1110 676 1166 hostias
707 1109 1083 1182 paciﬁcorum
1121 1113 1294 1167 boves
1328 1113 1498 1181 duos,
1549 1113 1758 1168 arietes
1811 1113 2096 1184 quinque,

457 1199 653 1254 hircos
684 1201 960 1272 quinque,
995 1217 1176 1272 agnos
1205 1201 1512 1257 anniculos
1531 1202 1813 1274 quinque.
1843 1205 1967 1258 Haec
1993 1203 2102 1258 fuit

460 1288 676 1345 oblatio
706 1290 953 1345 Abidam
984 1290 1085 1344 ﬁlii
1111 1291 1420 1347 Gedeonis.
1446 1292 1548 1347 Die
1574 1293 1802 1347 decimo
1830 1293 2101 1363 princeps

461 1377 714 1432 ﬁliorum
750 1383 892 1441 Dan,
946 1379 1188 1435 Ahiezer
1236 1379 1397 1436 ﬁlius
1457 1381 1819 1450 Amisaddai,
1889 1380 2101 1436 obtulit

459 1467 830 1523 acetabulum
858 1473 1198 1540 argenteum
1234 1471 1571 1542 appendens
1602 1477 1838 1526 centum
1859 1470 2100 1541 triginta

461 1556 658 1628 siclos,
687 1557 943 1629 phialam
977 1564 1312 1630 argenteam
1364 1561 1674 1615 habentem
1725 1559 2095 1631 septuaginta

460 1645 659 1711 siclos,
717 1647 786 1701 ad
825 1649 1052 1716 pondus
1095 1648 1434 1713 sanctuarii,
1487 1654 1812 1720 utrumque
1863 1648 2103 1719 plenum

465 1733 661 1789 simila
691 1751 1004 1806 conspersa
1036 1735 1160 1791 oleo
1191 1737 1249 1792 in
1282 1738 1663 1792 sacriﬁcium:
1701 1737 2101 1793 mortariolum

469 1841 708 1882 aureum
741 1829 1077 1899 appendens
1106 1829 1304 1885 decem
1339 1829 1537 1898 siclos,
1571 1831 1810 1902 plenum
1844 1830 2101 1897 incenso;
2141 1866 2180 1928 Β

467 1916 672 1971 bovem
700 1916 773 1972 de
799 1923 1086 1987 armento,
1115 1928 1167 1973 et
1199 1921 1462 1986 arietem,
1513 1924 1571 1974 et
1599 1936 1810 1988 agnum
1851 1920 2102 1974 annicu-

464 2004 586 2060 lum
620 2005 677 2059 in
713 2006 1140 2075 holocaustum,
1197 2008 1547 2079 hircumque
1598 2025 1702 2079 pro
1761 2013 2018 2078 peccato;
2049 2012 2105 2062 et

465 2093 524 2148 in
557 2094 784 2151 hostias
817 2095 1190 2166 paciﬁcorum
1211 2098 1384 2154 boves
1406 2097 1795 2164 duos,arietes
1817 2097 2102 2169 quinque,

464 2183 658 2240 hircos
690 2185 972 2256 quinque,
1003 2202 1182 2255 agnos
1211 2185 1519 2241 anniculos
1543 2186 1825 2258 quinque.
1853 2190 1983 2241 Haec
2000 2187 2104 2240 fuit

465 2272 682 2329 oblatio
711 2273 951 2330 Abiezer
982 2273 1086 2331 ﬁlii
1119 2275 1472 2330 Amisaddai.
1491 2275 1592 2331 Die
1621 2275 1930 2330 undecimo
1950 2276 2106 2346 prin-

464 2379 602 2434 ceps
660 2362 816 2418 ﬁlius
856 2367 1001 2418 Aser
1043 2364 1359 2436 Phagahiel
1392 2365 1550 2420 ﬁlius
1597 2364 1846 2433 Achran,
1896 2366 2108 2421 obtulit

464 2451 832 2508 acetabulum
865 2457 1206 2524 argenteum
1237 2455 1575 2526 appendens
1595 2459 1829 2508 centum
1864 2453 2108 2524 triginta

464 2541 667 2610 siclos;
706 2541 965 2614 phialam
993 2548 1326 2614 argenteam
1374 2543 1685 2599 habentem
1735 2543 2108 2615 septuaginta

464 2630 659 2698 siclos,
701 2631 772 2686 ad
816 2631 1047 2702 pondus
1090 2633 1433 2701 sanctuarii,
1486 2637 1807 2704 utrumque
1869 2635 2106 2705 plenum

464 2718 658 2774 simila
688 2735 1003 2791 conspersa
1034 2719 1156 2776 oleo
1188 2720 1245 2776 in
1280 2721 1634 2779 sacriﬁcium
1662 2741 1674 2791 ;
1706 2724 2106 2780 mortariolum

465 2823 730 2875 aureum,
762 2809 1102 2880 appendens
1131 2810 1333 2866 decem
1359 2809 1554 2880 siclos,
1585 2813 1820 2883 plenum
1847 2815 2108 2882 incenso;

466 2897 672 2952 bovem
705 2898 774 2953 de
805 2902 1092 2970 armento,
1122 2905 1178 2954 et
1208 2901 1471 2967 arietem,
1505 2908 1560 2957 et
1607 2921 1820 2973 agnum
1867 2904 2109 2958 annicu-

467 2985 675 3040 lumin
727 2985 1158 3054 holocaustum,
1210 2988 1560 3060 hircumque
1614 3008 1717 3061 pro
1767 2997 2022 3063 peccato,
2056 2997 2113 3046 et

465 3073 526 3128 in
561 3073 783 3128 hostias
812 3073 1184 3144 paciﬁcorum
1208 3076 1382 3132 boves
1405 3077 1575 3146 duos,
1595 3079 1804 3134 arietes
1827 3079 2108 3150 quinque,

467 3161 664 3216 hircos
691 3161 972 3233 quinque,
1006 3179 1190 3234 agnos
1220 3165 1526 3220 anniculos
1557 3167 1977 3238 quinque.Hazc
2002 3168 2110 3223 fuit

469 3250 682 3305 oblatio
717 3250 1024 3322 Phagahiel
1058 3252 1159 3307 ﬁlii
1183 3252 1433 3308 Achran.
1471 3234 1935 3312 Die—duodecimo
1955 3258 2106 3328 prin-
2137 3234 2178 3300 (ἶ

469 3355 608 3410 ceps
639 3339 893 3394 ﬁliorum
921 3339 1255 3410 Nephthali,
1281 3343 1454 3397 Abira
1475 3344 1628 3400 ﬁlius
1651 3349 1874 3412 Henan,
1900 3347 2113 3401 obtulit

472 3428 838 3483 acetabulum
873 3433 1215 3500 argenteum
1247 3433 1584 3502 appendens
1616 3439 1849 3489 centum
1873 3434 2114 3506 triginta

473 3515 670 3583 siclos,
706 3515 958 3586 phialam
1003 3524 1334 3588 argenteam
1382 3520 1694 3576 habentem
1741 3524 2112 3593 septuaginta

472 3604 671 3671 siclos,
697 3606 766 3659 ad
801 3606 1031 3676 pondus
1063 3607 1402 3675 sanctuarii,
1437 3615 1753 3682 utrumque
1776 3611 2013 3682 plenum
2043 3612 2112 3668 si-

473 3696 612 3750 mila
643 3712 961 3768 conspersa
987 3698 1112 3753 oleo
1161 3698 1221 3754 in
1269 3700 1645 3757 sacriﬁcium:
1700 3702 2107 3758 mortariolum

468 3800 712 3840 aureum
740 3788 1078 3858 appendens
1113 3788 1310 3844 decem
1345 3789 1540 3858 siclos,
1575 3791 1811 3862 plenum
1847 3792 2106 3862 incenso;

465 3873 669 3930 bovem
702 3874 774 3928 de
804 3881 1090 3940 armento,
1121 3881 1176 3931 et
1209 3877 1471 3944 arietem,
1505 3884 1563 3934 et
1592 3897 1808 3950 agnum
1860 3882 2106 3936 annicu-

465 3961 589 4016 lum
648 3963 707 4018 in
767 3963 1177 4020 holocaustum
1218 4009 1231 4034 ,
1284 3967 1514 4022 hircum
1577 3985 1679 4038 pro
1734 3974 1968 4040 peccato
2005 4012 2018 4036 ,
2053 3973 2110 4024 et

461 4052 520 4106 in
555 4052 773 4108 hostias
805 4053 1179 4124 paciﬁcorum
1204 4056 1378 4111 boves
1401 4057 1568 4127 duos,
1591 4057 1799 4113 arietes
1823 4058 2104 4129 quinque,

462 4141 656 4199 hircos
680 4143 963 4214 quinque,
994 4160 1180 4216 agnos
1213 4145 1517 4202 anniculos
1540 4146 1820 4218 quinque.
1849 4148 1976 4202 Haec
1997 4148 2106 4202 fuit

537 4320 553 4351 ¹
589 4317 649 4372 In
664 4317 861 4392 ‘editis
876 4335 942 4374 ac
957 4335 1100 4376 mss.
1117 4319 1340 4390 aliquot
1360 4321 1527 4376 libris
1541 4321 2102 4392 sequunturisthaee,

465 4387 874 4464 Candelabrum
908 4387 1240 4447 inaustruli
1268 4402 1432 4463 parte
1484 4387 1754 4462 erigdtur.
1806 4395 1912 4448 lloc
1931 4387 2104 4464 igitur

457 4463 720 4534 pracipes,
763 4471 822 4515 ut
854 4464 1094 4520 lucernae
1112 4472 1304 4518 contra
1349 4464 1565 4518 boream
1593 4481 1622 4519 c
1660 4468 1881 4533 regione
1925 4463 2103 4534 respi-

459 4531 709 4606 ciuntad
734 4549 978 4606 mensam
1019 4552 1226 4605 panum
1280 4536 1692 4606 propositionis.
1724 4531 1874 4602 Quae
1922 4531 2100 4592 verba

2204 578 2360 634 tione
2388 580 2592 636 altaris
2618 582 2817 638 oblata
2838 587 2976 639 sunt
3010 601 3043 640 a
3075 585 3442 656 principibus
3461 587 3634 642 Israel
3662 587 3858 644 indie.

2208 683 2323 738 qua
2355 676 2752 725 consecratum
2770 676 2876 727 est.
2898 673 3207 729 Acetabula
3221 680 3496 747 argentea
3517 677 3858 745 duodecim,

2207 757 2419 828 phialae
2450 765 2734 829 argenteae
2761 761 3091 829 duodecim,
3127 765 3471 819 mortariola
3502 782 3680 820 aurea
3710 766 3857 820 duo-

2207 847 2423 916 decim,
2459 847 2536 902 ita
2559 853 2621 902 ut
2651 855 2886 905 centum
2910 851 3152 922 triginta
3175 853 3354 908 siclos
3378 855 3602 926 argenti
3623 855 3863 910 haberet

2210 953 2389 990 unum
2409 937 2873 1005 acetabulum,et
2889 943 3262 1012 septuaginta
3285 942 3461 998 siclos
3493 960 3608 997 una
3638 943 3856 1014 phiala:

2209 1024 2264 1078 id
2298 1029 2405 1094 est,
2441 1025 2498 1080 in
2532 1043 2844 1083 commune
2883 1046 3155 1085 vasorum
3193 1032 3458 1086 omnium
3512 1049 3579 1087 ex
3616 1033 3857 1104 argento

2208 1114 2334 1170 sicli
2367 1116 2482 1170 duo
2517 1114 2700 1171 millia
2724 1119 3158 1190 quadringenti,
3207 1121 3462 1191 pondere
3507 1120 3850 1176 sanctuarii.

2208 1202 2537 1257 Mortariola
2568 1221 2743 1260 aurea
2772 1205 3082 1261 duodecim
3142 1206 3314 1278 plena
3363 1207 3621 1275 incenso,
3669 1208 3855 1263 denos

2210 1292 2385 1348 siclos
2418 1293 2812 1364 appendentia
2843 1297 3096 1366 pondere
3125 1295 3484 1352 sanctuarii:
3520 1296 3574 1350 id
3631 1301 3739 1363 est,
3775 1297 3855 1351 si-

2213 1381 2330 1436 mul
2367 1382 2492 1436 auri
2527 1382 2652 1439 sicli
2688 1388 2920 1438 centum
2954 1385 3194 1457 viginti;
3236 1386 3408 1440 boves
3462 1385 3532 1440 de
3582 1390 3853 1440 armento

2214 1471 2270 1524 in
2305 1471 2710 1526 holocaustum
2747 1472 3077 1540 duodecim,
3112 1476 3321 1529 arietes
3353 1474 3690 1543 duodecim,
3715 1473 3855 1545 agni

2213 1559 2470 1614 anniculi
2505 1561 2838 1627 duodecim,
2871 1568 2929 1616 et
2959 1561 3278 1618 libamenta
3297 1580 3521 1630 eorum;
3547 1563 3692 1620 hirci
3714 1564 3860 1618 duo-

2213 1648 2400 1704 decim
2435 1666 2537 1720 pro
2571 1655 2823 1720 peccato.
2877 1651 3086 1707 Hostia:
3127 1652 3208 1722 (h.
3259 1652 3645 1708 Sacriﬁcium.
3698 1653 3859 1720 Vulg.

2216 1740 2280 1793 In
2341 1739 2588 1807 hostias)
2639 1741 3043 1811 paciﬁcorum,
3098 1743 3272 1798 boves
3325 1742 3529 1813 viginti
3581 1748 3862 1812 quatuor,

2215 1827 2426 1883 arietes
2458 1830 2776 1899 sexaginta,
2828 1828 2975 1884 hirci
3023 1831 3349 1902 sexaginta,
3399 1833 3534 1901 agni
3587 1830 3863 1886 anniculi

2212 1917 2532 1987 sexaginta.
2566 1922 2696 1972 Haec
2722 1917 2919 1973 oblata
2949 1927 3090 1974 sunt
3122 1920 3178 1974 in
3212 1919 3581 1976 dedicatione
3629 1917 3861 1986 altaris,

2213 2007 2444 2076 quando
2505 2011 2744 2061 unctum
2800 2016 2885 2062 est
2926 2007 3009 2078 [h.
3073 2025 3359 2079 posquam
3415 2015 3654 2064 unctum
3713 2008 3854 2079 est].

2214 2094 2300 2164 [Β.
2327 2095 2528 2166 XVII.)
2557 2097 2820 2166 Cumque
2845 2096 3252 2168 ingrederetur
3284 2099 3475 2154 Moses
3506 2098 3862 2153 tabernacu-

2214 2184 2335 2238 lum
2389 2185 2650 2253 foederis,
2713 2192 2777 2240 ut
2827 2186 3159 2242 consuleret
3217 2187 3545 2254 oraculum,
3580 2187 3864 2244 audiebat

2214 2289 2412 2327 vocern
2446 2273 2738 2344 loquentis
2770 2276 2839 2329 ad
2873 2291 2936 2331 se
2966 2276 3036 2330 de
3069 2276 3492 2347 propitiatorio,
3521 2275 3677 2347 quod
3735 2279 3868 2330 erat

2216 2377 2395 2432 super
2426 2377 2559 2416 arca
2590 2362 2911 2418 testimonii
2943 2363 3096 2418 inter
3126 2367 3269 2420 duos
3316 2365 3655 2430 Cherubim,
3709 2364 3868 2419 unde

2217 2455 2273 2504 et
2303 2449 2652 2520 loquebatur
2682 2452 2754 2506 ei.

2288 2539 2442 2610 [Cap.
2479 2539 2658 2610 VIII.]
2687 2541 3055 2612 Locutusque
3076 2547 3166 2598 est
3197 2542 3488 2598 Dominus
3517 2543 3589 2597 ad
3639 2541 3871 2612 Mosen,

2217 2627 2436 2684 dicens:
2475 2629 2732 2700 Loquere
2762 2634 2978 2694 Aaron,
3007 2636 3066 2685 et
3093 2631 3252 2686 dices
3283 2633 3353 2686 ad
3387 2647 3544 2687 eum:
3577 2631 3724 2686 Cum
3755 2648 3865 2702 po-

2219 2715 2407 2772 sueris
2439 2717 2970 2788 septemlucernas.
2989 2726 3192 2775 contra
3212 2737 3338 2775 eam
3382 2721 3658 2791 partem”,
3683 2737 3866 2792 quam

2219 2806 2636 2862 candelabrum
2675 2807 2935 2879 respicit,
2989 2808 3180 2864 lucere
3227 2810 3541 2864 debebunt.
3595 2809 3870 2880 Fecitque

2218 2897 2431 2966 Aaron,
2455 2902 2511 2950 et
2541 2896 2824 2968 imposuit
2874 2898 3144 2953 lucernas
3197 2915 3374 2970 super
3421 2898 3868 2970 candelabrum,

2221 2990 2286 3038 ut
2316 2991 2664 3056 praceperat
2698 2986 2981 3041 Dominus
3015 2987 3181 3042 Mosi.
3215 2992 3346 3043 Haec
3365 2993 3562 3042 autem
3607 2991 3730 3042 erat
3776 2988 3872 3041 fa-

2220 3080 2385 3128 ctura
2405 3074 2757 3140 candelabri,
2787 3091 2856 3129 ex
2886 3091 3027 3130 auro
3059 3075 3281 3140 ductili,
3316 3081 3437 3130 tam
3483 3075 3712 3130 medius
3746 3075 3863 3130 sti-

2222 3178 2344 3232 pes,
2379 3179 2554 3232 quam
2578 3169 2786 3218 cuncta
2803 3181 2927 3233 quae
2945 3180 3013 3219 ex
3028 3169 3274 3235 utroque
3295 3165 3655 3221 calamorum
3680 3164 3869 3220 latere

2218 3251 2632 3316 nascebantur;
2658 3253 2825 3321 juxta
2855 3253 3186 3324 exemplum
3242 3255 3396 3324 quod
3447 3252 3702 3308 ostendit
3743 3253 3861 3308 Do-

2223 3339 2420 3394 minus
2481 3339 2649 3406 Mosi,
2685 3343 2764 3395 ita
2821 3348 3096 3412 operatus
3147 3348 3235 3397 est
3291 3341 3734 3398 candelabrum.
3769 3342 3866 3410 (B.

2221 3427 2496 3497 XVIII,C.
2531 3429 2703 3499 XXI.)
2736 3431 2805 3484 Et
2838 3429 3070 3486 locutus
3100 3435 3189 3486 est
3221 3431 3506 3486 Dominus
3538 3432 3608 3484 ad
3636 3431 3868 3499 Mosen,

2221 3517 2441 3571 dicens:
2475 3517 2635 3573 Tolle
2664 3518 2888 3574 Levitas
2910 3519 2979 3573 de
3009 3519 3199 3574 medio
3245 3519 3497 3574 ﬁliorum
3552 3518 3756 3585 Israel,
3807 3524 3874 3574 et

2223 3605 2561 3676 purificabis
2584 3623 2682 3661 eos
2701 3607 2874 3677 juxta
2892 3607 3047 3661 hunc
3071 3609 3686 3678 ritumzAspergantur
3708 3624 3870 3678 aqua

2222 3695 2611 3761 lustrationis,
2669 3701 2726 3750 et
2756 3696 2966 3751 radant
3015 3712 3220 3750 omnes
3262 3695 3412 3767 pilos
3468 3696 3663 3751 carnis
3721 3712 3874 3752 suae.

2220 3783 2480 3854 Cumque
2514 3783 2764 3838 laverint
2788 3785 3136 3840 vestimenta
3158 3801 3285 3849 sua,
3319 3790 3376 3840 et
3426 3785 3692 3840 mundati
3735 3785 3868 3840 fue-

2218 3873 2357 3942 rint,
2390 3872 2598 3928 tollant
2647 3873 2847 3928 bovem
2897 3874 2966 3928 de
3026 3878 3314 3944 armento,
3362 3879 3418 3928 et
3476 3872 3873 3929 libamentum

2217 3962 2346 4029 ejus
2377 3960 2632 4017 similam
2665 3962 2790 4018 oleo
2822 3979 3236 4034 consparsam;
3271 3963 3469 4018 bovem
3497 3969 3693 4018 autem
3713 3962 3869 4018 alte-

2220 4067 2348 4104 rum
2378 4051 2450 4106 de
2483 4055 2748 4107 armento
2782 4061 2838 4106 tu
2871 4052 3124 4123 accipies
3154 4068 3258 4123 pro
3289 4057 3550 4123 peccato,
3581 4056 3638 4107 et
3669 4051 3872 4123 appli-

2216 4139 2376 4194 cabis
2409 4140 2634 4195 Levitas
2666 4157 2854 4196 coram
2873 4140 3249 4196 tabernaculo
3273 4140 3860 4208 tcsderis,convocata

2213 4336 2336 4374 cum
2368 4320 2612 4389 posuerit
2657 4328 2862 4388 septem
2908 4319 3194 4385 lucernas,
3233 4319 3623 4375 candelabrum
3653 4335 3711 4372 in
3755 4336 3868 4374 au-

2213 4391 2374 4446 strali
2415 4395 2570 4460 parte
2623 4389 2825 4459 erigat.
2872 4392 2979 4445 Hoc
3015 4392 3193 4461 igitur
3231 4392 3474 4461 praecipe
3505 4399 3566 4446 ut
3608 4391 3865 4448 lucernae

2211 4471 2402 4517 contra
2425 4463 2640 4534 boream
2671 4477 2701 4515 e
2742 4461 2962 4531 regione
2995 4463 3301 4534 respiciant
3346 4461 3415 4516 ad
3459 4479 3701 4518 mensam
3750 4479 3864 4534 pa-

2213 4551 2342 4587 num
2373 4532 2785 4604 prapositionis;
2815 4538 3006 4588 contra
3027 4532 3149 4588 eam
3195 4538 3452 4605 partem,
3485 4549 3605 4605 quae
3655 4533 3867 4588 cande-

459 4603 516 4656 in
550 4602 1152 4679 gditionebiblio'rum
1188 4602 1428 4661 suorum
1456 4608 1746 4662 Robcrtus
1769 4609 2099 4679 Stephanus
2130 4602 2174 4665 D
2207 4602 2425 4679 labrum
2456 4602 2691 4679 respicit,
2727 4605 2907 4659 lucere
2931 4602 3238 4679 debebunt._
3275 4608 3336 4660 In
3382 4602 3506 4679 alio
3540 4614 3868 4679 autemAco-

457 4690 524 4728 ac
555 4675 839 4751 Theologi
871 4677 1255 4751 Lovanienses
1285 4680 1449 4733 obelo
1475 4675 1894 4750 praenotarunt:
1923 4681 2095 4751 idque

458 4748 688 4816 merito,
721 4747 948 4822 nullum
973 4750 1130 4803 enim
1163 4747 1547 4822 additamenti
1573 4751 1749 4820 hujus
1782 4747 2091 4822 vestigium

453 4823 645 4872 exstat
675 4835 779 4874 nec
821 4819 878 4872 in
931 4835 1147 4874 canone
1207 4821 1378 4876 Hebr.
1413 4824 1576 4876 verit.
1632 4819 1736 4877 nec
1783 4822 1839 4876 in
1891 4819 2093 4878 multis

453 4889 583 4943 aliis
616 4891 836 4964 batinis
851 4891 1151 4964 codicibus
1165 4894 1583 4948 vetustissimis
1598 4900 1653 4948 et
1668 4894 1897 4964 optimae
1923 4902 2091 4960 notae,

452 4968 592 5030 puta
624 4962 838 5032 Regiis,
870 4963 1242 5027 Colbertiuis,
1273 4962 1744 5031 Corbeiensibus,
1778 4967 1835 5021 S.
1857 4965 2092 5022 Germ.a

452 5034 665 5103 Pratis,
689 5039 798 5109 etc.
833 5034 944 5089 Sed
979 5051 1168 5109 neque
1211 5035 1444 5109 aliquid,
1482 5037 1692 5091 borum
1727 5037 1979 5109 reperies
2031 5039 2087 5093 in

449 5110 607 5179 textu
654 5107 915 5179 Hebraeo,
967 5107 1052 5162 vel
1079 5106 1161 5179 in
1203 5108 1613 5179 iSamaritano:
1669 5106 1806 5164 non'
1839 5109 2087 5179 denique

448 5178 610 5251 apud
638 5178 1242 5251 _in_terpretesgLXX,
1299 5179 1530 5248 Chald.,
1565 5181 1692 5251 Syr.
1754 5187 1851 5234 aut
1909 5178 2083 5236 Arab.

447 5247 1046 5324 Crediderim’majori
1079 5266 1146 5324 ex
1180 5255 1344 5321 parte
1374 5247 1557 5307 fuisSe
1589 5247 1855 5324 mutuata
1886 5267 2082 5324 eicap.

443 5336 514 5374 XL
546 5319 742 5387 Exodi,
776 5337 923 5394 vers.
959 5322 1048 5388 22,
1094 5319 1208 5376 huc
1257 5339 1392 5377 vero
1443 5323 1727 5378 translata
1775 5323 1978 5394 paucis
2011 5319 2083 5379 ad

441 5407 678 5447 sensum
714 5392 951 5448 mutatis
979 5399 1034 5448 et
1065 5395 1484 5463 superadditis.
1542 5395 1687 5448 Huic
1737 5392 2082 5464 conjectura:

446 5466 596 5518 lavet
654 5465 976 5534 ipsummet
1032 5466 1528 5529 additamentum,
1589 5465 1745 5535 quod
1796 5483 1906 5521 non
1968 5485 2081 5523 uno

444 5535 777 5618 modoz'nec
805 5536 1032 5618 eisdem
1064 5537 1255 5592 verbis
1287 5544 1634 5618 cgiipeptum
1696 5537 1982 5618 reperitpr
2021 5539 2077 5618 in

446 5620 586 5660 mss.
622 5605 767 5660 Nam
804 5607 862 5662 in
897 5607 1094 5664 codice
1128 5624 1290 5663 num.
1323 5609 1356 5662 3
1385 5613 1439 5662 S.
1471 5605 1773 5664 'Germani
1811 5626 1843 5664 a
1892 5609 2078 5666 Pratis

443 5675 524 5730 ita
565 5677 820 5747 legimus
866 5696 878 5734 :
922 5679 1363 5752 LoquereAaron,
1422 5685 1478 5736 et
1527 5679 1672 5737 dices
1719 5679 1788 5736 ad
1844 5696 1991 5752 eum,
2021 5691 2080 5740 ut

2206 4678 2353 4745 dice,
2389 4695 2444 4731 n.
2469 4679 2504 4732 5
2537 4674 2549 4730 ἐ
2594 4678 2832 4747 Loquere
2869 4685 3071 4744 Aaron,
3114 4682 3164 4732 et
3205 4676 3347 4730 dices
3399 4677 3476 4732 ad
3512 4693 3638 4731 cum
3671 4693 3691 4728 :
3723 4674 3870 4730 Cum

2200 4749 2452 4819 posueris
2479 4756 2678 4819 septem
2705 4749 2968 4803 lucernas
2991 4747 3484 4815 candelabrorum,
3518 4749 3579 4803 in
3619 4749 3877 4802 australi

2200 4826 2360 4891 parte
2411 4820 2564 4890 eriqe
2605 4836 2716 4874 eas.
2769 4821 2875 4875 Hoc
2935 4819 3111 4889 igitur
3165 4821 3410 4890 praecepi
3454 4824 3515 4874 ut
3592 4819 3865 4885 lucernae,

2200 4898 2306 4947 etc.
2337 4897 2513 4947 Porro
2545 4892 2603 4946 in
2638 4907 2862 4946 canone
2893 4907 3104 4946 sensus
3135 4891 3245 4945 iste
3276 4897 3383 4957 est,
3417 4906 3549 4945 cum
3585 4891 3866 4960 posueris

2201 4963 2493 5027 lucernas,
2519 4980 2720 5018 versus
2739 4979 2865 5016 eam
2903 4970 3123 5033 partem
3159 4979 3285 5032 quis
3335 4963 3646 5033 respondet
3676 4962 3863 5017 fronti

2200 5034 2560 5100 candelabri,
2593 5033 2787 5089 lucere
2819 5033 3134 5100 debebunt,
3171 5037 3226 5088 id
3263 5040 3368 5101 est,
3402 5039 3611 5098 rostra,
3636 5033 3695 5088 in
3717 5035 3865 5104 qui-

2199 5107 2310 5234 Iteque
2331 5105 2622 5176 ellychnia
2638 5111 2799 5174 sunt,
2818 5105 3120 5162 habebunt
3137 5115 3472 5162 antrorsum
3497 5105 3861 5178 spectantia.

2259 5195 2392 5232 arar.

2230 5179 2392 5233 tam.

2268 5281 2330 5290 ——
2369 5248 2616 5303 Urbinas
2641 5265 2749 5302 ms.
2807 5248 3013 5316 addit,
3063 5247 3457 5302 candelabrum
3498 5248 3559 5301 in
3606 5250 3859 5304 australi

2193 5330 2354 5390 parte
2382 5321 2578 5390 erigat.
2616 5324 2729 5374 Hoc
2781 5319 2960 5388 igitur
2987 5319 3248 5390 praecipe,
3272 5323 3330 5375 ut
3380 5320 3618 5374 lucernae
3647 5329 3860 5375 contra

2196 5394 2417 5446 boream
2473 5408 2500 5445 e
2556 5392 2777 5460 regione
2855 5390 3156 5460 respiciant
3207 5391 3277 5446 ad
3322 5407 3575 5446 mensam
3629 5407 3857 5462 panum

2189 5464 2609 5534 proliositionis;
2643 5463 2796 5534 quod
2833 5464 3069 5533 quidem
3095 5463 3563 5534 additamentum
3591 5469 3650 5534 et
3674 5465 3860 5532 paulo

2193 5533 2443 5590 diversis
2476 5533 2673 5589 verbis
2702 5535 2758 5605 in
2794 5534 2927 5590 aliis
2959 5551 3102 5590 mss.
3164 5533 3854 5605 Martianazushinveuit,

2188 5613 2244 5689 et
2278 5607 2595 5689 praeferupt
2627 5604 3052 5689 Vulgatidibri,
3078 5605 3309 5689 jamdiu
3341 5621 3475 5689 vero
3511 5603 3649 5661 olim
3673 5603 3855 5663 theoé

2189 5675 2306 5753 logi
2334 5678 2726 5736 Lovanienses
2750 5675 2928 5734 bbelo
2960 5675 3378 5750 praenotarunt.
