4068 6172
285 357 363 411 39η
1577 353 1792 406 LIBER
1833 353 2320 409 NUMERORUM.

3535 358 3637 412 398

280 479 400 532 omni
427 477 790 533 multitudine
822 476 1084 532 ﬁliorum
1123 475 1320 531 Israel.
1361 477 1620 545 Cumque
1671 474 1874 530 Levitaa
1910 477 1957 542 Α
1999 478 2208 546 primo,
2233 477 2434 533 dicens
2461 497 2472 534 :
2503 479 2734 534 Faciant
2757 479 2856 548 ﬁlii
2881 479 3054 534 Israel
3087 480 3272 536 Phase
3295 481 3350 535 in
3378 485 3643 554 tempore

283 572 449 625 fuerint
475 584 662 622 coram
697 566 962 634 Domino,
1011 564 1381 637 ponentgﬁlii
1438 564 1610 620 Israel
1659 580 1872 618 manus

280 675 385 714 suas
409 673 568 729 super
596 673 716 712 eos.
749 657 819 710 Et
851 656 1053 710 offeret
1082 653 1161 726 [b.
1195 654 1464 724 elevabit]
1497 659 1686 708 Aaron
1726 653 1873 707 Levi-

284 754 367 814 tas,
392 763 589 801 munus
618 745 676 799 in
707 749 1019 815 conspectu
1059 743 1280 798 Domini
1325 761 1356 797 a
1389 743 1527 797 ﬁliis
1569 741 1768 807 Israel,
1813 745 1875 795 ut

278 838 478 892 serviant
507 835 564 889 in
598 833 926 889 ministerio
959 833 1086 903 ejus
1130 832 1328 887 Levita
1377 847 1610 902 quoque
1659 833 1876 902 ponent

278 943 443 980 manus
468 940 600 978 suas
633 939 812 993 super
841 922 1034 994 capita
1087 922 1287 991 boum,
1339 937 1370 976 θ
1421 921 1640 991 quibus
1688 935 1872 974 unum

279 1016 418 1070 facies
455 1030 552 1086 pro
600 1017 860 1083 peccato,
912 1016 969 1066 et
1014 1011 1264 1066 alterum
1337 1010 1392 1064 in
1463 1008 1872 1064 holocaustum

280 1104 483 1172 Domini,
512 1107 577 1157 ut
607 1101 937 1172 depreceris
968 1117 1070 1171 pro
1097 1100 1202 1155 eis.
1236 1100 1586 1169 Statuesque
1647 1098 1874 1153 Levites

280 1195 321 1247 in
348 1195 633 1263 conspectu
659 1196 848 1246 Aaron
876 1193 932 1243 et
964 1187 1220 1244 ﬁliorum
1243 1189 1394 1260 ejus,
1420 1192 1476 1243 et
1502 1185 1876 1242 consecrabis

277 1280 460 1335 oblatos
488 1279 757 1346 Domino,
793 1296 859 1334 ac
903 1278 1206 1350 separabis
1259 1277 1330 1332 de
1380 1277 1570 1331 medio
1619 1275 1873 1330 ﬁliorum

279 1369 433 1436 lsrael,
457 1374 518 1424 ut
548 1368 670 1424 sint
702 1368 836 1423 mei.
858 1368 926 1422 Et
948 1372 1151 1438 postea
1180 1366 1584 1438 ingredientur
1605 1366 1878 1420 taberna-

271 1459 430 1512 culum
473 1457 751 1514 fosderis'
807 1456 886 1525 [b.
922 1472 1154 1528 semper
1204 1456 1378 1511 habet
1426 1453 1873 1510 tabernaculum

274 1547 451 1618 placiti]
501 1552 568 1601 ut
629 1546 884 1602 serviant
938 1545 1107 1601 mihi.
1153 1543 1364 1616 Sicque
1423 1543 1762 1616 puriﬁcabis
1822 1546 1879 1597 et

270 1635 598 1691 consecrabis
628 1651 726 1690 eos
757 1635 816 1689 in
849 1633 1202 1690 oblationem
1236 1632 1468 1688 Domini
1501 1633 1582 1700 [b.
1621 1648 1735 1686 non
1770 1630 1878 1685 ha-

273 1725 347 1778 bet
373 1725 627 1796 Domini],
664 1723 943 1796 quoniam
997 1724 1148 1778 dono
1204 1722 1398 1776 donati
1459 1726 1598 1777 sunt
1658 1719 1804 1774 mihi
1846 1737 1878 1773 a

1985 582 2089 619 suo
2121 573 2333 637 quarta
2364 569 2595 624 decima
2627 568 2720 623 die
2749 569 2967 623 mensis
3004 569 3183 639 hujus
3215 570 3282 626 ad
3309 587 3637 642 vesperam,

1977 655 2147 724 juxta
2201 672 2404 710 omnes
2453 656 2826 712 rmremonias
2875 662 2932 712 et
2981 659 3435 726 justiﬁcationes
3488 660 3633 729 ejus.

1987 743 2380 816 Przecepitque
2413 746 2599 801 Moses
2632 746 2772 801 ﬁliis
2801 746 2998 811 Israel,
3034 753 3096 801 ut
3142 747 3398 803 facerent
3424 749 3630 805 Phase.

1983 832 2090 895 Qui
2121 833 2382 888 fecerunt
2407 838 2668 905 tempore
2691 850 2835 889 suo:
2862 839 3072 904 quarta
3093 836 3322 892 decima
3343 837 3436 892 die
3466 854 3632 893 men-

1985 921 2065 976 sis
2107 923 2176 976 ad
2239 938 2567 993 vesperam,
2603 923 2659 976 in
2721 928 2918 978 monte
2975 924 3132 978 Sinai
3163 925 3245 992 (h.
3281 927 3338 980 in
3399 927 3630 982 deserto

1985 1010 2189 1082 Sinai).
2241 1015 2416 1066 Juxta
2475 1012 2670 1067 omnia
2727 1029 2855 1083 quae
2915 1015 3291 1069 mandaverat
3350 1016 3632 1071 Dominus

1986 1100 2151 1168 Mosi,
2203 1101 2472 1156 fecerunt
2522 1100 2624 1155 filii
2685 1101 2884 1158 Israel.
2920 1102 3000 1172 (C.
3037 1102 3218 1164 XXV.)
3242 1104 3383 1159 Ecce
3435 1110 3632 1160 autem

1985 1188 2224 1258 quidam
2261 1191 2551 1245 immundi
2598 1207 2777 1262 super
2810 1191 3004 1245 anima
3052 1191 3335 1258 hominis,
3367 1193 3466 1264 qui
3519 1210 3632 1249 non

1987 1281 2252 1348 poterant
2309 1280 2494 1334 facere
2543 1278 2728 1334 Phase
2785 1280 2842 1334 in
2900 1280 2992 1334 die
3040 1279 3159 1346 illo,
3195 1282 3533 1336 accedentes
3565 1282 3634 1335 ad

1986 1366 2181 1421 Mosen
2237 1371 2293 1421 et
2339 1371 2525 1424 Aaron
2579 1368 2849 1424 dixerunt
2895 1369 3014 1424 eis:
3083 1369 3377 1425 Immundi
3429 1387 3637 1426 sumus

1987 1471 2163 1526 super
2207 1457 2403 1511 anima
2459 1457 2736 1512 hominis.
2772 1460 2958 1522 Quare
3015 1459 3359 1515 fraudamur
3402 1465 3464 1514 ut
3522 1477 3633 1516 non

1985 1543 2280 1600 valeamus
2310 1546 2514 1600 offerre
2561 1545 2913 1602 oblationem
2973 1546 3218 1603 Domino
3266 1549 3323 1603 in
3373 1553 3637 1621 tempore

1987 1649 2093 1687 suo
2122 1633 2276 1688 inter
2318 1633 2470 1689 ﬁlios
2523 1635 2748 1690 Israel?
2780 1636 3006 1700 Quibus
3056 1637 3357 1708 respondit
3405 1639 3631 1694 Moses:

1987 1722 2144 1776 State
2170 1727 2232 1776 ut
2251 1723 2555 1778 consulam
2583 1726 2721 1795 quid
2745 1726 3041 1798 praecipiat
3058 1726 3338 1782 Dominus
3351 1727 3422 1781 de
3442 1727 3630 1782 vobis.

271 1813 378 1868 ﬁliis
409 1813 604 1870 Israel.
646 1814 728 1883 [Ο.
761 1812 950 1880 XXII.]
985 1812 1090 1866 Pro
1140 1809 1542 1882 primogenitis
1585 1826 1712 1880 qua:
1745 1825 1878 1877 ape-
1914 1831 1958 1894 Β
1990 1812 2074 1877 (C.
2124 1810 2337 1872 XXVI.)
2372 1812 2743 1883 Locutusque
2795 1819 2886 1869 est
2941 1813 3226 1870 Dominus
3284 1817 3350 1869 ad
3414 1815 3630 1882 Mosen,

269 1903 394 1958 riunt
432 1918 663 1958 omnem
707 1901 935 1956 vulvam
996 1901 1055 1956 in
1107 1899 1309 1965 Israel,
1342 1899 1538 1970 accepi
1599 1915 1717 1953 eos.
1759 1897 1882 1953 Mea

265 1998 377 2048 sunt
414 1993 610 2047 omnia
658 1989 1054 2062 primogenita
1109 1988 1362 2044 ﬁliorum
1417 1986 1614 2054 Israel,
1646 1991 1766 2042 tam
1815 2002 1883 2040 ex

268 2081 574 2136 hominibus
604 2097 780 2151 quam
807 2096 875 2134 ex
898 2079 1206 2150 jumentis.
1237 2079 1312 2132 Ex
1348 2078 1438 2132 die
1472 2093 1586 2148 quo
1617 2075 1879 2147 percussi

263 2187 406 2225 omne
436 2167 889 2242 primogenilum
937 2168 996 2222 in
1050 2172 1205 2223 terra
1235 2167 1485 2238 Egypti,
1521 2163 1878 2220 sanctiﬁcavi

266 2275 344 2314 eos
368 2259 517 2324 mihi,
556 2265 614 2314 et
645 2258 751 2313 tuli
790 2257 1008 2313 Levitas
1040 2271 1143 2328 pro
1197 2257 1425 2311 cunctis
1473 2252 1880 2326 primogenitis

264 2347 476 2404 filiorum
510 2347 695 2405 Israel
722 2365 738 2416 ;
762 2346 1094 2417 tradidique
1116 2363 1215 2402 eos
1266 2346 1419 2400 dono
1443 2350 1633 2398 Aaron
1657 2349 1713 2397 et
1742 2342 1879 2398 ﬁliis

262 2440 365 2507 ejus
391 2440 457 2493 de
503 2437 702 2492 medio
750 2436 1003 2490 ﬁliorum
1041 2433 1223 2489 Israel
1257 2435 1297 2502 ²,
1336 2438 1396 2488 ut
1426 2431 1683 2486 serviant
1735 2430 1879 2485 mihi

262 2543 346 2596 pro
375 2526 498 2582 ﬁliis
528 2524 710 2581 Israel
737 2525 793 2580 in
827 2523 1204 2579 tabernaculo
1235 2522 1469 2576 fmderis
1491 2525 1548 2576 et
1579 2523 1744 2575 orent
1776 2535 1878 2590 pro

261 2615 349 2682 eis,
371 2632 433 2670 ne
463 2616 540 2670 sit
580 2616 636 2668 in
674 2614 887 2685 populo
922 2612 1115 2684 plaga,
1141 2612 1188 2666 si
1213 2611 1340 2666 ausi
1371 2610 1588 2664 fuerint
1608 2609 1879 2662 accedere

262 2703 318 2758 ad
348 2705 700 2759 sanctarium
735 2703 815 2771 [b.
850 2706 908 2757 et
936 2706 1102 2756 orent
1129 2716 1230 2772 pro
1261 2698 1400 2755 ﬁliis
1452 2696 1648 2764 Israel,
1684 2713 1756 2751 ne
1804 2697 1881 2751 sit

260 2790 307 2845 in
336 2792 459 2846 ﬁliis
490 2789 674 2848 Israel
706 2795 897 2862 plaga,
923 2805 1056 2845 cum
1090 2787 1442 2844 accesserint
1471 2786 1573 2840 ﬁlii
1609 2784 1781 2841 Israel
1807 2784 1876 2838 ad

263 2881 685 2950 sanctuarium].
721 2880 1117 2950 Feceruntque
1150 2879 1337 2932 Moses
1367 2881 1423 2932 et
1455 2881 1646 2930 Aaron
1676 2883 1730 2930 et
1755 2889 1879 2930 om-

256 2970 332 3024 nis
374 2970 690 3026 multitudo
733 2967 986 3023 ﬁliorum
1039 2966 1211 3022 Israel
1264 2982 1442 3037 super
1490 2963 1703 3019 Levitis
1753 2978 1878 3033 qua

253 3065 577 3130 praeceperat
614 3058 897 3112 Dominus
949 3057 1133 3112 Mosi:
1173 3054 1582 3126 puriﬁcatique
1631 3057 1788 3120 sunt,
1823 3057 1880 3105 et

258 3147 500 3204 laverunt
530 3147 883 3203 vestimenta
912 3163 1038 3201 sua.
1074 3144 1439 3214 Elevavitque
1465 3159 1562 3198 eos
1594 3148 1783 3196 Aaron
1819 3142 1877 3194 in

1991 1900 2192 1954 dicens
2220 1918 2231 1954 :
2266 1899 2521 1971 Loquere
2550 1901 2686 1957 ﬁliis
2719 1901 2933 1957 Israel:
2971 1904 3151 1959 Ilomo
3183 1903 3283 1974 qui
3315 1903 3488 1960 fuerit
3516 1904 3634 1959 im-

1991 1990 2250 2044 mundus
2281 2006 2459 2062 super
2490 1991 2704 2057 anima,
2740 1991 2860 2046 sive
2891 1993 2948 2046 in
2981 1993 3069 2047 via
3100 1993 3303 2064 procul
3354 1993 3412 2048 in
3462 1999 3632 2065 gente

1988 2083 2197 2144 vestra,
2258 2079 2429 2134 faciat
2477 2079 2663 2135 Phase
2722 2079 2952 2136 Domini
3016 2083 3034 2116 ³
3094 2097 3296 2138 mense
3349 2084 3629 2149 secundo,

1990 2171 2199 2237 quarta
2231 2168 2457 2222 decima
2488 2170 2580 2224 die
2613 2170 2832 2224 mensis
2864 2169 2934 2224 ad
2966 2186 3288 2241 vesperam,
3322 2187 3455 2226 cum
3507 2187 3638 2243 azy-

1991 2256 2102 2311 mis
2129 2261 2184 2310 et
2217 2256 2460 2312 lactucis
2501 2259 2805 2328 agrestibus
2837 2259 2919 2327 (h.
2955 2275 3069 2314 non
3109 2259 3305 2330 habet)
3336 2261 3644 2316 comedent

1988 2341 2132 2397 illud
2158 2360 2170 2397 :
2201 2360 2312 2398 non
2346 2343 2680 2414 relinquent
2711 2362 2777 2400 ex
2809 2362 2874 2402 eo
2906 2347 3207 2418 quidpiam
3234 2364 3420 2418 usque
3443 2363 3638 2416 mane,

1988 2437 2044 2486 et
2073 2450 2137 2486 os
2169 2433 2296 2502 ejus
2347 2451 2460 2488 non
2510 2435 2899 2506 confringant,
2933 2452 3167 2491 omnem
3221 2437 3400 2492 ritum
3451 2436 3642 2493 Phase

1989 2521 2404 2576 observabunt.
2439 2522 2497 2576 Si
2531 2523 2665 2592 quis
2708 2529 2902 2578 autem
2937 2528 2992 2579 et
3040 2526 3300 2581 mundus
3331 2532 3439 2591 est,
3471 2531 3529 2580 et
3576 2525 3636 2581 in

1989 2608 2195 2664 itinere
2225 2627 2336 2665 non
2373 2610 2497 2680 fuit,
2531 2617 2586 2666 ct
2619 2617 2813 2667 tamen
2866 2630 2979 2668 non
3032 2613 3167 2668 fecit
3215 2615 3417 2684 Phase,
3447 2620 3633 2671 exter-

1990 2699 2312 2753 minabitur
2337 2701 2535 2755 anima
2570 2700 2669 2756 illa
2699 2701 2768 2757 de
2800 2701 3030 2772 populis
3061 2703 3207 2771 suis,
3238 2703 3374 2775 quia
3404 2704 3630 2759 sacriﬁ-

1987 2787 2142 2842 cium
2167 2787 2412 2842 Domiuo
2453 2806 2566 2844 non
2616 2789 2828 2844 obtulit
2865 2794 3125 2861 tempore
3147 2808 3290 2847 suo:
3321 2797 3626 2864 peccatum

1987 2893 2161 2931 suum
2193 2875 2316 2948 ipse
2348 2879 2616 2949 portabit.
2644 2878 2990 2950 Peregrinus
3026 2897 3260 2953 quoque
3291 2885 3348 2937 et
3391 2882 3634 2938 advena‘

1987 2965 2036 3020 si
2067 2966 2241 3020 fuerit
2270 2967 2422 3037 apud
2457 2983 2555 3022 vos
2587 2967 2666 3030 (h.
2699 2967 2921 3024 advena
2951 2985 3184 3039 quoque
3231 2969 3330 3041 qui
3379 2971 3634 3043 peregri-

1989 3055 2228 3111 nabitur
2257 3056 2410 3126 apud
2445 3061 2587 3125 vos),
2617 3057 2791 3112 faciet
2821 3057 3006 3114 Phase
3049 3057 3295 3115 Domino
3320 3060 3487 3131 juxta
3533 3077 3638 3114 cae-

1995 3145 2286 3200 remonias
2319 3150 2375 3199 et
2411 3144 2867 3215 justiﬁcationes
2917 3148 3063 3218 ejus.
3097 3148 3455 3220 Przeceptum
3487 3148 3642 3204 idem

255 3242 546 3310 conspectu
601 3236 857 3303 Domini,
882 3242 940 3291 et
986 3235 1169 3291 oravit
1218 3251 1318 3305 pro
1343 3204 1434 3288 eis
1483 3239 1546 3287 ut
1590 3230 1880 3304 puriﬁcati
1912 3204 1954 3272 δ
1997 3235 2107 3287 erit
2136 3233 2288 3304 apud
2313 3204 2546 3288 vosvtam
2574 3235 2807 3290 advenas
2831 3204 3008 3306 quain
3033 3204 3344 3306 indigenas.
3366 3237 3644 3306 (B.XXI.)

259 3325 697 3398 ingrederentur
726 3327 797 3381 ad
848 3324 1035 3381 ofﬁcia
1065 3340 1171 3380 sua
1201 3323 1283 3393 (h.
1319 3328 1381 3376 ut
1413 3323 1881 3394 puriﬁcarentur.

257 3414 313 3468 Et
342 3422 464 3486 post
493 3417 620 3472 haec
652 3414 903 3483 ingressi
936 3417 1076 3469 sunt
1107 3412 1309 3467 Levitaa
1339 3413 1412 3466 ad
1447 3411 1640 3466 ofﬁcia
1671 3412 1799 3480 sua]
1827 3409 1885 3463 in

255 3505 688 3562 tabernaculum
725 3503 956 3560 fmderis
989 3518 1182 3558 coram
1227 3503 1418 3555 Aaron
1453 3505 1508 3555 et
1555 3500 1693 3555 ﬁliis
1739 3501 1888 3570 ejus.

253 3595 392 3650 Sicut
423 3599 787 3668 praeceperat
821 3593 1108 3648 Dominus
1142 3593 1282 3646 Mosi
1316 3592 1386 3645 de
1424 3590 1657 3657 Levitis,
1694 3591 1771 3644 ita
1805 3591 1888 3644 fa-

257 3690 395 3740 ctum
429 3691 538 3742 est.
578 3686 668 3757 [Β.
694 3683 844 3752 ΧΙΧ,
875 3683 936 3737 C.
963 3681 1181 3751 XXIII.]
1211 3681 1571 3750 locutusque
1605 3678 1890 3734 Dominus

257 3773 314 3826 ad
362 3775 584 3841 Mosen,
619 3771 856 3828 dicens:
893 3775 1020 3825 Hrec
1066 3774 1155 3825 est
1185 3768 1274 3825 lex
1329 3768 1692 3824 Levitarum:
1728 3770 1770 3821 A
1801 3767 1892 3821 vi-

254 3861 383 3932 ginti
417 3864 694 3934 quinque
724 3861 896 3916 annis
928 3865 984 3914 et
1017 3877 1196 3931 supra
1238 3857 1660 3928 ingrediantur,
1690 3861 1753 3911 ut
1782 3855 1894 3910 mi-

258 3949 494 4006 nistrent
523 3951 586 4006 in
625 3947 1002 4004 tabernaculo
1034 3947 1286 4003 foederis.
1311 3950 1572 4017 Cumque
1605 3946 1895 4018 quinqua-

252 4039 527 4107 gesimum
565 4055 792 4095 annum
826 4037 1011 4092 aetatis
1041 4035 1430 4108 impleverint,
1466 4035 1681 4091 servire
1712 4051 1899 4089 cessa-

256 4126 423 4183 bunt:
448 4133 748 4198 eruntque
782 4126 1034 4181 ministri
1069 4126 1316 4179 fratrum
1353 4141 1596 4179 suorum
1621 4123 1678 4178 in
1713 4124 1900 4178 taber-

1996 3322 2178 3393 Igitur
2208 3322 2298 3377 die
2332 3339 2448 3393 qua
2479 3328 2736 3379 erectum
2771 3330 2860 3380 est
2909 3325 3378 3393 tabernaculum,
3408 3327 3640 3399 cperuit

1997 3409 2139 3464 illud
2178 3411 2382 3466 nubes.
2412 3413 2456 3465 A
2489 3428 2727 3483 vespere
2758 3418 2953 3468 autem
2987 3431 3166 3486 super
3184 3414 3498 3471 tentorium
3523 3421 3649 3471 erat

2000 3498 2166 3568 quasi
2201 3498 2424 3570 species
2455 3499 2604 3569 ignis
2636 3517 2823 3572 usque
2857 3518 3048 3558 mane.
3080 3503 3172 3558 Sic
3204 3504 3381 3559 ﬁebat
3403 3503 3646 3575 jugiter:

2003 3603 2104 3658 per
2153 3587 2303 3642 diem
2363 3588 2661 3660 operiebat
2721 3588 2864 3644 illud
2916 3592 3125 3660 nubes,
3157 3599 3216 3647 et
3265 3609 3367 3663 per
3416 3597 3644 3647 noctem

2003 3675 2168 3746 quasi
2202 3677 2426 3747 species
2460 3677 2635 3749 ignis.
2675 3677 2760 3747 (B.
2794 3677 2998 3746 XXVL,
3021 3683 3082 3734 C.
3118 3680 3364 3746 XXVII.)
3385 3683 3648 3750 Cumque

2004 3764 2197 3819 ablata
2230 3766 2437 3821 fuisset
2468 3766 2653 3820 nubes
2676 3782 2799 3835 quaa
2823 3767 3262 3823 tabernaculum
3288 3769 3649 3839 protegebat,

2005 3857 2146 3908 tunc
2188 3856 2710 3925 proﬁciscebantur
2767 3855 2868 3909 filii
2906 3856 3105 3926 Israel,
3137 3861 3195 3911 et
3248 3857 3305 3911 in
3367 3857 3490 3912 loco
3551 3857 3650 3911 ubi

2007 3944 2267 4000 stetisset
2289 3945 2499 4009 nubes,
2526 3945 2603 3999 ibi
2629 3947 3156 4001 castrametabantu
3169 3964 3210 4000 r.
3233 3947 3318 4000 Ad
3342 3945 3652 4015 imperium

2007 4035 2238 4090 Domini
2272 4035 2816 4106 proﬁciscebantur,
2851 4042 2906 4090 et
2934 4037 3004 4090 ad
3038 4035 3350 4106 imperium
3404 4035 3563 4090 illius
3596 4036 3657 4089 ﬁ-

2010 4125 2224 4195 gebant
2269 4123 2709 4178 tabernaculum
2745 4124 2827 4192 (h.
2862 4124 3472 4194 castrametabantur).
3505 4130 3657 4179 Cun-

255 4219 446 4272 uaculo
510 4217 754 4272 fmderis
812 4222 876 4270 ut
935 4214 1269 4270 custodiant
1329 4230 1456 4284 quae
1516 4213 1626 4267 sibi
1688 4213 1903 4267 fuerint
2012 4216 2120 4267 ctis
2152 4212 2379 4281 diebus,
2412 4212 2629 4282 quibus
2662 4213 2853 4268 stabat
2885 4214 3071 4269 nubes
3105 4231 3283 4286 super
3312 4215 3656 4270 tabernacu-

254 4307 682 4372 commendata,
709 4321 883 4375 opera
916 4308 1108 4358 autem
1144 4303 1274 4373 ipsa:
1305 4301 1383 4357 (h.
1421 4319 1533 4356 non
1567 4302 1760 4371 habet)
1786 4317 1901 4356 non
2010 4301 2158 4368 lum,
2193 4302 2511 4356 manebant
2563 4302 2620 4355 in
2654 4303 2855 4357 eodem
2889 4302 3014 4358 loco
3041 4321 3053 4370 ;
3079 4308 3135 4358 et
3164 4304 3214 4356 si
3273 4305 3564 4360 evenisset
3597 4308 3660 4358 ut

256 4391 473 4450 faciant.
509 4395 612 4449 Sic
649 4393 924 4464 dispones
957 4392 1171 4446 Levitis
1206 4392 1262 4445 in
1292 4390 1573 4445 custodiis
1603 4390 1748 4445 suis.
2014 4390 2198 4446 multo
2223 4396 2482 4461 tempore
2507 4396 2766 4446 maneret
2785 4408 2958 4463 super
2978 4392 3326 4458 illud,erant
3351 4391 3456 4447 ﬁlii
3479 4391 3656 4448 Israel

316 4483 401 4550 (T.
435 4487 536 4549 VI,
575 4484 640 4538 Β.
671 4481 788 4546 XX,
833 4481 894 4536 C.
949 4479 1087 4545 XIX,
1143 4480 1276 4550 Cap.
1328 4480 1446 4549 IX.)
1507 4479 1758 4534 Locutus
1816 4482 1906 4534 est
2014 4481 2073 4533 in
2107 4479 2365 4534 excubiis
2401 4480 2651 4544 Domini,
2685 4484 2741 4534 et
2773 4497 2885 4535 non
2940 4480 3461 4552 proﬁciscebantur
3488 4484 3656 4550 quot-

254 4567 529 4626 Dominus
564 4572 642 4626 ad
670 4571 868 4625 Mosen
895 4571 951 4624 iu
980 4569 1210 4624 deserto
1245 4567 1427 4632 Sinai,
1450 4583 1602 4622 anno
1641 4568 1901 4622 secundo
1936 4569 1978 4632 ι)
2011 4573 2146 4638 quot
2173 4568 2380 4622 diebus
2415 4567 2621 4623 fuisset
2655 4570 2840 4624 nubes
2874 4584 3054 4640 super
3084 4566 3656 4624 tabernaculum.Ad

254 4667 561 4732 postquam
625 4658 847 4731 egressi
905 4663 1044 4713 sunt
1095 4658 1166 4712 de
1225 4661 1383 4712 terra
1414 4657 1665 4728 Egypti,
1700 4672 1900 4712 mense
2012 4657 2326 4728 imperium
2361 4657 2589 4712 Domini
2617 4658 3190 4729 erigebanttentoria
3221 4658 3300 4730 (h.
3327 4657 3662 4730 proﬁcisce-

321 4894 334 4923 ¹
366 4891 570 4947 Monet
732 4887 1638 4971 scholion_m_arginale,textum.
1665 4887 1902 4971 Helirai-
2013 4889 2231 4971 placiti,
2263 4889 2442 4971 idest
2473 4898 2648 4971 13:13:.
2682 4889 3073 4971 Hieronymus
3109 4889 3456 4971 plerumque
3501 4890 3667 4971 testi-7

253 4977 398 5036 cum,
435 4981 544 5036 pro
580 4962 964 5036 tabernacula
990 4959 1235 5036 magnis,
1271 4975 1500 5036 semper
1548 4959 1765 5036 habere
1816 4963 1904 5012 ta-
2018 4963 2214 5026 monii,
2247 4965 2364 5036 aut‘
2396 4961 2614 5036 traderis
2661 4962 2856 5026 vertit,
2891 4959 3444 5036 rarius_'ptariti.'Et
3479 4960 3667 5030 potuit

257 5029 629 5090 bernaéulum
685 5031 908 5102 placili.
947 5029 1008 5086 In
1070 5031 1304 5086 Hebraeo
1364 5030 1599 5100 quidem
1658 5029 1908 5100 legimus
2016 5041 2208 5090 tamen
2239 5049 2308 5086 ex
2355 5029 2462 5088 hoc
2504 5033 2628 5103 ipso
2689 5039 2890 5102 putare
2947 5029 3313 5090 Martianteus
3366 5029 3664 5088 auctorem

260 5137 485 5195 semper
518 5133 678 5187 ’τἮῄ
709 5107 851 5195 ΒΠξι,
883 5120 1005 5195 anet
1036 5119 1224 5174 moed:
1261 5128 1412 5182 11m:
1451 5119 1628 5195 _m__wd_
1652 5133 1783 5195 vero
1837 5119 1909 5172 ab
2020 5104 2885 5195 SCEIQlefglPJHf’POQXITIB{11;_
3171 5179 3222 5195 ᾗ,
3530 5172 3670 5195 μμ,ιέ

255 5172 1410 5267 aié'rzi'yzﬁ'o'wéiiiitga'inlapsaeis";
1451 5172 1554 5267 lib.
1576 5261 1586 5267 _
1611 5192 1654 5267 In
1685 5193 1882 5267 Regun

2092 5178 2110 5210 ²
2147 5177 2208 5267 In
2243 5174 2531 5267 vulgatis,
2590 5172 2662 5231 De
2710 5175 2888 5230 medio
2919 5177 3130 5248 p0puti,
3165 5179 3224 5230 ut
3254 5175 3496 5230 serviant
3526 5172 3667 5228 mihi

256 5248 369 5336 cap.
395 5248 634 5334 ίιίξέὸ,
659 5248 720 5320 et
745 5248 892 5320 alibi
918 5281 930 5336 ς
967 5263 1121 5336 unde
1144 5248 1282 5336 .non
1303 5260 1693 5336 improbabile
1723 5248 1879 5336 sumi

2022 5248 2365 5336 Ρνίέἔὶναθίκ
3068 5320 3102 5336 ,λ
3213 5317 3285 5327 .,

257 5317 343 5391 tur
364 5317 826 5409 argumentum,
853 5334 1069 5409 scholia
1102 5317 1452 5409 marginalia
1469 5333 1714 5409 canonis
1737 5334 1882 5388 Hebr

2022 5317 2038 5401 ξ
2095 5319 2120 5409 ξ
2149 5319 2285 5374 Mss.
2319 5322 2374 5372 ct
2409 5332 2604 5398 .canon
2633 5321 2822 5409 ι[αςίιιξ
2847 5318 3015 5400 phase
3063 5317 3288 5409 Domini
3304 5335 3316 5383 ;
3351 5317 3505 5409 quo‘d
3541 5331 3673 5409 per:

258 5374 420 5465 ἓὲὲῑῖ
435 5374 1452 5465 33313331“bli)"ui§§eme“d§{&'€£xi“
1468 5374 1912 5475 signasse:
2025 5390 2161 5475 Lude
2177 5396 2300 5472 ,δεμ
2324 5389 2465 5475 quia
2484 5374 2683 5472 mm‘ﬁ-
2711 5374 2956 5475 ιᾳάόηαί
2989 5394 3175 5475 ppteat
3208 5374 3682 5475 ίυιέτρεθξειιτίρρι

264 5460 765 5536 sis}."'""“
1045 5460 1086 5462 7'
1157 5460 1160 5461 ν
1687 5460 1706 5475 ”
2028 5462 2371 5536 Πονῃὶῖιοηθῐ
2428 5461 2646 5516 Domini
2704 5469 2768 5518 ut
2827 5468 3043 5518 norunt
3117 5460 3330 5531 linguas
3391 5460 3679 5514 Hebraicaa

2107 5532 2224 5587 riti.
2264 5531 2448 5587 MART.

2070 5549 2224 5589 er1t1.
2264 5549 2448 5587 MART.

2029 5549 2064 5604 ρ
2103 5607 2124 5639 ὀ
2178 5603 2618 5674 Urbinaswms.
2656 5649 2670 5673 ,
2725 5603 3059 5674 Peregrinus
3131 5617 3254 5674 vero
3336 5610 3386 5657 et
3471 5601 3682 5674 aduena

324 5636 390 5647 —
424 5607 596 5662 Idem
634 5619 796 5669 mss.,
831 5602 1245 5675 ingrediantur.
1269 5602 1432 5675 Quod
1467 5600 1712 5675 adnotat
1740 5602 1920 5675 Scho-

2034 5691 2169 5731 mox
2226 5691 2359 5730 cum
2391 5673 2541 5740 aliis,
2571 5671 2747 5730 Faciet
2781 5671 2953 5729 Phase
2981 5671 3221 5742 Domini,
3257 5689 3360 5744 pro
3414 5673 3680 5729 Domino.

261 5670 455 5734 liastes
513 5691 759 5749 semper
816 5670 1176 5732 in'Hebraeo
1234 5673 1436 5730 haberi
1495 5672 1923 5729 tabernaculum
