4068 6172
373 376 478 429 399
518 394 523 399 ‘

1396 376 1454 426 S.
1496 371 1901 425 HIERONYMI
1940 370 2191 423 DIVINA
2233 368 2728 423 BIBLIOTHECA.

3679 357 3782 412 400

382 502 613 564 bantur,
635 504 691 557 et
713 501 781 554 ad
807 499 1120 574 imperium
1149 495 1380 552 Domini
1407 493 2018 565 castrametabantur),
2057 495 2104 560 Α
2135 498 2190 548 et
2216 493 2479 548 ordinem
2512 508 2687 547 suum
2713 506 2726 545 :
2751 507 3004 562 quorum
3039 489 3310 560 princeps
3338 491 3461 544 erat
3493 485 3685 541 Elisur
3719 486 3784 540 ﬁ-

381 597 436 644 et
467 592 538 645 ad
571 589 882 661 imperium
916 587 1076 642 illius
1109 576 1488 657 deponebant.
1517 584 1573 639 Si
1598 585 1805 639 fuisset
1840 584 2024 638 nubes

385 697 417 732 a
448 696 684 750 vespere
715 694 899 749 usque
932 693 1118 743 mane,
1155 680 1211 730 et
1241 676 1437 730 statim
1472 673 1729 730 diluculo
1761 672 2026 727 taberna-

385 767 582 821 culum
646 766 1002 837 reliquisset,
1064 763 1638 835 proliciscebantur:
1689 767 1747 817 et
1802 761 1847 816 si
1897 764 2028 833 post

389 855 542 909 diem
576 859 632 910 et
683 859 911 910 noctem
966 853 1328 921 recessisset,
1361 852 1730 922 dissipabant
1776 848 2028 906 tentoria

386 945 463 1011 (b.
501 945 1066 1016 proﬁciscebantur).
1100 943 1160 997 Si
1191 942 1370 998 biduo
1402 947 1504 996 aut
1536 958 1650 996 uno
1695 955 1893 994 mense
1939 937 2025 992 vel

381 1033 627 1103 longiori
662 1039 924 1104 tempore
953 1033 1159 1087 fuisset
1184 1048 1360 1102 super
1399 1029 1864 1094 tabernaculum,
1899 1044 2025 1082 ma-

384 1125 604 1177 nebant
629 1121 734 1176 ﬁlii
772 1121 946 1176 Israel
982 1121 1036 1174 in
1073 1121 1273 1175 eodem
1301 1120 1448 1187 loco,
1471 1125 1527 1173 et
1547 1136 1661 1173 non
1697 1117 2026 1189 proﬁcisce—

384 1212 599 1266 bantur
657 1210 853 1265 statim
916 1215 1111 1264 autem
1171 1213 1236 1262 ut
1312 1208 1670 1273 recessisset,
1719 1207 2028 1261 movebant

385 1308 565 1355 castra
595 1300 677 1370 (b.
712 1316 825 1354 non
877 1299 1091 1366 habet).
1125 1299 1232 1352 Per
1289 1299 1532 1353 verbum
1594 1295 1824 1350 Domini
1887 1295 2026 1365 ﬁge-

385 1389 527 1442 bant
558 1386 802 1442 tentoria
827 1387 907 1458 (b.
939 1385 1557 1454 castrametabantur),
1589 1388 1644 1437 et
1669 1382 2022 1451 perverbum

386 1476 546 1532 illius
569 1476 1124 1548 proﬁciscebantur;
1151 1473 1503 1544 erantquein
1519 1472 1781 1527 excubiis
1795 1469 2026 1525 Domini

380 1567 548 1636 juxta
578 1565 891 1636 imperium
922 1565 1051 1634 ejus
1086 1581 1186 1635 per
1218 1579 1458 1617 manum
1491 1562 1652 1615 Mosi.

461 1659 545 1723 (Β.
578 1653 775 1719 XXIII,
808 1654 867 1709 C.
902 1652 1163 1717 XXVIII,
1196 1653 1326 1722 Cap.
1379 1651 1466 1715 Χ.)
1525 1654 1894 1720 Locutusque
1942 1653 2032 1704 est

390 1745 676 1799 Dominus
729 1743 798 1796 ad
830 1745 1050 1810 Mosen,
1083 1740 1323 1795 dicens:
1360 1740 1468 1794 Fac
1516 1739 1618 1792 tibi
1663 1739 1809 1792 duas
1859 1739 2028 1792 tubas

391 1831 697 1902 (h.tibias)
756 1835 1059 1902 argenteas
1118 1828 1378 1894 ductilis,
1435 1827 1654 1897 quibus
1713 1842 2030 1880 convocare

389 1922 581 1993 possis
613 1919 1060 1974 multitudinem
1086 1919 1316 1988 quando
1351 1917 1630 1970 movenda
1658 1920 1796 1970 sunt
1818 1921 2027 1969 castra.

385 2011 650 2081 Cumque
706 2006 1068 2078 increpueris
1098 2006 1200 2077 5(b.
1232 2005 1647 2075 increpuerint)
1681 2003 1858 2071 tubis,
1891 2019 2031 2058 con—

386 2099 730 2171 gregabitur
759 2099 830 2152 ad
861 2103 917 2152 te
949 2096 1140 2152 omnis
1170 2095 1342 2150 turba
1371 2096 1441 2149 ad
1495 2094 1710 2149 ostium
1756 2094 2030 2148 taberna-

386 2189 501 2244 culi
561 2188 810 2243 fmderis.
844 2188 902 2240 Si
961 2183 1140 2241 semel
1199 2183 1551 2255 clangueris,
1583 2182 1816 2236 venient
1873 2183 1941 2235 ad
1976 2187 2032 2236 te

388 2278 702 2349 principes,
737 2281 792 2330 et
821 2275 1009 2346 capita
1041 2272 1441 2328 multitudinis
1472 2270 1671 2327 Israel.
1704 2271 1801 2324 Sin
1835 2276 2029 2324 autem

389 2365 666 2437 prolixior
697 2369 871 2434 atque
901 2363 1172 2418 concisus
1205 2361 1445 2432 clangor
1476 2360 1832 2431 increpuerit
1865 2359 1945 2429 (b.
1971 2359 2030 2413 Si

392 2471 508 2509 una
539 2454 774 2508 illarum
806 2452 1196 2523 clanguerint,
1229 2450 1462 2504 venient
1509 2450 1579 2504 ad
1630 2454 1685 2503 te
1713 2447 2027 2519 principes,

390 2543 584 2615 capita
649 2541 1046 2598 multitudinis
1093 2539 1309 2595 Israel:
1374 2539 1463 2593 sin
1514 2544 1706 2592 autem
1761 2539 2032 2591 concisus

390 2633 632 2704 clangor
658 2629 1065 2703 increpuerit),
1095 2629 1415 2684 movebunt
1471 2633 1661 2682 castra
1707 2625 1880 2697 primi
1931 2624 2030 2696 qui

390 2727 530 2776 sunt
561 2723 631 2778 ad
664 2719 1006 2776 orientalem
1042 2717 1292 2790 plagam.
1329 2717 1390 2772 In
1425 2717 1682 2772 secundo
1714 2720 1906 2770 autem
1941 2731 2032 2770 so-

393 2811 579 2865 nitum
610 2814 668 2864 et
689 2809 810 2880 pari
832 2807 1060 2862 ululatu
1082 2807 1236 2861 tuba)
1259 2806 1533 2860 levabunt
1560 2804 1810 2858 tentoria
1834 2803 1914 2874 (b.
1940 2821 2033 2859 ca-

388 2902 532 2968 stra)
555 2899 653 2970 qui
689 2897 958 2953 habitant
989 2897 1057 2951 ad
1097 2895 1422 2960 meridiem,
1448 2895 1692 2964 etjuxta
1723 2898 1878 2953 hunc
1913 2909 2034 2947 mo-

384 2989 526 3043 dum
557 2987 765 3057 reliqui
798 2988 1025 3051 facient,
1047 2984 1413 3038 ululantibus
1444 2983 1603 3037 tubis
1637 2982 1692 3035 in
1727 2981 2032 3052 profectio-

385 3092 538 3131 nem.
570 3075 814 3139 Quando
847 3078 1044 3128 autem
1105 3072 1553 3143 congregandus
1610 3076 1701 3124 est
1759 3069 2035 3141 pepulus,

385 3163 633 3235 simplex
663 3163 935 3217 tubarum
969 3161 1209 3231 clangor
1238 3160 1370 3223 erit,
1404 3165 1460 3214 et
1491 3177 1603 3214 non
1639 3159 1868 3214 concise
1901 3156 2033 3212 ulu-

386 3220 609 3307 labiint.
648 3251 768 3306 Filii
802 3256 995 3306 autem
1028 3220 1220 3304 Aaron
1279 3220 1608 3303 sacerdotes
1639 3248 1912 3318 clangent
1945 3251 2028 3299 tu-
2064 3220 2107 3287 (ἶ

387 3342 516 3396 bis:
550 3341 777 3410 eritque
807 3340 915 3394 hoc
971 3338 1303 3409 legitimum
1362 3337 1787 3408 sempiternum
1847 3337 1904 3389 in
1936 3351 2037 3405 ge-

390 3429 788 3484 nerationibus
845 3427 1072 3483 vestris.
1127 3427 1181 3480 Si
1243 3426 1506 3481 exieritis
1568 3426 1639 3480 ad
1695 3424 1911 3479 bellum
1968 3425 2039 3478 de

388 3523 542 3573 terra
571 3521 763 3572 vestra
792 3521 995 3571 contra
1027 3517 1242 3577 hostes,
1269 3515 1367 3585 qui
1401 3514 1688 3568 dimicant
1725 3513 2035 3566 adversum

389 3626 510 3677 vos,
547 3608 827 3680 clangetis
859 3607 1229 3661 ululantibus
1257 3605 1440 3672 tubis,
1474 3610 1530 3659 et
1561 3606 1670 3659 erit
1714 3604 2038 3659 recordatio

392 3699 565 3755 vestri
597 3714 787 3753 coram
826 3697 1066 3751 Domino
1110 3696 1224 3751 Deo
1277 3701 1486 3760 vestro,
1520 3699 1585 3748 ut
1633 3693 1919 3748 eruamini
1968 3694 2038 3747 de

392 3789 668 3844 manibus
691 3786 1063 3840 inimicorum
1090 3789 1436 3840 vestrorum.
1461 3783 1517 3836 Si
1550 3783 1784 3853 quando
1808 3782 2040 3836 habebi-

390 3879 465 3934 tis
523 3878 782 3950 epulum,
815 3880 871 3930 et
927 3876 1051 3930 dies
1111 3876 1310 3940 festos,
1343 3879 1400 3928 et
1460 3873 1766 3940 Kalendas,
1817 3871 2039 3926 canetis

389 3968 548 4025 tubis
574 3983 752 4040 super
780 3965 1136 4020 holocaustis
1159 3968 1215 4018 et
1246 3964 1502 4034 pacificis
1524 3962 1804 4030 victimis,
1823 3967 1892 4015 ut
1922 3962 2042 4015 sint

389 4058 554 4114 vobis
603 4057 660 4111 in
714 4053 1181 4110 recordationem
1234 4052 1332 4106 Dei
1384 4051 1580 4106 vestri.
1619 4051 1697 4119 (h.
1734 4051 1788 4104 in
1849 4065 2037 4104 recor-

388 4148 685 4203 dationem
731 4145 790 4198 in
846 4148 1162 4213 conspectu
1197 4141 1295 4196 Dei
1343 4140 1534 4195 vestri.
1571 4140 1688 4211 Ego
1708 4138 2035 4206 Dominus).

389 4243 541 4290 Deus
596 4237 806 4290 vester.
841 4232 930 4304 (T.
965 4230 1086 4296 VII,
1123 4231 1184 4284 Β.
1230 4229 1433 4298 XXIV,
1486 4228 1547 4283 C.
1594 4227 1818 4298 XXIX.)
1877 4230 2037 4282 Anno

389 4324 668 4394 secundo,
703 4336 903 4376 mense
967 4321 1251 4385 secundo,
1303 4318 1581 4372 vicesima
1639 4317 1733 4371 die
1793 4316 2036 4382 mensis,

389 4415 612 4468 elevata
641 4416 731 4466 est
762 4411 948 4464 nubes
983 4409 1053 4463 de
1087 4408 1462 4468 tabernaculo
1495 4405 1730 4461 l‘mderis
1760 4406 1840 4477 ,b.
1875 4406 2038 4460 testi-

388 4503 626 4571 monii):
661 4499 1022 4571 profectique
1070 4502 1210 4551 sunt
1271 4496 1377 4549 ﬁlii
1437 4495 1616 4551 Israel
1680 4511 1782 4566 per
1811 4499 2038 4548 turmas

2136 581 2252 636 lius
2284 582 2524 636 Sedeur.
2553 583 2611 636 In
2646 581 2799 636 tribu
2833 587 3024 635 autem
3050 578 3303 634 ﬁliorum
3337 577 3595 645 Simeon,
3622 577 3786 648 prin-

2135 689 2270 742 ceps
2305 671 2706 727 fuitSelumiel
2744 669 2900 724 ﬁlius
2931 669 3295 725 Surisaddai.
3325 668 3498 722 Porro
3531 666 3587 720 in
3623 665 3780 720 tribu

2137 761 2254 815 Gad
2289 766 2408 815 erat
2445 761 2713 832 princeps
2747 759 3012 831 Eliasaph
3050 758 3204 812 ﬁlius
3232 756 3477 812 Dehuel.
3513 756 3785 812 Profecti-

2139 867 2250 922 que
2282 855 2419 904 sunt
2446 855 2499 904 et
2529 849 2803 904 Caalbitzn
2838 852 3136 921 portantes
3163 847 3569 902 sanctuarium
3605 844 3687 914 (b.
3723 849 3793 922 Et

2136 940 2439 1010 erigebant
2494 939 2933 995 tabernaculum
2996 939 3178 992 donec
3235 936 3522 1002 venirent,
3553 934 3611 988 id
3674 916 3787 1004 est:

2137 1030 2435 1100 erigebant
2464 1027 2911 1083 tabernaculum
2945 1026 3047 1080 ﬁlii
3081 1026 3302 1081 Gerson
3334 1031 3391 1080 et
3422 1023 3656 1090 Merari,
3679 1023 3787 1078 do-

2136 1133 2240 1171 nec
2275 1117 2536 1172 venirent
2565 1115 3138 1184 Caatbitae).Tandiu
3178 1113 3625 1169 tabernaculum
3659 1129 3789 1184 per~

2136 1207 2373 1260 tabatur
2401 1208 2581 1261 donec
2615 1205 2877 1261 venirent
2904 1205 2972 1259 ad
3005 1204 3316 1260 erectionis
3349 1202 3562 1258 locum.
3589 1202 3784 1257 Move-

2137 1302 2274 1352 runt
2304 1301 2498 1352 castra
2555 1302 2610 1352 et
2665 1296 2768 1351 ﬁlii
2831 1296 3105 1369 prraim
3166 1312 3268 1368 per
3325 1299 3558 1349 turmas
3617 1310 3782 1359 suas,

2137 1388 2193 1441 in
2229 1403 2478 1458 quorum
2511 1386 2758 1442 exercilu
2819 1385 3089 1458 princeps
3143 1389 3266 1440 erat
3322 1383 3577 1439 Elisama
3626 1381 3787 1438 ﬁlius

2136 1477 2436 1531 Ammiud.
2455 1478 2515 1531 In
2541 1477 2696 1532 tribu
2720 1482 2912 1532 autem
2935 1475 3189 1531 ﬁliorum
3217 1475 3489 1530 Manasse
3511 1475 3789 1546 princeps

2138 1568 2249 1622 fuit
2280 1566 2561 1622 Garnaliel
2593 1566 2747 1620 ﬁlius
2779 1565 3136 1621 Pbadassur.
3174 1569 3242 1619 Et
3272 1567 3327 1618 in
3380 1564 3536 1619 tribu
3569 1565 3786 1634 Benja-

2139 1657 2260 1711 min
2321 1657 2437 1710 dux
2468 1656 2648 1726 [γαίῃ.
2684 1655 2804 1710 add.
2841 1655 2986 1726 erat]
3019 1655 3248 1710 Abidan
3305 1654 3462 1710 ﬁlius
3503 1653 3785 1710 Gedeoni.

2139 1744 2806 1800 Novissimicastrornm
2857 1744 3125 1799 omnium
3182 1744 3421 1815 profecti
3481 1748 3621 1799 sunt
3681 1742 3790 1796 ﬁlii

2144 1835 2257 1888 Dan
2295 1850 2396 1904 per
2425 1837 2651 1889 turmas
2681 1850 2842 1901 suas,
2875 1832 2934 1887 in
2995 1849 3246 1904 quorum
3306 1832 3560 1888 exercitu
3621 1832 3791 1903 prin—

2139 1938 2273 1990 ceps
2307 1922 2416 1975 fuit
2447 1921 2687 1976 Ahiezer
2716 1921 2873 1976 ﬁlius
2907 1922 3267 1976 Amisaddai.
3302 1922 3366 1977 In
3397 1922 3553 1976 tribu
3587 1926 3789 1976 autem

2140 2011 2387 2064 ﬁliorum
2410 2013 2552 2065 Aser
2569 2017 2692 2065 erat
2715 2011 2984 2082 princeps
3006 2009 3322 2081 Pbagabiel
3350 2011 3506 2065 ﬁlius
3528 2009 3785 2065 Achran.

2138 2105 2209 2154 Et
2239 2099 2299 2152 in
2334 2099 2486 2154 tribu
2524 2099 2734 2154 ﬁliorm
2769 2099 3079 2171 Nepbtbali
3117 2099 3389 2171 princeps
3421 2099 3596 2154 Abira
3626 2099 3790 2153 ﬁlius

2140 2187 2355 2242 Henan.
2392 2188 2521 2242 Haec
2554 2195 2693 2242 sunt
2724 2193 2912 2243 castra
2939 2188 3020 2258 [b.
3059 2190 3148 2243 llze
3182 2193 3322 2243 sunt
3349 2187 3784 2260 profectiones],

2139 2283 2194 2330 et
2225 2277 2608 2348 profectiones
2640 2277 2893 2332 ﬁliorum
2951 2277 3125 2332 Israel
3186 2293 3286 2348 per
3342 2285 3568 2333 turmas
3620 2294 3790 2338 suas.

2141 2367 2374 2436 quando
2435 2365 2903 2436 egrediebantur.
2938 2367 3021 2436 [Β.
3057 2366 3216 2432 XXV,
3249 2367 3310 2421 C.
3365 2365 3548 2437 XXX.]
3605 2367 3790 2421 Dixit-

2141 2470 2252 2524 que
2284 2453 2475 2508 Moses
2507 2454 2709 2508 Hobab
2742 2454 2859 2508 ﬁlio
2907 2454 3125 2525 Raguel
3177 2455 3505 2522 Madianiti,
3539 2462 3793 2525 cognato

2141 2559 2283 2597 suo:
2313 2542 2740 2597 Proﬁciscimur
2771 2544 2839 2597 ad
2875 2542 3064 2598 locum
3102 2560 3276 2614 quem
3302 2545 3592 2599 Dominus
3623 2544 3792 2598 datu-

2144 2647 2242 2686 rus
2299 2636 2388 2686 est
2419 2631 2626 2686 nobis:
2663 2631 2789 2686 veni
2849 2633 3179 2698 nobiscum,
3231 2646 3291 2688 ut
3352 2632 3794 2688 benefaciamus

2141 2720 2284 2774 tibi:
2321 2720 2460 2790 quia
2491 2720 2776 2775 Dominus
2809 2721 2958 2775 bona
2991 2722 3260 2792 promisit
3309 2721 3506 2777 Israel.
3538 2723 3642 2778 Cui
3690 2722 3793 2778 ille

2143 2809 2477 2879 respondit:
2514 2809 2638 2863 Non
2672 2810 2875 2864 vadam
2909 2814 3124 2876 tecum,
3157 2812 3256 2864 sed
3292 2815 3546 2866 revertar
3578 2810 3632 2864 in
3669 2816 3791 2865 ter-

2143 2915 2264 2951 ram
2299 2914 2512 2966 meam,
2547 2897 2604 2951 in
2637 2915 2750 2968 qua
2803 2903 2976 2953 natus
3028 2915 3183 2954 sum.
3220 2899 3285 2954 Et
3338 2899 3472 2954 ille:
3507 2899 3657 2967 Noli,
3692 2901 3791 2954 in-

2144 2987 2266 3057 qui,
2301 3003 2407 3042 nos
2441 2986 2804 3056 relinquere:
2831 2994 2892 3042 tu
2925 2987 3082 3042 enim
3117 2988 3268 3043 nosti
3299 2989 3357 3042 in
3393 2989 3610 3060 quibus
3640 2987 3792 3044 locis

2145 3093 2246 3147 per
2300 3076 2597 3130 desertum
2652 3081 2843 3131 castra
2901 3093 3114 3147 ponere
3171 3079 3508 3147 debeamus,
3559 3083 3615 3133 et
3671 3079 3793 3134 eris

2147 3167 2355 3218 ductor
2384 3170 2582 3219 noster
2611 3165 2693 3232 [b.
2724 3165 2808 3219 'I‘u
2859 3167 3015 3220 enim
3064 3166 3217 3221 nosti
3266 3169 3562 3236 quomodo
3592 3167 3648 3220 in
3682 3167 3797 3221 de-

2147 3259 2300 3308 serto
2333 3255 2719 3308 castrametati
2751 3271 2981 3320 sumus,
3015 3260 3072 3310 et
3102 3256 3216 3310 eris
3263 3255 3434 3311 nobis
3479 3261 3540 3310 ut
3593 3254 3796 3326 oculi].

2146 3347 2410 3413 Cumque
2443 3344 2750 3398 nobiscum
2778 3343 3025 3411 veneris,
3052 3344 3338 3414 quidquid
3362 3345 3645 3416 oplimum
3670 3347 3799 3401 fue-

2147 3433 2222 3486 rit
2250 3449 2318 3486 ex
2346 3433 2732 3504 opibus,quas
2764 3434 2932 3488 nobis
2963 3434 3207 3488 daturus
3232 3433 3412 3502 [Vulg.
3445 3435 3797 3505 traditurus]

2149 3527 2235 3576 est
2282 3521 2586 3591 Dominus,
2639 3521 2910 3576 dabimus
2938 3521 3064 3577 tibi.
3117 3523 3198 3594 [Β.
3266 3523 3497 3593 XXVI.]
3547 3524 3798 3579 Profecti

2149 3621 2288 3664 sunt
2319 3627 2454 3682 ergo
2487 3613 2558 3664 de
2591 3617 2786 3665 monte
2818 3611 3050 3665 Domini
3100 3613 3252 3665 viam
3307 3612 3478 3667 trium
3538 3612 3796 3682 dierum,

2150 3715 2400 3771 arcaque
2433 3700 2664 3754 foederis
2717 3700 2942 3754 Domini
2993 3701 3350 3770 praecedebat
3384 3717 3503 3768 eos,
3539 3717 3639 3773 per
3666 3701 3798 3757 dies

2149 3792 2270 3840 tres
2303 3788 2608 3859 providens
2675 3795 3001 3844 castrorum
3057 3788 3273 3844 locum.
3311 3790 3501 3846 Nubes
3560 3806 3804 3861 quoque

2149 3876 2382 3932 Domini
2439 3894 2617 3948 super
2673 3883 2796 3933 erat
2850 3893 2950 3948 per
3003 3876 3176 3944 diem,
3239 3895 3372 3933 cum
3432 3879 3793 3934 incederent.

2149 3967 2408 4036 Cumque
2466 3967 2789 4022 elevaretur
2844 3983 2995 4035 arca,
3057 3968 3290 4022 dicebat
3348 3968 3801 4040 Moses:Surge

2152 4055 2418 4124 Dnmine,
2451 4060 2508 4110 et
2538 4056 2905 4127 dissipentur
2934 4055 3156 4110 inimici
3190 4057 3296 4123 tui,
3330 4061 3387 4111 et
3437 4057 3664 4128 fugiant
3696 4059 3802 4129 qui

2149 4145 2399 4200 oderunt
2428 4150 2505 4214 te,
2537 4162 2569 4198 a
2594 4145 2738 4200 facie
2779 4151 2900 4200 tua.
2936 4151 3079 4199 Cum
3129 4151 3324 4200 autem
3379 4148 3798 4218 deponeretur,

2151 4234 2379 4289 aiebat:
2407 4234 2732 4301 Revertere,
2771 4234 3030 4304 Domine,
3055 4235 3125 4290 ad
3161 4233 3601 4290 multitudinem
3634 4252 3810 4291 exer-

2150 4324 2300 4377 citus
2331 4322 2525 4378 Israel.

2220 4411 2306 4478 (I3.
2340 4409 2562 4477 XXVII,
2609 4410 2669 4465 C.
2705 4409 2894 4477 XXXI,
2946 4414 3087 4481 Cap.
3144 4411 3260 4482 XI.)
3313 4415 3539 4468 Interea
3597 4419 3803 4468 ortum

2149 4506 2236 4553 est
2269 4515 2505 4553 mumur
2561 4498 2780 4569 populi,
2813 4499 2976 4568 quasi
3039 4500 3365 4555 dolentium
3417 4518 3520 4572 pro
3571 4501 3798 4569 labore,

386 4610 522 4649 suas
551 4595 620 4648 de
651 4593 881 4646 deserto
911 4591 1092 4654 Sinai,
1133 4595 1190 4643 et
1220 4588 1486 4642 recubuit
1520 4589 1704 4642 nubes
1736 4588 1791 4640 in
1826 4585 2030 4641 solilu-
2061 4589 2110 4656 Ι)
2143 4594 2343 4643 contra
2403 4588 2733 4642 Dominum.
2769 4589 2930 4652 Quod
2988 4605 3121 4642 cum
3173 4577 3442 4645 audisset
3480 4591 3798 4657 Dominus,

387 4683 522 4738 dine
554 4682 773 4736 Pbaran
801 4697 813 4735 :
846 4683 1266 4748 moveruntque
1289 4683 1481 4732 castra
1515 4677 1687 4747 primi
1715 4677 1886 4745 juxta
1918 4675 2028 4729 im-

386 4772 614 4845 perium
647 4769 880 4826 Domini
915 4768 974 4823 in
1011 4784 1187 4822 manu
1221 4767 1381 4821 Mosi.
1414 4766 1539 4820 Filii
1575 4765 1727 4820 Juda
1756 4783 1857 4837 per
1906 4770 2033 4818 tur-

387 4879 514 4917 mas
545 4876 680 4915 suas
715 4875 728 4913 :
763 4873 1011 4928 quorum
1065 4856 1338 4927 princeps
1393 4860 1518 4908 erat
1569 4859 1828 4908 Naasson
1877 4853 2033 4909 ﬁlius

384 4950 729 5007 Aminadab.
763 4951 822 5000 In
857 4945 1008 4999 tribu
1044 4943 1296 4999 ﬁliorum
1330 4943 1595 4999 Issacbar
1622 4944 1729 4997 fuit
1762 4943 2032 5015 princeps

386 5037 705 5095 Natbanael
741 5035 896 5090 ﬁlius
929 5033 1096 5088 Suar.
1125 5035 1183 5088 In
1220 5034 1404 5087 tribus
1435 5033 1692 5088 Zabulon
1715 5037 1836 5086 erat
1871 5032 2031 5103 prin-

385 5148 520 5204 ceps
542 5128 704 5184 Eliab
735 5124 891 5180 ﬁlius
922 5123 1125 5178 Helon.
1153 5122 1611 5194 Depositumque
1642 5129 1726 5176 est
1758 5122 2029 5176 taberna-

385 5221 604 5284 culum,
637 5215 792 5288 quod
827 5217 1125 5285 portantes
1150 5212 1374 5282 egressi
1406 5217 1546 5267 sunt
1576 5209 1681 5264 ﬁlii
1724 5210 1944 5264 Gerson
1975 5214 2027 5264 et

384 5308 612 5366 Merari.
640 5301 1002 5372 Profectique
1032 5306 1172 5356 sunt
1201 5304 1257 5356 et
1288 5299 1392 5354 ﬁlii
1425 5300 1653 5366 Ruben,
1677 5314 1780 5370 per
1803 5303 2029 5353 turmas

458 5566 472 5598 ¹
511 5557 784 5618 Nonnulli
809 5555 1037 5611 codices
1061 5569 1204 5608 mss.
1231 5551 1830 5625 leguntcumrcanone
1858 5553 2025 5608 Hebr.

385 5633 670 5700 veritatis,
728 5627 1006 5686 desiderio
1057 5624 1360 5682 carnium:
1415 5626 1533 5700 sed
1577 5624 1720 5700 illud
1775 5627 2030 5679 carnium

389 5720 615 5760 merum
658 5695 763 5759 'est
820 5699 1287 5756 additamentum
1351 5695 1693 5770 marginale,
1739 5712 2030 5768 exponens

2143 4678 2328 4732 iratus
2362 4678 2546 4731 est.Et
2574 4693 2859 4732 accensus
2889 4677 2949 4731 in
2979 4694 3076 4732 eos
3108 4678 3260 4748 ignis
3293 4678 3798 4734 Dominidevora-

2142 4766 2220 4818 vit
2250 4769 2571 4818 extremam
2605 4768 2932 4819 castrorum
2966 4771 3214 4834 partem.
3241 4766 3506 4837 Cumque
3537 4766 3797 4824 clamas—

2144 4859 2233 4908 set
2264 4852 2514 4924 populus
2547 4853 2616 4907 ad
2653 4853 2875 4920 Mosen,
2909 4853 3094 4907 oravit
3127 4854 3314 4909 Moses
3345 4856 3416 4909 ad
3448 4855 3796 4928 Dominum,

2143 4949 2199 4995 et
2229 4943 2542 5012 absorptus
2574 4947 2662 4996 est
2690 4942 2864 5011 ignis.
2914 4941 3268 5012 Vocavitque
3324 4961 3534 4999 nomen
3568 4943 3679 5000 loci
3723 4945 3796 5000 il-

2143 5030 2281 5094 lius,
2313 5029 2613 5084 Incensio:
2649 5047 2714 5085 eo
2768 5031 2920 5101 quod
2983 5031 3258 5087 incensus
3319 5032 3530 5088 fuisset
3590 5041 3807 5091 contra.

2141 5135 2240 5174 eos
2298 5119 2453 5190 ignis
2508 5119 2762 5174 Domini.
2798 5119 2880 5190 (Β.
2919 5119 3142 5190 XXVII,
3175 5120 3237 5175 C.
3267 5120 3519 5192 XXXII.)
3561 5122 3799 5195 Vulgus

2141 5209 2357 5280 quippe
2393 5208 2816 5277 promiscuum,
2842 5209 2998 5278 quod
3029 5211 3371 5265 ascenderat
3394 5226 3526 5265 cum
3552 5212 3660 5279 eis,
3688 5213 3800 5268 fla-

2139 5297 2321 5369 gravit
2353 5297 2641 5353 desiderio
2679 5300 2714 5365 ι,
2753 5299 2966 5353 sedens
2996 5304 3054 5353 et
3086 5299 3254 5370 ﬂens,
3278 5301 3503 5370 junctis
3535 5300 3647 5356 sibi
3679 5319 3796 5373 pa-

2141 5570 2254 5624 quo
2298 5552 2584 5608 desiderio
2630 5550 2836 5622 vulgus
2887 5552 3233 5624 flagraverit.
3271 5556 3642 5612 Translatum
3696 5564 3792 5614 est

2140 5623 2335 5705 autem
2355 5623 2430 5705 'in
2464 5640 2693 5705 sacrum
2717 5623 3049 5705 contextum
3067 5623 3546 5705 librariorumim
3553 5629 3789 5700 peritia,

2142 5697 2226 5753 uti
2285 5695 2434 5753 scire
2490 5695 2625 5751 licet
2682 5710 2711 5750 e
2785 5712 2895 5752 ms.
2957 5695 3276 5753 Bibliorum
3335 5698 3509 5771 Regio
3553 5695 3790 5759 Modice
