4068 6172
274 304 363 358 401

1585 301 1798 354 LIBER
1837 295 2323 352 NUMERORUM.

3559 300 3663 356 402

273 429 396 484 riter
423 427 555 482 ﬁliis
584 427 784 495 Israel,
817 433 872 482 et
903 427 983 482 ait
1015 444 1028 482 :
1075 427 1215 491 Quis
1276 426 1437 483 dabit
1493 424 1660 480 nobis
1705 423 1772 479 ad
1808 437 1902 476 ve-
1934 421 1990 486 Α
2021 420 2291 490 Nunquid
2325 436 2535 476 manus
2566 421 2795 478 Domini
2850 422 3108 481 invalida
3137 424 3277 482 est?
3316 427 3443 482 Jam
3506 445 3662 484 nunc

272 519 525 573 scendum
560 517 813 571 carnes?
847 516 1242 572 Recordemur
1302 516 1575 587 piscium,
1617 531 1763 584 quos
1810 529 1905 566 co-

274 607 672 662 mendebamus
704 607 761 660 in
786 610 1033 678 .iigypto
1080 606 1288 678 gratis,
1351 606 1406 659 in
1451 610 1704 659 mentem
1741 602 1909 656 nobis

271 697 491 750 veniunt
518 711 878 760 cucumeres,
905 700 962 749 et
1010 711 1290 766 pepones,
1341 693 1616 765 porrique
1645 697 1700 745 et
1729 707 1902 760 cepze.

271 792 318 841 et
346 784 490 838 allia.
526 784 605 854 (h.
641 783 810 839 Nunc
845 789 1041 838 autem
1103 783 1298 838 anima
1333 787 1532 837 nostra
1574 782 1736 836 arida
1771 779 1907 849 est),

269 874 449 929 Anima
474 876 670 928 nostra
702 873 866 928 arida
895 881 1002 940 est,
1034 871 1178 927 nihil
1215 871 1371 926 aliud
1403 870 1725 942 respiciunt
1755 868 1906 924 oculi

269 962 430 1017 nostri
463 962 574 1017 nisi
636 979 794 1016 man.
831 962 914 1031 (C.
980 961 1260 1024 XXXIII).
1316 961 1452 1015 Erat
1509 964 1703 1014 autem
1771 974 1902 1010 man

265 1052 413 1123 quasi
438 1067 631 1106 semen
667 1049 979 1116 coriandri,
1017 1049 1225 1105 coloris
1257 1047 1478 1104 bdellii.
1525 1045 1906 1102 Circumibat-

265 1156 362 1212 qua
393 1139 670 1211 populus,
703 1145 757 1194 et
815 1138 1096 1210 colligens
1137 1137 1304 1204 illud,
1371 1138 1673 1208 frangebat
1730 1135 1904 1201 mola,

262 1230 367 1284 sive
394 1229 618 1284 terebat
648 1229 704 1282 in
763 1227 1056 1293 mortario,
1110 1243 1370 1298 coquens
1418 1225 1475 1280 in
1519 1224 1651 1292 olla,
1712 1231 1769 1279 at
1821 1227 1901 1280 fa-

262 1319 402 1373 ciens
433 1335 498 1372 ex
533 1335 604 1372 eo
665 1317 912 1372 tortulas
972 1317 1202 1388 saporis
1250 1315 1416 1387 quasi
1480 1313 1647 1387 panis
1707 1313 1899 1369 oleati.

261 1408 496 1476 Cumque
523 1408 905 1461 descenderet
950 1413 1118 1462 nocte
1151 1422 1329 1476 super
1388 1409 1580 1459 castra
1639 1419 1752 1467 ros,
1809 1403 1904 1457 de-

260 1496 557 1549 scendebat
589 1494 805 1565 pariter
834 1500 890 1549 et
919 1511 1073 1549 man.
1117 1493 1348 1547 Audivit
1372 1509 1506 1563 ergo
1538 1492 1725 1546 Moses
1757 1491 1898 1545 flen-

259 1593 358 1640 tem
390 1583 673 1656 populum
705 1601 806 1655 per
838 1583 1111 1650 familias,
1143 1581 1410 1654 singulos
1444 1599 1544 1654 per
1577 1581 1726 1636 ostia
1769 1586 1897 1634 ten-

257 1675 371 1728 torii
399 1674 508 1728 sui.
540 1675 848 1744 [ratusque
875 1678 964 1727 est
999 1674 1158 1727 furor
1205 1673 1430 1726 Domini
1463 1669 1664 1726 valde:
1699 1670 1799 1724 sed
1844 1675 1898 1725 et

259 1763 384 1818 Mosi
411 1763 780 1818 intoleranda
804 1780 895 1818 res
929 1763 1050 1818 visa
1079 1767 1186 1817 est.
1236 1762 1304 1816 Et
1335 1761 1415 1816 ait
1443 1762 1510 1816 ad
1534 1759 1848 1815 Dominum
1881 1776 1893 1815 :
1930 1794 1976 1858 Β

257 1854 357 1907 Cur
383 1852 640 1908 aﬂlixisti
673 1869 904 1907 servum
935 1857 1099 1906 tuum
1120 1851 1147 1905 ?
1171 1867 1346 1920 quare
1366 1867 1478 1905 non
1505 1849 1734 1904 invenio
1774 1865 1898 1920 gra-

262 1944 382 1997 tiam
416 1959 614 1997 coram
647 1947 700 1996 te
720 1942 748 1996 ?
776 1947 833 1996 et
863 1958 968 1996 cur
999 1940 1332 2012 imposuisti
1385 1939 1616 2010 pondus
1647 1938 1902 1994 universi

262 2031 438 2102 populi
464 2032 648 2101 hujus
677 2048 851 2102 super
873 2047 965 2085 me
988 2030 1015 2084 ?
1050 2029 1324 2100 Nunquid
1361 2045 1465 2100 ego
1498 2026 1732 2098 concepi
1778 2044 1902 2082 om-

263 2137 368 2174 nem
404 2121 553 2175 hanc
615 2119 1026 2186 multudinem,
1076 2119 1161 2173 vel
1195 2117 1367 2190 genui
1414 2133 1561 2183 eam,
1620 2121 1682 2170 ut
1739 2116 1901 2171 dicas

261 2210 422 2263 mihi:
457 2214 628 2265 Porta
678 2226 776 2265 eos
838 2211 896 2264 in
943 2209 1074 2263 sinu
1119 2213 1218 2263 tuo
1273 2207 1425 2262 sicut
1475 2211 1701 2277 portare
1755 2205 1901 2260 solet

261 2302 430 2353 nutrix
469 2299 852 2366 infantulum,
877 2305 929 2354 et
963 2299 1119 2354 defer
1154 2299 1210 2351 in
1247 2303 1484 2360 terram,
1519 2312 1620 2366 pro
1653 2311 1766 2365 qua
1801 2295 1899 2366 ju-

261 2389 378 2442 rasti
410 2387 679 2458 patribus
728 2403 928 2441 eorum
956 2386 982 2439 Ὺ
1031 2386 1187 2442 Unde
1221 2384 1364 2439 mihi
1397 2401 1624 2450 carnes,
1664 2389 1727 2437 ut
1766 2384 1896 2437 dem

261 2481 412 2532 tantae
444 2474 818 2532 multitudini
849 2479 870 2528 .9
901 2477 1038 2530 ﬁent
1069 2483 1269 2529 contra
1326 2490 1439 2539 mc,
1487 2472 1781 2527 dicentes:
1821 2475 1898 2529 Da

260 2567 404 2620 nobis
435 2583 668 2633 carnes,
721 2571 784 2620 ut
834 2565 1231 2620 comedamus.
1270 2567 1391 2618 Non
1449 2579 1687 2633 possum
1734 2564 1896 2620 solus

260 2657 530 2710 sustinere
562 2671 796 2709 omnem
824 2654 980 2708 hunc
1028 2652 1329 2724 populum,
1366 2653 1502 2724 quia
1526 2659 1716 2725 gravis
1749 2657 1893 2712 mihi

258 2750 348 2798 est.
379 2747 474 2800 Sin
499 2742 678 2799 aliter
709 2744 807 2798 tibi
843 2744 1088 2812 videtur,
1124 2743 1364 2799 obsecro
1397 2744 1474 2816 (b.
1502 2745 1560 2799 Si
1606 2747 1688 2802 sic
1741 2747 1885 2802 mihi

258 2835 491 2889 facturus
516 2852 602 2902 es,
632 2833 916 2902 obsecro),
946 2832 1342 2887 utinterfictas
1377 2851 1488 2900 me,
1514 2840 1569 2889 et
1600 2835 1892 2892 inveniam

257 2923 472 2986 gratiam
533 2924 594 2976 in
659 2921 844 2977 oculis
904 2921 1041 2988 tuis,
1087 2938 1157 2976 ue
1211 2922 1392 2977 tantis
1429 2924 1650 2978 at'ficiar
1700 2926 1889 2982 malis.

257 3012 326 3075 (B.
357 3012 577 3082 XXIX.)
629 3017 693 3067 Et
722 3012 873 3066 dixit
899 3013 1182 3068 Dominus
1215 3013 1282 3067 ad
1319 3012 1552 3070 Mosen:
1596 3015 1894 3087 Congrcga

259 3101 378 3154 mihi
402 3101 779 3173 septuaginta
809 3102 964 3155 viros
987 3101 1057 3154 de
1091 3101 1333 3156 senibus
1364 3102 1560 3168 Israel,
1597 3121 1787 3174 quons
1829 3111 1889 3160 tu

258 3191 388 3244 nosti
420 3167 571 3262 quod
601 3167 772 3245 s'enes
805 3189 1002 3261 populi
1038 3189 1154 3245 sint
1185 3207 1250 3245 ac
1273 3167 1578 3261 magistri:
1612 3167 1894 3250 et~duces~
1921 3167 1966 3231 θ

257 3295 337 3333 eos
365 3281 428 3334 ad
456 3279 678 3334 ostium
727 3278 1088 3334 tabernaculi
1134 3280 1364 3334 fcederis
1395 3280 1477 3350 (b.
1523 3282 1591 3336 ad
1631 3284 1898 3339 taberna-

258 3367 431 3422 culum
466 3368 756 3437 fmderis),
811 3369 1099 3439 faciesque
1130 3367 1206 3422 ibi
1242 3375 1396 3424 stare
1458 3374 1670 3439 tecum,
1707 3381 1765 3428 ut
1806 3374 1893 3429 de.

255 3459 533 3524 scendam,
563 3462 623 3513 et
650 3457 856 3528 loquar
886 3457 988 3511 tibi
1019 3475 1030 3511 :
1063 3461 1118 3512 et
1139 3460 1398 3513 auferam
1434 3460 1504 3514 de
1535 3461 1744 3531 spiritu
1776 3467 1895 3528 tuo,

254 3549 577 3618 tradamquc
613 3549 720 3613 eis,
782 3552 846 3602 ut
882 3552 1216 3602 sustentent
1246 3552 1440 3603 tecum
1482 3565 1630 3605 onus
1676 3551 1894 3622 populi,

254 3640 428 3691 etnon
465 3641 524 3691 tu
586 3636 750 3691 solus
809 3634 1086 3707 graveris.
1133 3635 1362 3706 Populo
1409 3654 1634 3709 quoque
1686 3639 1843 3695 dices
1881 3656 1893 3694 :

255 3723 693 3781 Sanetificamini
731 3730 955 3791 cras,et
978 3726 1296 3780 comedetis
1316 3743 1538 3782 carnes.
1575 3727 1690 3799 Ego
1735 3730 1893 3784 enim

257 3815 425 3868 andivi
459 3831 559 3869 vos
598 3814 789 3868 dicere
822 3831 833 3868 ε
869 3812 1008 3876 Quis
1024 3813 1367 3868 dabitnobis
1399 3831 1562 3870 escas
1585 3816 1894 3873 carnium?

255 3901 378 3957 bene
434 3904 606 3959 nobis
637 3908 760 3957 erat
792 3903 850 3956 in
882 3903 1146 3974 .Egypto.
1182 3902 1253 3958 Ut
1285 3905 1382 3958 det
1425 3905 1585 3960 vobis
1617 3907 1897 3962 Dominus

254 4006 450 4059 carnes,
483 4001 541 4048 et
599 3992 918 4047 comedetis
954 3991 1030 4050 (b.
1102 3993 1269 4048 Dabit
1325 4011 1556 4065 quoque
1616 3997 1898 4052 Dominus

250 4082 390 4136 vobis
427 4099 658 4149 carnes,
693 4088 748 4137 et
778 4081 1156 4151 comedetis):
1185 4099 1298 4136 non
1338 4099 1453 4137 uno
1485 4084 1597 4152 die,
1624 4101 1727 4139 nec
1759 4086 1897 4140 duo-

256 4167 366 4236 bus,
399 4172 481 4226 vel
513 4171 777 4242 quinque
831 4180 932 4225 aut
963 4171 1186 4236 decem,
1235 4187 1335 4225 nec
1381 4171 1583 4242 viginti
1634 4173 1891 4244 quidem,

254 4261 338 4312 sed
374 4277 558 4331 usque
595 4261 661 4314 ad
696 4275 954 4314 mensem
977 4260 1228 4328 dierum,
1267 4262 1448 4316 donec
1480 4266 1642 4316 exeat
1659 4280 1759 4333 per
1794 4281 1893 4318 na-

254 4361 328 4400 res
351 4355 590 4413 vestras,
624 4352 964 4402 etvertatur
993 4347 1050 4401 in
1086 4364 1386 4414 nauseam,
1421 4367 1484 4404 eo
1519 4352 1671 4420 quod
1721 4369 1892 4422 repu-

252 4435 408 4490 leritis
443 4438 778 4501 Dominum,
814 4437 914 4506 qui
948 4436 1003 4489 in
1049 4437 1240 4490 medio
1272 4439 1448 4492 vestri
1479 4445 1587 4508 est,
1621 4445 1677 4494 et
1720 4440 1890 4495 ﬂeve-

2016 509 2238 564 videbis
2273 514 2468 564 utrum
2495 527 2654 566 meus
2682 529 2872 567 sermo
2912 531 3085 585 opere
3143 515 3522 587 compleatur.
3577 518 3658 586 (B,

2014 597 2174 665 XXX,
2228 604 2284 651 (Ξ.
2319 599 2565 670 XXXV.)
2625 601 2797 656 Venit
2829 602 3011 673 igitur
3056 607 3264 669 Moses,
3299 611 3354 660 et
3405 608 3663 662 narravit

2016 688 2230 759 populo
2262 690 2436 744 verba
2474 688 2726 757 Domini,
2785 707 3146 763 congregans
3179 695 3550 766 septuaginta
3580 697 3661 750 vi-

2016 794 2110 830 ros
2141 777 2211 831 de
2235 777 2474 831 senibus
2509 778 2706 849 populi
2738 780 2914 851 [ναις.
2973 781 3191 853 Israel],
3218 799 3365 852 quos
3397 793 3548 840 stare
3583 785 3658 841 fe-

2015 865 2094 920 cit
2123 866 2275 920 circa
2298 865 2760 921 tabernaculum.
2790 870 3214 941 Descenditque
3248 872 3528 928 Dominus
3561 891 3662 944 per

2014 954 2254 1021 nubem,
2287 959 2342 1009 et
2375 954 2608 1010 locutus
2639 964 2720 1010 est
2756 957 2826 1011 ad
2859 974 2992 1012 eum
3026 961 3294 1014 auferens
3331 961 3400 1016 de
3427 962 3658 1033 spiritu,

2015 1043 2114 1115 qui
2145 1049 2268 1098 erat
2300 1044 2355 1097 in
2392 1043 2574 1108 Mose,
2609 1050 2663 1099 et
2712 1045 2860 1102 dans
2893 1047 3264 1119 septuaginta
3293 1050 3453 1107 viris.
3485 1053 3658 1108 Cum-

2013 1149 2124 1204 que
2149 1133 2527 1204 requievisset
2548 1134 2604 1188 in
2630 1134 2714 1189 eis
2729 1134 2992 1206 spiritus:
3018 1137 3530 1210 prophetaverunt,
3556 1159 3661 1198 nec

2016 1223 2167 1277 ultra
2199 1229 2572 1278 cessaverunt
2596 1223 2676 1294 (b.
2711 1229 2768 1279 et
2801 1242 2913 1280 non
2955 1233 3372 1297 cessaverunt).
3406 1230 3657 1286 Reman-

2010 1316 2208 1366 serant
2241 1317 2433 1367 autem
2468 1313 2523 1366 in
2557 1312 2763 1368 castris
2795 1313 2909 1368 duo
2941 1314 3067 1380 viri,
3093 1332 3344 1386 quorum
3378 1335 3531 1374 unus
3563 1337 3659 1376 vo-

2008 1402 2250 1455 cabatur
2281 1401 2486 1469 Eldad,
2519 1409 2568 1456 et
2603 1401 2748 1457 alter
2768 1401 2995 1468 Medad,
3016 1421 3194 1476 super
3213 1423 3357 1476 quos
3380 1408 3664 1479 requievit

2009 1490 2271 1560 spiritus.
2326 1494 2467 1544 Nam
2503 1495 2560 1545 et
2612 1491 2723 1562 ipsi
2783 1492 3064 1564 descripti
3125 1496 3376 1562 fuerant,
3430 1503 3488 1552 et
3545 1514 3658 1553 non

2008 1579 2269 1634 exierant
2313 1580 2381 1634 ad
2437 1580 2904 1636 tabernaculum.
2939 1581 3200 1654 Cumque
3248 1586 3663 1656 prophetarent

2005 1671 2061 1723 in
2097 1669 2328 1733 castris,
2361 1670 2618 1724 cucurrit
2645 1686 2804 1740 puer,
2839 1671 3204 1726 etnuntiavit
3227 1672 3397 1742 Mosi,
3427 1674 3657 1745 dicens;

2007 1759 2186 1814 Eldad
2221 1763 2277 1813 et
2308 1759 2509 1813 Medad
2537 1758 2965 1830 prOphetantin
2991 1761 3220 1815 castris.
3247 1763 3453 1818 Statim
3486 1764 3661 1821 Josue

2015 1849 2172 1902 filius
2205 1848 2358 1914 Nun,
2405 1847 2671 1901 minister
2701 1847 2865 1914 Mosi,
2899 1847 3118 1904 electus
3149 1866 3178 1904 θ
3207 1850 3496 1921 pluribus,
3531 1855 3610 1908 ait
3643 1873 3655 1911 :

2015 1937 2260 1992 Domine
2296 1936 2370 1990 mi
2432 1939 2609 2003 Mose,
2662 1936 2901 2007 prohibe
2933 1953 3030 1992 eos
3064 1937 3146 2008 [h.
3198 1940 3431 1996 reclude
3462 1959 3562 1998 eos
3592 1945 3655 2015 ²].

2014 2026 2248 2081 Atille:
2285 2025 2456 2092 Quid,
2489 2025 2719 2096 inquid,
2753 2025 3046 2081 mmularis
3081 2045 3181 2098 pro
3217 2045 3306 2083 me
3335 2031 3363 2084 ?
3395 2032 3528 2101 quis
3556 2033 3659 2087 tri-

2015 2116 2154 2170 buat
2175 2121 2237 2170 ut
2257 2115 2452 2170 omnis
2484 2114 2738 2186 populus
2755 2115 3253 2186 prophetet,etdet
3275 2118 3358 2174 eis
3376 2119 3660 2177 Dominus

2011 2205 2285 2276 spiritum
2312 2221 2487 2258 suum
2515 2204 2541 2257 ?
2565 2204 2646 2273 [Β.
2671 2205 2909 2275 XXXI,)
2940 2208 3447 2278 Iteversusquebst
3471 2209 3660 2266 Moses

2012 2299 2066 2348 et
2101 2295 2346 2364 Majores
2378 2301 2514 2348 natu
2569 2294 2742 2348 Israel
2806 2294 2863 2347 in
2924 2298 3135 2349 castra.
3195 2295 3415 2352 Ventus
3466 2304 3661 2354 autem

2010 2383 2313 2454 egrediens
2347 2400 2378 2436 a
2410 2382 2674 2448 Domino,
2713 2386 2978 2454 arreptas
3012 2388 3175 2440 trans
3211 2402 3369 2442 mare
3399 2388 3657 2443 coturni—

2009 2490 2103 2528 ces
2162 2472 2392 2539 detulit,
2419 2477 2476 2528 et
2507 2472 2750 2526 demisit
2785 2473 2840 2527 in
2899 2478 3093 2529 castra
3122 2475 3325 2530 itinere
3374 2483 3659 2548 quantum

2008 2579 2123 2617 uno
2159 2561 2250 2615 die
2306 2561 2510 2616 conﬁci
2547 2566 2758 2631 potest,
2793 2579 2858 2616 ex
2911 2563 3065 2616 omni
3127 2569 3293 2634 parte
3331 2572 3660 2622 castrorum

2004 2673 2107 2726 per
2139 2655 2474 2722 circuitum,
2508 2653 2898 2725 volabantque
2934 2656 2989 2708 in
3025 2673 3153 2711 aere
3185 2658 3417 2714 duobus
3441 2660 3661 2717 cubitis

2004 2745 2315 2800 altitudine
2348 2761 2525 2815 super
2571 2748 2783 2799 terram
2817 2744 2900 2816 [h.
2950 2761 3014 2799 ex
3049 2746 3208 2800 omni
3241 2753 3403 2818 parte
3436 2759 3659 2804 castro-

2005 2850 2133 2887 rum
2158 2848 2255 2902 per
2276 2832 2613 2900 circuitum,
2633 2835 2689 2886 et
2712 2833 2962 2886 duorum
2989 2832 3323 2888 cubitorum
3349 2833 3660 2892 altitudine

2003 2937 2181 2992 super
2208 2920 2410 2975 faciem
2446 2923 2652 2987 terrae).
2688 2920 2946 2990 Surgens
2979 2937 3114 2992 ergo
3134 2921 3388 2994 populus
3421 2925 3540 2979 toto
3563 2925 3658 2981 die

2002 3010 2124 3077 illo,
2159 3014 2215 3066 et
2251 3013 2436 3078 nocte,
2465 3026 2530 3064 ac
2563 3008 2656 3064 die
2716 3009 2921 3076 altero,
2984 3012 3355 3083 congregavit
3398 3015 3656 3069 coturni-

2007 3118 2161 3167 cum,
2196 3099 2295 3170 qui
2331 3115 2557 3171 parum,
2595 3101 2794 3154 decem
2850 3117 3016 3155 coros
3046 3099 3128 3170 (b.
3185 3101 3281 3171 qui
3319 3118 3525 3158 narum
3561 3104 3658 3160 de-

2007 3206 2130 3246 cem
2162 3205 2423 3261 aggeres.
2460 3188 2558 3260 qui
2593 3188 2874 3244 Hebraice
2902 3189 3200 3260 2dicuntur
3238 3190 3571 3264 hamarim),
3605 3197 3662 3248 et

2006 3280 2377 3335 siccaverunt
2399 3293 2497 3331 eas
2530 3294 2632 3348 per
2661 3293 2865 3348 gyrum
2909 3283 3259 3334 castrorum.
3293 3280 3497 3335 Adhuc
3529 3297 3659 3336 car-

2009 3387 2109 3424 nes
2129 3376 2290 3422 erant
2319 3367 2373 3421 in
2400 3367 2678 3421 dentibus
2709 3367 2794 3434 (b.
2840 3367 2993 3423 inter
3035 3367 3263 3439 dentes)
3294 3385 3522 3439 eorum,
3556 3388 3660 3427 nec

2007 3458 2295 3513 defecerat
2354 3456 2694 3526 hujusmodi
2727 3456 2894 3511 cibus
2929 3471 2941 3509 :
2975 3460 3032 3511 et
3053 3473 3182 3513 ecce
3215 3459 3376 3514 furor
3426 3461 3661 3516 Domini

2007 3547 2334 3603 concitatus
2355 3543 2414 3600 in
2450 3545 2752 3617 populum,
2778 3545 3072 3616 percussit
3089 3563 3222 3602 cum
3255 3551 3424 3620 plaga
3448 3566 3662 3620 magna

2009 3636 2201 3691 nimis.
2234 3635 2602 3704 Vocatusque
2632 3639 2720 3690 est
2746 3634 2844 3690 ille
2895 3635 3076 3690 locus.
3109 3635 3390 3708 Sepulcra
3441 3655 3660 3694 concu-

2007 3726 2301 3798 piSCentim
2335 3725 2414 3779 ibi
2447 3724 2602 3778 enim
2665 3723 2987 3795 spelierunt
3037 3725 3316 3796 populum
3349 3726 3447 3796 qui
3506 3728 3658 3782 desi-

2008 3815 2324 3869 deraverat.
2361 3814 2444 3885 [’1‘.
2486 3812 2656 3884 VIII.)
2720 3812 2948 3883 Egressi
2983 3819 3181 3868 autem
3243 3815 3313 3868 de
3360 3815 3656 3885 Sepuleris

2007 3901 2490 3974 concupiscentiae
2513 3907 2798 3957 venerunt
2830 3901 2888 3956 in
2925 3903 3194 3959 Asaroth.
3223 3907 3277 3958 et
3303 3910 3656 3960 manserunt

2009 3993 2110 4049 ibi.

2076 4082 2159 4149 (B.
2195 4080 2413 4136 XXXII.
2447 4082 2506 4136 C.
2541 4080 2783 4136 XXXVI.
2819 4081 2947 4152 Cap.
2983 4081 3118 4151 XII)
3178 4081 3512 4153 Locutaque
3569 4087 3660 4138 est

2005 4171 2185 4226 Maria
2213 4175 2269 4224 et
2298 4173 2487 4224 Aaron
2521 4179 2722 4224 contra
2753 4170 2950 4224 Mosen
2987 4174 3222 4242 propter
3258 4187 3494 4226 uxorem
3528 4172 3656 4242 ejus

2003 4258 2444 4331 zEthiopissam.
2479 4265 2535 4312 ot
2581 4257 2854 4314 dixerunt
2903 4259 3036 4314 Nun
3088 4275 3190 4330 per
3234 4259 3424 4315 solum
3459 4261 3658 4317 Mosen

2003 4351 2234 4404 locutus
2265 4353 2352 4403 est
2390 4347 2665 4402 Dominus
2705 4351 2726 4403 Ρ
2756 4364 2946 4403 nonne
2981 4353 3036 4403 et
3071 4348 3238 4404 nobis
3271 4348 3542 4406 similiter
3572 4355 3661 4407 est

2003 4438 2232 4493 locutus
2261 4437 2288 4491 ?
2318 4437 2479 4502 Quod
2510 4453 2642 4491 cum
2677 4437 2942 4492 audisset
2986 4437 3271 4493 Dominus
3302 4441 3451 4506 (erat
3500 4439 3657 4495 enim

252 4523 358 4579 ritis
406 4544 596 4581 coram
630 4543 696 4580 eo
729 4524 1023 4579 dicentes:
1057 4527 1244 4590 Quare
1301 4529 1519 4596 egressi
1569 4545 1776 4584 sumus
1817 4547 1883 4584 ex
1915 4537 1960 4598 Ι)
1995 4530 2184 4584 Moses
2210 4527 2296 4581 vir
2338 4527 2691 4581 mitissimus
2741 4543 2916 4597 super
2985 4543 3191 4582 omnes
3249 4527 3512 4584 homines
3557 4533 3657 4600 qui

251 4615 513 4685 Egypto?
576 4615 658 4684 [Ο.
719 4614 988 4683 XXXIV.]
1050 4613 1120 4668 Et
1179 4613 1260 4669 ait
1314 4615 1548 4670 Moses:
1599 4617 1880 4672 Sexcenta

254 4701 390 4756 mil‘a
421 4705 683 4775 peditum
709 4703 886 4773 hujus
904 4701 1099 4773 populi
1129 4709 1284 4758 sunt.
1316 4704 1381 4757 Et
1407 4710 1467 4758 tu
1507 4706 1650 4760 dicis
1680 4723 1692 4760 :
1726 4708 1880 4762 Dabo

252 4790 320 4843 eis
348 4809 504 4845 esum
537 4790 804 4847 carnium
840 4807 1040 4846 mense
1067 4793 1289 4862 integro
1321 4793 1348 4846 ?
1378 4793 1652 4864 Nunquid
1687 4795 1878 4850 ovium

252 4882 295 4929 et
321 4883 483 4936 boum
520 4880 835 4936 multitudo
868 4881 1138 4947 caedetur,
1175 4887 1237 4934 ut
1289 4883 1472 4952 possit
1504 4884 1769 4939 sufficere
1811 4887 1879 4940 ad

254 4966 476 5023 cibum?
517 4969 601 5022 vel
636 4985 840 5024 omnes
874 4970 1063 5040 pisces
1097 4969 1356 5026 marisin
1405 4988 1585 5026 unum
1638 4990 1881 5044 congre-

257 5057 544 5123 gabuntur,
579 5064 639 5112 ut
688 5075 785 5113 eos
837 5059 1050 5113 satient
1080 5058 1105 5112 ‘I
1131 5059 1233 5114 Cui
1267 5060 1560 5129 respondit
1601 5063 1884 5117 Dominus

255 5183 481 5247 11.2563,
515 5183 573 5236 in
605 5199 716 5253 quo
740 5199 845 5237 vox
867 5183 1122 5237 carnium
1154 5184 1369 5255 scripta
1393 5187 1584 5241 eratin
1626 5187 1884 5252 margine

257 5256 686 5318 prmcedentibus
719 5255 950 5309 duobus
985 5258 1237 5326 punctis,
1267 5275 1393 5326 qua:
1429 5259 1642 5312 ibidem
1694 5261 1884 5314 adhuc

258 5331 568 5401 supersunt.
591 5328 859 5401 quamvis
883 5345 1092 5381 nomen
1117 5333 1371 5401 carnium
1413 5337 1764 5401 expunctum
1811 5331 1883 5385 sit

258 5399 467 5452 omnino
501 5405 562 5451 ut
585 5399 840 5453 alienum
874 5417 903 5451 a
933 5405 1110 5452 textu.
1165 5400 1350 5452 MART.

265 5534 274 5543 .
333 5499 374 5507 --
406 5469 583 5543 Addit
611 5469 856 5543 Urbinas
892 5485 1034 5522 mss.
1071 5473 1347 5543 carnium.
1376 5488 1549 5541 quam
1585 5488 1782 5527 vocem
1831 5479 1888 5528 et

264 5541 313 5588 in
346 5541 460 5592 suis
487 5541 648 5594 codd.
687 5541 1057 5595 Martizeueus
1110 5541 1350 5596 invenit.

323 5610 338 5641 ²
367 5611 634 5668 Ilebraice
667 5621 872 5681 nam,
944 5612 1174 5681 kclaem,
1235 5615 1352 5668 sive
1411 5614 1696 5682 chelaem;
1731 5617 1883 5686 quod

1992 4618 2372 4673 morabantur
2397 4616 2450 4669 in
2473 4619 2665 4684 terra),
2692 4615 2891 4670 statim
2926 4615 3159 4671 locutus
3184 4619 3274 4670 est
3305 4616 3373 4671 ad
3412 4632 3546 4672 eum
3601 4620 3658 4672 et

1992 4709 2060 4763 ad
2095 4711 2283 4762 Aaron
2315 4710 2371 4759 et
2419 4705 2488 4758 ad
2527 4704 2761 4760 Mariam
2802 4722 2813 4757 :
2870 4705 3226 4776 Egredimini
3278 4722 3376 4761 vos
3427 4709 3658 4762 tantum

1991 4804 2109 4854 tres
2154 4796 2221 4848 ad
2261 4792 2700 4847 tabernaculum
2759 4793 3010 4848 fmderis.
3064 4793 3330 4866 Cumque
3379 4795 3655 4865 fuissent,

1993 4885 2233 4955 egressi,
2287 4881 2589 4936 descendit
2621 4883 2993 4937 Dominusin
3040 4883 3316 4940 columna
3355 4884 3551 4952 nubis,
3604 4888 3662 4940 et

1993 4974 2157 5029 stetit
2188 4973 2242 5025 in
2279 4971 2518 5026 introitu
2557 4970 2918 5025 tabernaculi
2949 4988 3161 5028 vocans
3216 4977 3407 5030 Aaron
3435 4977 3490 5028 et
3534 4973 3656 5028 Ma-

1995 5063 2162 5116 riam.
2196 5060 2300 5124 Qui
2342 5077 2474 5114 cum
2510 5060 2710 5125 issent,
2738 5061 2883 5114 dixit
2915 5062 2984 5116 ad
3019 5078 3115 5118 eos
3150 5063 3378 5117 :Audite
3431 5079 3656 5118 sermo-

1993 5186 2306 5268 Chaldaeus
2381 5185 2553 5238 vertit
2589 5187 3166 5268 jzﬁcttnesarinum,‘
3219 5188 3275 5268 id
3333 5193 3445 5268 est,
3499 5187 3657 5268 milia

1993 5274 2079 5314 eos
2112 5260 2168 5310 in
2199 5273 2492 5322 carcerem,
2521 5258 2673 5327 ,siv'e
2733 5258 2957 5312 reclude
3005 5276 3091 5313 eos
3145 5260 3312 5327 juxta
3369 5258 3652 5314 scholion.

1995 5312 2170 5384 Porro
2203 5328 2441 5382 verbum
2478 5312 2606 5393 ὦ),
2630 5327 2786 5382 chala
2820 5328 2902 5384 vel
2935 5312 3078 5393 calo,
3109 5312 3489 5401 Hieronymus
3544 5312 3654 5401 age:

1998 5402 2235 5471 piss'nne
2253 5401 2306 5453 in
2320 5405 2530 5468 terpret
2543 5388 2635 5453 atu
2648 5417 2673 5452 r
2702 5402 3012 5469 prohibere,
3030 5388 3412 5467 autclaude're,
3442 5406 3498 5455 et
3512 5388 3657 5462 κὴ)

1993 5475 2138 5538 calu,
2173 5473 2322 5544 apud
2359 5471 2583 5544 eumﬂin
2616 5473 2937 5544 Prophetis
2987 5472 3289 5544 significat
3321 5471 3653 5544 clausuram

1995 5563 2095 5599 seu
2113 5542 2589 5610 carcerem,Nihil
2613 5542 2790 5612 igitur
2807 5545 3018 5611 obstat,
3037 5543 3176 5613 quin
3213 5543 3474 5599 scholion
3494 5543 3652 5600 istud

1995 5634 2127 5671 vere
2161 5616 2236 5671 sit
2293 5614 2836 5685 Hieronymianum.
2883 5618 3064 5669 MART.
