4068 6172
240 264 241 267 “
325 272 434 329 403

1365 275 1423 327 S.
1464 273 1879 329 HIERONYMI
1914 272 2172 326 DIVINA
2206 273 2703 329 BIBLIOTHECA.

2431 92 2439 127 ι
2486 62 2491 63 ,

3639 273 3743 331 1,0,5

329 419 432 459 nes
455 418 654 459 meos:
685 402 742 457 Si
760 402 894 473 quis
919 401 1092 457 fuerit
1112 401 1262 457 inter
1286 418 1386 457 vos
1405 401 1690 473 propheta
1710 399 1965 469 Domini,
1998 399 2047 465 Α
2080 396 2186 467 les,
2242 405 2485 456 muratae
2536 419 2609 455 an
2668 401 2890 473 absque
2922 400 3107 457 muris
3153 417 3164 457 :
3209 401 3450 467 humus,
3505 403 3744 475 pinguis

328 491 387 547 in
406 491 628 547 visione
661 491 952 563 apparebo
983 490 1057 556 ei,
1090 490 1175 545 vel
1208 506 1311 562 per
1342 489 1637 546 somnium
1666 488 1874 560 loquar
1904 489 1973 543 ad

2090 505 2160 542 an
2224 489 2461 560 sterilis,
2495 506 2805 546 nemorosa
2834 507 2908 546 an
2940 491 3163 562 absque
3220 491 3547 547 arboribus.
3609 492 3754 547 Con-

331 578 527 637 iIlum.
560 582 630 635 At
656 596 772 635 non
796 578 928 634 talis
948 595 1152 634 servus
1176 595 1341 635 meus
1365 580 1578 647 Moses,
1604 579 1706 650 qui
1739 579 1977 634 inomni
2086 577 2406 646 fortamini,
2442 584 2500 633 et
2532 579 2733 635 aﬁ‘erte
2766 579 2935 635 nobis
2969 579 3038 634 de
3074 579 3363 635 fructibus
3395 585 3581 635 terrai.
3621 584 3753 636 Erat

332 669 506 725 domo
530 685 659 724 mea
688 667 1066 723 ﬁdelissimus
1097 673 1221 724 est:
1256 685 1352 723 ore
1383 669 1537 725 enim
1573 671 1643 723 ad
1678 685 1742 724 os
1773 668 1982 738 loquor

332 758 467 823 ei,et
498 757 712 830 palam,
744 764 802 812 et
834 773 947 812 nou
973 774 1074 829 per
1103 758 1416 828 aenigmata
1436 764 1491 814 et
1533 758 1751 831 ﬁguras
1786 757 1975 813 Domi-

331 864 473 903 num
517 847 674 902 videt
713 847 795 919 [h,
830 851 887 902 et
918 847 1167 919 ﬁgnram
1214 846 1441 903 Domini
1492 848 1759 918 aspexit].
1795 850 1982 913 Quare

337 952 473 1008 ergo
498 953 613 992 non
643 936 899 992 timuisti
931 936 1232 992 detrahere
1265 952 1431 991 servo
1480 953 1608 992 meo
1640 937 1830 992 Mosi?
1860 939 1979 993 Ira-

341 1030 555 1097 tusque
615 1029 821 1081 contra
852 1040 974 1093 eos,
1008 1025 1155 1081 abiit
1184 1041 1197 1080 :
1235 1025 1421 1081 nubes
1451 1041 1686 1097 quoque
1719 1027 1982 1096 recessit,

330 1133 457 1187 quas
489 1119 614 1171 erat
643 1130 821 1186 super
885 1114 1336 1169 tahernacutum
1373 1131 1385 1168 :
1420 1120 1476 1169 et
1510 1131 1640 1170 ecce
1664 1114 1849 1171 Maria
1878 1134 1982 1188 ap-

331 1204 528 1276 paruit
559 1204 819 1261 candens
874 1202 1036 1274 lepra
1085 1203 1253 1274 quasi
1315 1202 1431 1258 nix.
1463 1207 1731 1275 Cumque
1785 1221 1984 1277 respe—

329 1293 512 1349 xisset
539 1308 669 1348 eam
728 1297 944 1358 Aaron,
976 1295 1033 1347 et
1064 1291 1307 1347 vidisset
1352 1292 1653 1363 perfusam
1684 1292 1869 1365 lepra,
1904 1294 1987 1350 ait

333 1383 402 1437 ad
461 1381 712 1437 Mosen:
796 1380 1075 1450 Obsecro,
1126 1381 1360 1437 domine
1411 1382 1514 1447 mi,
1600 1399 1671 1437 ne
1722 1381 1986 1455 imponas

335 1469 506 1525 nobis
536 1468 644 1524 hoc
676 1475 1004 1541 peccatum,
1046 1469 1197 1539 quod
1240 1468 1422 1524 stulte
1453 1470 1883 1539 commisimus,
1919 1491 1989 1529 ne

334 1559 438 1614 ﬁat
487 1558 610 1613 haec
641 1558 811 1630 quasi
847 1563 1096 1626 mortua,
1130 1564 1185 1613 et
1207 1564 1268 1613 ut
1301 1559 1627 1616 aborvitum
1663 1562 1820 1633 quod
1854 1579 1991 1633 pro-

326 1648 534 1719 jicitur
563 1648 633 1704 de
662 1647 837 1703 vulva
875 1648 1081 1703 matris
1131 1664 1272 1703 suae.

2089 672 2285 722 autem
2350 680 2585 739 tempus
2617 668 2851 739 quando
2904 669 3030 739 jam
3091 684 3375 740 prmeoces
3421 685 3543 725 uvas
3597 670 3754 725 vesci

2091 760 2360 825 possunt.
2440 758 2704 827 Cumque
2787 757 3212 827 ascendissent,
3302 757 3754 829 exploraverunt

2091 849 2299 900 terram
2360 863 2393 901 a
2444 846 2673 902 deserto
2734 846 2861 913 Sin,
2912 862 3101 918 usque
3159 846 3321 903 Roob
3380 846 3751 902 intrantibus

2093 934 2322 993 Emath.
2353 935 2879 1006 Ascenderuntquc
2902 936 2974 991 ad
3011 935 3341 1006 meridiem,
3375 940 3434 990 et
3467 940 3755 991 venerunt

2093 1024 2151 1078 in
2185 1023 2438 1091 Hebron,
2475 1024 2572 1079 ubi
2604 1030 2770 1080 erant
2790 1024 3064 1079 Ahimam
3097 1027 3152 1079 et
3182 1023 3343 1079 Sesai
3387 1028 3443 1079 et
3483 1024 3755 1079 Tholmai

2094 1111 2195 1167 ﬁlii
2229 1112 2400 1168 Enac.
2435 1112 2583 1168 Nam
2615 1113 2848 1168 Hebron
2880 1117 3102 1184 septem
3137 1112 3310 1168 annis
3338 1117 3472 1168 ante
3500 1112 3751 1169 Thanim

2097 1203 2296 1258 urbem
2332 1203 2557 1275 [Egypti
2604 1203 2842 1257 condita
2899 1207 3009 1257 est.
3073 1206 3505 1274 Pergentesque
3565 1218 3750 1274 usque

2095 1295 2165 1349 ad
2227 1299 2546 1350 torrentem
2599 1293 2776 1359 Botri,
2817 1292 3198 1351 absciderunt
3250 1291 3549 1364 palmitem
3615 1309 3750 1348 cum

2094 1400 2200 1438 uva
2224 1401 2350 1449 sua,
2385 1399 2556 1454 quem
2616 1387 2998 1454 portaverunt
3037 1381 3098 1436 in
3151 1387 3310 1437 vecte
3357 1383 3473 1438 duo
3504 1382 3632 1438 viri.
3669 1388 3743 1438 De

2098 1472 2266 1527 malis
2299 1487 2531 1543 quoque
2562 1471 2825 1543 grauatis
2857 1475 2913 1526 et
2948 1471 3020 1526 de
3052 1469 3178 1525 ﬁcis
3236 1469 3350 1525 loci
3392 1470 3551 1526 illius
3603 1470 3751 1527 lule-

2098 1567 2273 1616 runt:
2331 1561 2429 1632 qui
2487 1559 2812 1632 appellatus
2860 1564 2951 1615 est
3009 1558 3461 1631 Nehel-Eschol,
3522 1560 3579 1616 id
3640 1566 3754 1632 est,

2102 1654 2329 1706 torrens
2361 1649 2536 1719 Botri,
2596 1666 2661 1706 eo
2711 1648 2868 1721 quod
2926 1648 3161 1704 botrum
3215 1648 3353 1704 inde
3416 1653 3756 1721 portassent

401 1736 695 1807 Eocejam
734 1736 992 1792 medium
1026 1737 1226 1794 carnis
1257 1738 1386 1808 ejus
1442 1740 1782 1796 devoratum
1832 1747 1923 1798 est
1952 1758 1983 1796 a
2024 1757 2070 1822 Β
2105 1738 2208 1794 ﬁlii
2257 1738 2455 1794 Israel.
2516 1738 2867 1809 Reversique
2923 1736 3318 1809 exploratores
3403 1742 3570 1793 terras
3619 1743 3757 1810 post

326 1842 505 1897 vepra
549 1825 630 1897 [h.
662 1826 971 1881 medietate
1018 1825 1211 1881 carnis
1272 1827 1401 1897 ejus
1441 1828 1568 1897 jam
1602 1829 1991 1902 codsumpta).

341 1914 743 1986 Clamavitque
788 1918 975 1972 Moses
1007 1917 1077 1971 ad
1137 1918 1473 1985 Dominum,
1531 1919 1734 1976 dicens
1766 1938 1779 1976 :
1812 1920 1991 1991 Deus,

343 2004 607 2067 obsecro,
638 2021 780 2061 sana
810 2021 961 2060 eam.
1021 2005 1123 2060 Cui
1184 2007 1485 2078 respondit
1513 2007 1800 2065 Dominus
1860 2027 1873 2066 :
1906 2012 1995 2064 Si-

339 2097 503 2165 pater
531 2095 659 2164 ejus
720 2093 1017 2165 expuisset
1047 2093 1104 2148 in
1162 2094 1368 2150 faciem
1429 2094 1611 2163 illius,
1668 2114 1860 2154 nonne
1894 2100 1995 2155 de-

341 2183 552 2239 buerat
581 2182 790 2237 saltem
821 2187 1043 2255 septem
1070 2183 1295 2238 dierum
1321 2184 1530 2240 rubore
1561 2186 1818 2242 suﬂ‘undi
1839 2187 1866 2242 ‘I
1895 2188 1993 2244 Se-

345 2274 584 2345 paretur
627 2275 850 2342 septem
902 2270 1109 2328 diebus
1156 2276 1317 2328 extra
1346 2278 1558 2345 castra,
1590 2280 1646 2330 et
1676 2280 1875 2346 postea
1904 2293 1995 2333 re-

352 2359 647 2415 vocabitur
677 2360 759 2430 [ὴ.
795 2359 1146 2432 colligetur],
1178 2361 1425 2419 Exclusa
1454 2369 1542 2419 est
1571 2364 1771 2437 itaque
1815 2368 1995 2423 Maria

351 2452 512 2505 extra
540 2453 732 2505 castra
790 2453 1012 2521 septem
1047 2450 1255 2507 diebus
1290 2469 1302 2507 :
1354 2456 1408 2508 et
1457 2453 1710 2525 populus
1742 2473 1855 2511 non
1907 2461 1996 2513 est

351 2542 548 2594 motus
579 2538 652 2593 de
696 2536 822 2593 loco
881 2537 1002 2607 illo,
1051 2539 1232 2596 donec
1292 2547 1556 2598 revocata
1615 2544 1696 2615 [h.
1730 2545 1992 2618 collecta]

349 2635 439 2687 est
461 2631 665 2687 Maria.

418 2719 505 2789 [Ο.
539 2719 797 2792 XXXIII,
833 2722 966 2789 Cap.
1000 2720 1177 2794 XIII.]
1225 2722 1644 2796 Profectusque
1673 2730 1762 2781 est
1809 2744 1991 2799 popu-

344 2808 437 2865 lus
467 2810 538 2864 de
568 2810 973 2876 Aserotb,ﬁxis
1000 2810 1267 2867 tentoriis
1306 2812 1796 2883 [h.castrametati
1829 2817 1988 2889 sunt]

342 2898 399 2953 in
433 2899 663 2962 deserto
694 2899 945 2955 Pharan.
982 2900 1187 2972 Ibique
1218 2900 1451 2957 locutus
1481 2908 1569 2958 est
1600 2902 1885 2959 Dominus
1917 2906 1988 2961 ad

339 2990 558 3055 Mosen,
592 2986 790 3043 dicens
819 3006 832 3044 :
868 2987 1030 3044 Mitte
1059 2989 1233 3053 viros,
1258 2991 1355 3061 qui
1376 2991 1748 3047 considerent
1773 2998 1989 3049 terram

340 3075 637 3142 Chanaan,
670 3091 848 3148 quam
909 3076 1155 3132 daturus
1200 3094 1333 3133 sum
1365 3078 1504 3134 ﬁliis
1554 3080 1755 3145 Israel,
1786 3081 1986 3153 singu-

341 3164 429 3220 los
459 3164 530 3219 de
546 3163 796 3235 singulis
827 3162 1123 3234 tribubus,
1167 3181 1235 3221 ex
1267 3166 1628 3238 principibus
1655 3170 1980 3242 [b.patrum

343 3253 633 3324 suorum].
668 3252 824 3308 Fecit
852 3256 1037 3308 Moses
1066 3255 1228 3325 jquod
1261 3255 1545 3312 Dominus
1579 3257 1983 3330 imperaverat,

344 3340 414 3396 de
433 3340 663 3397 deserto
686 3340 913 3397 Pharan
939 3342 1178 3398 mittens
1198 3344 1493 3416 principes
1523 3345 1698 3415 viros,
1731 3364 1982 3419 quorum

344 3430 459 3485 ista
488 3434 630 3485 sunt
652 3432 911 3486 nomina.
946 3436 1020 3487 De
1046 3432 1202 3487 tribu
1224 3433 1450 3502 Ruben,
1483 3438 1763 3491 Sammua
1798 3436 1984 3491 ﬁlium

342 3518 618 3573 Zecchur.
665 3523 743 3575 De
800 3520 956 3575 tribu
1008 3521 1267 3590 Simeon,
1325 3522 1547 3594 Saphat
1599 3522 1785 3579 ﬁlium
1821 3524 1986 3579 Huri.

344 3611 422 3662 De
452 3608 602 3663 lrihn
634 3607 809 3676 Juda,
843 3608 1056 3665 Chaleb
1108 3610 1290 3666 ﬁlium
1323 3610 1691 3683 Jephonnne.
1728 3620 1799 3669 De
1831 3613 1987 3669 tribu

342 3696 630 3763 Issachar,
664 3700 783 3771 Igal
843 3698 1300 3772 ﬁliumﬁJoseph.
1358 3707 1441 3757 De
1499 3702 1653 3758 tribu
1687 3703 1987 3776 Ephraim,

340 3785 485 3843 Osee
517 3787 702 3843 ﬁlium
727 3788 878 3843 Nun.
903 3789 984 3845 De
1008 3790 1165 3845 tribu
1194 3792 1525 3861 Benjamin,
1580 3792 1769 3847 Phalti
1803 3792 1989 3847 ﬁlium

342 3876 572 3949 Raphu.
634 3881 711 3933 De
760 3877 917 3934 tribu
971 3879 1253 3947 Zabulon,
1310 3880 1549 3937 chdiel
1600 3882 1787 3936 ﬁlium
1831 3881 1988 3937 Sodi.

342 3964 423 4021 De
442 3965 599 4020 tribu
628 3965 867 4038 Joseph,
901 3983 966 4021 ex
1028 3967 1183 4022 tribu
1217 3969 1392 4037 (Vulg.
1432 3970 1669 4041 sceptri)
1704 3970 1989 4037 Manasse,

340 4054 525 4110 Gaddi
559 4054 743 4110 ﬁlium
788 4057 940 4111 Susi.
968 4056 1044 4111 De
1102 4057 1259 4111 tribu
1320 4062 1461 4129 Dan,
1497 4057 1747 4113 Ammiel
1804 4059 1990 4114 ﬁlium

339 4142 606 4198 Gemelli.
669 4149 743 4200 De
793 4145 950 4200 tribu
1008 4148 1169 4216 Aser,
1212 4146 1429 4202 Sathur
1458 4148 1650 4220 (Vulg.
1692 4142 1892 4216 Sthur)
1928 4148 1991 4203 li-

341 4234 486 4289 lium
547 4235 809 4292 Michael.
865 4236 946 4292 De
997 4237 1154 4292 tribu
1212 4237 1505 4309 Nephtali,
1563 4240 1744 4295 Naabi
1804 4239 1992 4294 ﬁlium

345 4322 581 4395 Vaphsi.
634 4323 714 4379 De
773 4324 927 4380 tribu
1000 4326 1143 4394 Gad,
1204 4328 1345 4382 Guel
1406 4327 1594 4382 ﬁlium
1657 4328 1866 4384 Machi.
1909 4328 1990 4399 (C.

343 4412 672 4481 XXXVIII).
710 4414 841 4469 [laac
871 4419 1009 4469 sunt
1041 4416 1279 4471 nomina
1326 4416 1603 4483 virorum,
1638 4434 1784 4485 quos
1836 4419 1996 4473 misit

2102 1828 2491 1900 quadraginta
2529 1827 2676 1894 dies,
2737 1828 2892 1883 omni
2946 1827 3168 1896 regione
3222 1828 3461 1883 circuitu
3490 1827 3573 1897 (h'
3635 1845 3753 1883 non

2102 1917 2296 1987 habet)
2324 1920 2607 1972 venerunt
2645 1916 2717 1971 ad
2751 1916 2944 1972 Mosen
2988 1919 3044 1971 et
3100 1919 3289 1972 Aaron
3322 1920 3381 1971 et
3411 1917 3479 1972 ad
3513 1932 3750 1972 omnem

2101 2012 2316 2061 coetum
2349 2005 2603 2061 ﬁliorum
2639 2004 2816 2061 Israel
2847 2004 2907 2060 in
2951 2005 3249 2060 desertum
3308 2003 3560 2073 Pharao,
3595 2006 3753 2076 quod

2102 2095 2274 2150 estin
2306 2094 2511 2150 Cades.
2570 2093 2898 2165 Locutique
2929 2093 3012 2147 eis
3061 2097 3119 2149 et
3176 2093 3337 2149 omni
3387 2092 3760 2149 multitudini

2101 2183 2485 2239 ostenderunt
2509 2182 2735 2237 fructus
2766 2187 2954 2248 terris,
2974 2186 3450 2251 etnarraverunt,
3473 2182 3759 2239 dicentes:

2104 2272 2385 2328 Venimus
2418 2274 2474 2327 in
2531 2275 2770 2339 terram,
2824 2271 2892 2325 ad
2941 2287 3118 2342 quam
3177 2270 3390 2326 misisti
3458 2288 3564 2326 nos
3618 2288 3748 2344 quae

2101 2378 2301 2418 revera
2331 2361 2459 2416 ﬂuit
2489 2360 2638 2417 lacte
2681 2364 2735 2416 et
2765 2359 2957 2426 melle,
2990 2363 3055 2415 ut
3084 2376 3150 2415 ex
3207 2359 3301 2415 his
3331 2359 3621 2415 fructibus
3651 2376 3749 2415 co-

2100 2451 2300 2523 gnosci
2343 2454 2508 2523 potes
2543 2466 2554 2505 :
2591 2450 2689 2505 sed
2727 2447 2982 2505 cultores
3042 2448 3399 2505 fortissimos
3437 2449 3633 2518 habet,
3692 2453 3754 2505 et

2101 2540 2272 2597 urbes
2304 2541 2554 2613 grandes
2586 2541 2761 2597 nimis
2796 2541 2989 2611 (Vulg.
3022 2549 3127 2595 tac.
3157 2540 3358 2609 nimis)
3390 2544 3563 2611 atque
3613 2556 3744 2595 mu-

2098 2634 2275 2686 ratas.
2309 2629 2557 2700 Stirpem
2589 2630 2743 2685 Enac
2792 2629 3045 2685 vidimus
3076 2629 3177 2684 ibi.
3229 2629 3461 2686 Amalec
3518 2628 3752 2685 habitat

2099 2719 2157 2773 in
2194 2718 2457 2785 meridie,
2480 2717 2777 2789 '_Hethaeus
2834 2721 2891 2774 et
2933 2718 3236 2775 Jebusaaus
3267 2724 3322 2774 et
3374 2717 3751 2774 Amorrhaaus

2100 2808 2155 2862 in
2188 2808 2484 2865 montanis
2518 2825 2530 2864 :
2565 2807 2927 2863 Chananmus
2949 2824 3082 2863 vero
3106 2808 3550 2879 moraturjuxta
3590 2822 3754 2862 mare

2098 2903 2155 2952 et
2176 2898 2330 2953 circa
2361 2898 2573 2953 ﬂuenta
2630 2897 2924 2953 Jcrdanis.
2960 2897 3114 2951 Inter
3144 2897 3265 2953 hzec
3310 2895 3530 2953 Chaleb
3584 2912 3748 2952 com-

2097 3003 2341 3058 poscens
2398 3002 2669 3042 murmur
2726 2985 2945 3058 populi,
3008 2987 3106 3058 qui
3188 2984 3487 3042 oriebatur
3542 2990 3751 3042 contra

2104 3077 2320 3144 Mosen,
2356 3077 2430 3131 ait
2463 3092 2475 3129 :
2514 3075 2936 3146 Ascendamus,
2978 3079 3034 3131 et
3062 3075 3470 3148 possideamus
3502 3079 3746 3144 terram,

2101 3166 2379 3237 quoniam
2440 3164 2764 3237 poterimus
2796 3164 3060 3221 obtinere
3103 3181 3254 3221 eam.
3291 3163 3401 3220 Alii
3459 3180 3613 3231 vero,
3648 3163 3757 3235 qui

2090 3259 2325 3317 fuerant
2355 3269 2486 3309 cum
2530 3269 2619 3320 eo,
2673 3253 2997 3309 dicebant:
3036 3252 3420 3325 Nequaquam
3473 3253 3544 3307 ad
3596 3254 3755 3308 hunc

2095 3343 2377 3417 populum
2404 3342 2666 3399 valemus
2688 3343 3026 3409 ascendere,
3049 3343 3187 3415 quia
3212 3342 3414 3397 fortior
3444 3342 3614 3398 nobis
3635 3347 3748 3398 est.

2094 3438 2594 3503 Detraxeruntque
2646 3436 2833 3502 terrae,
2913 3448 3088 3503 quam
3136 3431 3532 3504 inspexerant,
3591 3432 3745 3503 apud

2098 3523 2250 3578 ﬁlios
2292 3521 2492 3592 Israel,
2544 3522 2852 3577 dicentes:
2902 3524 3072 3578 Terra
3129 3536 3305 3592 quam
3339 3520 3754 3576 lustravimus-

2098 3614 2332 3668 devorat
2363 3611 2717 3667 habitatores
2768 3627 2907 3666 suos
2935 3628 2954 3666 :
2975 3609 3251 3682 populus,
3293 3626 3463 3682 quem
3522 3609 3753 3682 aspexi-

2099 3705 2547 3773 mus,{procerae
2582 3704 2818 3755 staturae
2876 3704 2984 3756 est.
3021 3698 3102 3755 Ibi
3160 3699 3415 3755 vidimus
3474 3699 3745 3756 monstra‘

2100 3792 2366 3862 quaedam
2399 3790 2652 3845 ﬁliorum
2686 3789 2842 3844 Enac
2872 3791 3171 3861 degenere
3193 3788 3463 3861 giganteo
3487 3804 3501 3844 :
3529 3788 3752 3861 quibus

2100 3877 2444 3951 comparati,
2480 3878 2646 3949 quasi
2679 3875 2916 3933 locusta
2945 3878 3317 3933 videbamur.

2172 3969 2257 4041 (Β.
2290 3966 2539 4023 XXXIV.
2574 3967 2706 4038 Cap.
2764 3966 2932 4039 XIV.)
2977 3966 3158 4037 Igitur
3198 3966 3525 4023 vociferans
3553 3967 3752 4025 omnis

2102 4058 2272 4112 turba
2304 4056 2460 4111 ﬂevit
2489 4059 2657 4111 nocte
2713 4054 2835 4121 illa,
2874 4059 2931 4110 et
2960 4055 3305 4111 murmurati
3363 4060 3503 4112 sunt
3541 4061 3753 4112 contra

2101 4152 2296 4204 Mosen
2328 4153 2385 4204 et
2414 4149 2600 4203 Aaron
2633 4145 2827 4202 cuncti
2867 4144 2972 4201 ﬁlii
3014 4146 3215 4214 Israel,
3269 4147 3528 4203 dicentes
3558 4163 3570 4203 :
3620 4146 3751 4203 Uti-

2104 4254 2239 4295 nam
2265 4237 2477 4293 mertui
2510 4252 2775 4291 essemus
2808 4235 2866 4290 in
2906 4235 3149 4308 [Egypto
3185 4254 3196 4292 :
3230 4234 3371 4291 etin
3420 4235 3526 4291 hac
3585 4242 3752 4293 vasta

2103 4326 2415 4383 solitudine
2448 4326 2670 4380 utinam
2722 4328 3076 4396 pereamus',
3110 4328 3168 4380 et
3194 4342 3305 4379 non
3349 4325 3587 4380 inducat
3643 4341 3753 4380 nos

2103 4416 2389 4472 Dominus
2445 4415 2505 4469 in
2566 4418 2781 4469 terram
2841 4414 3039 4482 istam,
3087 4430 3157 4468 ne
3209 4413 3487 4469 cadamus
3531 4412 3750 4485 gladio,

343 4501 533 4557 Moses
555 4503 625 4556 ad
658 4503 1142 4558 considerandam
1178 4509 1393 4561 terram
1432 4521 1443 4560 :
1482 4507 1820 4578 vocavitquc
1850 4505 1994 4561 Osee
2023 4499 2069 4563 D
2100 4506 2181 4578 (h.
2215 4506 2448 4562 Utinam
2476 4505 2691 4560 mortui
2722 4520 2986 4559 essemus
3016 4503 3076 4559 in
3115 4507 3378 4577 Egypto,
3412 4508 3511 4559 aut
3548 4504 3606 4559 in
3640 4503 3754 4560 hac

345 4589 530 4645 ﬁlium
565 4590 717 4657 Nun,
745 4591 944 4648 Josue.
979 4591 1132 4647 Misit
1160 4609 1295 4665 ergo
1341 4610 1441 4648 eos
1475 4599 1657 4650 Moses
1691 4596 1761 4649 ad
1796 4595 1986 4649 consi-

342 4680 663 4735 derandam
696 4686 908 4736 terram
935 4681 1231 4751 Chanaan,
1265 4690 1320 4737 et
1343 4683 1489 4738 dixit
1520 4685 1588 4739 ad
1616 4699 1746 4739 eos:
1782 4686 1986 4737 Ascen-

341 4770 462 4825 dite
497 4787 598 4843 per
630 4769 1010 4826 meridianam
1046 4769 1299 4843 plagam.
1324 4767 1589 4845 Cumque
1612 4773 1881 4829 veneritis
1914 4774 1985 4828 ad

340 4865 569 4917 montes
599 4859 682 4931 (h.
703 4864 986 4927 montem,
1013 4859 1067 4915 id
1095 4865 1205 4927 est,
1226 4861 1599 4929 Jerusalem),
1620 4863 1989 4919 considerate

336 4955 575 5020 terram,
610 4948 800 5022 qualis
831 4948 930 5019 sit,
984 4954 1040 5005 et
1075 4951 1379 5023 :populum
1414 4952 1514 5024 qui
1577 4951 1871 5007 habitator
1900 4955 1990 5008 est

337 5039 488 5111 ejus,
524 5046 721 5095 utrum
757 5039 921 5094 fortis
950 5038 1026 5095 sit
1056 5056 1128 5094 an
1171 5038 1443 5096 inﬁrmus
1479 5058 1490 5094 :
1528 5041 1693 5113 pauci
1744 5056 1989 5096 numero

339 5146 413 5185 an
445 5128 647 5201 plures
680 5147 694 5196 ;
730 5128 860 5200 ipsa
906 5132 1061 5183 terra
1092 5129 1262 5195 bona,
1297 5146 1369 5183 an
1403 5132 1595 5198 mala;
1629 5132 1801 5185 urbes
1851 5147 1991 5202 qua-

417 5310 430 5342 ¹
457 5307 599 5363 Cum
631 5306 937 5376 negatione
971 5305 1125 5361 hunc
1154 5306 1347 5362 locum
1380 5306 1583 5379 legunt
1609 5325 1813 5365 omnes
1848 5327 1989 5365 mss.

340 5384 586 5445 veteres,
647 5379 709 5432 Et
765 5394 875 5432 non
945 5379 1004 5432 iu
1052 5379 1151 5433 hac
1207 5384 1359 5433 vasta
1415 5379 1724 5435 solitudine
1774 5381 1994 5437 utinam

345 5466 653 5521 pereamus.
688 5449 1144 5523 At‘manit‘estus
1168 5450 1244 5505 ibi
1268 5457 1357 5505 est
1406 5467 1567 5507 error
1599 5452 1992 5523 librariorum,

350 5523 451 5605 qui
482 5538 722 5605 sepsum
765 5521 1077 5605 scripturae
1137 5538 1510 5605 nequaquam
1574 5521 1990 5596 assequuntur.

346 5592 599 5649 Consule
628 5592 1061 5649 adnotationem
1094 5592 1366 5651 canonis:
1395 5597 1556 5650 Maa'r
1588 5636 1601 5652 .

2096 4601 2258 4651 vasta
2315 4593 2649 4650 solitudine.
2702 4594 2889 4659 Quare
2935 4592 3218 4647 Dominus
3266 4593 3490 4649 inducit
3544 4610 3649 4649 nos
3689 4595 3753 4649 in

2094 4694 2309 4743 terram
2341 4682 2538 4746 istam,
2572 4685 2634 4736 ut
2663 4681 2946 4736 cudamus
3002 4681 3195 4752 gladio
3219 4681 3284 4755 Ρ),
3317 4689 3375 4738 et
3433 4698 3643 4739 uxores
3684 4700 3753 4739 ac

2094 4765 2260 4829 liberi
2296 4772 2477 4827 nostri
2530 4772 2824 4827 ducantur
2861 4770 3096 4842 captivi.
3146 4774 3349 4826 Nonne
3406 4770 3615 4826 melius
3665 4776 3761 4827 est

2098 4869 2365 4919 revertun
2388 4862 2698 4934 [Egyptum
2716 4859 2745 4915 ?
2764 4860 3165 4932 Dixeruntque
3190 4860 3335 4915 alter
3366 4861 3435 4915 ad
3464 4859 3710 4916 alterum
3743 4878 3757 4917 :

2095 4952 2538 5009 Constituamus
2607 4950 2776 5005 nobis
2847 4950 3081 5016 ducem,
3161 4953 3218 5005 ct
3272 4954 3634 5006 revertemur
3690 4950 3755 5005 in

2094 5043 2428 5114 Egyptum.
2468 5044 2589 5106 Quo
2623 5038 2821 5095 audito
2857 5039 3045 5094 Moses
3068 5043 3123 5093 et
3173 5043 3363 5095 Aaron
3415 5038 3756 5096 ceciderunt

2099 5131 2265 5203 proni
2298 5131 2356 5184 in
2389 5132 2603 5183 terram
2637 5144 2830 5183 coram
2863 5127 3021 5183 omni
3061 5126 3439 5183 multitudine
3488 5127 3748 5184 ﬁliorum

2172 5341 2239 5350 -—
2269 5306 2458 5363 Nostri
2491 5316 2539 5361 et
2575 5322 2720 5376 quos
2771 5305 3041 5371 Martian,
3075 5304 3396 5372 consuluit,
3430 5322 3573 5362 mss.
3611 5305 3752 5363 libri

2102 5399 2230 5437 cum
2266 5378 2515 5449 negandi
2550 5376 2855 5449 particula,
2890 5380 2964 5432 El
2990 5395 3102 5431 non
3132 5377 3297 5433 inhac
3344 5386 3496 5433 vasta
3550 5378 3756 5433 solitu-

2103 5454 2251 5578 ιίίηιῖί
2282 5452 2366 5505 lta
2391 5456 2448 5577 (Et
2476 5449 2692 5520 vulgati
2727 5455 2859 5505 ante
2903 5449 3322 5506 correctionem
3361 5449 3504 5505 Sixti
3550 5449 3750 5514 Quinti

2105 5543 2216 5578 ora:
2245 5540 2387 5578 erun
2423 5563 2434 5577 .

2103 5542 2434 5597 praeierunt.
