4068 6172
264 295 358 350 405
1573 287 1787 342 LIBER
1827 287 1872 340 N

1987 286 2309 341 ERORUM.

3539 285 3645 340 406

264 413 438 471 Israel.
470 414 540 467 At
566 428 699 468 vero
759 409 934 465 Josue
992 406 1149 463 {ilius
1209 411 1338 462 Nun
1371 409 1427 461 et
1455 404 1671 461 Cbaleb
1728 403 1885 459 ﬁlius
1915 407 1968 472 Α
2001 404 2173 460 Israel
2206 403 2420 459 audivi.
2455 403 2557 458 Dic
2609 420 2746 476 ergo
2795 405 2879 460 eis
2913 421 2928 461 :
2979 405 3120 462 Vivo
3168 421 3296 477 ego,
3328 405 3410 460 ait
3447 405 3646 462 Domi-

261 503 556 573 Jephonne,
585 499 683 571 qui
733 503 789 554 et
841 497 949 569 ipsi
993 495 1386 552 lustraverant
1417 499 1654 563 terram,
1692 494 1877 549 scide-

265 598 382 648 runt
410 590 748 646 vestimenta
779 604 907 654 sua,
943 590 998 641 et
1054 586 1124 640 ad
1175 599 1408 640 omnem
1443 582 1882 638 multitudinem

263 683 489 736 ﬁliorum
526 677 696 734 Israel
726 676 902 732 locuti
941 679 1082 730 sunt
1116 691 1128 728 :
1174 673 1352 729 Terra
1390 689 1562 742 quam
1617 671 1883 726 circuivi-

263 788 395 834 mus,
424 769 586 824 valde
619 769 770 822 bona
801 771 908 820 est.
940 764 998 820 Si
1037 763 1327 835 propitius
1374 762 1545 817 fuerit
1575 762 1879 827 Dominus,

259 861 470 916 inducet
491 874 597 913 nos
618 857 677 911 in
701 871 850 921 eam,
876 858 934 908 et
959 855 1147 908 tradet
1173 851 1420 906 humum
1449 850 1594 905 lacte
1625 855 1680 904 et
1712 849 1881 905 melle

258 953 590 1005 manantem.
623 945 807 1000 Nolite
854 941 1099 998 rebelles
1130 957 1259 998 esse
1289 944 1491 996 contra
1525 938 1830 994 Dominum
1865 957 1877 995 :

258 1055 419 1110 neque
463 1035 720 1092 timentis
772 1031 1058 1104 populum
1115 1036 1278 1085 terra:
1327 1029 1531 1099 hujus,
1563 1028 1698 1099 quia
1729 1029 1882 1084 sicut

253 1144 438 1200 panem
489 1127 574 1181 ita
621 1141 721 1180 eos
781 1138 1099 1194 possumus
1146 1120 1440 1176 devorare.
1489 1119 1745 1173 Recessit
1803 1118 1874 1172 ab

251 1219 350 1274 illis
375 1232 541 1273 omne
576 1212 909 1286 praesidium
939 1229 951 1265 :
985 1209 1270 1265 Dominus
1301 1207 1609 1263 nobiscum
1634 1214 1743 1273 est,
1771 1225 1873 1263 no-

251 1308 332 1363 lite
359 1311 634 1362 metuere.
667 1305 933 1372 Cumque
982 1299 1255 1355 clamaret
1294 1297 1484 1352 omnis
1535 1296 1874 1362 multitudo,

249 1409 296 1455 et
320 1395 606 1468 lapidibus
651 1409 750 1447 eos
781 1389 952 1444 vellet
1004 1387 1353 1459 opprimere.
1389 1386 1663 1458 apparuit
1692 1385 1877 1457 gloria

254 1485 456 1541 Domini
505 1499 685 1554 super
731 1484 948 1536 tectum
999 1475 1230 1532 foederis
1254 1476 1333 1544 [h.
1384 1476 1442 1529 in
1497 1475 1874 1529 tabernaculo

250 1574 480 1644 foederis]
536 1569 766 1627 cunctis
827 1567 962 1621 filiis
1024 1564 1220 1620 Israel.
1255 1565 1341 1635 [Β.
1373 1563 1604 1634 XXXV.]
1639 1563 1876 1617 Etdixit

252 1664 503 1718 Dominus
535 1661 608 1714 ad
643 1659 842 1713 Mosen
877 1672 888 1710 :
943 1655 1257 1724 Usquequo
1298 1653 1560 1708 detrahet
1594 1651 1738 1706 mihi
1773 1669 1875 1722 po-

248 1751 401 1823 pulus
428 1748 588 1805 iste?
618 1748 931 1815 Quousque
961 1759 1077 1798 non
1108 1743 1346 1833 credent
1378 1741 1538 1833 mihi,
1565 1741 1637 1833 in
1677 1741 1872 1796 omni-
1905 1769 1950 1833 B

245 1841 338 1895 bus
365 1840 572 1912 signis,
607 1853 734 1908 quae
772 1834 878 1891 feci
910 1848 1108 1888 coram
1140 1831 1224 1886 eis
1245 1831 1272 1884 ?
1307 1831 1527 1886 Feriam
1561 1830 1746 1901 igitur
1777 1847 1874 1886 eos

247 1928 579 2002 pestilentia,
640 1930 815 1995 atque
863 1936 1261 1978 consumam:
1315 1924 1368 1974 te
1421 1924 1615 1974 autem
1664 1919 1872 1974 faciam

247 2018 542 2089 principem
593 2030 770 2085 super
818 2016 1052 2082 gentem
1107 2025 1402 2081 magnam,
1445 2012 1502 2062 et
1551 2008 1873 2074 fortiorem,

248 2123 400 2178 quam
430 2105 556 2160 haec
587 2108 676 2158 est
706 2104 787 2171 [h.
820 2102 897 2156 Te
927 2103 1124 2154 autem
1158 2097 1364 2153 faciam
1394 2097 1452 2152 in
1486 2101 1718 2169 gentem
1755 2114 1874 2152 rna-

252 2211 399 2266 gnam
431 2199 486 2248 et
519 2193 844 2258 fortiorem,
896 2205 1073 2259 quam
1123 2187 1246 2243 haec
1297 2190 1428 2256 est].
1481 2187 1565 2257 [C.
1605 2186 1874 2256 XXVlIl.]

255 2285 310 2339 Et
332 2285 400 2339 ait
431 2283 627 2338 Moses
651 2281 722 2335 ad
750 2279 1062 2335 Dominum
1092 2294 1104 2332 :
1139 2276 1211 2331 Ut
1240 2276 1483 2331 audiant
1505 2276 1775 2348 .Egyptii,
1809 2277 1877 2331 de

255 2389 473 2443 quorum
507 2370 706 2426 medio
737 2367 985 2423 eduxisti
1015 2365 1296 2438 populum
1329 2365 1532 2431 istum,
1565 2373 1620 2420 et
1651 2367 1878 2423 habita-

253 2469 385 2517 tores
415 2466 583 2515 terraa
621 2459 820 2529 hujus,
844 2457 944 2524 qui
976 2456 1285 2511 audierunt
1316 2455 1467 2525 quod
1507 2460 1589 2523 tu,
1615 2457 1875 2524 Domine,

253 2548 302 2602 in
329 2547 535 2619 populo
589 2546 703 2600 isto
744 2544 848 2611 sis,
871 2548 928 2598 et
959 2542 1102 2597 facie
1132 2542 1380 2597 videaris
1432 2543 1497 2596 avt
1551 2543 1774 2598 faciem.
1811 2546 1880 2600 Et

253 2639 412 2691 nubes
434 2642 540 2691 tua
573 2637 841 2706 protegat
869 2632 1022 2700 illos,
1047 2636 1104 2686 et
1130 2631 1188 2685 in
1223 2630 1495 2685 columna
1526 2634 1700 2688 nubis
1733 2651 1877 2705 prte-

250 2727 394 2780 cedas
412 2741 508 2780 eos
530 2740 640 2795 per
657 2723 904 2791 diem,et
922 2722 979 2775 in
1002 2719 1278 2775 columna
1301 2720 1456 2792 ignis
1480 2737 1582 2792 per
1604 2727 1832 2778 noctem
1860 2740 1872 2776 :

247 2815 377 2885 quod
423 2811 714 2870 occideris
755 2815 978 2866 tantam
1015 2808 1456 2864 multitudinem
1490 2811 1657 2880 quasi
1691 2829 1876 2867 unum

246 2903 544 2969 hominem,
569 2909 626 2957 et
657 2901 890 2955 dicant:
928 2899 1052 2954 Non
1103 2901 1330 2969 poterat
1377 2899 1745 2955 introducere
1777 2917 1874 2972 po-

245 2991 422 3062 pulum
455 2993 512 3046 in
549 2996 789 3055 terram,
816 3005 918 3060 pro
951 3004 1067 3058 qua
1111 2989 1416 3057 juraverat
1447 3004 1458 3040 :
1513 2988 1728 3043 idcirco
1778 3007 1876 3045 oc-

244 3082 357 3135 cidit
387 3098 479 3136 eos
512 3082 572 3136 in
612 3078 956 3134 solitudine.
991 3077 1400 3146 Magniﬁcetur
1424 3093 1560 3147 ergo
1595 3077 1872 3134 fortitudo

247 3169 444 3224 Domini
493 3171 655 3224 sicut
696 3166 917 3238 jurasti
961 3166 1164 3220 dicens
1193 3165 1272 3238 [h.
1307 3164 1463 3220 sicut
1510 3165 1737 3222 locutus
1787 3185 1872 3236 es,
1905 3137 1946 3202 Ο

245 3258 437 3329 dicens]
472 3277 484 3314 :
525 3256 808 3313 Dominus
842 3255 1069 3327 patiens
1100 3258 1157 3310 et
1191 3253 1386 3308 multae
1435 3255 1872 3327 misericordias,

245 3348 485 3404 auferens
515 3346 893 3416 iniquitatem
944 3348 1003 3398 et
1050 3344 1270 3398 scelera
1319 3343 1670 3416 nullumque
1702 3344 1873 3400 inno-

245 3434 380 3490 xium
430 3434 850 3505 derelinquens
877 3434 917 3500 ¹,
952 3431 1054 3503 qui
1085 3431 1293 3487 visitas
1353 3438 1585 3502 peccata
1644 3438 1872 3504 patrum

249 3523 292 3577 iu
316 3525 454 3580 filios
484 3525 545 3580 in
575 3523 811 3578 tertiam
860 3526 917 3576 et
967 3525 1235 3592 quartam
1270 3521 1733 3593 generationem.
1780 3524 1874 3577 Di-

249 3613 410 3681 mitte,
439 3615 709 3682 obsecro,
741 3614 1046 3683 peccatum
1097 3611 1296 3682 populi
1337 3610 1516 3680 hujus
1547 3612 1872 3667 secundum

248 3701 690 3772 magnitudinem
741 3697 1150 3754 misericordias
1208 3694 1342 3766 tuae,
1375 3699 1529 3753 sicut
1586 3700 1873 3770 propitius

247 3789 380 3844 fuisti
428 3789 872 3862 egredientibus
919 3787 990 3842 de
1033 3791 1272 3859 Egypto
1325 3803 1510 3858 usque
1558 3789 1628 3842 ad
1680 3787 1870 3843 locum

244 3877 418 3934 istum.
467 3879 554 3950 [Β.
611 3877 886 3946 XXXVI.]
945 3875 1213 3945 Dixitque
1269 3875 1603 3931 Dominus:
1669 3877 1869 3931 Dimisi

237 3967 378 4036 juxta
404 3969 650 4024 verbum
686 3971 876 4020 tuum.
910 3965 1052 4020 Vivo
1085 3981 1213 4036 ego,
1234 3969 1290 4019 et
1318 3964 1660 4036 implebitur
1689 3965 1873 4035 gloria

246 4055 440 4111 Domini
491 4056 768 4111 universa
815 4060 991 4110 terra.
1027 4057 1294 4108 Attamen
1340 4069 1547 4109 omnes
1605 4054 1872 4111 homines

243 4145 324 4214 qui
347 4145 614 4200 viderunt
648 4145 1014 4215 majestatem
1049 4158 1258 4209 meam,
1295 4145 1351 4196 et
1382 4142 1571 4214 signa,
1603 4159 1729 4213 qum
1765 4143 1867 4198 feci

244 4231 287 4284 in
316 4234 548 4306 rﬁgypto
583 4238 640 4288 et
671 4232 729 4286 in
765 4231 1107 4300 solitudine,
1141 4235 1196 4286 et
1227 4235 1598 4286 tentaverunt
1632 4248 1722 4286 me
1745 4233 1869 4302 jam

243 4335 326 4390 per
373 4324 569 4378 decem
625 4321 803 4387 vices,
836 4337 938 4375 nec
982 4319 1328 4374 obedierunt
1377 4319 1501 4373 voci
1550 4335 1706 4388 meae,
1754 4337 1868 4375 non

243 4407 492 4466 videbunt
523 4417 741 4465 terram
799 4425 902 4480 pro
956 4424 1071 4479 qua
1104 4407 1298 4478 juravi
1341 4408 1610 4479 patribus
1641 4425 1866 4478 eorum,

245 4513 330 4551 nec
357 4500 673 4570 quisquam
715 4515 783 4553 ex
832 4496 971 4566 illis,
1005 4497 1105 4567 qui
1138 4496 1388 4552 detraxit
1420 4496 1586 4563 mihi,
1622 4498 1872 4553 intuebi-
1908 4507 1950 4570 ι)

242 4589 321 4640 tur
346 4605 485 4645 eam.
517 4589 631 4644 Sed
678 4588 856 4659 [ναις.
899 4592 1005 4641 tac.
1051 4587 1182 4657 Sed]
1216 4603 1448 4641 servum
1488 4604 1680 4643 meum
1715 4590 1867 4645 Cba-

243 4675 336 4743 teb,
366 4679 458 4748 qui
494 4677 704 4749 plenus
733 4675 846 4730 alio
879 4675 1090 4747 spiritu
1124 4681 1359 4730 secutus
1411 4680 1500 4730 est
1547 4693 1658 4743 me,
1693 4677 1866 4733 indu-

243 4777 348 4818 cam
396 4766 448 4821 in
501 4771 719 4822 terram
780 4766 952 4828 hanc,
1004 4780 1179 4834 quam
1235 4763 1521 4830 circuivit,
1566 4771 1621 4820 ct
1670 4782 1869 4822 semen

241 4851 348 4919 ejus
376 4854 696 4925 possidebit
751 4869 901 4909 eam.
935 4853 1222 4919 Quoniam
1253 4853 1606 4909 Amalecites
1635 4862 1690 4910 et
1721 4856 1870 4914 Cha~

241 4956 449 4999 nanzeus
483 4944 753 4998 habitant
802 4943 864 4998 in
918 4942 1192 4998 vallibus.
1226 4941 1365 4998 Cras
1397 4949 1623 4999 movete
1654 4951 1866 5021 castra,

239 5031 284 5082 et
310 5033 660 5088 revertimini
690 5033 746 5086 in
784 5031 1170 5088 solitudinem
1202 5049 1306 5102 per
1336 5032 1487 5088 viam
1541 5035 1721 5089 maris
1755 5036 1870 5090 Ru-

241 5115 331 5174 bri.
387 5119 466 5193 [C.
529 5121 792 5192 XXXIX].
857 5122 1227 5190 Locutusque
1283 5127 1372 5176 est
1449 5122 1735 5179 Dominus
1798 5126 1869 5180 ad

243 5203 414 5264 Mosen
447 5216 503 5265 et
532 5214 748 5278 Aaron,
772 5211 1011 5265 dicens:
1047 5210 1364 5280 Usquequo
1393 5211 1715 5268 multitudo
1748 5214 1870 5269 haec

241 5299 466 5364 pessima
520 5306 854 5358 murmurat
903 5305 1106 5355 contra
1138 5317 1232 5356 me
1257 5300 1284 5355 ?
1315 5303 1582 5372 querelas
1615 5304 1869 5359 filiorum

300 5457 313 5489 ¹
347 5459 613 5547 Hebraeus
634 5469 774 5547 nas:
801 5443 876 5518 NL)
905 5469 1045 5547 ftth
1081 5475 1094 5515 :
1149 5477 1277 5540 quae

249 5537 488 5602 possunt,
517 5535 577 5587 Et
605 5531 962 5602 puriﬁcandu'
979 5548 1088 5587 non
1143 5532 1487 5602 puriﬁcabis.
1526 5534 1733 5590 Eadem
1770 5535 1871 5592 illa

249 5601 396 5656 verba
422 5603 806 5675 Hieronymus
834 5621 1014 5675 supra
1045 5603 1114 5658 ad
1144 5601 1339 5659 ’Exod.
1375 5622 1563 5674 XXXIV,
1594 5607 1649 5674 7,
1684 5607 1862 5664 inter-

1149 5477 1270 5530 quae
1303 5461 1373 5514 ad
1401 5461 1641 5517 verbum
1695 5464 1855 5518 reddi

2000 511 2110 548 nus
2171 494 2323 549 sicut
2383 494 2558 549 locuti
2616 494 2781 563 estis,
2815 495 3091 551 audiente
3145 512 3261 562 me,
3295 497 3378 551 sic
3439 495 3645 551 faciam

1995 583 2252 638 vobis.In
2272 583 2650 639 solitudinem
2670 585 2822 640 hanc
2837 585 3120 654 jacehunt
3140 585 3417 639 cadavera
3432 590 3642 641 vestra.

1994 671 2212 728 Omnes
2243 673 2343 743 qui
2379 673 2669 728 numerati
2701 675 2844 729 estis
2874 691 2907 728 a
2936 673 3140 745 viginti
3171 673 3342 728 annis
3375 677 3432 730 et
3463 691 3644 746 supra

1993 765 2049 816 et
2082 762 2503 817 murmurastis
2536 768 2741 818 contra
2771 779 2885 828 me,
2914 780 3028 818 non
3069 762 3369 819 intrabitis
3402 773 3640 832 terram,

1991 866 2168 922 super
2196 867 2368 922 quam
2397 851 2577 907 levavi
2612 867 2852 906 manum
2886 867 3077 906 meam
3135 857 3199 906 ut
3243 851 3506 907 habitare
3535 868 3638 908 vos

1993 940 2241 996 facerem
2269 941 2351 1011 [h.
2383 941 2441 994 in
2473 941 2580 1010 ea],
2606 945 2814 1011 praeter
2844 939 3059 995 Chaleb
3091 939 3278 994 tilium
3307 940 3637 1012 Jephonne,

1991 1033 2048 1084 et
2104 1029 2282 1084 Josue
2349 1028 2535 1084 ﬁlium
2592 1029 2744 1084 Nun.
2798 1027 3076 1084 Parvulos
3137 1033 3334 1084 autem
3387 1033 3634 1097 vestros,

1991 1120 2061 1173 de
2106 1118 2323 1189 quibus
2375 1118 2625 1189 dixistis,
2659 1119 2814 1189 quod
2867 1119 3074 1189 prada:
3104 1117 3374 1174 hostibus
3426 1117 3634 1187 forent,

1990 1209 2383 1278 introducam,
2400 1213 2464 1262 ut
2485 1209 2715 1263 videant
2738 1213 2974 1273 terram,
2997 1206 3633 1280 qumvobisdisplicuil.

1991 1297 2193 1353 Vestra
2211 1298 2490 1353 cadavera
2514 1298 2802 1367 jacebunt
2825 1297 2884 1351 in
2906 1296 3224 1353 solitudine
3247 1295 3326 1368 [h.
3351 1296 3410 1350 in
3435 1295 3638 1353 solitu-

1988 1385 2122 1441 dine
2147 1387 2300 1456 ista].
2327 1386 2452 1440 Filii
2479 1387 2654 1442 vestri
2677 1391 2849 1442 erunt
2870 1386 2993 1457 vagi
3017 1385 3100 1456 lh.
3127 1386 3415 1457 pastores]
3445 1385 3504 1440 in
3535 1386 3636 1440 do-

1988 1481 2142 1529 serto
2171 1476 2306 1529 anni
2340 1475 2822 1547 quadraginta,et
2853 1475 3169 1546 portabunt
3194 1474 3636 1531 fornicationem

1983 1569 2263 1628 vestram,
2299 1564 2481 1618 donec
2530 1568 2960 1618 consumantur
2999 1564 3280 1619 cadavera
3309 1564 3392 1632 [h.
3426 1565 3637 1634 vestra]

1985 1658 2219 1722 patrum
2270 1651 2327 1706 in
2379 1653 2632 1719 deserto,
2673 1653 2835 1722 iuxta
2889 1668 3201 1708 numerum
3253 1651 3641 1724 quadraginta

1985 1741 2236 1807 dierum,
2270 1741 2486 1813 quibus
2525 1741 2938 1796 considerastis
2969 1745 3186 1797 terram
3223 1759 3235 1797 :
3293 1759 3482 1796 annus
3533 1759 3635 1813 pro

1985 1831 2078 1885 die
2123 1831 2528 1902 imputabitur.
2563 1833 2636 1886 Et
2688 1831 2768 1902 [h.
2820 1847 2934 1885 non
2986 1830 3181 1901 habet]
3243 1831 3636 1903 quadraginta

1986 1919 2155 1974 annis
2232 1919 2526 1990 recipietis
2596 1918 2937 1990 iniquitates
2991 1925 3250 1986 vestras,
3309 1924 3368 1974 et
3435 1920 3636 1975 scietis

1989 2007 2270 2064 ultionem
2313 2025 2505 2063 meam
2540 2026 2552 2063 :
2606 2009 2885 2080 quoniam
2919 2008 3073 2063 sicut
3101 2007 3332 2064 locutus
3363 2025 3519 2077 sum,
3555 2008 3635 2064 ita

1988 2099 2190 2153 faciam
2224 2098 2382 2153 omni
2416 2097 2779 2152 multitudini
2811 2097 2949 2152 huic
2982 2097 3270 2169 pessima),
3305 2113 3431 2169 quae
3492 2114 3632 2153 con-

1987 2187 2238 2242 surrexit
2267 2187 2577 2242 adversum
2611 2203 2704 2242 me
2741 2202 2754 2241 :
2793 2187 2849 2241 in
2883 2186 3200 2242 solitudine
3249 2185 3358 2242 hac
3407 2186 3639 2242 deficiet

1986 2281 2044 2331 et
2102 2277 2403 2331 morietur.
2467 2277 2549 2344 [C.
2609 2276 2743 2348 XL]
2798 2276 2982 2348 Igitur
3037 2292 3241 2331 omnes
3298 2275 3426 2342 viri,
3489 2291 3636 2346 quos

1988 2365 2230 2420 miserat
2261 2364 2450 2420 Moses
2494 2365 2564 2420 ad
2615 2365 3129 2437 contemplandum
3176 2369 3414 2433 terram,
3449 2368 3506 2420 et
3535 2364 3636 2435 qui

1987 2453 2201 2510 τενθτεὶ
2243 2470 2614 2509 murmurare
2663 2454 2922 2509 fecerant
2969 2458 3169 2509 contra
3216 2471 3351 2508 eum
3401 2469 3636 2509 omnem

1991 2541 2450 2610 multitudinem,
2485 2543 2857 2599 detrahentes
2888 2549 3054 2598 terra:
3089 2543 3244 2615 quod
3275 2547 3429 2599 esset
3461 2542 3637 2613 mala,

1990 2631 2203 2686 mortui
2243 2637 2382 2686 sunt
2428 2637 2602 2702 atque
2645 2633 2908 2704 percussi
2943 2633 2998 2686 in
3033 2635 3351 2703 conspectu
3386 2631 3636 2687 Domini.

1984 2721 2162 2776 Josue
2191 2725 2386 2776 autem
2421 2720 2578 2776 filius
2608 2720 2760 2790 Nun,
2796 2726 2853 2776 et
2879 2721 3092 2776 Chaleh
3124 2720 3284 2775 titius
3311 2720 3637 2791 Jephonne,

1985 2809 2255 2865 vixerunt
2285 2826 2352 2864 ex
2383 2811 2683 2878 omnibus,
2711 2810 2811 2881 qui
2865 2813 3237 2881 perrexerant
3263 2809 3331 2864 ad
3367 2809 3638 2864 conside-

1987 2899 2232 2954 randam
2282 2904 2521 2954 terram.
2567 2899 2933 2970 Locutusquc
2983 2903 3072 2953 est
3121 2898 3313 2953 Moses
3371 2897 3638 2953 universa

1984 2987 2158 3042 verba
2198 2987 2318 3042 haec
2349 2988 2419 3043 ad
2455 3004 2659 3043 omnes
2703 2986 2852 3042 ﬁlios
2882 2987 3080 3053 Israel,
3115 2991 3170 3042 et
3199 2985 3346 3042 luxit
3377 2985 3634 3058 populus

1987 3077 2186 3132 nimis.
2223 3079 2289 3132 Et
2318 3094 2447 3134 ecce
2480 3095 2650 3133 mane
2682 3078 2872 3148 primo
2904 3081 3212 3148 surgentes
3243 3076 3636 3131 ascenderunt

1985 3166 2261 3222 verticem
2313 3168 2550 3234 montis,
2585 3172 2761 3238 atque
2803 3166 3122 3222 dixerunt:
3177 3165 3370 3221 Parati
3430 3181 3635 3221 sumus

1985 3257 2300 3311 ascendere
2328 3257 2398 3310 ad
2430 3255 2647 3322 locum,
2682 3257 2750 3310 de
2781 3273 2893 3326 quo
2921 3255 3206 3311 Dominus
3255 3254 3487 3310 locutus
3523 3257 3633 3325 est,

1986 3344 2124 3415 quia
2148 3345 2534 3416 peccavimus.
2561 3344 2786 3410 Quibus
2810 3344 3030 3403 Moses:
3056 3344 3191 3415 Cur,
3215 3343 3429 3416 inquit,
3448 3346 3638 3399 trans-

1985 3433 2299 3505 gredimini
2330 3435 2570 3490 verbum
2624 3434 2874 3499 Domini,
2907 3434 3060 3506 quod
3093 3433 3256 3490 vobis
3305 3450 3419 3488 non
3471 3433 3636 3488 cedet

1984 3522 2042 3576 in
2102 3523 2496 3596 prosperum?
2541 3525 2618 3595 [Ο.
2669 3524 2828 3594 XLI].
2880 3523 3069 3579 Nolite
3127 3523 3463 3591 ascendere,
3517 3539 3632 3578 non

1986 3611 2140 3667 enim
2169 3617 2256 3666 est
2289 3611 2576 3667 Dominus
2598 3612 2897 3668 vobiscum
2920 3613 3002 3684 (h.
3027 3612 3088 3667 in
3113 3611 3303 3668 medio
3325 3613 3630 3682 vestrum),

1986 3719 2056 3756 nc
2110 3703 2393 3756 corruatis
2428 3718 2623 3757 coram
2659 3701 2908 3757 inimicis
2940 3701 3170 3758 vestris.
3200 3700 3548 3756 Amalecites
3580 3704 3636 3756 et

1983 3791 2347 3846 Chananeus
2380 3795 2514 3846 ante
2544 3808 2644 3846 vos
2695 3795 2853 3857 sunt,
2888 3807 3139 3863 quorum
3172 3789 3364 3862 gladio
3397 3805 3633 3845 corrue-

1984 3882 2079 3951 tis,
2124 3898 2189 3938 eo
2236 3884 2386 3952 quod
2442 3881 2747 3938 nolueritis
2802 3883 3171 3954 acquiescere
3227 3880 3494 3951 Domino,
3527 3896 3632 3935 nec

1981 3973 2090 4026 erit
2113 3971 2393 4028 Dominus
2435 3972 2758 4027 vobiscum.
2783 3973 2854 4027 At
2875 3970 2958 4026 illi
2992 3969 3391 4027 contenebrati
3424 3984 3630 4024 ascen-

1981 4062 2195 4115 derunt
2223 4061 2279 4115 in
2313 4062 2583 4116 verticem
2619 4062 2858 4116 montis.
2883 4067 3034 4115 Area
3063 4064 3260 4115 autem
3292 4057 3628 4114 testamenti

1980 4150 2214 4204 Domini
2265 4155 2320 4205 et
2367 4149 2560 4205 Moses
2605 4167 2720 4206 non
2753 4154 3123 4206 recesserunt
3153 4149 3224 4204 de
3253 4147 3483 4203 castris.
3515 4148 3628 4203 De-

1979 4239 2320 4309 scenditque
2351 4239 2688 4295 Amalecites
2735 4247 2790 4294 et
2837 4239 3228 4308 Chananeus,
3260 4238 3360 4311 qui
3399 4237 3628 4293 habita-

1979 4329 2078 4383 bat
2109 4329 2166 4382 in
2201 4333 2420 4397 monte,
2447 4333 2505 4383 et
2537 4328 2868 4399 percutiens
2913 4345 3033 4394 eos,
3069 4333 3245 4399 atque
3293 4327 3630 4396 concidens,

1979 4422 2322 4488 persecutus
2352 4421 2441 4472 est
2465 4433 2564 4472 eos
2597 4434 2787 4488 usque
2816 4418 3049 4474 Horma.

2056 4507 2140 4576 [T.
2175 4506 2269 4572 IX,
2306 4507 2346 4561 Β
2401 4506 2676 4573 XXXVII,
2709 4507 2768 4561 C.
2803 4507 2972 4573 XLII,
3027 4507 3154 4578 Cap.
3190 4507 3330 4577 XV].
3379 4507 3629 4563 Locutus

1982 4601 2070 4650 est
2118 4595 2404 4650 Dominus
2435 4595 2506 4650 ad
2536 4595 2754 4660 Mosen,
2787 4595 2988 4651 dicens
3021 4612 3033 4650 :
3085 4597 3342 4667 Loquere
3373 4595 3444 4651 ad
3477 4594 3630 4651 filios

1983 4682 2184 4750 Israel,
2207 4689 2262 4738 et
2292 4684 2450 4740 dices
2506 4685 2573 4739 ad
2627 4701 2761 4740 eos:
2799 4684 2942 4739 Cum
2976 4685 3225 4756 ingressi
3254 4684 3482 4740 fueritis
3515 4687 3628 4740 ter-

1983 4788 2106 4825 ram
2154 4771 2536 4827 habitationis
2569 4777 2791 4838 vestrae,
2827 4790 3000 4843 quam
3035 4790 3136 4843 ego
3181 4773 3330 4829 dabo
3362 4773 3546 4840 vobis,
3575 4777 3632 4829 et

1983 4860 2236 4916 feceritis
2269 4861 2622 4915 oblationem
2659 4862 2897 4916 Domino
2953 4861 3014 4917 in
3065 4862 3494 4928 holocaustum,
3530 4867 3632 4918 aut

1982 4948 2300 5015 victimam,
2357 4954 2488 5005 vota
2539 4950 2853 5019 solventes,
2909 4949 2997 5006 vel
3055 4955 3262 5022 sponte
3320 4951 3628 5008 otferentes

1981 5055 2246 5107 munera,
2282 5043 2382 5094 aut
2431 5039 2489 5094 in
2537 5037 3010 5096 solemnitatibus
3062 5041 3271 5097 vestris
3328 5040 3627 5096 adolentes

1979 5127 2212 5182 odorem
2248 5128 2554 5183 suavitatis
2612 5129 2877 5195 Domino,
2911 5130 2981 5184 de
3012 5130 3220 5196 bobus,
3254 5130 3372 5185 sive
3403 5132 3472 5185 de
3505 5130 3627 5186 ovi-

1980 5216 2146 5271 bus:
2209 5217 2409 5272 offeret
2467 5217 2804 5288 quicunque
2861 5217 3251 5274 immolaverit
3305 5219 3627 5285 victimam,

1979 5305 2335 5360 sacriﬁcium
2389 5306 2594 5362 similae
2645 5307 2926 5363 decimam
2978 5313 3201 5378 partem
3235 5306 3366 5377 ερΛὶ
3396 5307 3475 5377 [h.
3514 5324 3628 5363 non

1980 5469 2242 5590 Eretatus
2299 5473 2407 5536 est,
2445 5469 2641 5523 Nullus
2698 5469 2854 5538 apud
2882 5472 2936 5522 te
2964 5483 3062 5537 per
3105 5483 3160 5520 se
3208 5468 3469 5522 innocens
3525 5479 3621 5526 est.

2023 5537 2224 5590 xnonit
2253 5554 2388 5590 vero
2440 5540 2496 5590 in
2548 5539 2784 5590 Dialogo
2826 5543 3026 5590 contra
3053 5538 3415 5590 Pelagianos.
3453 5546 3621 5590 atauo

2017 5537 2224 5663 lxppnit
2253 5554 2388 5593 vero
2439 5540 2496 5594 in
2548 5537 2784 5611 Dialogo
2826 5543 3026 5594 contra
3053 5538 3415 5609 Pelagianos,
3453 5546 3629 5613 atque

2040 5626 2052 5661 ι
2101 5626 2138 5662 ι.

1980 5625 2138 5662 ωιυι.
