4068 6172
344 288 451 345 407
483 289 487 297 ’

1386 291 1449 344 s.
1489 272 1900 348 HIBRONYMI
1938 294 2199 351 emus
2236 295 2729 351 BIBLIO'I‘HBCA.

3661 293 3766 349 408

347 416 545 489 habet]
576 434 952 490 consparsam
985 416 1134 483 oleo,
1166 417 1319 489 quod
1365 433 1700 472 mensuram
1762 417 2001 475 habebit
2031 422 2085 488 Α
2119 438 2252 477 nem
2286 420 2653 492 colligentem
2688 419 2850 492 ligna
2880 420 2939 476 in
2966 420 3062 476 die
3113 418 3382 485 Sabbati,
3429 418 3772 476 obtulerunt

353 511 623 577 quartam
655 511 882 579 partem
914 506 1039 572 bin,
1074 511 1128 561 et
1160 506 1358 561 vinum
1413 507 1483 561 ad
1534 506 1652 561 liba
1702 508 2003 563 fundenda

224 624 233 641 -
342 597 613 666 ejusdem
665 611 953 653 mensurae
984 595 1149 651 dabit
1195 595 1253 649 in
1303 594 1739 666 holocaustum,
1772 597 1892 653 sive
1942 597 2001 651 in

345 683 669 739 victimam.
695 683 802 739 Per
832 700 1015 756 agnos
1047 684 1312 757 singulos
1344 689 1398 739 et
1430 685 1512 754 [b.
1546 691 1602 740 et
1646 702 1750 757 per
1797 687 2001 758 singu-

346 773 459 844 los]
490 774 700 829 arietes
734 776 750 808 ¹
784 772 897 828 erit
932 774 1287 828 sacriﬁcium
1319 774 1528 829 simila:
1561 775 1813 831 duarum
1846 776 2003 831 deci-

351 878 615 931 marum,
676 878 805 933 quae
878 878 1199 934 conspersa
1272 863 1350 919 sit
1415 862 1541 919 oleo
1608 864 1792 919 tertiae
1869 882 2003 937 par-

349 951 427 1007 tis
479 949 626 1005 hin:
677 956 734 1006 et
762 951 957 1006 vinum
1011 952 1081 1006 ad
1140 950 1527 1007 libamentum
1582 954 1763 1008 tertiae
1818 954 2003 1025 partis

351 1028 457 1094 hin
514 1039 700 1111 [ναις.
756 1041 864 1094 tac.
926 1038 1052 1109 hin]
1114 1039 1375 1109 ejusdem
1448 1057 1737 1097 mensurae
1806 1042 2007 1097 oﬂ‘eret

352 1129 413 1184 in
490 1130 731 1185 odorem
811 1130 1117 1184 suavitatis
1197 1130 1478 1187 Domino.
1557 1132 1799 1195 Quando
1871 1148 2004 1187 vero

351 1220 423 1275 de
459 1219 644 1274 bobus
672 1218 880 1273 feceris
911 1217 1320 1273 holocaustum
1353 1220 1761 1289 autﬁhostiam,
1796 1225 1859 1275 ut
1891 1221 2003 1275 im-

354 1308 516 1380 pleas
545 1312 770 1377 votum,
802 1307 889 1362 vel
924 1307 1196 1379 paciﬁcas
1224 1308 1515 1376 victimas,
1547 1310 1719 1366 dabis
1751 1324 1852 1380 per
1881 1310 2005 1365 sin-

355 1397 528 1469 gulos
576 1397 751 1452 boves
783 1395 989 1452 simin
1023 1400 1142 1452 tres
1172 1396 1434 1453 decimas
1485 1415 1813 1469 conspersae
1861 1399 2006 1464 oleo,

358 1485 514 1556 quod
547 1483 761 1541 habeat
791 1484 1050 1540 medium
1103 1502 1391 1542 mensura:
1443 1486 1565 1552 hin,
1599 1491 1655 1543 et
1687 1488 1887 1543 vinum
1937 1489 2009 1543 ad

359 1573 457 1628 iba
478 1573 778 1628 fundanda
798 1574 1062 1643 ejusdem
1093 1590 1381 1629 mensurae
1413 1576 1471 1630 in
1491 1574 1843 1631 oblationem
1876 1594 2011 1631 sua-

2114 527 2249 566 eum
2284 510 2430 565 Mosi
2461 514 2517 565 et
2545 512 2735 566 Aaron
2766 514 2825 565 et
2873 509 3158 566 universae
3213 507 3607 565 multitudini.
3657 508 3769 573 Qui

2116 598 2489 654 recluserunt
2514 614 2647 653 eum
2681 598 2738 651 in
2772 615 3085 664 carcerem,
3117 598 3448 653 nescientes
3479 598 3622 669 quid
3675 615 3772 653 su-

2115 704 2218 759 per
2246 703 2311 742 eo
2337 686 2525 742 facere
2558 688 2855 742 deberent.
2891 688 3159 758 Dixitque
3203 685 3481 743 Dominus
3533 687 3603 742 ad
3654 687 3772 742 Mo-

2114 792 2237 831 sen:
2258 779 2433 830 Morte
2465 776 2751 831 moriatur
2780 776 2956 831 homo
2990 776 3120 843 iste,
3148 776 3360 831 obruat
3387 792 3521 831 eum
3555 775 3771 847 lapidi-

2114 865 2228 920 bus
2263 864 2454 919 omnis
2486 864 2661 919 turba
2691 869 2851 920 extra
2881 870 3091 920 castra.
3125 864 3392 936 Cumque
3425 864 3774 920 eduxissent

2112 954 2460 1024 eum-foras,
2489 954 2811 1010 obruerunt
2840 954 3031 1027 [Vulg.
3075 953 3201 1008 add.
3244 960 3402 1025 eum]
3450 953 3770 1026 lapidibus,

2115 1046 2171 1096 et
2202 1046 2473 1103 mortuus
2504 1047 2587 1097 est
2621 1042 2775 1097 sicut
2808 1046 3166 1114 praeceperat
3196 1043 3504 1098 Dominus.
3538 1043 3626 1111 [Β.
3658 1044 3769 1107 XL,

2116 1130 2174 1185 Ο.
2208 1130 2450 1197 XLVII.]
2481 1130 2629 1186 Dixit
2660 1146 2895 1202 quoque
2927 1130 3217 1186 Dominus
3248 1131 3319 1186 ad
3352 1130 3551 1187 Mosen
3607 1148 3621 1185 :
3668 1132 3772 1187 Lo-

2116 1236 2290 1287 quere
2320 1219 2456 1273 ﬁliis
2485 1218 2683 1285 Israel,
2716 1224 2772 1274 et
2798 1219 2955 1274 dices
3007 1220 3079 1274 ad
3134 1236 3233 1275 eos
3282 1225 3348 1275 ut
3393 1221 3612 1276 faciant
3656 1219 3773 1274 sibi

2118 1308 2382 1363 ﬁmbrias
2414 1324 2515 1378 per
2544 1307 2794 1380 angulos
2826 1308 3163 1380 palliorum,
3198 1314 3484 1381 ponentes
3534 1309 3616 1383 [b.
3672 1325 3777 1380 per

2118 1398 2522 1469 generationes
2543 1414 2706 1460 suas.
2727 1403 3036 1469 ponentes,
3056 1401 3203 1467 etc.]
3233 1399 3295 1453 In
3328 1400 3413 1454 eis
3441 1399 3593 1454 vitas
3625 1398 3775 1471 hya-

2119 1486 2416 1542 cinthinas
2433 1504 2446 1542 :
2464 1502 2612 1557 quas
2634 1502 2767 1541 cum
2791 1486 3061 1553 viderint,
3086 1486 3549 1542 recordabuntur
3571 1487 3771 1560 [Vulg.

2121 1576 2521 1643 recordentur]
2575 1575 2839 1631 omnium
2896 1576 3309 1631 mandatorum
3366 1576 3615 1643 Domini,
3667 1591 3778 1631 nec

360 1661 587 1718 vissimi
608 1660 803 1717 odoris
825 1661 1094 1717 Domino.
1111 1662 1207 1717 Sic
1231 1662 1405 1719 facies
1427 1680 1530 1735 per
1551 1664 1814 1736 singulos
1836 1666 2014 1721 boves
2123 1669 2447 1738 sequantur
2476 1663 2863 1736 cogitationes
2884 1669 3109 1731 suas,et
3130 1663 3329 1720 oculos
3352 1678 3455 1736 per
3474 1665 3778 1720 resvarias

362 1755 419 1806 et
448 1750 659 1806 arietes
689 1756 747 1805 et
776 1766 958 1822 agnos
989 1754 1044 1806 et
1073 1750 1291 1806 haedos.
1318 1753 1459 1806 Tam
1492 1753 1799 1825 indigenis,
1835 1770 2009 1826 quam
2044 1792 2090 1855 Β
2123 1754 2617 1810 fornicanteszsed
2652 1754 2842 1825 magis
2876 1769 3168 1809 memores
3198 1758 3622 1826 praeceptorum
3654 1753 3773 1809 Do-

360 1839 649 1913 peregrini
673 1840 876 1895 eodem
904 1840 1015 1895 ritu
1042 1840 1287 1896 offerent
1316 1842 1623 1897 sacrificia.
1650 1842 1842 1898 Unum
1868 1860 2010 1914 pra:-

357 1934 593 2000 ceptum
627 1928 739 1983 erit
768 1934 943 2001 atque
968 1930 1378 2001 judiciumlh.
1403 1931 1728 2002 legitimum
1755 1950 1930 1988 unum
1959 1936 2012 1987 et

350 2019 632 2090 judicium
680 2019 878 2088 unum]
918 2022 1038 2072 tam
1070 2018 1233 2073 vobis
1284 2036 1463 2091 quam
1525 2021 1764 2076 advenis
1820 2026 1986 2076 terra;

366 2108 453 2179 [Β.
486 2107 789 2175 XXXVIII,
825 2108 886 2163 C.
919 2106 1138 2177 XLIII].
1176 2113 1428 2163 Locutus
1481 2114 1570 2165 est
1603 2113 1883 2166 Dominus
1936 2111 2008 2166 ad

365 2195 586 2261 Mosen,
620 2194 860 2250 dicens:
909 2195 1165 2267 Loquere
1209 2196 1347 2252 ﬁliis
1394 2198 1590 2265 Israel,
1625 2204 1682 2254 et
1730 2199 1888 2254 dices
1937 2199 2008 2254 ad

366 2300 466 2340 eos
499 2287 707 2343 :_Cum
739 2284 1014 2339 veneritis
1052 2284 1110 2339 in
1141 2289 1377 2353 terram,
1410 2303 1588 2358 quam
1644 2289 1794 2343 dabo
1826 2288 2010 2360 vobis,

365 2376 424 2429 et
453 2372 828 2428 comederitis
858 2374 929 2427 de
960 2373 1211 2445 panibus
1254 2375 1510 2447 regionis
1558 2376 1738 2443 illius,
1772 2395 2010 2450 separa-

366 2462 505 2517 bitis
536 2460 829 2533 primitias
859 2462 1107 2517 Domino
1157 2464 1227 2518 de
1276 2464 1423 2519 cibis
1470 2466 1702 2522 vestris.
1736 2467 1895 2521 Sicut
1942 2469 2013 2523 de

363 2549 513 2605 areis
540 2549 833 2622 primitias
857 2550 1162 2622 separatis,
1183 2551 1264 2607 ita
1293 2556 1348 2607 et
1381 2554 1452 2608 de
1479 2554 1803 2625 pulmentis
1832 2556 1913 2627 [b.
1939 2556 2012 2611 de

364 2640 552 2694 farina
600 2640 938 2710 conspersa]
981 2640 1197 2695 dabitis
1246 2642 1543 2714 primitiva
1588 2644 1834 2699 Domino
1869 2644 1942 2710 [b.
1979 2662 2013 2700 a

362 2727 737 2801 generatione
780 2731 839 2783 et
880 2729 1359 2801 generationibus
1386 2732 1645 2803 vestris].
1679 2733 1764 2802 [Ο.
1799 2732 2008 2805 XLIV.]

366 2817 525 2881 Quod
560 2816 610 2870 si
644 2831 746 2887 per
793 2817 1187 2888 ignorantiam
1252 2821 1645 2890 preterieritis
1691 2807 2008 2893 quidquam

366 2906 739 2977 horum,quaa
764 2906 993 2962 locutus
1018 2912 1104 2962 est
1127 2908 1410 2964 Dominus
1435 2910 1502 2964 ad
1537 2910 1821 2981 Mosen,et
1845 2928 2015 2966 man-

364 2996 524 3050 davit
575 3010 675 3066 per
721 3010 853 3050 eum
906 2995 975 3049 ad
1009 3013 1131 3060 vos,
1165 3014 1197 3051 a
1229 2998 1341 3061 die,
1374 3014 1490 3069 qua
1521 3000 1692 3069 ccepit
1724 3001 1929 3071 jubere
1960 3004 2017 3056 et

364 3083 540 3147 ultra,
574 3083 871 3154 oblitaque
926 3084 1098 3140 fuerit
1153 3086 1339 3141 facere
1396 3087 1761 3143 multitudo:
1814 3089 2017 3143 otferet

2125 1844 2265 1899 mini
2295 1844 2508 1899 faciant
2534 1860 2620 1911 eu,
2655 1843 2889 1915 sintque
2920 1843 3107 1898 sancti
3140 1844 3256 1898 Deo
3297 1860 3431 1899 suo.
3493 1843 3611 1913 Ego
3658 1843 3777 1898 Do-

2123 1933 2320 1989 minus
2354 1934 2503 1988 Deus
2533 1936 2725 1987 vester
2753 1932 2852 2003 qui
2885 1931 3056 1987 eduxi
3086 1948 3189 1988 vos
3219 1933 3291 1987 de
3324 1936 3479 1987 tenra
3520 1932 3777 2003 Egypti,

2122 2027 2186 2077 ut
2206 2038 2394 2077 essem
2421 2027 2611 2077 vester
2641 2022 2791 2076 Deus
2813 2021 2892 2091 [b.
2928 2025 3038 2092 Ego
3064 2021 3350 2078 Dominus
3375 2026 3526 2077 Deus
3540 2022 3772 2090 vester].

2191 2113 2277 2179 [’I‘.
2306 2113 2384 2176 X,
2407 2111 2474 2165 Β.
2509 2108 2662 2177 XLI,
2687 2110 2820 2180 Cap.
2844 2111 3013 2182 ΧΗ]
3048 2112 3188 2165 Ecce
3220 2114 3415 2165 autem
3446 2110 3587 2165 Core
3613 2108 3778 2164 ﬁlius

2122 2202 2307 2264 Isaac,
2364 2199 2465 2253 lilii
2534 2198 2732 2261 Caatb,
2807 2198 2903 2252 ﬁlii
2972 2198 3123 2266 Levi,
3182 2203 3241 2254 et
3300 2198 3525 2254 Datban
3596 2202 3778 2268 atque

2118 2290 2354 2345 Abiram
2388 2289 2493 2344 ﬁlii
2521 2288 2701 2358 Eliab,
2722 2289 2803 2343 On
2841 2305 3074 2359 quoque
3096 2287 3251 2344 ﬁlius
3276 2287 3514 2343 Pheletb
3539 2288 3611 2342 de
3634 2287 3776 2342 ﬁliis

2120 2379 2344 2445 Ruben,
2379 2382 2754 2433 surrexerunt
2789 2382 2990 2432 contra
3022 2377 3479 2448 Mosen,aliique
3510 2375 3770 2432 ﬁliorum

2122 2467 2301 2524 Israel
2324 2467 2557 2522 ducenti
2583 2466 2719 2537 quin
2731 2482 2804 2537 qn
2817 2483 2840 2517 ει
2852 2466 3012 2537 ginta
3031 2466 3138 2521 viri
3154 2481 3422 2538 proceres
3436 2481 3778 2538 synagogas,

2120 2562 2178 2613 et
2217 2555 2313 2628 qui
2356 2560 2617 2627 tempore
2667 2554 2901 2610 concilii
2951 2572 3054 2626 per
3103 2555 3344 2611 nomina
3390 2555 3779 2610 vocabantur.

2121 2651 2356 2716 Cunque
2388 2645 2689 2701 stetissent
2721 2645 3031 2700 adversum
3066 2644 3263 2700 Mosen
3296 2648 3354 2700 et
3382 2646 3595 2713 Aaron,
3619 2643 3783 2699 dixe-

2122 2740 2263 2791 runt
2294 2751 2307 2788 :
2343 2732 2610 2790 Sufﬁciat
2640 2734 2805 2789 vobis
2840 2750 2853 2788 :
2887 2734 3028 2806 quia
3056 2733 3251 2789 omnis
3279 2732 3595 2788 multitudo
3642 2749 3782 2788 san-

2123 2830 2347 2879 ctorum
2385 2827 2492 2890 cst,
2526 2826 2577 2877 et
2615 2824 2671 2877 in
2706 2821 2853 2894 ipsis
2882 2826 2974 2877 est
3002 2821 3288 2877 Dominus
3337 2820 3419 2890 [b.
3470 2822 3529 2876 in
3587 2820 3782 2876 medio

2124 2929 2324 2967 eorum
2363 2909 2668 2977 Dominus]
2702 2927 2716 2967 :
2750 2911 2862 2966 Cur
2912 2909 3217 2966 elevamini
3270 2926 3447 2983 super
3493 2910 3781 2982 populum

2125 3000 2401 3057 Domini?
2433 3000 2595 3066 Quod
2628 3016 2762 3055 cum
2800 3000 3067 3055 audisset
3099 2998 3527 3067 Moses,cecidit
3556 3016 3781 3071 pronus

2127 3091 2182 3145 in
2222 3090 2425 3144 faciem
2459 3089 2539 3158 [b.
2575 3089 2787 3145 cecidit
2812 3105 2992 3159 super
3024 3087 3244 3155 facies],
3291 3089 3640 3159 locutusque
3689 3092 3784 3143 est

360 3170 615 3226 vitulum
649 3171 720 3225 de
750 3180 1034 3242 armento,
1069 3171 1474 3230 holocaustum
1507 3175 1563 3231 in
1596 3178 1830 3232 odorem
1875 3195 2011 3233 sua-
2046 3159 2089 3226 C
2127 3181 2195 3234 ad
2227 3183 2370 3235 Core
2401 3182 2458 3233 et
2487 3180 2556 3233 ad
2589 3194 2824 3233 omnem
2861 3178 3295 3234 multitudinem
3324 3195 3337 3233 :
3367 3178 3777 3249 Mane,inquit,

364 3259 675 3314 vissimum
729 3260 993 3325 Domino,
1025 3266 1082 3316 et
1130 3262 1479 3318 sacriﬁcium
1521 3266 1649 3335 ejus
1682 3282 1745 3320 ac
1780 3266 1916 3333 liba,
1952 3271 2017 3322 ut

368 3348 725 3404 caeremoniae
775 3348 1094 3419 postulant,
1128 3349 1473 3423 hircumquc
1519 3370 1621 3424 pro
1670 3358 1928 3425 peccato,
1961 3360 2018 3410 et

372 3436 602 3509 rogabit
657 3437 932 3492 sacerdos
964 3455 1065 3509 pro
1111 3440 1266 3494 omni
1323 3440 1703 3497 multitudine
1764 3443 2014 3498 ﬁliorum

376 3525 577 3592 Israel,
602 3530 659 3580 et
689 3526 1019 3582 dimittetur
1047 3528 1152 3594 eis,
1186 3529 1464 3600 quoniam
1498 3548 1613 3586 non
1646 3538 1853 3603 sponte
1886 3550 2016 3604 pec-

369 3614 1071 3686 caverunt,nihilominus
1103 3617 1409 3674 offerentes
1439 3619 1744 3676 incensum
1774 3622 2017 3678 Domino

370 3721 474 3777 pro
506 3722 568 3761 se
597 3710 656 3760 et
685 3722 788 3777 pro
821 3711 1055 3777 peccato
1086 3713 1263 3778 atque
1283 3725 1477 3764 errore
1500 3727 1603 3765 suo
1628 3728 1640 3765 :
1674 3716 1729 3765 et
1758 3712 2018 3767 dimitte-

366 3803 464 3849 tur
492 3794 781 3850 universse
812 3794 964 3868 plebi
1000 3795 1257 3852 ﬁliorum
1306 3798 1504 3862 Israel,
1538 3805 1592 3854 et
1622 3801 1881 3869 advenis,
1916 3801 2018 3873 qui

369 3884 821 3955 peregrinantur
849 3884 1001 3940 inter
1028 3902 1130 3941 vos
1161 3887 1501 3958 [Vulg.eos]:
1538 3890 1813 3959 quoniam
1847 3890 2021 3963 culpa

369 3977 458 4028 est
486 3973 682 4028 omnis
713 3973 911 4045 populi
943 3989 1046 4045 per
1069 3973 1485 4045 ignorantiam.
1516 3979 1675 4045 Quod
1720 3981 1766 4034 si
1821 3980 2021 4035 anima

376 4078 493 4117 una
524 4062 791 4117 nesciens
825 4064 1166 4133 peccaverit,
1186 4065 1387 4121 olferet
1416 4082 1648 4137 capram
1684 4069 2020 4124 anniculam

372 4166 478 4222 pro
512 4154 750 4222 peccato
781 4167 912 4219 suo,
946 4155 1002 4205 et
1033 4153 1441 4224 deprecabitur
1494 4173 1594 4227 pro
1625 4173 1692 4211 ra
1723 4158 2018 4226 sacerdos,

368 4239 523 4309 quod
548 4239 732 4295 inscia
756 4242 1080 4311 peccaverit
1110 4258 1306 4297 coram
1336 4242 1582 4298 Domino
1609 4262 1621 4300 :
1656 4245 2020 4318 impetrabit-

370 4342 485 4399 que
543 4326 593 4381 ei
641 4328 893 4394 veniam,
925 4334 982 4385 et
1012 4330 1345 4386 dimittetur
1395 4332 1500 4388 illi.
1533 4334 1674 4389 Tam
1727 4335 2021 4407 indigenis

371 4431 550 4487 quam
585 4417 826 4472 advenis
858 4434 975 4474 una
997 4418 1088 4474 lex
1111 4421 1220 4475 erit
1240 4421 1503 4477 omnium
1532 4423 1629 4494 qui
1655 4424 2021 4495 peccaverint

2126 3280 2324 3324 notum
2385 3268 2559 3323 faciet
2609 3268 2897 3323 Dominus
2943 3268 3040 3340 qui
3092 3269 3163 3323 ad
3212 3285 3274 3324 se
3322 3270 3671 3340 pertineant,
3719 3273 3783 3323 et

2124 3363 2362 3414 sanctos
2393 3357 2716 3430 applicabit
2747 3357 2856 3413 sibi
2883 3374 2895 3412 :
2918 3362 2974 3412 et
3004 3373 3149 3429 quos
3181 3355 3441 3429 elegerit,
3462 3358 3780 3428 appropin-

2126 3448 2394 3519 quabunt
2424 3447 2497 3501 ei.
2532 3447 2648 3501 Hoc
2681 3447 2863 3518 igitur
2896 3447 3064 3502 facite
3098 3462 3110 3501 :
3144 3445 3337 3502 Tollat
3367 3446 3782 3517 unusquisque

2126 3536 2428 3592 tburibula
2473 3552 2605 3603 sua,
2636 3540 2697 3590 tu
2728 3539 2893 3599 Core,
2926 3544 2982 3590 et
3011 3551 3184 3591 omne
3210 3534 3521 3590 concilium
3555 3539 3721 3590 tuum
3762 3551 3777 3589 :

2125 3630 2183 3681 et
2212 3626 2425 3680 hausto
2457 3641 2588 3679 cras
2622 3623 2776 3697 igne,
2811 3624 3006 3696 ponite
3036 3624 3289 3694 desuper
3317 3623 3640 3697 thymiama
3682 3640 3786 3679 co-

2127 3731 2251 3769 ram
2284 3714 2531 3769 Domino
2569 3729 2581 3766 :
2616 3719 2673 3767 et
2719 3729 3133 3784 quemcunque
3179 3712 3437 3784 elegerit,
3489 3714 3615 3782 ipse
3661 3713 3779 3767 erit

2128 3807 2429 3859 sanctus:
2480 3802 2731 3855 multum
2782 3800 3098 3872 erigimini,
3151 3800 3251 3856 filii
3308 3800 3455 3856 Levi.
3508 3800 3784 3871 Dixitque

2130 3908 2362 3946 rursum
2400 3890 2468 3943 ad
2504 3890 2645 3945 Core
2678 3905 2691 3943 :
2723 3889 2957 3956 Audite,
2995 3888 3103 3943 ﬁlii
3156 3889 3283 3944 Levi
3320 3906 3334 3944 :
3366 3888 3519 3944 Num
3566 3905 3781 3960 parum

2126 3980 2291 4035 vobis
2322 3984 2429 4045 est,
2463 3979 2619 4049 quod
2652 3978 2940 4050 separavit
2970 3994 3071 4033 vos
3101 3978 3256 4034 Deus
3287 3977 3463 4033 Israel
3493 3978 3566 4033 ab
3613 3978 3779 4033 omni

2128 4068 2365 4141 populo,
2388 4076 2440 4122 et
2453 4067 2652 4137 junxit
2672 4066 2806 4134 sibi,
2832 4071 2896 4121 ut
2921 4067 3069 4122 servi
3080 4066 3219 4122 retis
3240 4066 3291 4122 ei
3314 4066 3374 4121 in
3398 4064 3558 4122 cultu
3581 4066 3781 4122 taber-

2129 4156 2348 4221 naculi,
2380 4164 2433 4211 et
2465 4161 2527 4211 ut
2557 4155 2788 4211 staretis
2829 4170 3025 4211 coram
3074 4155 3398 4226 frequentia
3445 4154 3666 4227 populi,
3719 4160 3787 4212 et

2130 4246 2540 4301 ministraretis
2571 4244 2619 4299 ei
2650 4244 2837 4317 [b..ei,
2867 4244 2923 4299 id
2956 4250 3065 4314 est,
3099 4244 3381 4317 populo]?
3430 4244 3651 4300 Idcirco
3697 4245 3778 4299 ad

2130 4352 2192 4391 se
2215 4335 2348 4389 fecit
2369 4336 2641 4389 accedere
2663 4340 2717 4389 te
2739 4338 2796 4389 et
2815 4349 3022 4389 omnes
3046 4335 3252 4389 fratres
3274 4339 3409 4389 tuos
3434 4333 3586 4389 ﬁlios
3623 4332 3783 4398 Levi,

2132 4428 2195 4478 ut
2226 4424 2385 4478 vobis
2434 4423 2609 4477 etiam
2654 4422 3045 4477 sacerdotium
3092 4422 3424 4488 vindicetis,
3475 4426 3532 4477 et
3578 4421 3779 4477 omnis

370 4504 730 4591 ignorantes.
768 4505 849 4577 [Ο.
884 4506 1071 4579 XLV.]
1101 4508 1312 4564 Anima
1341 4527 1494 4577 vero,
1530 4528 1657 4582 quae
1691 4529 1791 4584 per
1811 4531 2019 4583 super.
2052 4528 2097 4591 Ι)
2130 4511 2340 4584 globus
2373 4517 2510 4567 tuus
2542 4516 2654 4565 stet
2683 4516 2884 4566 contra
2917 4510 3270 4566 Dominum?
3301 4511 3440 4581 quid
3484 4515 3573 4566 est
3615 4511 3780 4566 enim

371 4590 529 4646 biam
582 4590 799 4663 aliquid
857 4594 1238 4661 commiserit,
1268 4596 1387 4651 sive
1437 4598 1578 4652 civis
1631 4601 1705 4652 sit
1757 4600 1871 4661 ille.
1906 4602 2024 4657 sive
2054 4590 2063 4591 ί
2134 4607 2323 4654 Aaron
2351 4606 2415 4655 ut
2438 4600 2816 4654 murmuretis
2839 4604 3041 4654 contra
3066 4600 3230 4656 eum?
3257 4600 3416 4655 Misit
3436 4615 3573 4671 ergo
3594 4599 3786 4655 Moses

374 4682 718 4751 peregrinus
752 4682 1053 4753 (quoniam
1094 4684 1375 4740 adversus
1424 4688 1741 4742 Dominum
1788 4690 2024 4747 rebellis

373 4769 529 4839 fuit),
554 4771 767 4840 peribit
796 4772 867 4827 de
900 4772 1111 4843 p0pulo
1146 4790 1253 4829 suo
1290 4777 1568 4831 :vrrbum
1602 4777 1758 4832 enim
1790 4778 2021 4834 Domini

372 4859 745 4928 contempsit,
779 4865 835 4915 et
866 4866 1217 4933 prazccptum
1251 4863 1413 4918 illius
1448 4865 1580 4920 fecit
1610 4866 1838 4923 irritum
1873 4886 1884 4923 :
1936 4868 2022 4923 id-

376 4945 534 5001 circo
593 4946 915 5013 delebitur,
977 4954 1036 5003 et
1091 4952 1346 5021 portabit
1398 4953 1769 5025 iniquitatem
1831 4973 2021 5011 suam.

375 5034 465 5103 [Β.
500 5034 756 5101 XXXIX,
790 5036 850 5091 C.
883 5037 1097 5110 XLVI].
1137 5040 1370 5095 Factum
1405 5048 1495 5097 est
1541 5048 1735 5098 autem
1770 5062 1900 5100 cum
1933 5063 2021 5099 es-

371 5128 511 5179 sent
542 5123 643 5178 ﬁlii
680 5124 857 5180 Israel
892 5125 946 5180 in
983 5126 1322 5197 solitudine,
1354 5135 1411 5185 et
1442 5131 1803 5188 invenissent
1835 5134 2023 5189 homi-

447 5322 767 5398 {Hebraeus
828 5322 1150 5398 hodiernus
1208 5341 1320 5380 non
1373 5326 1567 5391 habet,
1613 5333 1720 5383 Per
1763 5328 2023 5398 singulos

377 5392 597 5468 arietes,
643 5394 749 5468 etsi
780 5394 1057 5468 _s_cholion
1091 5403 1340 5451 moneat.
1384 5399 1559 5468 Syrus
1592 5404 1783 5454 tamen
1818 5392 2019 5457 eodem

2135 4696 2198 4744 ut
2229 4694 2460 4743 vocaret
2490 4688 2717 4743 Datban
2752 4693 2809 4743 et
2840 4689 3071 4743 Abiram
3109 4688 3261 4743 ﬁlios
3294 4687 3475 4743 Eliab.
3528 4689 3634 4754 Qui
3687 4705 3782 4743 re-

2134 4776 2661 4849 sponderuntzNon
2694 4776 3291 4847 venimus.Numquid
3326 4793 3531 4848 parum
3566 4782 3651 4831 est
3678 4778 3787 4832 libi

2133 4869 2207 4933 [b.
2249 4884 2357 4920 non
2410 4866 2604 4935 habet]
2651 4867 2802 4936 quod
2851 4866 3103 4920 eduxisti
3154 4882 3259 4921 nos
3310 4868 3381 4920 de
3426 4870 3600 4931 terra,
3653 4881 3789 4936 quas

2134 4957 2279 5012 lacte
2312 4961 2369 5010 et
2399 4954 2569 5009 melle
2600 4955 2969 5022 manabat,ut
2997 4956 3290 5010 occideres
3318 4970 3421 5009 nos
3442 4954 3503 5008 in
3528 4955 3785 5017 deserto,

2131 5047 2243 5101 nisi
2276 5050 2332 5099 et
2361 5044 2700 5099 dominatus
2732 5044 2911 5098 fueris
2952 5043 3181 5099 nostri?
3233 5044 3452 5099 Revera
3493 5042 3783 5098 induxisti

2133 5153 2237 5190 nos
2275 5135 2328 5190 in
2360 5139 2596 5199 terram,
2630 5148 2760 5203 quae
2785 5131 2914 5188 ﬂuit
2951 5133 3091 5188 rivis
3138 5133 3310 5188 lactis
3354 5136 3413 5188 et
3461 5130 3671 5196 mellis,
3723 5137 3787 5186 et

2134 5333 2464 5405 perioribus
2496 5337 2733 5389 nectens
2764 5330 3068 5405 verbagper
3095 5346 3266 5398 agnos
3286 5329 3560 5405 fingutos.
3585 5328 3783 5405 Legit-

2134 5399 2244 5475 que
2277 5423 2288 5459 :
2325 5409 2388 5461 Et
2421 5408 2610 5461 arietis
2641 5406 2746 5458 erit
2778 5400 3115 5475 sacriﬁcium
3164 5401 3349 5456 simile
3396 5418 3413 5455 :
3462 5417 3601 5475 quas-
3640 5399 3783 5475 licet

378 5466 549 5544 modo
583 5465 742 5545 legit,
776 5465 973 5545 idest,
1003 5482 1102 5545 ιζξο
1141 5470 1314 5523 ariete
1361 5465 1488 5536 mia,
1526 5474 1678 5542 quod
1731 5473 2025 5544 signiﬁcat
2128 5465 2518 5532 temeritatem
2550 5475 2735 5531 critici
2785 5465 3100 5545 antiquarii
3152 5465 3493 5539 redoleant,'
3528 5470 3776 5527 minime

372 5548 473 5604 per
499 5536 748 5604 singulos
775 5540 994 5593 arietes.
1030 5542 1211 5594 MART.

451 5604 643 5661 -—-Hic
668 5604 875 5661 τελείαν
909 5608 1142 5684 στίγμην
1186 5611 1433 5683 apponit
1477 5612 1724 5670 Urbinas
1776 5632 1889 5672 ms.
1922 5633 2020 5673 su-

2131 5548 2327 5621 pigcat
2360 5549 2613 5605 novisse.
