4068 6172
240 323 323 378 409
1524 317 1735 372 LIBER
1772 319 1838 371 Nl

1952 317 2260 375 BRORUM.
3491 321 3598 376 410

236 447 412 507 dedisti
438 444 597 502 nobis
628 443 1034 517 possessiones
1078 457 1356 515 agrorum
1408 444 1467 497 et
1512 440 1841 507 vinearum,
1872 443 1925 509 Α
1954 441 2102 507 tivit)
2130 444 2264 499 illos
2295 460 2426 500 cum
2460 445 2851 502 tabernaculis
2877 445 3004 502 suis
3036 449 3093 501 et
3123 446 3393 504 universa
3451 446 3598 503 sub-

234 541 368 595 anet
418 534 606 591 oculos
659 537 890 589 nostros
921 533 1014 588 vis
1064 547 1267 588 eruere
1298 532 1325 585 ?
1382 531 1505 586 Non
1565 530 1832 585 venimus
1940 533 2367 605 stantia(l’ulg.
2401 535 2527 590 add.
2579 539 2827 604 eorum),
2879 536 3426 608 descenderuntque
3479 535 3592 590 vivi

231 629 297 700 [ὸ.
324 643 423 681 non
446 623 594 679 enim
627 623 909 678 induxisti
942 638 1049 679 nos
1070 621 1129 676 in
1153 627 1365 676 terram
1389 637 1516 690 quae
1539 619 1669 674 ﬂuit
1696 620 1834 673 rivis
1937 623 1996 678 in
2022 624 2315 679 infernum
2348 623 2530 695 Operti
2562 624 2765 689 humo,
2817 630 2874 680 et
2920 625 3221 696 perierunt
3276 629 3347 681 de
3398 626 3590 681 medio

231 716 366 772 lactis
393 720 443 769 et
466 712 672 778 mellis,
696 728 803 767 nec
825 712 1037 767 dedisti
1062 708 1836 781 nobis'possessionesagro—
1938 713 2359 767 multitudinis.
2396 719 2468 767 At
2496 730 2627 768 vero
2654 713 2848 770 omnis
2872 714 3076 782 Israel,
3113 714 3209 783 qui
3240 714 3437 769 stabat
3483 730 3588 786 per

232 823 355 873 ram,
381 810 434 860 et
460 803 781 858 vinearum.
814 801 1062 859 Etiamsi
1095 800 1245 856 oculi
1274 798 1537 855 virorum
1596 797 1833 854 illorum
1936 818 2167 875 gyrum,
2204 801 2351 872 fugit
2380 802 2451 856 ad
2484 800 2796 857 clamorem
2834 802 3225 874 pereuntium,
3277 803 3578 859 dicentes:

227 898 548 958 emerentur,
578 906 689 945 non
723 889 1072 961 veniemus].
1108 891 1415 959 Iratusque
1437 888 1627 944 Moses
1645 885 1832 958 valde,
1937 891 2018 946 Ne
2050 892 2196 945 forte
2226 895 2283 945 et
2313 906 2419 946 nos
2450 895 2605 945 terra
2635 890 2937 962 deglutial.
2970 892 3075 946 Sed
3110 897 3168 946 et
3195 892 3348 963 ignis
3385 908 3579 964 egres-

229 984 293 1039 ait
319 982 383 1037 ad
410 978 877 1036 Dominum:Ne
907 978 1182 1050 respicias
1236 977 1523 1032 sacrificia
1581 991 1829 1031 eorum:
1937 996 2101 1036 susa
2154 979 2425 1049 Domino,
2475 979 2766 1035 interfecit
2821 980 3103 1035 ducentos
3157 981 3595 1053 quinquaginta

225 1077 274 1127 tu
301 1070 575 1142 scisquod
613 1086 687 1125 ne
718 1066 964 1124 asellum
998 1066 1236 1138 quidem
1286 1081 1547 1137 unquam
1597 1081 1832 1137 accepe-
1935 1070 2114 1137 viros,
2168 1070 2267 1142 qui
2317 1069 2634 1124 offerebant
2688 1068 3020 1124 incensum.
3077 1074 3445 1142 Locutusque
3502 1076 3593 1124 est

224 1163 315 1217 rim
341 1161 406 1215 ab
435 1159 540 1223 eis,
574 1175 679 1214 nec
700 1157 1007 1213 afﬂixerim
1029 1155 1367 1229 quempiam
1387 1171 1587 1211 eorum
1622 1172 1636 1210 :
1665 1154 1836 1210 dixit—
1935 1160 2220 1215 Dominus
2248 1159 2316 1213 ad
2357 1158 2557 1213 Mosen
2588 1159 2789 1214 dicens
2814 1175 2826 1214 :
2872 1158 3119 1229 Praecipe
3152 1158 3233 1230 (b.
3261 1159 3372 1226 dic)
3433 1158 3592 1213 Elea-

222 1266 314 1320 que
340 1250 403 1304 ad
435 1249 577 1304 Core
609 1264 623 1302 :
657 1248 742 1302 Tu
774 1251 835 1302 et
861 1245 1053 1301 omnis
1096 1245 1473 1317 congregatio
1531 1249 1632 1299 tua
1685 1249 1836 1299 state
1937 1265 2070 1303 zaro
2104 1247 2222 1304 ﬁlio
2254 1250 2441 1303 Aaron
2470 1247 2759 1303 sacerdoti
2791 1253 2856 1302 ut
2884 1247 3052 1303 tollat
3102 1246 3407 1302 thuribula
3463 1264 3591 1317 quae

222 1354 452 1395 seorsum
471 1353 668 1393 coram
690 1336 950 1404 Domino,
974 1341 1031 1391 et
1054 1342 1245 1390 Aaron
1271 1334 1363 1389 die
1386 1333 1640 1390 crastino
1664 1349 1835 1405 sepa-
1930 1338 2130 1409 jacent
2150 1339 2206 1392 in
2227 1338 2514 1405 incendio,
2538 1342 2594 1392 et
2615 1338 2807 1409 ignem
2835 1337 2947 1392 huc
2971 1336 3231 1409 illucque
3254 1336 3588 1409 dispergat:

220 1427 383 1482 ratiin.
413 1425 623 1481 Tollite
654 1424 871 1497 singuli
923 1422 1223 1479 thuribula
1253 1427 1471 1488 vestra,
1524 1427 1579 1477 et
1638 1422 1835 1493 ponite
1938 1428 2217 1498 quoniam
2245 1426 2607 1482 sanctificata
2624 1430 2763 1481 sunt
2793 1426 2850 1480 in
2880 1427 3170 1481 mortibus
3194 1432 3590 1498 peccatorum,

221 1513 1112 1587 supereaincensum,aﬂ'erentes
1138 1511 1380 1568 Domino
1399 1512 1651 1566 ducenta
1671 1511 1840 1581 quin-
1940 1518 2338 1588 producatque
2355 1533 2422 1571 ea
2441 1516 2497 1569 in
2519 1516 2767 1571 laminas
2789 1515 2871 1588 (b.
2898 1517 2968 1571 Et
2995 1516 3262 1572 eamdem
3290 1514 3594 1571 thuribula

220 1604 472 1676 quaginta
503 1602 846 1658 thuribula:
877 1608 1067 1658 Aaron
1091 1617 1325 1673 quoque
1346 1604 1540 1656 teneat
1560 1600 1836 1655 thuribu-
1940 1612 2308 1677 peccatorum
2370 1605 2652 1676 producat
2682 1605 2738 1659 in
2773 1603 3070 1677 laminas),
3104 1610 3162 1659 et
3191 1606 3394 1676 affigat
3424 1603 3595 1659 altari

225 1697 327 1748 lum
357 1710 550 1749 suum.
585 1694 744 1757 Quod
781 1709 914 1748 cum
948 1693 1243 1761 fecissent,
1276 1690 1569 1747 stantibus
1597 1690 1763 1745 Mose
1783 1693 1836 1743 et
1939 1711 2005 1750 eo
2038 1695 2192 1766 quod
2224 1694 2483 1750 oblatum
2518 1695 2595 1748 sit.
2628 1693 2682 1747 in
2708 1693 2791 1748 eis
2839 1695 3144 1749 incensum
3202 1693 3471 1762 Domino,
3532 1697 3590 1748 et

220 1788 407 1850 Aaron,
430 1788 485 1837 et
506 1785 954 1838 coacervassent
974 1782 1286 1836 adversum
1311 1795 1410 1835 eos
1430 1794 1664 1834 omnem
1683 1777 1836 1831 mul-
1867 1811 1914 1875 Β
1944 1784 2305 1839 sanctiﬁcata
2335 1785 2472 1849 sint,
2509 1788 2572 1838 ut
2597 1787 2837 1838 cernant
2865 1799 2932 1838 ea
2963 1800 3065 1855 pro
3096 1784 3266 1856 signo
3298 1787 3355 1838 et
3404 1782 3592 1837 moni-

222 1872 507 1927 titudinem
540 1873 613 1926 ad
648 1871 862 1927 ostium
894 1869 1274 1938 tabernaculi,
1309 1868 1581 1941 apparuit
1609 1868 1838 1923 cunctis
1867 1868 1908 1875 '
1951 1880 2146 1927 mento
2180 1872 2279 1927 ﬁlii
2318 1872 2513 1927 Israel.
2546 1872 2701 1927 Tulit
2723 1888 2860 1944 ergo
2893 1872 3128 1928 Eleazar
3158 1874 3430 1928 sacerdos
3455 1872 3590 1926 thu-

225 1961 385 2032 gloria
409 1960 661 2015 Domini.
694 1960 775 2031 (Β.
809 1960 1006 2030 XLII.)
1040 1960 1412 2029 Locutusque
1439 1956 1724 2012 Dominus
1770 1956 1843 2011 ad

226 2050 393 2105 Mosen
424 2055 481 2105 et
502 2056 720 2118 Aaron,
748 2050 876 2105 ait:
932 2047 1289 2121 Separamiui
1341 2048 1413 2102 de
1460 2046 1654 2101 medio
1706 2061 1841 2102 con-

223 2139 556 2211 gregationis
600 2138 803 2209 hujus,
838 2143 901 2193 ut
930 2154 1030 2193 eos
1059 2142 1298 2208 repente
1323 2136 1681 2205 disperdam.
1734 2135 1841 2200 Qui

223 2229 530 2283 ceciderunt
566 2228 733 2300 proni
767 2228 823 2282 in
859 2226 1087 2292 faciem,
1120 2232 1300 2297 atque
1338 2224 1608 2280 dixerunt
1641 2241 1653 2278 :
1705 2224 1842 2279 For-

219 2316 414 2373 tissime
439 2317 603 2373 Deus
631 2316 949 2388 spirituum
980 2315 1259 2370 universm
1281 2314 1496 2383 carnis,
1550 2329 1690 2368 num
1725 2328 1842 2367 uno

219 2412 485 2475 peccante,
514 2409 727 2461 contra
746 2421 951 2460 omnes
985 2405 1069 2458 ira
1100 2409 1197 2459 tua
1228 2403 1501 2458 desaeviet
1529 2402 1610 2473 (h.
1637 2407 1843 2473 cpntra

218 2509 392 2549 omnes
440 2494 906 2568 indignaberisﬂ
934 2495 1005 2549 Et
1032 2492 1112 2548 ait
1140 2493 1428 2548 Dominus
1471 2492 1541 2546 ad
1588 2491 1787 2546 Mosen
1827 2506 1841 2544 :

217 2582 435 2655 Precipe
484 2584 767 2639 universo
800 2582 1012 2655 populo
1065 2590 1126 2637 ut
1158 2586 1462 2653 separetur
1490 2598 1524 2636 a
1566 2581 1840 2636 taberna-

219 2671 345 2727 culis
376 2672 544 2741 Core,
580 2674 801 2728 Dathan
832 2676 888 2727 et
917 2673 1152 2727 Abiram
1181 2689 1193 2725 :
1220 2670 1604 2741 Surrexitque
1625 2669 1837 2734 Moses,

217 2766 265 2815 et
290 2763 421 2817 abiit
448 2764 521 2817 ad
564 2762 789 2817 Dathan
815 2764 874 2815 et
904 2760 1140 2816 Ahiram
1177 2777 1190 2814 :
1223 2765 1280 2815 et
1300 2759 1683 2831 sequentibus
1708 2774 1841 2814 eum

219 2853 522 2910 senioribus
542 2853 745 2922 Israel,
770 2853 916 2908 dixit
931 2852 999 2907 ad
1018 2852 1250 2907 turbam
1273 2868 1286 2906 :
1311 2851 1627 2906 Receditea
1649 2852 1840 2905 taber-

216 2943 415 2999 naculis
447 2944 770 2998 hominum
805 2941 1120 3013 impiorum
1152 2940 1233 3009 (b.
1268 2940 1561 3010 istorum),
1586 2942 1641 2995 et
1662 2938 1841 2994 nolite

218 3035 429 3103 tangere
457 3050 586 3103 quae
621 3033 694 3087 ad
745 3048 843 3087 eos
890 3031 1201 3101 pertinent,
1235 3046 1306 3084 ne
1360 3028 1738 3085 involvamini
1781 3028 1841 3083 in

222 3121 447 3190 peccatis
471 3137 703 3177 eorum.
737 3120 1002 3191 Cumque
1050 3118 1431 3175 recessissent
1485 3135 1517 3173 a
1572 3118 1842 3173 tentoriis

1949 1962 2142 2017 ribula
2171 1962 2427 2029 aenea,in
2461 1962 2670 2033 quibus
2703 1962 3038 2017 obtulerant
3081 1961 3139 2016 hi
3194 1979 3342 2034 quos
3390 1961 3590 2015 incen-

1948 2051 2111 2105 dium
2146 2050 2459 2116 devoravit,
2482 2055 2539 2105 et
2569 2050 2837 2122 produxit
2858 2066 2924 2106 ea
2945 2051 3003 2105 in
3046 2050 3318 2111 laminas,
3346 2049 3593 2121 afﬁgens

1948 2140 2136 2206 altari,
2171 2146 2234 2195 ut
2264 2140 2552 2195 baberent
2572 2145 2774 2211 postea
2805 2138 2909 2193 ﬁlii
2943 2138 3147 2205 Israel,
3181 2140 3398 2210 quibus
3428 2155 3587 2193 com-

1947 2235 2348 2299 monerentur,
2385 2245 2457 2283 ne
2488 2229 2622 2299 quis
2653 2228 2892 2283 accedat
2912 2226 3258 2300 alienigena,
3284 2228 3589 2298 etquinon

1947 2325 2036 2376 est
2066 2322 2136 2375 de
2157 2319 2381 2374 semine
2412 2324 2626 2385 Aaron,
2660 2318 2730 2372 ad
2762 2318 3123 2372 offerendum
3150 2318 3453 2372 incensum
3488 2316 3593 2371 Do-

1948 2409 2129 2477 mino,
2156 2426 2226 2464 ne
2260 2408 2512 2480 patiatur
2534 2406 2687 2462 sicut
2720 2423 2929 2478 passus
2958 2412 3049 2461 est
3078 2407 3241 2476 Core,
3286 2412 3343 2461 et
3400 2406 3595 2461 omnis

1948 2497 2320 2570 congregatio
2338 2497 2486 2567 ejus,
2524 2497 2794 2567 loquente
2817 2495 3148 2551 Dominoad
3196 2496 3420 2551 Mosen.
3445 2495 3598 2551 Mur-

1947 2587 2203 2642 murevit
2236 2594 2431 2641 autem
2464 2584 2658 2640 omnis
2718 2584 3037 2639 multitudo
3096 2582 3351 2639 ﬁliorum
3413 2583 3592 2640 Israel

1947 2676 2212 2747 sequenti
2247 2676 2339 2729 die
2370 2678 2571 2729 contra
2601 2676 2791 2727 Mosen
2841 2678 2898 2727 et
2946 2679 3161 2742 Aaron,
3192 2672 3392 2727 dicens
3426 2690 3439 2727 :
3480 2673 3596 2727 Vos

1945 2764 2325 2820 interfecistis
2356 2762 2636 2834 populum
2671 2760 3194 2832 Domini.Cumque
3211 2761 3469 2815 oriretur
3505 2778 3593 2816 se-

1948 2854 2091 2909 ditio
2122 2856 2161 2919 ¹,
2193 2857 2250 2908 et
2278 2854 2571 2907 tumultus
2616 2851 2985 2920 incresceret,
3049 2853 3237 2904 Moses
3290 2855 3345 2904 et
3402 2857 3594 2904 Aaron

1949 2941 2318 3014 fugeruntZad
2338 2938 2785 2997 tabernaculum
2805 2939 3057 2995 foederis.
3082 2939 3240 3004 Quod
3258 2941 3595 3010 postquam2

1947 3032 2199 3104 ingressi
2232 3037 2390 3099 sunt,
2426 3028 2659 3101 operuit
2719 3028 2905 3084 nubes
2930 3027 3378 3083 tabernaculum
3417 3027 3595 3100 (Vulg.

1953 3125 2059 3176 lac.
2117 3117 2601 3187 tabernaculum).
2651 3126 2704 3173 et
2778 3118 3051 3189 apparuit
3100 3116 3287 3189 gloria
3341 3117 3596 3172 Domini.

222 3175 395 3263 eorum
419 3226 524 3281 per
547 3175 921 3278 circuitum,‘
951 3208 1179 3263 Dathan
1207 3212 1266 3262 et
1321 3207 1560 3262 Abiram
1617 3207 1835 3277 egressi
1866 3175 1908 3241 Ο
1954 3210 2220 3282 Dixitque
2250 3209 2536 3264 Dominus
2566 3175 2638 3262 ad
2666 3175 2874 3262 Mose‘n‘
2895 3208 2917 3240 ⁸
2942 3224 2955 3261 :
2990 3175 3264 3262 Recedite
3291 3207 3360 3262 de
3404 3208 3599 3263 medio

216 3297 423 3353 stabant
444 3301 502 3354 in
537 3297 783 3353 introitu
812 3296 1172 3368 papilionum
1198 3312 1464 3361 suorum,
1488 3312 1620 3350 cum
1648 3296 1841 3351 uxori-

219 3385 308 3440 bus
336 3394 387 3442 et
416 3387 649 3453 liberis,
708 3386 989 3458 omnique
1040 3386 1386 3457 frequentia.
1415 3390 1479 3438 Et
1509 3384 1589 3440 ait
1610 3385 1800 3440 Moses
1825 3401 1838 3439 :

216 3474 266 3528 In
294 3475 392 3531 hoc
413 3476 640 3542 scietis,
674 3476 828 3548 quod
865 3474 1144 3531 Dominus
1194 3474 1421 3529 miserit
1452 3490 1546 3529 me
1593 3477 1658 3528 ut
1690 3475 1839 3529 face-

217 3578 315 3618 rem
346 3566 626 3621 universa
656 3581 783 3636 quae
823 3564 1082 3630 cernitis,
1107 3567 1165 3619 et
1188 3580 1300 3618 non
1324 3579 1391 3618 ex
1416 3562 1648 3634 proprio
1669 3563 1843 3618 corde

216 3666 271 3706 ea
290 3654 649 3725 protulerim.
688 3654 746 3709 Si
778 3658 1058 3709 consueta
1085 3652 1396 3708 hominum
1421 3656 1644 3707 moarte
1691 3652 1843 3707 inte-

219 3742 414 3810 rierint,
443 3750 501 3800 et
529 3743 863 3799 visitaverit
892 3760 992 3798 eos
1027 3742 1219 3814 plaga,
1251 3758 1368 3813 qua
1399 3746 1455 3797 et
1484 3744 1671 3797 caeteri
1704 3742 1840 3797 visi-

218 3831 307 3885 tari
327 3832 537 3898 solent,
570 3850 688 3887 non
725 3832 884 3887 misit
915 3847 1008 3887 me
1042 3832 1364 3886 Dominus:
1398 3831 1487 3885 sin
1521 3836 1714 3886 autem
1738 3847 1837 3885 no-

216 3933 322 3973 vam
347 3937 468 3977 rem
516 3921 725 3977 fecerit
786 3920 1089 3987 Dominus,
1156 3924 1219 3975 ut
1254 3918 1525 3989 aperiens
1567 3924 1724 3975 terra
1774 3935 1838 3974 os

214 4020 362 4064 suum
383 4010 682 4082 deglutiat
710 4024 809 4064 eos
842 4013 898 4065 et
917 4010 1116 4063 omnia
1137 4024 1263 4079 quae
1280 4009 1351 4063 ad
1372 4006 1504 4063 illos
1526 4008 1838 4079 pertinent,

214 4094 720 4168 descenderintque
774 4098 1034 4152 viventes
1090 4097 1149 4151 in
1218 4097 1535 4160 infernum,
1618 4098 1836 4163 scietis,

215 4187 345 4254 quod
371 4185 913 4259 blasphemaverint
948 4185 1282 4240 Dominum.
1314 4184 1631 4240 Confestim
1662 4184 1842 4254 igitur

214 4278 267 4326 ut
288 4276 534 4331 cessavit
562 4275 749 4346 loqui,
806 4275 1075 4346 disrupta
1105 4279 1194 4329 est
1224 4280 1376 4329 terra
1423 4274 1533 4328 sub
1592 4274 1839 4343 pedibus

214 4376 385 4419 eorum
419 4382 432 4419 :
467 4370 529 4420 et
559 4365 836 4435 aperiens
860 4380 925 4420 os
948 4379 1148 4431 suum,
1178 4362 1474 4418 devoravit
1501 4362 1582 4435 (b.
1637 4362 1840 4434 deglu-

1952 3301 2131 3370 hujus
2164 3296 2585 3359 multitudinis,
2642 3296 2817 3351 etiam
2865 3312 3021 3350 nunc
3078 3295 3283 3350 delebo
3332 3312 3451 3351 eos.
3513 3297 3596 3351 (Β.

1949 3390 2155 3458 XLIII,
2186 3392 2248 3444 C.
2300 3385 2564 3445 XLVIII).
2596 3389 2860 3456 Cumque
2882 3385 3104 3455 jaceret
3133 3384 3193 3438 in
3227 3389 3403 3452 terra,
3454 3384 3599 3439 dixit

1949 3482 2138 3534 Moses
2170 3483 2224 3533 et
2250 3482 2477 3532 Aaron:
2512 3473 2675 3529 Tolle
2707 3474 3099 3545 tburibulum,
3133 3478 3192 3528 et
3223 3473 3434 3530 hausto
3465 3474 3599 3546 igne

1951 3569 2022 3623 de
2051 3568 2241 3631 altari,
2277 3566 2440 3621 mitte
2470 3565 2773 3619 incensum
2809 3564 3081 3633 desuper,
3116 3579 3362 3634 pergens
3389 3562 3503 3619 cito
3526 3564 3598 3618 ad

1952 3656 2232 3728 populum
2259 3660 2323 3709 ut
2345 3670 2514 3725 roges
2547 3670 2650 3724 pro
2683 3654 2769 3707 eis
2804 3654 2971 3723 :jam
3022 3652 3177 3708 enim
3229 3668 3467 3724 egressa
3509 3656 3601 3707 est

1952 3746 2036 3800 ira
2066 3745 2144 3814 (b.
2187 3742 2534 3815 indignatio)
2587 3760 2621 3797 a
2679 3741 2946 3805 Domino,
3006 3744 3063 3794 et
3121 3741 3294 3812 plaga
3340 3739 3595 3795 desaevit.

1951 3834 2113 3899 Quod
2146 3849 2279 3889 cum
2311 3833 2545 3887 tecisset
2589 3833 2801 3894 Aaron,
2859 3834 2917 3884 et
2972 3830 3298 3885 cucurisset
3347 3829 3417 3883 ad
3475 3842 3595 3882 me-

1950 3923 2107 3978 diam
2132 3921 2594 3986 multitudinem,
2618 3919 2935 3991 quamjam
2948 3916 3592 3973 vastabatincendium.

1950 4011 2195 4067 abstulit
2225 4010 2548 4083 thymiama
2568 4013 2652 4063 :et
2670 4013 2836 4063 stans
2859 4007 3012 4062 inter
3033 4012 3294 4060 mortuos
3316 4021 3383 4060 ac
3401 4005 3597 4061 viven-

1950 4105 2060 4167 tes,
2095 4116 2195 4171 pro
2228 4098 2441 4170 populo
2472 4097 2817 4168 deprecatus
2848 4101 2958 4159 est,
2993 4100 3050 4149 et
3080 4095 3252 4166 plaga
3279 4092 3362 4164 (b.
3398 4093 3598 4147 incen-

1950 4190 2108 4243 dium
2138 4189 2180 4259 ‘)
2202 4187 2470 4242 cessavit.
2499 4186 2756 4239 Fuerunt
2786 4186 2983 4237 autem
3010 4182 3110 4253 qui
3142 4181 3405 4253 percussi
3436 4184 3597 4251 sunt,

1951 4276 2399 4350 quatuordecim
2427 4275 2589 4329 milia
2618 4272 2951 4340 hominum,
2973 4277 3031 4326 et
3058 4270 3418 4343 septingenti
3457 4270 3598 4326 abs-

1950 4383 2064 4437 que
2094 4366 2188 4421 his
2220 4366 2319 4436 qui
2360 4362 2654 4435 perierant
2710 4363 2770 4416 in
2828 4360 3114 4416 seditione
3168 4361 3331 4416 Core.
3384 4363 3596 4415 Rever-

272 4508 286 4539 ¹
314 4510 378 4562 H.
411 4506 1162 4604 Cpmque‘cqngregaretur
1183 4504 1839 4604 multitupo‘pppuliad-
1875 4540 1919 4604 Ι)
1948 4529 2017 4595 εἷς
2038 4510 2293 4567 historian
2326 4513 2593 4563 contextu
2628 4507 2818 4579 magis
2849 4507 3058 4578 probat
3087 4504 3181 4560 hic
3212 4511 3386 4576 atque
3444 4505 3592 4559 infe-

212 4590 395 4647 versus
425 4579 631 4633 Mosen
664 4581 720 4631 et
747 4578 959 4641 Aaron,
995 4583 1347 4647 aspexerunt
1378 4577 1449 4631 ad
1492 4578 1839 4632 tabernacu—

214 4644 318 4720 lum
340 4650 599 4717 traderis,
623 4655 680 4703 et
696 4665 826 4703 ecce
848 4644 1236 4720 operuitillud
1267 4651 1471 4716 nubes,
1497 4653 1553 4702 et
1573 4649 1847 4719 apparuit

215 4717 379 4786 gloria
408 4720 671 4775 Domini.
704 4721 865 4786 Quod
890 4717 1202 4791 postquam
1230 4720 1481 4791 ingressi
1500 4717 1641 4774 sunt
1654 4717 1844 4776 Moses

212 4798 260 4843 et
287 4800 492 4859 Aaron,
527 4793 766 4848 locutus
796 4796 885 4847 est
915 4792 1195 4846 Dominus
1226 4795 1293 4846 ad
1344 4791 1543 4847 Mosen
1594 4792 1793 4847 dicens
1822 4810 1838 4845 .-

214 4859 463 4919 Recedite
496 4865 572 4919 de
596 4863 785 4918 medio
817 4863 996 4932 hujus
1028 4863 1446 4928 multitudinis,
1479 4869 1713 4933 repente
1739 4865 1839 4919 de-

211 4936 402 4991 vorabo
427 4953 555 4991 eos.
590 4936 933 4990 Ceciderunt
972 4939 1155 4990 Moses
1209 4943 1266 4990 et
1326 4940 1513 4991 Aaron
1560 4937 1725 5005 proni
1779 4935 1837 4989 in

212 5008 425 5062 terram.
443 5007 630 5062 MART.

267 5107 328 5117 —
358 5078 533 5134 Hebr.
558 5076 829 5132 Scholion
854 5076 937 5131 ita
967 5076 1181 5132 habet:
1221 5100 1241 5126 α
1278 5076 1541 5147 Cumque
1591 5092 1837 5147 congre-

208 5155 424 5216 garetur
455 5149 777 5206 multitudo
803 5148 1295 5220 pepuliadversus
1320 5148 1518 5220 Mosen
1543 5153 1595 5202 et
1620 5156 1835 5219 Aaron,

210 5224 545 5300 asperarum
577 5224 641 5300 ad
674 5219 1117 5300 tabernaculum
1149 5219 1410 5300 traderis,
1435 5224 1493 5275 et
1521 5234 1651 5300 ecce
1684 5237 1835 5300 ppe:

209 5289 307 5344 ruit
339 5292 481 5347 illud
520 5292 729 5357 nubes,
762 5294 819 5364 et
850 5292 1121 5364 apparuit
1144 5292 1320 5364 gloria
1371 5289 1624 5364 Domini.
1675 5289 1833 5355 Quod

210 5372 501 5433 postquam
539 5362 785 5433 ingressi
818 5362 958 5416 sunt
999 5362 1186 5419 Moses
1238 5368 1295 5417 et
1339 5368 1545 5426 Aaron,
1604 5363 1835 5418 locutus

210 5440 285 5486 est
313 5437 599 5491 Dominus
628 5435 698 5489 ad
726 5435 921 5489 Mosen
955 5435 1191 5490 dicens:
1228 5436 1493 5490 Becedite
1523 5434 1594 5488 dc
1641 5436 1833 5490 medio

212 5503 367 5573 hujus
399 5506 817 5571 multitudinis,
856 5513 1091 5576 repente
1118 5507 1403 5562 devorabo
1434 5523 1553 5561 eos.
1606 5506 1834 5562 Cecide-

214 5583 332 5631 runt
355 5579 638 5649 Moses_ct
658 5579 841 5649 Aaron
876 5582 1041 5649 proni
1066 5577 1123 5632 in
1158 5585 1429 5633 terram.»
1456 5577 1829 5634 Martianuaus

216 5662 423 5720 quoque
450 5650 526 5704 ad
562 5647 718 5705 hunc
745 5647 963 5720 locum,
992 5649 1310 5706 incendium
1352 5667 1456 5723 pro
1500 5649 1666 5722 plaga
1714 5650 1827 5708 dici

1953 4600 2097 4638 I‘IUS.

2024 4656 2045 4689 ²
2071 4651 2319 4708 Urbinas
2353 4668 2487 4721 ms.,
2520 4652 2654 4720 quia
2683 4654 2985 4720 postquam,
3018 4653 3126 4702 etc.

2024 4727 2044 4760 ²
2073 4731 2156 4780 De
2186 4741 2293 4778 suo
2326 4723 2487 4778 addit
2514 4723 2668 4775 idem
2693 4738 2827 4788 ms.,
2859 4722 2911 4774 et
2942 4721 3144 4775 Aaron.

2022 4798 2261 4851 ‘Monet
2291 4812 2394 4849 nos
2455 4792 2796 4861 marginalis
2855 4791 3056 4846 isthrec
3111 4790 3433 4857 adnotatio,
3489 4806 3589 4859 pro

1945 4867 2118 4939 plaga
2154 4869 2207 4921 in
2244 4866 2481 4939 Hebraeo
2512 4865 2709 4939 haberi
2746 4864 3075 4939 incendium.
3113 4863 3173 4917 Id
3207 4879 3340 4917 vero
3360 4867 3592 4939 certum

1950 4935 2080 4995 esse
2146 4938 2580 5007 comprobatur,
2641 4935 2689 4990 si
2748 4935 3054 5004 scripturae
3103 4935 3408 5005 praesentis
3458 4949 3588 5007 sen-

1948 5028 2079 5066 sum
2132 5005 2527 5075 attendamus,
2563 5024 2672 5061 non
2733 5008 2946 5073 verba;
2993 5022 3125 5060 nam
3186 5008 3424 5060 verbum
3488 5005 3588 5058 he-

1949 5083 2212 5137 braicum
2237 5087 2326 5135 est
2346 5080 2855 5148 nnzsnnaggepha,
2878 5079 3031 5148 quod
3057 5076 3349 5147 significat
3366 5075 3588 5144 plagam

1948 5170 2014 5209 ac
2042 5156 2449 5223 percussionem
2492 5149 2833 5223 quamlibet,
2886 5148 3329 5223 pro_quali_tate
3384 5150 3582 5223 autem

1946 5216 2126 5295 hujus
2160 5226 2267 5279 loci
2300 5216 2727 5295 determinatur
2747 5221 2837 5295 ad
2868 5216 3321 5295 significandum
3382 5216 3585 5295 inconT

1946 5287 2129 5361 dium,
2157 5312 2269 5366 quo
2301 5294 2640 5348 vastabatur
2672 5287 2987 5345 multitudo
3011 5291 3265 5345 ﬁliorum
3301 5287 3495 5349 Israel,
3522 5291 3586 5341 ut

1943 5368 2155 5421 dicitur
2185 5384 2351 5422 versu
2386 5366 2693 5436 superiori.
2728 5368 2907 5436 Meam.

2015 5470 2080 5480 --
2110 5439 2348 5494 Codices
2369 5432 2596 5503 omnes,
2628 5435 2781 5506 quod
2808 5435 2876 5489 ad
2921 5434 3076 5506 hunc
3119 5432 3312 5486 locum
3348 5444 3582 5506 consu-

1943 5509 2183 5583 luimus,
2218 5511 2417 5583 absque
2449 5502 2667 5563 habent
2688 5522 2792 5577 pro
2820 5522 2965 5560 cum.
2990 5503 3258 5583 Notatum
3276 5506 3331 5583 et
3346 5502 3580 5556 Hebrmo

1940 5573 2269 5637 scholiastm
2301 5573 2380 5636 ita
2410 5573 2795 5649 suatempore
2818 5575 3141 5648 praetulisse
3193 5573 3431 5628 Latinos
3479 5588 3579 5627 co-

1937 5653 2116 5725 dices,
2150 5670 2298 5726 quos
2328 5657 2563 5709 nostros
2585 5654 2772 5705 vocat.
