4068 6172
418 303 515 361 411

1481 314 1540 367 8.
1583 312 1991 367 HIERONYMI
2028 312 2282 366 DIVINA
2319 313 2819 368 BIBLIOTHECA.

3723 305 3836 362 412

415 447 636 503 susque
663 436 750 488 est
773 435 960 489 Aaron
991 434 1061 488 ad
1093 436 1290 489 Mosen
1322 434 1393 489 ad
1428 433 1644 491 ostium
1694 434 2058 490 tabernaculi
2091 438 2143 504 Α
2171 436 2458 491 custodite
2483 434 2877 490 sacerdotium
2904 438 3202 502 vestrum;
3239 438 3298 490 et
3358 433 3560 490 omnia
3599 447 3723 504 quae
3756 432 3831 488 ad

416 522 647 577 fmderis
677 527 990 594 postquam
1016 523 1240 593 quievit
1271 524 1570 591 interitus,

434 697 438 702 .
486 655 569 724 (Β.
596 655 779 725 XLIV,
811 659 872 712 Ο.
926 655 1129 726 XLIX,
1167 657 1297 728 Cap.
1353 656 1552 726 XVII.)
1582 657 1645 712 Et
1690 657 1921 713 locutus
1979 663 2068 714 est

415 743 700 799 Dominus
749 745 818 798 ad
878 744 1098 813 Mosen,
1155 745 1400 800 dicens:
1464 747 1724 818 Loquere
1782 749 1853 802 ad
1915 747 2065 803 ﬁlios

413 833 616 898 Israel,
645 837 700 888 et
731 835 928 906 accipe
967 835 1038 890 ah
1073 836 1157 890 eis
1207 837 1401 907 virgas
1433 836 1699 908 singulas
1728 854 1829 908 per
1859 854 2066 910 cogna-

415 922 600 976 tiones
632 939 789 991 suas,
819 940 852 978 a
884 925 1112 979 cunctis
1148 925 1512 997 principibus
1544 927 1826 996 tribuum,
1873 927 2065 997 virgas

413 1011 722 1066 duodecim
751 1011 832 1082 (h.
868 1017 926 1067 et
957 1013 1076 1068 sint
1105 1015 1274 1084 virga:
1309 1015 1665 1085 duodecim),
1690 1021 1746 1070 et
1788 1016 2064 1070 uniuscu-

401 1100 623 1170 jusque
655 1117 867 1155 nomen
901 1101 1305 1172 superscribes
1339 1104 1512 1174 virgae
1547 1121 1687 1159 suae.
1713 1104 1934 1160 Nomen
1963 1121 2063 1159 au-

411 1193 527 1242 tem
577 1190 766 1242 Aaron
824 1189 933 1243 erit
985 1189 1042 1243 in
1094 1191 1242 1244 tribu
1273 1190 1350 1252 (h.
1384 1192 1439 1246 in
1472 1193 1654 1262 virga)
1682 1193 1832 1258 Levi,
1865 1198 1921 1249 et
1950 1211 2064 1248 una

413 1277 574 1347 virga
604 1282 848 1334 cunctas
869 1294 1068 1333 eorum
1104 1280 1280 1348 (Vulg.
1317 1282 1608 1354 seorsum)
1641 1281 1894 1337 familias
1929 1299 2063 1337 cun-

410 1365 945 1438 tinebit,ponesque
977 1384 1076 1423 eas
1105 1369 1162 1421 in
1195 1371 1573 1426 tabernaculo
1607 1371 2062 1437 fcederis,coram

410 1455 769 1524 testimonio,
807 1457 904 1511 ubi
927 1454 1136 1526 loquar
1166 1459 1236 1512 ad
1273 1463 1347 1513 te.
1383 1467 1561 1525 Quem
1589 1476 1658 1515 ex
1692 1461 1780 1515 his
1811 1459 2059 1531 elegero,

413 1544 770 1615 germinabit
792 1545 951 1616 virga
982 1547 1126 1616 ejus,
1161 1552 1217 1601 et
1248 1547 1531 1603 cobibebo
1561 1566 1594 1603 a
1635 1565 1726 1604 me
1764 1549 2057 1620 querimo-

409 1631 535 1687 nias
570 1633 822 1688 ﬁliorum
856 1634 1281 1706 Israel,quibus
1303 1643 1505 1692 contra
1527 1654 1626 1692 vos
1663 1644 2056 1693 murmurant.

408 1723 782 1792 Locutusque
811 1727 899 1778 est
918 1723 1106 1779 Mosae
1131 1725 1200 1778 ad
1235 1724 1387 1780 ﬁlios
1420 1725 1596 1782 Israel
1624 1743 1635 1782 :
1661 1732 1716 1782 et
1745 1727 2056 1798 dederunt,

405 1813 452 1866 ei
488 1829 692 1866 omnes
725 1812 1021 1884 principes
1044 1813 1238 1884 virgas
1272 1814 1651 1886 persingulas
1672 1815 1860 1872 tribus
1889 1835 1900 1872 :
1942 1818 2064 1872 fue-
2095 1806 2142 1870 Β

405 1907 660 1972 runtque
691 1900 849 1972 virgo
882 1903 1191 1958 duodecim
1223 1905 1454 1973 cum(h.
1489 1920 1639 1959 cum.
1670 1906 1879 1971 Nostri,
1925 1907 2058 1961 abs-

404 1997 534 2061 que)
567 1992 727 2061 virga
773 1996 962 2046 Aaron
1001 1993 1040 2044 ¹.
1103 1993 1258 2056 Quas
1315 2009 1447 2046 cum
1519 1993 1817 2064 posuisset
1876 1995 2059 2050 Moses

404 2095 594 2135 coram
627 2079 875 2134 Domino
907 2079 966 2133 in
1004 2079 1378 2136 tabernaculo
1409 2081 1754 2147 testimonii,
1787 2084 2057 2154 sequenti

405 2167 500 2221 die
534 2183 840 2237 regressus
874 2169 1092 2223 invenit
1121 2169 1490 2240 germinasse
1520 2170 1734 2241 virgam
1774 2177 1964 2226 Aaron
1998 2173 2055 2228 in

405 2257 740 2324 domoLevi,
758 2263 813 2312 et
832 2258 1207 2330 turgentibus
1229 2259 1836 2332 gemmisneruperant
1861 2261 2052 2334 ﬂores,

407 2345 528 2416 qui,
563 2345 716 2402 foliis
759 2346 1037 2414 dilatatis,
1089 2347 1146 2401 in
1199 2348 1538 2420 amygdalas
1569 2349 1874 2405 deformati
1915 2356 2056 2406 sunt

403 2435 486 2504 (h.
523 2435 622 2506 qui
659 2434 713 2488 in
743 2436 1085 2508 amygdalae
1114 2437 1421 2492 deformati
1445 2438 1624 2509 sunt).
1647 2439 1893 2494 Protulit
1916 2455 2052 2512 ergo

403 2523 591 2579 Moses
605 2540 807 2580 omnes
830 2525 1021 2595 virgas
1039 2526 1109 2580 de
1131 2531 1443 2598 conspectu
1465 2527 1693 2584 Domini
1717 2529 1787 2583 ad
1811 2534 2054 2586 cunctos

412 2610 565 2666 ﬁlios
600 2612 824 2667 Israel:
859 2613 1261 2684 videruntque,
1317 2621 1374 2669 et
1430 2621 1775 2688 receperunt
1833 2617 2051 2690 singuli

400 2700 592 2772 virgas
614 2717 772 2756 suas.
823 2701 1093 2772 Dixitque
1144 2704 1428 2760 Dominus
1478 2705 1548 2760 ad
1598 2706 1830 2762 Mosen:
1892 2708 2055 2764 Refer

399 2789 624 2861 virgam
648 2792 835 2845 Aaron
863 2792 919 2846 in
945 2792 1390 2848 tabernaculum
1415 2794 1757 2864 testimonii,
1776 2799 1839 2850 ut
1860 2812 2050 2852 serve-

399 2883 498 2934 tur
531 2880 611 2934 ibi
665 2883 719 2934 in
755 2880 988 2950 signum
1040 2881 1344 2938 rebellium
1385 2883 1638 2939 ﬁliorum
1695 2885 1875 2957 (l’ulg.
1923 2885 2048 2942 add.

395 2968 620 3037 Israel),
652 2974 709 3024 et
740 2969 1048 3040 quiescant
1107 2971 1354 3042 querela:
1402 2987 1602 3027 eorum
1636 2989 1667 3027 a
1702 2990 1816 3040 me,
1840 2991 1909 3030 ne
1929 2992 2052 3030 mo-

397 3058 646 3113 riantur.
675 3058 948 3130 Fecitque
978 3063 1161 3115 Moses
1195 3060 1346 3116 sicut
1368 3067 1720 3133 praeceperat
1741 3065 2048 3120 Dominus.

393 3145 684 3258 Dixer/q’nt'
706 3150 898 3202 autem
936 3146 1035 3200 ﬁlii
1069 3148 1246 3258 Israel
1279 3150 1573 3258 ad\Mosen
1600 3166 1613 3204 :
1641 3150 1781 3206 Ecce
1813 3153 2049 3252 .deleci-
2081 3179 2124 3245 ο

394 3251 528 3289 mus
559 3235 738 3306 (Vulg.
774 3237 1110 3308 consumpti
1143 3238 1394 3309 sumus),
1446 3255 1650 3295 omnes
1705 3239 2046 3311 perivimus.

397 3323 740 3395 Quicunque
775 3325 997 3379 accedit
1028 3327 1095 3379 ad
1114 3327 1556 3382 tabernaculum
1573 3329 1826 3398 Domini,
1848 3330 2051 3386 morie-

397 3415 492 3464 tur
521 3411 706 3483 (Vulg.
743 3412 1032 3481 moritur).
1072 3413 1222 3467 Num
1253 3430 1440 3488 usque
1471 3417 1542 3471 ad
1592 3417 2048 3474 internecionem

397 3502 594 3557 cuncti
628 3502 862 3558 delendi
899 3504 1154 3559 sumus?

465 3633 549 3692 (T.
578 3633 679 3690 XI.
715 3639 777 3690 B.
829 3635 992 3701 XLV,
1027 3638 1083 3691 C.
1118 3639 1177 3702 L,
1211 3637 1342 3705 Cap.
1375 3635 1592 3704 XVIII.)
1622 3637 1894 3710 Dixitque
1929 3644 2043 3696 Do-

397 3722 594 3778 minus
625 3723 694 3778 ad
727 3732 922 3779 Aaron
959 3741 972 3779 :
1007 3728 1112 3790 Tu,
1146 3731 1202 3780 et
1239 3725 1341 3779 ﬁlii
1383 3725 1490 3791 tui,
1520 3730 1576 3781 et
1606 3727 1820 3782 domus
1861 3728 2045 3799 patris

404 3811 489 3865 tui
521 3810 737 3878 tecum,
772 3813 1081 3882 portabitis
1111 3813 1488 3884 iniquitatem
1517 3815 1869 3870 sanctuarii:
1899 3822 1956 3872 et
1981 3822 2044 3870 tu

393 3906 450 3955 et
477 3900 682 3956 ﬁliitui
734 3903 935 3967 simul,
959 3902 1333 3957 sustinebitis
1359 3910 1594 3974 peccata
1622 3904 1932 3958 sacerdotii
1957 3921 2045 3959 ve-

392 3989 521 4044 stri.
547 3990 656 4045 Sed
690 3996 748 4045 et
772 3993 982 4046 fratres
1015 3997 1146 4046 tuos
1206 3991 1277 4046 de
1336 3991 1493 4047 tribu
1542 3993 1689 4058 Levi,
1743 3999 2042 4064 sceptrum

391 4077 575 4149 patris
606 4080 692 4134 tui
713 4095 880 4135 sume
903 4086 1120 4146 tecum,
1144 4086 1472 4152 praestoque
1493 4081 1612 4136 sint
1637 4087 1694 4136 et
1711 4081 2045 4138 ministrent

387 4167 582 4233 tibi,tu
603 4172 799 4222 autem
817 4175 872 4222 et
902 4168 1004 4222 ﬁlii
1033 4171 1118 4224 tui
1140 4169 1553 4225 ministrabitis
1586 4171 1643 4225 in
1668 4172 2041 4228 tabernaculo

392 4255 737 4311 testimonii.
764 4258 1264 4329 Excubabantque
1305 4260 1512 4314 Levites
1527 4261 1595 4315 ad
1615 4268 1900 4332 praecepta
1920 4267 2040 4329 tua,

388 4347 445 4398 et
475 4345 546 4398 ad
575 4351 787 4399 cuneta
817 4363 992 4416 opera
1024 4348 1412 4410 tabernaculi,
1448 4348 1528 4403 ita
1548 4349 1850 4414 duntaxat,
1885 4355 1948 4404 ut
1967 4352 2040 4406 ad

385 4447 524 4486 vasa
556 4433 878 4488 sanctuarii
910 4439 966 4489 et
998 4435 1067 4489 ad
1103 4433 1285 4490 altare
1316 4452 1429 4490 non
1463 4437 1848 4501 accedant,ne
1870 4443 1928 4493 et
1951 4437 2035 4492 illi

392 4520 740 4587 moriantur,
773 4528 830 4577 et
861 4539 962 4578 vos
986 4523 1237 4594 pereatis
1255 4523 1588 4579 simul.Sint
1609 4531 2034 4594 autemtecum,
2068 4547 2114 4612 Ι)

390 4613 447 4664 et
476 4611 762 4666 excubent
791 4611 850 4666 in
873 4613 1160 4667 custodiis
1190 4613 1575 4679 tabernaculi,
1596 4620 1654 4668 et
1679 4615 1736 4668 in
1761 4616 2036 4672 omnibus

389 4700 753 4756 omremoniis
776 4702 926 4771 ejus.
958 4700 1300 4771 Alienigena
1330 4718 1443 4756 non
1476 4702 1821 4758 miscebitur
1849 4705 2034 4760 vobis.

388 4787 678 4844 Excubate
711 4790 769 4844 in
803 4790 1071 4846 custodia
1101 4791 1448 4860 sanctuarii,
1483 4797 1541 4846 et
1584 4791 1644 4846 in
1706 4793 2034 4849 ministerio

389 4877 614 4944 altaris,
650 4895 720 4934 ne
741 4885 964 4934 oriatur
986 4878 1314 4950 indignatio
1335 4896 1512 4950 super
1531 4879 1890 4938 ﬁlioslsrael.
1922 4883 2037 4955 Ego

389 4964 527 5019 dedi
559 4966 722 5020 vobis
756 4967 964 5023 fratres
996 4967 1453 5024 vestrosLevitas
1475 4969 1545 5024 de
1565 4969 1754 5024 medio
1781 4970 2038 5026 ﬁliorum

393 5053 597 5122 Israel,
626 5061 684 5109 et
710 5056 919 5110 tradidi
945 5056 1184 5112 domum
1218 5058 1238 5090 ³
1268 5058 1537 5123 Domino,
1575 5064 1637 5112 ut
1693 5060 1949 5115 serviant
1976 5062 2036 5116 in

384 5142 729 5199 ministeriis
773 5145 1134 5200 tabernaculi
1165 5146 1311 5216 ejus.
1363 5145 1447 5200 'I‘u
1473 5151 1667 5202 autem
1699 5152 1756 5202 et
1791 5149 1895 5204 ﬁlii
1929 5149 2035 5205 tui.

453 5411 582 5465 ‘Ex
639 5411 742 5466 hoc
800 5411 924 5466 loco
972 5412 1403 5466 observandum
1472 5413 1645 5481 venit,
1679 5413 2036 5469 scholiasten

379 5490 672 5550 nostrum,
711 5500 871 5540 more
905 5483 1376 5554 llieronymiano,
1407 5485 1637 5541 codices
1700 5486 2031 5540 Latinorum

384 5565 591 5626 nostros
626 5572 849 5611 vocare.
886 5557 1179 5621 Ilebrzcus,
1215 5555 1424 5626 inquit,
1457 5555 1633 5612 habet
1660 5573 1823 5618 cum;
1858 5558 2034 5613 nostri

383 5625 440 5680 id
475 5633 582 5694 est,
618 5628 846 5684 codices
881 5628 1068 5683 Latini
1102 5625 1576 5699 habent,absque.
1603 5628 1745 5686 Vide
1775 5629 2030 5687 similem

2174 523 2400 580 cultum
2431 523 2634 580 altaris
2664 525 2973 594 pertinent,
3006 529 3063 579 et
3093 525 3243 578 intra
3268 522 3465 578 velum
3523 528 3680 588 sunt,
3727 538 3832 592 per

2176 615 2508 668 sacerdotes
2579 613 3176 668 administrabantur.
3259 612 3319 667 Si
3406 612 3506 682 qui
3552 615 3830 667 externus

2175 705 2504 771 accesserit,
2556 697 2856 756 occidetur
2897 701 2978 771 (h.
3029 701 3351 770 morietur),
3398 701 3485 769 (Β.
3518 699 3701 771 XLVI,
3766 704 3830 755 C.

2177 788 2289 858 LI),
2323 788 2693 859 Locutusque
2715 794 2803 843 est
2833 788 3121 844 Dominus
3153 789 3224 844 ad
3251 791 3440 844 Aaron
3467 805 3480 843 :
3533 788 3676 843 Ecce
3725 804 3833 860 ego

2175 877 2308 932 dedi
2341 877 2446 932 tibi
2479 879 2810 933 custodiam
2842 877 3235 949 primitiarum
3267 893 3555 932 mearum.
3616 876 3832 932 Omnia

2174 980 2302 1035 qua:
2346 966 2790 1021 sanctiﬁcantur
2835 982 2869 1020 a
2919 965 3056 1022 ﬁliis
3087 965 3288 1034 Israel,
3333 965 3440 1020 tibi
3499 965 3714 1021 tradidi
3771 971 3835 1021 et

2176 1051 2446 1109 ﬁliistuis
2461 1071 2562 1125 pro
2581 1054 2768 1109 ofﬁcio
2794 1054 3141 1110 sacerdotali
3163 1055 3426 1126 legitima
3449 1056 3828 1125 sempiterna.

2178 1143 2304 1196 Haec
2330 1158 2465 1215 ergo
2498 1144 2748 1215 accipies
2797 1144 2878 1214 (h.
2930 1147 3062 1200 Haec
3093 1159 3229 1216 ergo
3260 1148 3434 1199 erunt
3463 1145 3590 1215 tibi)
3621 1145 3694 1200 de
3738 1145 3834 1200 his

2173 1247 2303 1302 quae
2332 1233 2794 1301 sanctiﬁcantur,
2827 1238 2885 1288 et
2909 1233 3102 1288 oblata
3131 1239 3272 1288 sunt
3309 1233 3574 1289 Domino.
3621 1233 3832 1288 Omnis

2172 1319 2412 1392 oblatio,
2465 1327 2521 1376 et
2565 1322 2944 1392 sacriﬁcium,
2980 1327 3037 1377 et
3093 1322 3381 1394 quidquid
3441 1337 3546 1393 pro
3592 1328 3832 1394 peccato

2172 1415 2347 1479 atque
2367 1412 2579 1467 delicto
2603 1412 2864 1467 redditur
2891 1411 3056 1479 mihi,
3083 1418 3140 1467 et
3189 1413 3341 1466 cedit
3361 1412 3419 1465 in
3441 1411 3654 1467 Sancta
3685 1428 3830 1466 san-

2170 1504 2592 1568 ctorum,tunm
2609 1501 2740 1568 erit,
2764 1505 2821 1554 et
2843 1500 3094 1556 ﬁliorum
3125 1503 3454 1556 tuorum.In
3491 1501 3830 1556 sanctuario

2169 1588 2986 1660 comedesillud(h.InSanctis
2999 1594 3342 1646 sanctorum
3356 1589 3628 1645 comedas
3655 1589 3832 1662 illud)

2169 1691 2362 1731 mares
2383 1683 2611 1732 tantum
2627 1679 2803 1733 edent
2824 1695 2894 1734 ex
2914 1679 3153 1750 eo,quia
3165 1684 3570 1734 consecratum
3589 1684 3679 1733 est
3694 1678 3827 1733 tibi.

2172 1764 2474 1830 Primitias
2503 1771 2724 1834 autem,
2758 1783 2905 1838 quas
2953 1767 3216 1823 voverint
3245 1772 3304 1823 et
3353 1767 3672 1823 obtulerint
3721 1767 3831 1822 lilii

2176 1853 2372 1920 Israel,
2407 1854 2512 1908 tibi
2546 1855 2704 1920 dedi,
2735 1862 2792 1911 et
2822 1856 2980 1926 ﬁliis,
3008 1873 3074 1912 ac
3107 1856 3341 1912 ﬁliabus
3364 1858 3655 1927 tuis,jure
3689 1873 3825 1928 per-

2169 1947 2380 2013 petuo:
2411 1943 2511 2014 qui
2545 1944 2803 2000 mundus
2835 1952 2927 2000 est
2958 1945 3024 2000 in‘
3049 1947 3224 2000 domo
3255 1951 3379 2012 tua,
3410 1949 3682 2002 vescetur
3711 1945 3823 2000 eis.

2167 2031 2414 2086 Omnem
2443 2030 2762 2088 medullam
2805 2033 2884 2102 (h.
2912 2033 3349 2105 pinguedinem)
3381 2033 3515 2099 olei,
3575 2039 3631 2090 et
3676 2033 3824 2104 vini,

2167 2136 2231 2175 ac
2258 2121 2557 2191 frumenti,
2591 2122 2880 2193 quidquid
2914 2123 3166 2178 oII‘erunt
3190 2123 3586 2194 primitiarum
3616 2124 3825 2178 Domi-

2165 2225 2257 2276 no,
2298 2209 2400 2264 tibi
2459 2210 2611 2265 dedi.
2674 2210 2967 2267 Universae
3031 2212 3262 2284 frugum
3313 2211 3608 2284 primitias,
3669 2228 3824 2284 quas

2162 2297 2346 2368 gignit
2376 2299 2614 2366 humus,
2642 2305 2697 2354 et
2725 2300 2974 2356 Domino
3022 2301 3429 2372 deportantur,
3487 2302 3697 2356 cedent
3757 2301 3819 2356 in

2166 2404 2308 2442 usus
2340 2392 2471 2443 tuos
2511 2389 2646 2460 :qui
2675 2390 2934 2445 mundus
2954 2396 3043 2445 est
3072 2389 3131 2444 in
3165 2391 3338 2446 domo
3379 2395 3501 2457 tua,
3551 2396 3823 2446 vescetur

2161 2476 2266 2531 eis.
2327 2475 2511 2532 Omne
2543 2478 2696 2548 quod
2741 2493 2810 2532 ex
2839 2483 2970 2532 voto
3030 2477 3392 2533 reddiderint
3451 2477 3552 2532 ﬁlii
3607 2477 3811 2545 Israel,

2165 2568 2328 2620 tuum
2363 2565 2474 2621 erit
2505 2566 2590 2635 (h.
2625 2583 2799 2622 omne
2829 2569 2984 2638 quod
3019 2573 3446 2624 consecratura
3472 2567 3612 2624 ﬁliis
3633 2567 3816 2624 Israel

2161 2659 2330 2710 tuum
2379 2656 2509 2710 erit.
2585 2656 2881 2727 Quidquid
2945 2656 3204 2726 primum
3257 2657 3584 2729 erumpite
3643 2656 3819 2713 vulva

2164 2747 2383 2799 cuncta:
2412 2744 2626 2814 carnis,
2661 2761 2836 2816 quam
2861 2746 3110 2801 oﬁerunt
3135 2746 3410 2816 Domino,
3445 2747 3565 2802 sive
3607 2763 3677 2802 ex
3709 2748 3824 2801 ho-

2166 2833 2452 2900 minibus,
2479 2835 2601 2888 sive
2651 2836 2722 2890 de
2752 2834 3062 2906 pecoribus
3120 2836 3316 2900 fuerit,
3344 2833 3428 2890 tui
3463 2835 3614 2904 juris
3662 2835 3818 2890 erit:

2163 2920 2245 2976 ita
2266 2924 2568 2992 duntaxat,
2594 2929 2659 2978 ut
2689 2939 2792 2994 pro
2816 2922 3076 2978 hominis
3125 2923 3516 2994 primogenito
3565 2925 3818 2994 pretium

2162 3010 2436 3082 accipias,
2469 3018 2526 3066 et
2557 3028 2730 3066 omne
2755 3012 2972 3067 animal
2996 3013 3152 3084 qnod
3185 3011 3558 3068 immundum
3586 3017 3693 3082 est,
3720 3029 3821 3068 re-

2160 3100 2303 3154 dimi
2328 3101 2530 3166 facies,
2556 3101 2729 3171 cujus
2762 3101 3088 3172 redemptio
3113 3101 3226 3156 erit
3257 3107 3391 3171 post
3423 3116 3606 3156 unum
3643 3117 3817 3157 men-

2342 3189 2502 3244 siclis
2547 3189 2771 3260 argenti
2824 3191 3087 3260 quinque
3115 3189 3195 3258 (h.
3256 3191 3427 3261 cujus
3483 3191 3816 3262 redemptio

2157 3279 2264 3332 erit
2295 3283 2426 3349 post
2456 3295 2641 3333 unum
2699 3293 2986 3343 mensem,
3037 3277 3108 3333 ad
3161 3278 3615 3334 aestimationem
3659 3289 3817 3335 tuam

2157 3365 2318 3421 siclis
2349 3367 2573 3437 argenti
2606 3366 2906 3436 quinque),
2939 3367 3194 3437 pondere
3228 3367 3572 3422 sanctuarii.
3616 3368 3814 3424 Siclus

2156 3455 2361 3524 viginti
2393 3455 2593 3511 obolos
2618 3455 2814 3510 habet.
2849 3456 3312 3528 Primogenitum
3344 3462 3538 3512 autem
3559 3457 3724 3512 bovis
3754 3463 3815 3513 et

2157 3544 2280 3600 ovis
2305 3549 2361 3600 et
2390 3561 2574 3616 caprae
2607 3562 2721 3600 non
2755 3545 2932 3601 facies
2965 3545 3199 3611 redimi,
3257 3545 3396 3616 quia
3443 3547 3814 3604 sanctiﬁcata

2157 3639 2298 3688 sunt
2325 3633 2610 3700 Domino;
2664 3633 3014 3706 sanguinem
3065 3639 3294 3690 tantum
3339 3651 3544 3692 eorum
3590 3636 3810 3692 tundes

2155 3739 2334 3793 super
2364 3721 2567 3789 altare,
2602 3727 2658 3778 et
2690 3723 2892 3794 adipes
2940 3721 3202 3778 adolebis
3259 3722 3320 3778 in
3375 3725 3805 3782 suavissimum

2155 3812 2393 3867 odorem
2427 3813 2696 3866 Domino.
2714 3811 2930 3866 Carnes
2952 3827 3084 3867 vero
3105 3811 3164 3866 in
3186 3828 3360 3867 usum
3384 3818 3550 3868 tuum
3575 3815 3809 3883 cedent,

2153 3903 2308 3956 sicut
2337 3899 2748 3972 pectusculum
2780 3905 3213 3969 consecratum,
3245 3906 3302 3956 et
3331 3918 3534 3958 armus
3583 3904 3807 3970 dexter,

2151 3992 2253 4044 tua
2284 3995 2480 4044 erunt.
2515 3989 2733 4045 Omnes
2766 3989 3062 4060 primitias
3099 3990 3444 4060 sanctuarii,
3478 4008 3626 4062 quas
3659 3994 3806 4050 οσο-

2152 4083 2291 4133 runt
2316 4077 2417 4132 ﬁlii
2442 4078 2622 4134 Israel
2644 4078 3033 4146 Domino,tibi
3061 4079 3218 4147 dedi,
3242 4085 3301 4134 et
3323 4078 3460 4135 ﬁliis
3481 4097 3546 4135 ac
3569 4080 3810 4140 ﬁliabus

2149 4167 2288 4233 tuis,
2315 4169 2449 4237 jure
2482 4172 2778 4238 perpetuo.
2816 4168 3050 4222 Pactum
3083 4167 3224 4222 salis
3255 4173 3346 4223 est
3375 4170 3804 4241 sempiternum

2150 4272 2344 4312 coram
2375 4257 2651 4323 Domino,
2688 4255 2793 4310 tibi
2819 4273 2884 4311 ac
2915 4255 3053 4310 ﬁliis
3085 4257 3205 4311 tuis
3235 4258 3317 4319 (C.
3353 4257 3488 4328 LII.)
3521 4259 3805 4331 Dixitque

2147 4345 2432 4400 Dominus
2464 4347 2535 4401 ad
2569 4349 2752 4400 Aaron
2781 4361 2794 4398 :
2827 4349 2890 4398 In
2924 4351 3080 4400 terra
3110 4361 3313 4401 eorum
3347 4346 3494 4400 nihil
3537 4349 3805 4418 posside-

2149 4434 2306 4502 bitis,
2343 4450 2444 4488 nec
2477 4434 2767 4489 habebitis
2798 4438 3023 4505 partem
3058 4435 3210 4488 inter
3240 4450 3339 4490 eos
3369 4451 3383 4490 :
3410 4451 3516 4507 ego
3567 4453 3704 4508 pars
3737 4446 3796 4495 et

2146 4523 2459 4578 bzereditas
2482 4527 2584 4578 tua
2617 4523 2676 4577 in
2711 4523 2903 4578 medio
2944 4521 3205 4578 ﬁliorum
3239 4522 3440 4579 Israel.
3474 4523 3636 4580 Filiis
3683 4542 3800 4582 au-

2146 4613 2262 4664 tem
2300 4609 2425 4664 Levi
2457 4609 2591 4664 dedi
2613 4626 2818 4665 omnes
2845 4608 3100 4666 decimas
3123 4609 3358 4665 Israelis
3389 4611 3446 4666 in
3469 4615 3799 4683 possessio-

2147 4716 2303 4763 nem,
2339 4716 2440 4770 pro
2471 4700 2804 4756 ministerio
2836 4716 2954 4771 qua
2983 4700 3250 4756 serviunt
3280 4698 3426 4757 mihi
3447 4702 3506 4758 in
3527 4704 3806 4762 taberna-

2149 4790 2276 4844 culo
2327 4789 2596 4845 fmderis:
2634 4795 2697 4844 ut
2729 4807 2844 4846 non
2902 4789 3183 4845 accedant
3240 4789 3394 4846 ultra
3449 4791 3559 4848 ﬁlii
3615 4795 3802 4853 Israel

2149 4878 2220 4932 ad
2323 4879 2767 4934 tabernaculum
2852 4879 2935 4950 (h.
3017 4878 3292 4949 fcederis),
3377 4895 3480 4936 nec
3529 4884 3804 4940 commit-

2149 4970 2275 5022 tant
2304 4974 2606 5038 peccatum
2643 4969 3034 5036 mortiferum,
3067 4966 3210 5022 solis
3258 4967 3396 5024 ﬁliis
3452 4969 3581 5025 Levi
3648 4972 3799 5028 mihi

2146 5054 2206 5110 in
2241 5057 2615 5112 tabernaculo
2647 5056 3039 5112 servientibus
3068 5061 3125 5111 et
3155 5057 3526 5128 portantibus
3556 5068 3805 5131 peccata

2149 5143 2370 5216 populi.
2409 5146 2752 5218 Legitimum
2784 5146 3212 5217 sempiternum
3244 5145 3354 5201 erit
3381 5146 3439 5202 in
3464 5151 3800 5219 generatio-

2146 5410 2361 5484 stylum
2386 5411 2486 5466 lib.
2525 5429 2564 5467 ιι
2595 5412 2918 5468 Comment
2945 5413 3003 5467 in
3037 5428 3165 5482 cap.
3194 5428 3279 5479 III,
3305 5411 3488 5484 Epist.
3551 5417 3622 5470 ad
3678 5416 3804 5473 Ga-

2144 5483 2318 5538 latas.
2355 5484 2534 5539 MART.

2216 5557 2234 5588 ³
2273 5557 2604 5627 Legendum
2637 5555 2959 5630 don_um,.ex
2993 5554 3165 5611 Ilebr.
3237 5565 3408 5616 nmio
3439 5560 3495 5612 et
3526 5556 3801 5630 Vulgata,

2149 5643 2276 5696 qua:
2310 5625 2586 5698 praeterea
2616 5627 2778 5682 addit
2794 5625 2961 5682 vobis.
