4068 6172
221 318 299 372 H3

1483 315 1697 368 LIBER
1735 315 2248 371 NUMERORUM.‘

3467 308 3570 363 414

220 442 356 497 nibus
381 436 590 492 vestris.
630 435 784 493 Nihil
811 436 967 492 aliud
1002 437 1411 508 possidebunt,
1438 436 1799 492 decimarum
1833 439 1882 502 Α
1915 436 2023 493 hoc
2058 444 2282 510 septem
2307 439 2514 494 diebus
2535 438 2709 494 fuerit
2731 437 3077 494 immundus
3100 454 3114 494 :
3140 439 3483 508 aspergetur
3504 451 3574 489 ex

219 528 457 585 oblatione
486 525 762 589 contenti,
797 542 945 596 quas
975 525 1029 580 in
1053 542 1196 580 usus
1229 541 1434 580 eorum
1468 530 1523 579 et
1554 542 1816 581 necessa-

219 620 278 673 ria
305 615 530 688 separavi
565 617 644 682 (C.
671 614 834 677 LIII.)
869 615 1237 685 Locutusque
1296 620 1381 669 est
1419 614 1704 670 Dominus
1740 616 1808 669 ad

217 707 392 770 Mosen,
424 704 614 759 dicens
646 722 664 756 :
701 703 952 774 Praecipe
987 704 1221 770 Levitis,
1251 710 1424 774 atque
1474 704 1762 758 denuntia
1795 720 1807 758 :

213 800 323 852 Cum
352 792 676 864 acceperitis
708 810 740 846 a
773 792 908 847 ﬁliis
942 792 1121 847 Israel
1152 793 1430 860 decimas,
1481 809 1629 863 quas
1678 792 1812 848 dedi

212 885 335 939 vobis
360 882 435 951 (h.
470 898 615 954 quas
643 882 774 935 dedi
825 881 988 936 vobis
1013 881 1072 936 in
1133 881 1574 952 haareditatem),
1603 882 1810 953 primi-

207 973 288 1026 tias
315 987 491 1025 earum
525 970 633 1024 olfe
651 978 738 1024 rte
770 968 1031 1033 Domino,
1059 969 1114 1022 id
1139 974 1248 1040 est,
1271 969 1559 1024 decimam
1586 974 1809 1041 partem

205 1062 413 1128 decima,
447 1063 506 1112 ut
537 1063 839 1129 reputetur
865 1057 1030 1113 vobis
1062 1058 1118 1111 in
1160 1057 1518 1114 oblationem
1555 1058 1808 1130 primiti-

214 1157 537 1212 vorum,tam
599 1149 670 1202 de
707 1147 860 1202 areis
919 1163 1097 1219 quam
1159 1148 1230 1202 de
1286 1147 1675 1203 torcularibus
1710 1165 1722 1203 :
1755 1151 1812 1202 et

208 1236 449 1291 universis
477 1252 729 1308 quorum
751 1236 1014 1306 accipitis
1037 1235 1118 1307 (b.
1145 1242 1197 1290 et
1223 1237 1588 1306 reputabitur
1609 1238 1805 1293 vobis:

202 1327 343 1396 quasi
370 1327 434 1380 de
489 1342 622 1380 area
680 1329 737 1379 et
795 1324 1070 1380 torculari
1127 1325 1407 1381 dederitis
1465 1325 1807 1398 primitias),

198 1416 366 1469 ollerte
396 1415 662 1484 Domino,
721 1418 779 1469 et
811 1415 943 1469 date
1005 1416 1193 1468 Aaron
1227 1414 1536 1487 sacerdoti.
1597 1416 1807 1469 Omnia

199 1520 296 1574 qua:
366 1503 617 1558 oﬂ‘eretis
688 1518 755 1557 ex
835 1502 1106 1572 decimis,
1169 1507 1225 1557 et
1280 1502 1340 1556 in
1399 1503 1644 1558 donaria
1691 1504 1803 1559 Do-

199 1592 312 1646 mini
339 1591 698 1662 separabitis.
731 1590 951 1661 optima
983 1596 1040 1645 et
1071 1589 1248 1646 electa
1282 1597 1473 1646 erunt.
1527 1592 1806 1663 Dicesque

196 1683 248 1734 ad
271 1697 356 1735 eos
386 1697 398 1734 :
429 1680 482 1734 Si
513 1680 599 1751 (b.
637 1679 805 1750 Cum)
839 1679 1114 1752 praeclara
1143 1685 1199 1734 et
1256 1679 1502 1736 meliora
1560 1698 1805 1752 qumque

195 1768 476 1824 obtuleritis
507 1785 581 1823 ex
611 1768 874 1838 decimis,
912 1768 1282 1840 reputabitur
1313 1769 1478 1824 vobis
1531 1770 1700 1842 quasi
1730 1771 1802 1825 de

193 1873 292 1912 area
318 1861 367 1911 et
393 1855 672 1911 torculari
704 1856 985 1912 dederitis
1017 1856 1308 1927 primitias
1342 1873 1354 1911 :
1389 1861 1450 1913 et
1480 1857 1802 1913 comedetis

191 1961 262 2000 eas
286 1945 335 2000 in
364 1945 635 2001 omnibus
667 1945 808 2000 locis
839 1945 1069 2011 vestris,
1103 1950 1218 2002 tam
1249 1963 1350 2001 vos
1397 1962 1575 2017 quam
1631 1947 1802 2001 fami-

191 2034 254 2088 lia
274 2041 448 2090 vestrae
475 2052 487 2088 :
518 2035 660 2105 quia
681 2036 936 2106 pretium
953 2039 1041 2089 est
1056 2052 1159 2105 pro
1181 2035 1530 2104 ministerio,
1551 2052 1664 2106 quo
1681 2053 1800 2091 ser-

191 2122 291 2177 vitis
317 2121 366 2176 io
399 2123 778 2178 tabernaculo
810 2122 1156 2178 testimonii.
1184 2123 1253 2178 Et
1311 2139 1426 2178 non
1483 2123 1802 2194 peccabitis

194 2228 330 2281 super
356 2212 476 2277 hoc,
511 2213 751 2284 egregia
797 2211 959 2267 vobis
1007 2217 1062 2266 et
1112 2212 1356 2284 pinguia
1413 2217 1799 2278 reservantes,

197 2317 248 2354 ne
263 2299 508 2371 polluatis
527 2301 855 2357 oblationes
878 2301 1132 2355 ﬁliorum
1152 2300 1350 2369 Israel,
1373 2305 1429 2356 et
1444 2301 1800 2358 moriemini.

249 2407 320 2475 (T.
348 2408 563 2478 XII,B.
595 2407 818 2476 XLVII,
870 2408 999 2478 Cap.
1060 2407 1230 2478 XIX.)
1286 2413 1658 2479 Locutusque
1717 2415 1806 2464 est

203 2492 442 2552 Dominus
471 2498 548 2551 ad
584 2497 780 2552 Mosen
813 2502 869 2551 et
891 2501 1101 2563 Aaron,
1148 2496 1348 2552 dicens
1383 2514 1395 2551 :
1432 2499 1546 2552 Ista
1604 2497 1803 2568 religio

199 2583 400 2640 victima:
427 2586 505 2652 (h.
547 2585 751 2657 religio
781 2584 950 2657 legis)
974 2602 1149 2656 quam
1173 2587 1480 2641 constituit
1502 2587 1801 2641 Dominus.

201 2673 404 2744 Pnecipe
433 2675 577 2729 ﬁliis
640 2674 833 2741 Israel,
869 2680 931 2729 ut
980 2676 1276 2730 adducant
1318 2677 1401 2730 ad
1463 2681 1514 2730 te
1573 2691 1805 2731 vaccam

198 2762 344 2818 rufam
376 2769 568 2820 atatis
601 2765 858 2836 integrae,
893 2765 951 2820 in
985 2782 1100 2836 qua
1133 2765 1295 2821 nulla
1327 2767 1404 2821 sit
1428 2766 1803 2832 inacula,nec

196 2855 466 2919 portaverit
489 2855 715 2925 jugum
743 2871 754 2907 :
783 2855 1146 2926 tradetisque
1167 2871 1292 2909 eam
1317 2854 1586 2911 Eleazaro
1618 2872 1805 2911 sacer-

197 2940 308 2996 doti.
339 2943 438 3007 Qui
465 2944 534 2998 ed
553 2949 747 2998 uctam
778 2952 937 2998 extra
962 2949 1174 3005 castra,
1215 2944 1544 3000 immolabit
1573 2947 1631 3000 in
1663 2962 1806 3001 con-

197 3033 639 3097 spectuomnium
669 3048 682 3086 :
709 3036 765 3086 et
786 3032 1017 3102 tingens
1031 3032 1280 3103 digitum
1301 3032 1358 3087 in
1379 3036 1664 3104 sanguine
1677 3035 1805 3105 ejus

195 3116 562 3183 (h.ettoilens
639 3121 710 3174 de
764 3120 1050 3191 sanguine
1105 3122 1235 3190 ejus
1293 3121 1350 3175 in
1409 3123 1593 3194 digito
1649 3125 1802 3193 suo),

199 3214 424 3280 aspergat
452 3216 663 3265 contra
695 3209 845 3265 fores
896 3211 1258 3265 tabernaculi
1295 3216 1518 3282 septem
1551 3211 1800 3276 vicibus,

196 3297 456 3353 comburat
478 3315 610 3353 eam
645 3298 872 3353 cunctis
903 3298 1255 3364 videntibus,
1283 3305 1400 3354 tam
1424 3299 1572 3371 pelle
1595 3305 1653 3356 et
1681 3318 1802 3355 car-

198 3383 335 3440 nibus
360 3388 483 3458 ejus
515 3404 700 3460 quam
725 3388 1009 3458 sanguine
1039 3391 1096 3442 et
1118 3388 1251 3442 limo
1276 3389 1524 3444 flamma
1546 3390 1800 3445 traditis.

198 3472 405 3544 Lignum
438 3493 674 3549 quoque
705 3476 1032 3532 cedrinum.
1065 3482 1123 3531 et
1160 3476 1503 3549 hyssopum,
1536 3494 1805 3534 coccum-

199 3578 282 3631 que
301 3566 379 3621 bis
407 3567 660 3622 tinctum
694 3565 964 3621 sacerdos
997 3565 1188 3620 mittet
1217 3565 1276 3620 in
1319 3567 1642 3634 ﬂammam,
1677 3587 1803 3640 qua

197 3667 388 3708 vaccam
445 3660 637 3710 vorat.
700 3655 767 3709 Et
815 3660 952 3708 tunc
1005 3654 1271 3721 demum,
1353 3655 1488 3711 lotis
1544 3659 1805 3714 vestibus

197 3745 235 3791 et
259 3758 477 3815 corpore
509 3761 644 3810 suo,
680 3743 1040 3815 ingredietur
1072 3743 1128 3796 in
1163 3750 1372 3812 castra,
1407 3749 1806 3816 commacules

197 3833 362 3901 tuaque
389 3836 500 3888 erit
522 3849 716 3903 usque
749 3834 819 3886 ad
883 3847 1212 3902 vesperum.
1274 3834 1382 3888 Sed
1439 3841 1494 3889 et
1551 3836 1648 3890 ille
1704 3838 1806 3908 qui

195 3921 538 3977 combusserit
569 3939 724 3990 eam,
747 3921 963 3977 lavabit
989 3921 1466 3991 vestimentasua
1495 3929 1551 3980 et
1572 3941 1804 3997 corpus,

194 4010 235 4058 et
258 4009 588 4066 immundus
650 4011 760 4065 erit
817 4025 1001 4080 usque
1058 4010 1127 4062 ad
1177 4026 1504 4080 veSperum.
1563 4013 1806 4086 Colliget

192 4101 346 4153 autem
378 4101 461 4154 vir
494 4100 761 4154 mundus
792 4099 1016 4154 cineres
1041 4113 1250 4162 vaccae,
1282 4104 1339 4153 et
1396 4101 1658 4156 elI'undet
1707 4119 1807 4160 eos

193 4182 253 4244 (b.
297 4192 346 4241 et
408 4195 586 4260 ponet
638 4193 761 4255 eos)
818 4193 982 4242 extra
1041 4187 1098 4240 in
1161 4185 1285 4241 loco
1345 4190 1684 4261 purissimo,
1746 4199 1810 4247 ut

191 4271 282 4326 sint
308 4275 672 4331 multitudini
708 4275 961 4330 ﬁliorum
998 4274 1176 4330 Israel
1210 4275 1266 4329 in
1291 4278 1638 4348 custodiam,
1663 4287 1718 4336 et
1747 4280 1807 4336 in

192 4374 363 4429 aquam
399 4363 763 4436 aspersionis
797 4380 808 4418 :
839 4363 978 4434 quia
1008 4366 1244 4434 peccato
1270 4364 1345 4433 (h.
1381 4366 1520 4436 quia
1549 4384 1653 4437 pro
1678 4385 1808 4440 pec-

190 4456 287 4504 cato
315 4456 470 4523 sunt)
500 4469 680 4508 vacca
702 4454 1006 4507 combusta
1027 4461 1135 4509 est.
1160 4457 1423 4526 Cumque
1457 4455 1680 4524 laverit,
1707 4475 1812 4546 qui

1832 1812 1878 1875 B

1924 526 2034 582 hac
2065 545 2214 598 aqua
2247 529 2339 583 die
2371 528 2542 584 tertio
2575 534 2632 583 et
2661 527 2934 599 septimo,
2967 531 3027 582 et
3055 526 3138 582 sic
3164 524 3570 582 mundabitur.

1919 615 1972 668 Si
2007 617 2097 670 die
2131 616 2297 671 tertio
2328 633 2606 688 aspersus
2640 634 2752 671 non
2787 616 2979 686 fuerit,
3015 616 3265 687 septimo
3319 630 3432 669 non
3466 631 3570 685 po-

1919 705 2052 759 terit
2083 705 2411 761 emundari.
2445 705 2647 760 Omnis
2678 705 2775 776 qui
2830 705 3081 776 tetigerit
3136 705 3404 758 humanae
3437 702 3567 758 ani-

1920 810 2024 847 mae
2062 793 2462 858 morticinum,
2495 799 2551 850 et
2581 811 2854 864 aspersus
2877 794 2985 849 hac
3017 793 3426 849 commistione
3448 809 3562 845 non

1919 879 2109 950 fuerit,
2143 881 2363 952 polluet
2393 881 2836 936 tabernaculum
2878 881 3128 950 Domini,
3156 886 3213 936 et
3262 880 3473 952 peribit
3501 895 3568 933 ex

1919 970 2095 1023 Israel
2131 987 2144 1024 :
2178 969 2318 1041 quia
2349 986 2501 1041 aqua
2532 969 2882 1042 expiationis
2945 987 3058 1025 non
3121 975 3208 1024 est
3265 985 3564 1040 aspersus,

1916 1056 2264 1114 immundus
2295 1059 2426 1129 erit,
2459 1064 2515 1114 et
2547 1059 2807 1114 manebit
2867 1059 3154 1130 spurcitia
3201 1058 3330 1128 ejus
3389 1073 3566 1126 super

1914 1162 2069 1200 eum.
2107 1151 2223 1202 Ista
2251 1154 2342 1202 est
2373 1149 2461 1202 lex
2495 1147 2748 1202 hominis
2775 1147 2874 1218 qui
2909 1147 3156 1203 moritur
3185 1146 3244 1200 in
3302 1146 3567 1200 taberna-

1912 1241 2045 1291 cuto
2083 1254 2094 1290 :
2129 1237 2345 1292 Omnes
2378 1236 2478 1307 qui
2509 1237 2922 1307 ingrediuntur
2952 1235 3268 1291 tentorium
3295 1233 3476 1299 illius,
3509 1238 3564 1287 et

1916 1325 2189 1380 universa
2243 1343 2385 1380 vasa
2417 1343 2543 1398 quas
2575 1326 2654 1380 ibi
2689 1331 2848 1391 sunt,
2883 1325 3107 1397 polluta
3135 1327 3310 1380 erunt
3340 1326 3563 1392 septem

1913 1413 2140 1469 diebus.
2169 1414 2303 1479 Vas,
2337 1416 2489 1486 quod
2551 1431 2666 1469 non
2730 1415 3004 1469 habuerit
3057 1411 3424 1485 operculum,
3459 1427 3564 1466 nec

1911 1501 2226 1574 ligaturam
2251 1505 2520 1574 desuper,
2549 1504 2922 1559 immundum
2948 1503 3077 1558 erit.
3097 1503 3154 1556 Si
3178 1502 3308 1572 quis
3333 1500 3394 1555 in
3425 1516 3564 1570 agro

1911 1591 2162 1662 tetigerit
2193 1595 2438 1648 cadaver
2468 1592 2645 1648 occisi
2677 1592 2959 1657 hominis,
2985 1597 3085 1646 aut
3107 1607 3208 1662 per
3229 1607 3291 1644 se
3325 1589 3562 1656 mortui,

1910 1681 2032 1736 sive
2053 1698 2118 1736 os
2140 1681 2321 1747 illius,
2346 1682 2430 1736 vel
2455 1680 2818 1753 sepulcrum,
2846 1679 3316 1737 immunduserit
3339 1683 3560 1749 septem

1912 1769 2140 1824 diebus.
2178 1771 2262 1843 (C.
2301 1771 2455 1840 LIV.)
2485 1769 2834 1842 Tollentque
2865 1772 2934 1826 de
2965 1769 3260 1824 cineribus
3316 1769 3562 1822 combu-

1914 1859 2122 1914 stionis
2155 1865 2326 1930 atque
2359 1862 2576 1932 peccati
2609 1863 2690 1932 (h.
2726 1857 3153 1917 combustionis
3210 1855 3474 1928 peccati),
3507 1859 3564 1910 et

1915 1948 2147 2003 mittent
2187 1966 2370 2022 aquas
2403 1949 2559 2005 vivas
2591 1967 2768 2022 super
2798 1966 2898 2004 eos
2927 1948 2987 2002 in
3037 1965 3160 2002 vas.
3221 1946 3284 2000 In
3345 1945 3564 2016 quibus

1914 2054 2042 2092 cum
2077 2038 2250 2094 homo
2285 2041 2540 2095 mundus
2585 2040 2826 2095 tinxerit
2881 2039 3228 2110 hyssopum,
3289 2039 3560 2107 aspcrget

1911 2143 1979 2181 ex
2011 2143 2076 2181 eo
2107 2145 2275 2184 omne
2295 2129 2630 2199 tentorium,
2655 2136 2710 2185 et
2737 2134 3006 2184 cunctam
3040 2126 3486 2198 supellectilem,
3506 2127 3562 2178 et

1913 2216 2181 2272 homines
2210 2217 2623 2288 hujuscemodi
2657 2219 3007 2289 contagione
3049 2215 3305 2287 pollutos
3337 2230 3350 2267 :
3385 2219 3561 2283 atque

1913 2305 2021 2360 hoc
2057 2307 2227 2360 modo
2259 2308 2515 2362 mundus
2545 2306 2823 2363 lustrabit
2866 2305 3242 2361 immundum
3301 2301 3474 2356 tertio
3505 2305 3562 2355 et

1913 2395 2163 2465 septimo
2195 2395 2307 2451 die.
2336 2397 2730 2467 Expiatusque
2753 2396 2845 2450 die
2869 2394 3142 2464 septimo,
3176 2391 3392 2446 lavabit
3422 2394 3479 2444 et
3500 2405 3562 2444 se

1913 2486 1970 2537 et
1999 2483 2346 2538 vestimenta
2367 2501 2496 2548 sua,
2519 2489 2578 2539 et
2601 2483 2944 2538 immundus
2973 2482 3084 2536 erit
3115 2493 3301 2549 usque
3325 2478 3396 2532 ad
3428 2493 3560 2532 ves-

1916 2589 2134 2643 peram.
2166 2573 2224 2628 Si
2248 2573 2380 2643 quis
2414 2573 2520 2628 hoc
2555 2574 2666 2627 ritu
2696 2590 2808 2627 non
2845 2571 3018 2626 tuerit
3039 2570 3326 2639 expiatus,
3350 2566 3563 2637 peribit

1913 2663 2112 2718 anima
2143 2663 2302 2718 illius
2325 2665 2396 2718 de
2424 2664 2614 2720 medio
2643 2663 2944 2718 Ecclesiae:
2979 2661 3113 2730 quia
3156 2656 3560 2714 sanctuarium

1919 2753 2143 2806 Domini
2178 2752 2404 2824 polluit,
2438 2758 2493 2807 ct
2524 2769 2637 2808 non
2671 2758 2759 2807 est
2783 2769 2936 2822 aqua
2961 2747 3328 2804 lustrationis
3360 2761 3559 2816 asper-

1915 2858 2036 2896 sus.
2073 2842 2298 2912 Erit(h.
2335 2841 2458 2899 Non
2509 2845 2597 2896 est
2653 2858 2802 2911 aqua
2857 2835 3226 2894 lustrationis
3257 2850 3556 2906 aspersus,

1917 2929 2262 2986 immundus
2293 2932 2424 3000 erit)
2456 2931 2564 2986 hoc
2597 2933 2946 3002 praeceptum
2987 2927 3313 2998 legitimum
3345 2922 3560 2993 sempi-

1915 3023 2168 3074 ternum.
2194 3021 2323 3090 Ipse
2346 3036 2581 3091 quoque
2604 3019 2704 3090 qui
2728 3017 2986 3089 aspergit
3007 3031 3214 3088 aquas,
3239 3011 3457 3068 lavabit
3472 3025 3561 3065 ve-

1916 3107 2192 3163 stimenta
2223 3126 2348 3164 sua.
2373 3109 2580 3164 Omnis
2601 3108 2698 3178 qui
2728 3107 2984 3178 tetigerit
3005 3121 3186 3176 aquas
3215 3099 3561 3174 expiationis

1836 3181 1878 3248 C
1917 3196 2258 3252 immundus
2289 3199 2398 3253 erit
2427 3214 2616 3268 usque
2639 3198 2708 3252 ad
2738 3212 3067 3268 vesperum.
3101 3190 3395 3262 Quidquid
3429 3188 3560 3244 teti-

1912 3287 2058 3355 gerit
2091 3287 2453 3356 immundus,
2479 3286 2852 3340 immundum
2890 3284 3060 3339 faciet
3093 3287 3186 3338 :et
3211 3281 3410 3336 anima
3432 3294 3558 3350 quae

1915 3375 2123 3430 horum
2158 3375 2462 3448 quidpiam
2498 3375 2772 3446 tetigerit,
2804 3372 3113 3429 immunda
3141 3370 3248 3426 erit
3281 3383 3466 3439 usque
3489 3366 3560 3422 ad

1913 3480 2236 3535 vesperam.

1987 3573 2072 3642 (B.
2107 3571 2355 3638 XLVIII,
2389 3573 2449 3628 C.
2486 3571 2597 3640 LV,
2631 3573 2759 3642 Cap.
2792 3569 2942 3632 XX.)
2982 3569 3397 3636 Veneruntque
3455 3562 3562 3618 ﬁlii

1918 3660 2116 3725 Israel,
2150 3666 2206 3714 et
2235 3661 2429 3715 omnis
2463 3660 2776 3715 multitudo
2799 3658 2858 3712 in
2882 3659 3178 3713 desertum
3202 3655 3324 3720 Sin,
3361 3668 3563 3708 mense

1917 3749 2127 3820 primo,
2160 3754 2217 3803 et
2250 3750 2468 3804 mansit
2501 3748 2752 3820 populus
2787 3748 2845 3801 in
2876 3747 3083 3801 Cades.
3111 3745 3454 3813 Mortuaque
3474 3743 3564 3794 est

1916 3837 1997 3893 ibi
2031 3837 2229 3903 Maria,
2257 3845 2314 3893 et
2343 3837 2577 3908 sepulta
2601 3837 2660 3891 in
2695 3837 2894 3892 eodem
2931 3835 3078 3890 loco.
3111 3833 3373 3901 Cumque
3404 3827 3561 3882 indi-

1915 3932 2077 3999 geret
2107 3943 2260 3997 aqua
2292 3925 2565 3997 populus,
2597 3926 2862 3980 coierunt
2917 3924 3196 3977 adversus
3249 3920 3446 3974 Mosen
3506 3920 3564 3972 et

1917 4022 2104 4072 Aaron
2142 4031 2154 4068 :
2189 4020 2246 4069 et
2276 4014 2423 4069 versi
2456 4013 2516 4067 in
2548 4013 2918 4077 seditionem,
2947 4011 3222 4064 dixerunt
3256 4023 3269 4060 :
3322 4005 3557 4061 Utinam

1915 4103 2295 4174 periissemus
2326 4104 2477 4156 inter
2509 4103 2715 4156 fratres
2748 4105 2978 4155 nostros
3030 4113 3228 4151 coram
3288 4094 3557 4162 Domino,

1917 4193 2031 4248 Cur
2061 4192 2346 4247 eduxistis
2379 4191 2694 4246 Ecclesiam
2729 4187 2954 4244 Domini
2986 4187 3044 4240 in
3069 4185 3471 4251 solitudinem,
3495 4187 3578 4251 ut,

1919 4289 1974 4335 et
2007 4298 2112 4336 nos
2143 4286 2201 4336 et
2232 4279 2722 4348 nostrajumenta
2754 4278 3081 4331 moriantur
3111 4272 3304 4344 (Vulg.
3341 4271 3560 4326 moria-

1921 4374 2074 4437 mur)
2103 4370 2130 4423 ‘I
2161 4372 2348 4434 Quare
2382 4385 2486 4423 nos
2521 4368 2742 4422 fecistis
2767 4365 3078 4421 ascendere
3107 4364 3180 4418 de
3203 4364 3468 4434 Egypto,
3501 4365 3560 4414 et

1921 4459 2246 4513 adduxistis
2280 4459 2335 4512 in
2369 4457 2561 4513 locum
2594 4457 2771 4512 istum
2797 4454 3139 4525 pessimum,
3163 4451 3262 4522 qui
3296 4450 3408 4506 seri
3443 4467 3556 4503 non

189 4551 339 4593 vacca:
368 4542 959 4613 portaveritcineres,
993 4545 1343 4599 vestimenta
1383 4562 1514 4612 sua,
1561 4539 1814 4606 immun;
1843 4541 1890 4606 D
1924 4553 2128 4619 potest,
2162 4548 2261 4618 qui
2296 4565 2399 4603 nec
2427 4548 2602 4600 ficum
2635 4545 2841 4616 gignit,
2872 4560 2974 4598 nec
3003 4542 3223 4609 vineas,
3259 4556 3360 4595 nec
3405 4539 3562 4593 mala

188 4627 273 4681 dus
322 4633 424 4685 erit
488 4647 680 4702 usque
737 4632 808 4684 ad
897 4648 1225 4702 vesperum.
1317 4634 1624 4688 Habebunt
1698 4636 1806 4692 hoc

189 4713 267 4768 lilii
320 4719 489 4774 Israel
541 4726 602 4773 et
656 4719 911 4787 advenae,
973 4721 1071 4790 qui
1152 4721 1422 4776 habitant
1479 4723 1629 4776 inter
1684 4742 1803 4795 eos,

185 4812 416 4862 sanctum
470 4809 612 4878 jure
686 4811 964 4878 perpetuo
1015 4809 1030 4841 ¹
1084 4809 1167 4871 (h.
1235 4809 1560 4879 legitimum
1647 4829 1803 4868 sem-

186 4893 480 4964 piternum).
510 4897 621 4960 Qui
646 4895 1432 4967 tetigeritcadaverhominis
1463 4905 1520 4954 et
1571 4908 1805 4975 propter

237 5124 336 5200 'ln
365 5126 617 5200 Hebraeo
642 5130 943 5200 estpju’
1004 5135 1186 5200 npm,
1247 5127 1572 5185 lehhuccath
1627 5131 1798 5200 alam,

365 5165 613 5181 μυυηυυ
642 5165 731 5180 νυν
793 5165 835 5185 ._.
866 5165 935 5186 ...
1005 5165 1041 5189 ..
1093 5165 1186 5196 ...,
1247 5165 1572 5185 ιωιηυιυνιιιη
1627 5165 1796 5200 mam,

181 5202 307 5274 quod
324 5197 469 5253 infra
505 5215 558 5250 v.
594 5198 683 5274 2!,
717 5197 790 5252 ab
833 5198 958 5274 ipso
1018 5165 1367 5271 Hieronymo
1429 5200 1796 5274 transfertur,

183 5265 454 5332 legitimum
483 5265 906 5340 sempiternum,
932 5271 1104 5341 juxta
1137 5265 1480 5341 praesentem
1525 5273 1672 5326 hanc
1706 5265 1800 5327 ad;

183 5342 503 5396 notationem
544 5341 921 5407 marginalem
955 5342 1205 5400 Canonis
1236 5344 1528 5398 Hebraicze
1592 5345 1792 5399 verita-

185 5417 256 5462 tis.
284 5410 480 5466 Confer
520 5411 698 5484 etiam
767 5413 1049 5483 scholion,
1112 5418 1176 5469 Et
1228 5416 1595 5484 reputabitur,
1659 5422 1793 5482 etc»

186 5494 483 5556 cuni_ver3u
518 5484 612 5548 50,
647 5483 983 5556 immediate
1014 5483 1295 5556 sequenti,
1325 5487 1509 5541 Man'r.

240 5554 254 5584 ³
283 5554 421 5609 Editi
455 5571 524 5609 ac
561 5569 700 5608 mss.
732 5555 850 5609 lere
877 5573 1080 5616 omnes
1101 5554 1246 5612 libri
1302 5558 1457 5614 hunc
1490 5560 1682 5613 locum
1718 5559 1798 5614 ita

187 5619 369 5692 legunt,
403 5625 739 5681 Corruerunt
764 5631 932 5696 proni
963 5629 1021 5685 in
1051 5641 1280 5695 terram,
1311 5632 1797 5701 clamaveruntque

1917 4642 2178 4707 grauata,
2210 4635 2452 4706 insuper
2484 4641 2540 4689 et
2568 4650 2778 4704 aquam
2807 4649 2918 4688 non
2947 4632 3122 4686 habet
3144 4631 3214 4684 ad
3239 4627 3556 4683 bibendum

1917 4725 2341 4796 Ingressusque
2373 4723 2560 4778 Moses
2592 4725 2870 4786 etAaron,
2895 4720 3136 4774 dimissa
3158 4715 3556 4776 multitudine,

1915 4813 2352 4868 tabernaculum
2381 4811 2632 4877 l‘vnderis,
2651 4813 2997 4864 corruerunt
3019 4806 3183 4878 proni
3210 4807 3268 4859 in
3300 4811 3515 4859 terram
3540 4804 3560 4836 ²

1913 4902 1996 4971 (C.
2038 4901 2188 4970 LVI.)
2221 4901 2288 4955 Et
2315 4899 2586 4971 apparuit
2617 4897 2803 4969 gloria
2838 4896 3064 4952 Domini
3091 4895 3172 4966 (h.
3198 4895 3265 4948 Et
3286 4891 3561 4964 apparuit

1911 5134 1981 5188 ad
2013 5135 2321 5196 Dominum,
2353 5141 2518 5202 atque
2546 5131 2807 5185 dixerunt
2841 5148 2860 5184 :
2921 5128 3154 5202 Domine
3213 5129 3393 5202 Deus,
3423 5123 3556 5179 audi

1909 5207 2209 5260 clamorem
2243 5205 2404 5278 hujus
2425 5200 2652 5274 VpOpuli,
2673 5208 2725 5278 et
2747 5203 2903 5278 aperi
2932 5203 3010 5256 eis
3035 5200 3554 5278 thesaurum-tuum,

1907 5279 2116 5346 [autem
2149 5273 2496 5347 aquae'vivaE,
2530 5283 2589 5328 ut
2618 5276 2809 5347 satiati
2839 5278 3004 5347 cesset
3052 5273 3554 5347 murmuratio__eo-

1909 5342 2054 5402 rum.
2089 5350 2150 5402 Et
2193 5342 2473 5417 apparuit
2528 5345 2712 5413 gloria
2759 5344 2986 5400 Domini
3041 5357 3202 5417 super;
3254 5356 3361 5396 eos.
3424 5342 3553 5417 Hec

1909 5429 2104 5474 autem
2136 5411 2309 5473 verba
2330 5411 2614 5488 expungit
2642 5417 2838 5472 Canon
2869 5413 3242 5488 Hebr._ve_rit2
3287 5429 3320 5466 a
3377 5411 3549 5464 verbo

1910 5483 2757 5564 Clamaveruntque,inclusive,
2794 5486 3075 5564 usquead.
3102 5483 3268 5564 illud,
3300 5497 3552 5564 murinu-

1908 5567 2052 5617 ratz'o
2082 5554 2534 5617 corium-Addita
2565 5559 2720 5634 credi
2755 5554 2997 5634 possunt
3028 5556 3098 5634 ab
3154 5554 3345 5634 aliquo
3376 5554 3550 5607 inter-

1907 5639 2067 5707 prete
2103 5635 2469 5700 Latinorum,
2499 5632 2651 5701 apud
2677 5625 2842 5701 quos,
2878 5633 2940 5684 ut
2969 5629 3259 5682 testantur
3275 5625 3553 5695 Hierony-
