4068 6172
418 316 524 373 415

1469 323 1525 377 Β.
1570 322 1974 378 HIERONYMI
2012 321 2268 375 DIVINA
2305 313 2810 374 BIBLIOTHBCA.

3724 317 3830 374 416

416 445 534 501 illis
564 445 749 518 gloria
777 445 1009 503 Domini
1042 462 1218 517 super
1261 463 1382 501 eos.
1418 449 1788 518 Locutusque
1835 451 1925 502 est
1950 452 2063 502 Do-
2095 449 2146 514 Α
2183 445 2561 516 quamobrem
2596 444 2832 500 divertit
2881 445 2949 499 ab
2982 460 3048 499 eo
3100 443 3298 500 Israel.
3351 444 3614 514 Cumque
3642 449 3836 501 castra

415 536 612 591 minus
639 537 709 590 ad
735 536 955 599 Mosen,
975 535 1175 592 dicens
1203 553 1214 591 :
1243 536 1404 591 Tolle
1428 537 1672 608 virgam,
1698 545 1751 591 et
1777 551 2067 607 congrege

414 625 718 697 populum,
752 630 815 680 tu
844 631 901 679 et
931 628 1120 679 Aaron
1156 627 1332 682 frater
1376 630 1534 694 tuus,
1570 632 1627 682 et
1658 625 1966 698 loquimini
1995 627 2065 680 ad

415 719 641 785 petram
665 731 858 768 coram
881 714 987 782 eis,
1022 719 1076 769 et
1102 714 1199 770 illa
1221 715 1384 771 dabit
1411 732 1615 786 aquas.
1641 715 1904 787 Cumque
1925 715 2066 770 edu-

413 803 565 858 xeris
622 818 833 873 aquam
885 803 956 858 de
990 809 1171 873 petra,
1226 805 1382 859 bibet
1429 805 1623 859 omnis
1671 804 1983 860 multitudo
2015 807 2071 857 et

409 893 680 964 jumenta
708 891 856 960 ejus.
891 891 1047 947 Tulit
1078 893 1256 964 igitur
1283 894 1494 962 {Moses
1524 895 1772 965 virgam,
1804 910 1933 964 qum
1950 898 2073 949 erat

418 982 478 1035 in
501 986 816 1051 conspectu
855 982 1110 1046 Domini,
1165 982 1313 1038 sicut
1344 989 1696 1054 praeceperat
1727 984 1801 1051 ei,
1829 999 2071 1053 congre-

417 1076 552 1143 gata
575 1069 956 1125 multitudine
983 1078 1118 1125 ante
1144 1079 1390 1142 petram,
1420 1073 1680 1143 dixitque
1697 1073 1779 1127 eis
1805 1090 1817 1128 :
1841 1073 2074 1137 Audite,

420 1159 667 1215 rebelles
727 1166 782 1214 et
839 1159 1125 1214 increduli
1188 1161 1266 1232 [h.
1324 1177 1436 1215 non
1501 1161 1692 1225 habet,
1721 1160 2072 1232 {increduli}.

423 1249 575 1303 Num
611 1249 681 1302 de
723 1254 886 1318 petra
918 1247 1026 1302 hac
1055 1249 1218 1303 vobis
1265 1266 1476 1320 aquam
1509 1249 1832 1321 poterimus
1863 1250 1943 1321 [h.
1979 1267 2076 1320 po-

434 1338 577 1406 tero]
633 1338 842 1405 ejicere
876 1340 891 1371 ί
919 1337 938 1390 ?
965 1342 1228 1408 Cumque
1279 1337 1560 1392 elevasset
1593 1338 1780 1392 Moses
1814 1355 2076 1403 manum,

435 1427 769 1497 percutiens
815 1426 975 1497 virga
1021 1426 1110 1481 bis
1159 1427 1407 1490 silicem,
1466 1443 1712 1497 egressae
1746 1433 1885 1482 sunt
1914 1443 2080 1498 aquae

435 1513 807 1585 largissimae.
857 1515 935 1569 ita
987 1521 1048 1568 ut
1107 1515 1359 1586 p0pulus
1414 1515 1638 1570 biberet
1695 1519 1752 1572 et
1788 1518 2080 1586 jumenta.

439 1603 711 1673 Dixitque
757 1603 1042 1658 Dominus
1088 1605 1158 1658 ad
1193 1605 1388 1658 Mosen
1435 1609 1486 1659 et
1533 1606 1938 1670 Aaroanuia
1969 1622 2082 1660 non

435 1691 770 1747 credidistis
803 1692 963 1758 mihi,
1001 1700 1062 1747 ut
1092 1694 1541 1748 sanctiﬁcaretis
1596 1711 1688 1749 me
1721 1711 1913 1749 coram
1950 1694 2083 1749 ﬁliis

2181 536 2508 589 movissent
2539 535 2610 588 de
2641 536 2842 598 Cades,
2877 539 3162 589 venerunt
3191 535 3246 588 in
3275 542 3533 590 montem
3565 539 3703 605 Hor,
3736 535 3836 605 qui

2178 629 2268 677 est
2299 624 2355 677 in
2393 623 2608 677 ﬁnibus
2643 630 2805 678 terrae
2852 625 3055 678 Edom.
3094 625 3170 689 (C.
3206 624 3415 694 LVIII.)
3449 624 3554 679 Ubi
3604 624 3835 679 locutus

2178 717 2267 767 est
2295 712 2582 767 Dominus
2634 712 2702 766 ad
2737 712 2934 767 Mosen
2964 729 2976 766 :
3012 713 3241 783 Pergat,
3291 712 3506 784 inquit,
3537 715 3729 768 Aaron
3763 713 3834 768 ad

2181 801 2428 871 populos
2479 817 2651 856 suos:
2709 819 2821 856 non
2864 802 3019 856 enim
3079 801 3323 857 intrabit
3376 810 3613 867 terram,
3657 818 3834 872 quam

2183 889 2317 944 dedi
2350 889 2486 944 ﬁliis
2537 889 2732 955 Israel,
2767 905 2832 944 eo
2883 891 3034 961 quod
3073 890 3413 946 incredulus
3447 891 3624 945 fuerit
3653 890 3732 956 (h.
3768 907 3835 946 eo

2181 979 2334 1051 quod
2371 977 2654 1033 increduli
2689 979 2934 1047 fueritis)
2969 979 3052 1034 ori
3090 981 3342 1048 meo,jad
3367 986 3565 1050 Aquas
3599 984 3836 1035 contra-

2184 1067 2482 1123 dictionis.
2535 1067 2696 1123 Tolle
2744 1070 2955 1138 Aaron,
3009 1073 3065 1124 et
3112 1069 3298 1122 ﬁlium
3331 1069 3460 1138 ejus
3493 1085 3626 1123 cum
3659 1085 3746 1137 eo,
3781 1073 3837 1122 et

2183 1157 2364 1212 duces
2394 1173 2494 1212 eos
2528 1158 2584 1212 in
2621 1162 2876 1213 montem
2927 1162 3063 1212 Hor.
3096 1159 3360 1229 Cumque
3392 1159 3704 1213 nudaveris
3736 1175 3839 1230 pa-

2187 1251 2336 1301 trem
2369 1251 2523 1301 veste
2564 1264 2691 1316 sua,
2723 1247 2934 1302 indues
2979 1263 3046 1302 ea
3078 1247 3414 1302 Eleazarum
3469 1247 3654 1302 ﬁlium
3687 1249 3837 1315 ejus,

2188 1342 2243 1390 et
2277 1344 2463 1390 Aaron
2498 1335 2822 1408 colligetur,
2854 1342 2911 1390 et
2939 1336 3222 1392 morietur
3243 1336 3344 1391 ibi.
3386 1337 3536 1391 Fecit
3559 1336 3747 1392 Moses
3780 1341 3848 1390 ut

2192 1431 2545 1497 prmceperat
2591 1427 2898 1491 Dominus,
2951 1431 3007 1481 et
3060 1428 3454 1481 ascenderunt
3486 1427 3543 1480 in
3588 1432 3842 1480 montem

2191 1519 2310 1568 Hor
2341 1531 2536 1568 coram
2571 1514 2729 1568 omni
2764 1515 3164 1569 multitudine.
3199 1514 3463 1585 Cumque
3494 1519 3685 1570 Aaron
3721 1530 3846 1585 spo-

2193 1602 2398 1658 liasset
2431 1603 2688 1658 vestibus
2747 1604 2894 1674 suis,
2942 1605 3139 1658 induit
3167 1604 3252 1658 eis
3278 1607 3615 1659 Eleazarum
3660 1602 3845 1657 ﬁlium

2195 1695 2341 1764 ejus.
2383 1693 2482 1747 Illo
2533 1694 2842 1747 mortuoin
2906 1693 3118 1747 mentis
3169 1693 3506 1764 supercilio,
3547 1692 3855 1747 descendit

438 1781 638 1845 Israel,
690 1798 802 1835 non
856 1781 1242 1836 introducetis
1293 1783 1397 1838 hos
1470 1783 1716 1854 populos
1761 1788 1817 1838 in
1871 1787 2083 1837 terram
2123 1809 2168 1872 Β
2199 1798 2329 1836 cum
2365 1781 2651 1837 Eleazaro.
2681 1781 2884 1837 Omnis
2927 1787 3120 1836 autem
3170 1782 3487 1837 multitudo
3516 1782 3716 1836 videns
3743 1797 3840 1835 oo-

440 1886 614 1940 quam
649 1871 795 1924 dabo
828 1871 934 1925 eis.
981 1876 1107 1925 Haec
1157 1876 1244 1925 est
1275 1888 1426 1943 aqua
1457 1873 1958 1940 contradictionis,
1992 1871 2090 1925 ubi

429 1959 650 2029 jurgati
676 1963 816 2014 sunt
849 1959 950 2012 ﬁlii
984 1958 1162 2014 Israel
1194 1965 1397 2014 contra
1427 1960 1763 2024 Dominum,
1795 1966 1850 2015 et
1873 1960 2090 2014 sancti-

440 2047 648 2101 ﬁcatus
680 2055 768 2102 est
798 2049 855 2101 in
888 2048 990 2102 eis.
1025 2048 1114 2117 (Τ.
1150 2048 1306 2113 XIII,
1331 2049 1392 2103 B.
1427 2048 1640 2119 XLIX.)
1673 2047 1829 2103 Misit
1868 2047 2094 2103 interea

443 2135 682 2190 nuntios
715 2136 904 2190 Moses
935 2137 1006 2189 de
1037 2137 1218 2190 Gades
1249 2137 1318 2190 ad
1353 2153 1544 2208 regem
1580 2138 1780 2201 Edom,
1804 2138 1904 2208 qui
1937 2137 2094 2192 dice-

444 2230 615 2284 rent:
668 2225 797 2278 Haec
847 2227 1084 2279 mandat
1132 2226 1215 2293 [h.
1267 2225 1426 2295 dicit]
1477 2227 1655 2280 frater
1707 2229 1847 2281 tuus
1897 2226 2098 2281 Israel.

449 2315 604 2367 Nosti
640 2329 888 2368 omnem
921 2313 1177 2368 laborem
1217 2315 1313 2384 qui
1350 2314 1736 2384 apprehendit
1764 2316 1846 2386 [h.
1882 2315 2104 2369 invenit

443 2419 573 2465 nos,
606 2402 900 2470 quomodo
957 2403 1366 2457 descenderint
1397 2409 1588 2472 patres
1621 2405 1805 2458 nostri
1839 2404 1894 2459 in
1929 2409 2098 2475 Egy-

430 2496 620 2562 ptum,
652 2496 708 2545 et
741 2490 1198 2546 habitaverimus
1229 2492 1305 2546 ibi
1337 2493 1520 2547 multo
1543 2497 1828 2564 tempore,
1859 2494 2085 2550 afﬂixe-

426 2579 664 2651 rintque
695 2597 801 2634 nos
828 2581 1099 2652 ZEgyptii,
1124 2586 1181 2635 et
1211 2587 1402 2652 patres
1424 2586 1680 2649 nostros,
1710 2589 1768 2638 et
1789 2585 2083 2654 quomodo

427 2669 879 2724 clamaverimus
902 2670 975 2724 ad
1011 2670 1350 2738 Dominum,
1387 2675 1442 2726 et
1472 2672 1797 2727 exaudierit
1825 2690 1957 2734 nos.
1985 2674 2096 2728 mi-

429 2759 687 2828 seritque
720 2757 1018 2830 angelum,
1059 2760 1156 2830 qui
1190 2761 1450 2815 eduxerit
1485 2778 1590 2815 nos
1623 2762 1692 2814 de
1728 2762 1994 2834 Egypto.
2021 2765 2088 2818 Et

438 2863 570 2902 ecce
603 2847 658 2901 in
703 2847 844 2902 urbe
892 2847 1098 2914 Cades,
1135 2865 1260 2919 quae
1314 2859 1400 2904 est
1443 2848 1503 2904 in
1550 2850 1826 2905 extremis
1878 2851 2091 2907 ﬁnibus

350 2943 351 2948 ‘
433 2937 550 2991 tuis
582 2936 755 3008 positi
788 2937 1186 3004 obsecramus,
1213 2941 1277 2993 ut
1320 2938 1488 2994 nobis
1512 2939 1761 2994 transire
1793 2941 1972 2996 liceat
1998 2957 2100 3012 per

438 3030 653 3080 terram
705 3031 891 3080 tuam.
929 3031 1050 3081 Non
1105 3026 1325 3081 ibimus
1376 3043 1478 3098 per
1520 3045 1690 3099 agros
1737 3046 1840 3099 per
1869 3030 2090 3088 vineas,

434 3131 551 3169 non
582 3115 853 3170 bibemus
885 3132 1069 3187 aquas
1100 3117 1171 3170 de
1226 3118 1414 3188 puteis
1444 3119 1584 3183 tuis,
1619 3119 1718 3174 sed
1752 3121 2092 3191 gradiemur

2201 1871 2477 1926 cubuisse
2505 1877 2717 1936 Aaron,
2753 1871 2906 1925 ﬂevit
2945 1887 3122 1942 super
3151 1887 3216 1926 eo
3244 1871 3484 1943 triginta
3515 1870 3720 1926 diebus
3751 1884 3854 1942 per

2201 1967 2442 2016 cunctas
2473 1959 2725 2015 familias
2754 1976 2913 2014 suas.

2273 2050 2358 2117 (B.
2392 2049 2482 2115 LI,
2516 2048 2574 2104 C.
2611 2048 2749 2115 LIX,
2803 2049 2931 2119 Cap.
2983 2048 3156 2114 XXI.)
3187 2050 3351 2114 Quod
3403 2065 3536 2104 cum
3589 2048 3857 2104 audisset

2203 2137 2563 2192 Chananaeus
2598 2154 2696 2191 rex
2722 2137 2895 2198 Arad,
2949 2136 3049 2208 qui
3087 2137 3385 2192 habitabat
3413 2137 3481 2190 ad
3519 2135 3848 2201 meridiem,

2202 2226 2433 2281 venisse
2464 2225 2689 2281 scilicet
2718 2225 2893 2280 Israel
2929 2242 3031 2296 per
3067 2225 3502 2296 exploratorum
3534 2226 3704 2292 viam,
3744 2242 3850 2296 pu-

2203 2316 2404 2386 gnavit
2431 2321 2634 2371 contra
2665 2314 2854 2382 illum,
2889 2320 2946 2369 et
2993 2314 3178 2370 victor
3205 2315 3462 2371 existens
3493 2315 3658 2369 duxit
3686 2331 3752 2368 ex
3785 2331 3853 2370 eo

2205 2407 2480 2475 praedam.
2533 2409 2572 2457 A
2628 2404 2803 2460 Israel
2857 2407 2989 2460 voto
3040 2421 3102 2459 se
3151 2404 3396 2460 Domino
3429 2402 3696 2475 obligans
3728 2403 3847 2458 ait:

2203 2495 2263 2549 Si
2295 2493 2604 2549 tradideris
2637 2493 2918 2566 populum
2949 2493 3129 2548 istum
3165 2495 3220 2547 in
3251 2509 3426 2548 manu
3463 2510 3612 2558 mea,
3644 2493 3851 2548 delebo

2202 2583 2282 2654 (h.
2317 2583 2844 2652 anathematizubo)
2877 2583 3051 2638 urbes
3083 2583 3230 2652 ejus.
3285 2581 3702 2653 Exaudivitque
3731 2581 3851 2637 Do-

2203 2674 2400 2727 minus
2435 2688 2632 2744 preces
2667 2670 2868 2740 Israel,
2892 2677 2948 2727 et
2978 2672 3215 2726 tradidit
3236 2671 3652 2737 Chananaaum,
3675 2687 3850 2741 quem

2203 2761 2299 2816 ille
2345 2761 2653 2826 interfecit,
2702 2761 3002 2815 subversis
3055 2760 3300 2814 urbibus
3346 2760 3496 2830 ejus,
3536 2766 3594 2815 et
3624 2759 3857 2814 vocavit

2205 2866 2417 2904 nomen
2468 2851 2570 2905 loci
2605 2849 2769 2903 illius
2818 2853 3053 2915 Horma,
3088 2848 3146 2904 id
3193 2854 3302 2919 est,
3349 2848 3679 2902 anathema.
3715 2848 3851 2902 Pro-

2199 2939 2331 2994 fecti
2363 2943 2499 2993 sunt
2533 2943 2731 2993 autem
2762 2943 2818 2992 et
2862 2938 2932 2992 de
2979 2943 3174 2994 monte
3223 2937 3338 2992 Hor
3373 2953 3473 3008 per
3505 2938 3681 3002 viam,
3715 2953 3851 3007 quae

2203 3027 2364 3082 ducit
2409 3029 2478 3082 ad
2552 3043 2710 3082 mare
2761 3027 3045 3094 Rubrum,
3101 3033 3162 3081 ut
3211 3027 3586 3082 circumirent
3635 3031 3856 3081 terram

2201 3118 2402 3173 Edom.
2458 3118 2527 3171 Et
2575 3116 2784 3171 tmdere
2817 3117 2989 3187 coepit
3023 3115 3305 3187 populum
3340 3115 3567 3170 itineris
3599 3132 3664 3170 ac
3695 3115 3861 3171 labo-

430 3204 521 3258 via
555 3203 808 3274 publica,
846 3171 954 3259 nee
979 3206 1051 3259 ad
1084 3171 1377 3261 dexteram
1411 3223 1516 3262 nec
1546 3171 1618 3262 ad
1668 3171 1967 3264 sinistram
1996 3211 2088 3264 de-
2121 3171 2162 3238 Ο
2204 3209 2284 3262 ris
2313 3208 2394 3277 (B.
2428 3208 2566 3270 LII.)
2613 3171 2986 3276 Locutusq‘ue
3024 3171 3240 3260 ‘co‘ntra
3299 3205 3484 3260 Deum
3532 3211 3590 3260 et
3639 3211 3864 3274 Mosen,

433 3293 741 3362 clinantes,
794 3295 976 3347 donec
1030 3298 1394 3350 transeamus
1453 3296 1736 3352 terminos
1798 3303 1953 3353 tuos.
2008 3301 2082 3364 (C.

434 3381 621 3452 LVII.)
649 3381 751 3436 Cui
784 3383 1084 3452 respondit
1116 3383 1295 3437 Edom
1331 3401 1343 3439 :
1378 3384 1502 3439 Non
1537 3387 1816 3440 transibis
1843 3404 1943 3458 per
1973 3405 2086 3457 me,

433 3469 692 3541 alioquin
727 3476 988 3524 armatus
1042 3487 1341 3526 occurram
1375 3473 1497 3527 tibi.
1553 3473 1952 3545 Dixeruntque
1985 3477 2088 3530 ﬁlii

440 3557 656 3613 Israel:
694 3557 798 3614 Per
848 3558 1043 3614 tritam
1097 3559 1437 3630 gradiemur
1493 3562 1672 3628 viam,
1706 3567 1762 3616 et
1792 3565 1840 3618 si
1876 3564 2089 3620 biberi-

432 3664 566 3703 mus
595 3664 779 3719 aquas
803 3652 930 3702 tuas
955 3665 1060 3704 nos
1082 3654 1140 3704 et
1164 3666 1369 3720 pecora
1394 3655 1615 3717 nostra,
1641 3651 1914 3708 dabimus
1935 3655 2086 3724 quod

426 3738 657 3808 justum
693 3750 782 3792 est
813 3755 824 3792 :
862 3738 1022 3793 nulla
1048 3739 1160 3794 erit
1187 3739 1246 3794 in
1284 3739 1465 3808 pretio
1490 3739 1831 3802 difﬁcultas,
1859 3747 2084 3797 tantum

430 3825 704 3881 velociter
727 3832 1114 3883 transeamus.
1149 3831 1222 3882 At
1248 3827 1344 3883 ille
1370 3830 1708 3899 respondit:
1739 3830 1864 3885 Non
1892 3835 2085 3886 trans-

431 3914 567 3971 ibis.
602 3915 934 3987 Statimque
965 3933 1270 3989 regressus
1293 3922 1384 3972 est
1413 3919 1642 3977 obvius.
1687 3935 1819 3974 cum
1853 3920 2089 3976 inﬁnita

433 4003 836 4075 multitudine,
869 4011 923 4060 et
957 4023 1135 4061 manu
1170 4008 1327 4065 forti.
1369 4023 1474 4062 nec
1507 4008 1686 4062 voluit
1716 4008 2087 4079 acquiescere

428 4093 787 4164 deprecanti,
825 4096 1250 4150 utconcederet
1287 4097 1602 4151 transitum
1630 4114 1730 4168 per
1780 4097 1925 4153 ﬁnes
1947 4115 2088 4154 suos

437 4307 570 4345 mus
600 4296 656 4346 et
687 4293 1069 4366 Augustinus,
1120 4299 1204 4349 tot
1234 4300 1398 4350 erant
1447 4294 1798 4365 exemplaria
1839 4295 2083 4366 diversa,

433 4368 576 4434 quot
606 4364 858 4418 codices.
902 4369 1055 4420 Sunt
1087 4366 1181 4433 qui
1237 4371 1446 4436 putant
1476 4366 1584 4420 hoc
1617 4364 2082 4422 additamentum

435 4436 972 4509 sumptum_l’uisse
1016 4453 1082 4490 ex
1130 4436 1328 4508 aliqua
1378 4438 1719 4509 paraphrasi
1775 4438 2088 4494 Chaldaica

441 4505 862 4606 S‘UCIDIDAOIIID
895 4509 1082 4606 ηδιᾳάος
1115 4505 1574 4606 ΠυῐῇΩΓὲῙέΘῙἮίὶ
1598 4526 1772 4606 quam
1811 4511 1886 4606 sit
1917 4511 2087 4565 hodie
2120 4542 2166 4606 Β

436 4579 731 4648 Quidquid
761 4595 890 4632 vero
923 4579 1171 4644 dicatur,
1222 4586 1446 4634 certum
1491 4587 1579 4635 est
1622 4579 1803 4636 verba
1834 4582 1951 4635 haec
1985 4599 2087 4637 su-

437 4652 840 4721 perabundare
862 4652 920 4704 in
953 4650 1385 4722 exemplaribus
1407 4651 1750 4716 Bibliorum,
1807 4654 1945 4723 quia
1972 4671 2086 4708 non

437 4727 668 4776 exstant
703 4723 758 4775 in
796 4728 952 4776 textu
992 4723 1249 4787 Hebraeo,
1306 4723 1391 4777 vel
1436 4723 1847 4790 Samaritano;
1883 4742 1995 4779 non
2029 4725 2085 4779 in

436 4793 820 4847 translatione
854 4793 988 4848 LXX
1038 4795 1364 4858 Seniorum,
1402 4812 1588 4866 neque
1639 4797 1790 4866 apud
1826 4796 1970 4850 alios
1999 4795 2087 4850 in-

439 4870 741 4934 terpretes,
811 4865 1143 4921 Chaldaeum
1203 4872 1364 4936 puta,
1425 4865 1743 4936 Syrum,et
1815 4869 2087 4923 Arabem.

437 4936 697 5006 Denique
729 4945 1045 5008 supersunt
1078 4937 1268 4992 adhuc
1299 4939 1488 4994 Latini
1538 4939 1858 4994 Bibliorum
1893 4957 2088 4994 sacro-

440 5025 572 5063 rum
605 5009 836 5080 codices
870 5013 1102 5078 optimae
1155 5015 1324 5075 notae,
1359 5012 1415 5064 in
1467 5010 1682 5079 quibus
1714 5011 1930 5066 absunt
1961 5028 2089 5080 quae

439 5081 496 5134 in
532 5079 704 5135 editis
736 5080 1036 5135 abundare
1079 5082 1370 5137 videntur.
1407 5083 1598 5152 Hujus
1629 5083 1708 5136 rei
1746 5083 1915 5138 ﬁdem
1955 5079 2091 5137 facit

438 5151 736 5206 Biblorum
815 5153 1111 5222 exemplar
1169 5151 1673 5208 Corbeinse’ante
1722 5154 2090 5220 octingentos

437 5241 623 5279 annos
655 5225 1036 5292 descriptum,
1073 5229 1126 5278 in
1161 5241 1276 5294 quo
1309 5225 1454 5280 nihil
1479 5227 1745 5280 invenias
1771 5232 1977 5296 praeter
1999 5241 2088 5288 ea,

437 5312 568 5366 quae
599 5296 655 5350 in
710 5295 993 5350 Hebraico
1025 5302 1182 5351 textu
1239 5297 1545 5365 leguntur:
1598 5302 1654 5352 et
1702 5295 2090 5366 siposterins

432 5369 783 5422 omendatur
813 5368 1055 5422 vitiosus
1090 5369 1327 5439 aliquis.
1372 5373 1558 5423 totum
1620 5369 2086 5423 additamentum

439 5439 797 5510 suppleverit
825 5440 892 5494 ad
938 5457 1099 5494 oram
1152 5440 1536 5511 marginalom
1588 5440 1905 5503 volumina,
1958 5457 2087 5494 cum

438 5512 606 5580 signo
642 5511 829 5581 posito
878 5511 934 5564 in
969 5517 1147 5579 textu,
1201 5515 1367 5582 quasi
1406 5513 1522 5568 hinc
1551 5512 1722 5566 verba
1754 5511 1829 5565 ibi
1865 5511 2086 5566 deside-

439 5590 728 5638 rarentur.
763 5587 938 5638 MART.

508 5685 575 5692 —
609 5655 841 5725 Insigne
863 5654 1008 5711 illud
1036 5655 1526 5727 additamentum,
1547 5653 1698 5726 quod
1720 5653 2091 5726 subjungunt

2198 3298 2310 3353 ait:
2345 3301 2458 3350 Cur
2509 3295 2758 3350 eduxisli
2815 3312 2919 3350 nos
2951 3295 3023 3350 de
3070 3298 3338 3367 IEgypto,
3389 3299 3454 3349 ut
3485 3310 3855 3349 moraremur

2197 3386 2256 3440 in
2286 3384 2648 3440 solitudine?
2697 3384 2871 3440 Deest
2919 3384 3108 3455 panis,
3158 3401 3272 3439 non
3324 3389 3464 3438 sunt
3505 3400 3700 3453 aquae:
3735 3384 3862 3439 ani-

2199 3493 2296 3530 ma
2328 3479 2524 3530 nostra
2565 3475 2688 3545 jam
2743 3478 2988 3528 nauseat
3017 3489 3195 3544 super
3225 3471 3353 3528 cibo
3381 3472 3494 3527 isto
3527 3471 3856 3529 levissimo.

2199 3563 2582 3628 Quamobrem
2635 3562 2799 3617 misit
2851 3562 3136 3617 Dominus
3186 3563 3243 3615 in
3295 3560 3574 3632 populum
3637 3561 3860 3633 ignitos

2198 3656 2520 3723 serpentes,
2553 3652 2623 3706 ad
2657 3667 2908 3722 quorum
2940 3650 3144 3723 plagas
3176 3650 3256 3719 (h.
3291 3649 3572 3720 morsus),
3607 3655 3663 3704 et
3696 3666 3862 3705 mor-

2198 3745 2284 3798 tes
2315 3740 2719 3811 plurimorum,
2772 3747 3056 3795 venerunt
3105 3741 3174 3793 ad
3211 3739 3428 3804 Mosen,
3465 3743 3640 3809 atque
3682 3739 3848 3793 dixe-

2197 3835 2372 3885 runt:
2411 3829 2785 3884 Peccavimus
2809 3829 2944 3896 quia
2967 3828 3149 3884 locuti
3187 3844 3395 3882 sumus
3421 3833 3623 3883 contra
3653 3827 3860 3882 Domi-

2198 3935 2341 3973 num
2372 3923 2428 3973 et
2461 3923 2555 3974 te:
2612 3935 2712 3973 oro
2747 3923 2802 3971 ut
2858 3916 3023 3972 tollat
3053 3935 3084 3972 a
3120 3917 3287 3972 nobis
3320 3920 3673 3988 serpentem.
3707 3915 3861 3970 Ora-

2196 4008 2394 4079 vitque
2426 4007 2612 4063 Moses
2667 4024 2765 4076 pro
2810 4006 3042 4078 populo.
3075 4006 3158 4077 (C.
3211 4006 3430 4076 LX.)et
3473 4005 3703 4060 locutus
3763 4011 3863 4061 est

2197 4096 2483 4152 Dominus
2515 4097 2586 4150 ad
2617 4111 2786 4150 eum:
2838 4095 2947 4150 Fac
2991 4101 3326 4166 serpentem
3369 4096 3410 4162 ³,
3444 4099 3501 4149 et
3531 4109 3680 4166 pone
3711 4109 3857 4149 eum

2197 4292 2292 4347 hic
2342 4292 2448 4347 loci
2507 4291 2694 4346 Latini
2746 4308 2949 4346 omnes
2980 4291 3201 4362 vulgati
3245 4291 3565 4346 Bibliorum
3599 4290 3862 4358 codices,

2200 4364 2258 4418 in
2294 4381 2406 4418 uno
2441 4362 2718 4418 Urbinate
2741 4380 2851 4418 ms.
2886 4363 3258 4418 invenimus:
3291 4363 3535 4426 scilicet,
3571 4362 3864 4418 Clamavc-

2198 4440 2436 4506 runtque
2456 4435 2524 4489 ad
2556 4436 2871 4502 Dominum,
2902 4443 3065 4504 atque
3095 4434 3406 4506 dixerunt
3431 4435 3659 4506 Domine
3688 4435 3862 4500 Deus,

2196 4505 2654 4562 audi'clamorom
2686 4508 2848 4577 hujus
2877 4509 3088 4577 populi,
3125 4511 3176 4560 et
3229 4505 3388 4575 aperi
3415 4505 3498 4560 eis
3529 4505 3863 4560 lhesaurum

2196 4583 2376 4642 tum»,
2417 4583 2621 4647 fontem
2665 4593 2828 4648 aqua?
2871 4579 3020 4644 vita’,
3070 4587 3130 4630 ut
3158 4580 3368 4643 satiati,
3399 4581 3567 4632 cesset
3596 4593 3869 4630 murmu-

2197 4653 2342 4705 ratio
2361 4667 2565 4706 ecrum.
2602 4653 2738 4714 Qum
2767 4649 3004 4704 minime
3054 4649 3212 4704 novit
3245 4648 3487 4703 Palatin.
3523 4665 3657 4714 ms.,
3701 4654 3764 4702 et
3799 4650 3869 4704 in

2200 4722 2553 4777 Memmiano
2603 4737 2834 4792 quoque
2864 4719 3203 4792 exemplari
3229 4721 3510 4792 dicuntur
3536 4726 3868 4792 expuncta.

2197 4794 2408 4848 Notum
2426 4811 2558 4847 vero
2579 4791 2837 4864 nequein
2861 4793 3118 4859 Hebraeo,
3151 4791 3563 4862 Cbaldtso,aut
3602 4791 3867 4864 Septua-

2197 4865 2380 4936 ginta.
2413 4866 2532 4919 sive
2582 4866 2638 4919 in
2669 4863 2964 4936 expressis
3014 4865 3084 4918 ad
3117 4879 3216 4918 eos
3246 4868 3440 4919 textus
3481 4863 3873 4920 versionibus

2197 4936 2418 4992 haberi.

2273 5012 2285 5044 ¹
2321 5010 2401 5062 Ad
2439 5007 2629 5061 solum
2670 5007 2872 5062 Mosen
2900 5005 3236 5078 loquentem
3266 5005 3376 5060 hoc
3407 5006 3877 5078 verbum‘refert

2197 5079 2552 5135 Scholiastes
2596 5084 2830 5145 noster;
2863 5075 3053 5133 sed'in
3087 5077 3330 5132 Hebraeo
3358 5093 3468 5132 vox
3491 5083 3579 5133 est
3608 5075 3877 5148 pluralis

2199 5152 2450 5216 numeri,
2485 5149 2795 5221 cjicz'emus,
2831 5151 2941 5213 vel,
2973 5149 3281 5204 educamus.
3320 5149 3501 5221 Maafr.

2272 5256 2335 5263 ——
2360 5219 2632 5277 Notatum
2669 5227 2724 5276 et
2754 5221 3086 5277 Martianaro
3119 5226 3322 5276 contra
3369 5219 3714 5276 Scholiastis
3751 5236 3868 5275 sen

2197 5296 2462 5359 tentiam,
2490 5293 2548 5347 in
2575 5293 2810 5348 Hebraeo
2842 5291 3152 5365 archelypo
3183 5292 3296 5348 dici
3321 5291 3580 5363 plurium
3605 5307 3871 5347 numero

2179 5377 2360 5426 sum
2400 5365 2794 5434 exprimamus.

2271 5440 2290 5472 ²
2323 5438 2554 5492 Addunt
2601 5436 2833 5506 Vulgati
2875 5435 3006 5490 libri
3052 5450 3296 5498 aeneum,
3333 5451 3434 5505 pro
3483 5450 3598 5503 quo
3649 5433 3873 5506 malim

2199 5511 2458 5579 igneum:
2495 5504 2768 5563 Hebraeus
2793 5507 2949 5563 enim
3002 5515 3312 5577 serpentem
3339 5504 3454 5559 hic
3496 5523 3607 5560 non
3654 5504 3873 5572 habet,

2199 5582 2300 5636 scd
2330 5586 2553 5636 tantum
2585 5592 2735 5669 εγω,
2773 5581 2927 5652 quod
2961 5585 3070 5646 est,
3102 5589 3368 5634 urentem.
