4068 6172
243 357 316 414 m
1518 346 1733 399 LIBER
1783 345 1870 399 Νι]

1991 347 2266 401 RORUM.
3497 347 3603 401 418

238 499 315 554 pro
353 478 488 547 signo
518 493 532 543 ;
591 474 690 544 qui
746 487 1068 542 percussus
1120 469 1414 540 aspexerit
1465 485 1622 534 eum,
1654 467 1822 522 vivet.
1861 477 1910 538 Α
1943 468 2209 524 civitates
2240 469 2388 540 ejus,
2412 475 2468 525 et
2500 470 2859 524 habitavitin
2878 469 3124 524 urbibus
3150 469 3492 538 Amorrheei,
3531 472 3588 526 in

241 571 359 626 Fecit
382 581 500 636 ergo
532 564 720 617 Moses
745 567 1076 631 serpentem
1097 573 1344 621 aeneum,
1379 562 1434 612 et
1467 556 1659 628 posuit
1690 571 1823 609 eum
1948 558 2172 611 Esebon
2191 559 2711 624 scilicet,etviculis
2727 559 2873 628 ejus.
2895 558 3279 614 UrbsEsebon
3305 560 3414 614 fuit
3443 561 3592 615 Scon

238 676 312 732 pro
337 657 511 722 signo;
545 668 720 722 quem
755 667 886 704 cum
921 647 1186 719 percussi
1238 647 1588 716 aspicerent,
1651 661 1824 700 saua-
1939 647 2097 715 regis
2121 649 2458 715 Amorrhmi,
2484 650 2584 718 qui
2611 649 2889 718 pugnavit
2909 654 3113 702 contra
3136 665 3328 719 regem
3363 650 3589 705 Moab“:

239 751 418 800 bantur.
451 739 805 808 Profectique
836 737 939 790 filii
961 735 1134 790 Israel
1165 733 1560 788 castrametati
1599 737 1738 787 sunt
1769 732 1826 785 in
1940 741 1995 786 et
2029 734 2163 789 tulit
2192 753 2428 790 omnem
2461 738 2544 805 [h.
2573 743 2768 791 contra
2799 753 2992 807 regem
3027 737 3193 792 Moab
3249 739 3502 808 priorem
3537 740 3595 810 6]

238 833 397 890 Oboth.
431 829 578 886 Unde
607 826 826 898 egressi
879 826 1051 880 Iixere
1085 823 1328 878 tentoria
1389 822 1446 876 in
1509 819 1828 881 Hiebarim.
1943 825 2191 894 terram,
2225 842 2353 896 quae
2385 825 2627 880 ditionis
2685 825 2841 881 illius
2876 829 3080 890 fuerat,
3135 844 3319 897 usque
3379 832 3594 883 Arnon.
3639 848 3646 857 ·

238 925 280 977 in
301 919 603 986 solitudine,
635 933 762 987 quae
795 913 1032 985 respicit
1063 913 1229 968 Moab
1253 917 1456 966 contra
1487 907 1828 965 orientalem
1942 912 2162 968 Idcirco
2193 913 2408 968 dicitur
2450 915 2506 968 in
2565 915 2873 969 Proverbio
2905 930 2919 968 :
2961 914 3161 970 Venite
3216 917 3274 969 in
3345 919 3589 984 Esebon,

239 1013 436 1083 plagam.
458 1008 527 1062 Et
556 1006 690 1060 inde
721 1007 1039 1068 moventes,
1073 1005 1358 1056 venerunt
1410 1001 1478 1055 ad
1515 1004 1829 1054 torrentem
1941 1001 2260 1057 aediﬁcetur
2283 1008 2340 1057 et
2370 1010 2747 1058 construatur
2771 1003 2974 1056 civitas
3003 1010 3170 1057 Scon.
3207 1005 3363 1074 Ignis
3395 1022 3593 1076 egres-

238 1101 392 1156 Zared.
415 1097 489 1164 (B.
541 1095 711 1166 LIII.)
764 1095 942 1157 Quem
979 1091 1378 1162 relinquentes
1437 1087 1830 1144 castrametati
1943 1108 2046 1146 sus
2075 1099 2165 1146 est
2187 1094 2256 1146 de
2309 1094 2554 1161 Esebon,
2588 1094 2827 1148 ﬂamma
2859 1094 2929 1148 de
2961 1095 3172 1165 Oppido
3203 1097 3370 1165 Seon,
3405 1103 3461 1151 et
3491 1099 3597 1152 de-

238 1198 342 1244 sum
365 1194 550 1241 contra
586 1191 802 1248 Arnon,
836 1198 967 1253 quae
999 1187 1088 1236 est
1117 1181 1172 1234 in
1205 1179 1458 1242 deserto,
1491 1184 1547 1232 et
1580 1175 1832 1244 proemi-
1944 1183 2167 1237 voravit
2195 1187 2271 1237 Ar
2301 1185 2708 1248 Moabitarum,
2744 1191 2799 1238 et
2838 1184 3194 1238 habitatores
3225 1185 3593 1242 excelsorum

238 1285 311 1332 net
335 1277 382 1329 in
409 1274 617 1329 linibus
663 1269 1004 1326 Amorrhaei.
1041 1267 1344 1339 Siquidem
1407 1269 1596 1321 Arnen
1629 1265 1836 1319 termi-
1948 1278 2166 1327 Arnen.
2202 1272 2296 1328 Vae
2327 1273 2456 1339 tibi,
2520 1273 2688 1328 Moab
2723 1272 2734 1325 l
2772 1273 3000 1344 peristi,
3065 1274 3271 1344 popule
3299 1275 3587 1330 Chamos!

239 1383 324 1421 nus
345 1371 420 1419 est
448 1365 502 1417 in
539 1362 730 1426 Moab,
763 1359 1030 1414 dividens
1054 1357 1337 1412 Moabilas
1369 1353 1834 1426 et_Am0rrbIBOS-
1948 1361 2116 1415 Dedit
2150 1362 2300 1416 filios
2327 1364 2454 1431 ejus
2484 1363 2541 1416 in
2577 1366 2800 1433 Iugam,
2839 1366 2897 1416 et
2931 1362 3173 1432 Iiliaspin
3202 1363 3597 1435 captivitatem

240 1455 364 1511 Unde
392 1453 600 1508 dicitur
629 1450 687 1504 in
722 1449 871 1503 libro
911 1447 1199 1502 Bellorum
1237 1444 1464 1500 Domini
1493 1461 1505 1498 :
1561 1443 1725 1498 Sicut
1758 1444 1838 1496 I'e-
1949 1451 2067 1519 regi
2103 1451 2600 1515 Aman-hamum,
2635 1454 2804 1504 soon,
2851 1451 3068 1519 Jugum
3104 1451 3367 1522 ipsorum
3401 1453 3602 1524 dispe-

1949 1537 2046 1591 riit
2077 1539 2149 1592 ab
2184 1538 2400 1594 Esebon
2434 1555 2615 1609 usque
2668 1538 2848 1594 Uibon
2880 1555 2890 1593 :
2929 1539 3066 1594 lassi
3129 1548 3516 1610 pervenerunt
3544 1543 3604 1598 in

1951 1627 2172 1697 Nophe,
2251 1634 2307 1680 et
2376 1629 2610 1699 usque"
2697 1627 2776 1698 [h.
2841 1643 2967 1698 quae
3051 1633 3275 1699 contra]
3364 1631 3610 1686 Medaba

1953 1717 2034 1782 (Β,
2072 1715 2537 1785 LIV.)llahitaxit
2562 1716 2950 1786 itaquelsrael
2995 1717 3054 1772 in
3083 1723 3238 1773 terra
3259 1721 3602 1776 Amorrheai.

1956 1803 2230 1874 Misitque
2264 1805 2454 1859 Moses
2485 1804 2580 1875 qui
2611 1807 2977 1875 explorarent
3005 1806 3173 1861 Jazer
3200 1825 3213 1863 :
3248 1809 3420 1879 cujus
3443 1825 3608 1880 repe-

1961 1898 2098 1946 runt
2130 1892 2376 1959 viculos,
2409 1898 2467 1948 et
2526 1895 2910 1964 possederunt
2971 1895 3347 1952 habitatores.
3406 1901 3611 1952 Verte-

1961 1987 2215 2052 runtque
2246 1998 2327 2049 se,
2381 1987 2436 2036 et
2490 1983 2884 2038 ascenderunt
2945 2001 3044 2055 per
3073 1985 3224 2040 viam
3286 1987 3494 2053 Basan,
3555 1994 3614 2043 et

1961 2072 2215 2124 occurrit
2246 2072 2328 2125 eis
2361 2070 2444 2141 0g
2477 2088 2570 2126 rex
2604 2072 2789 2126 Basan
2841 2090 2972 2127 cum
3023 2075 3180 2129 omni
3209 2077 3420 2146 populo
3480 2093 3611 2144 suo,

1963 2165 2326 2229 pugnaturus
2359 2160 2416 2213 in
2450 2160 2642 2215 Edrai.
2673 2159 2942 2232 Dixitque
2976 2161 3258 2218 Dominus
3289 2165 3358 2219 ad
3387 2165 3605 2220 Mosen:

1963 2247 2043 2301 Ne
2076 2248 2285 2303 timeas
2316 2265 2473 2315 eum,
2509 2247 2644 2319 quia
2677 2249 2734 2302 in
2769 2267 2944 2304 manu
2975 2256 3076 2305 tua
3097 2253 3309 2306 tradidi
3344 2253 3531 2323 illum,
3555 2260 3612 2309 et

1965 2351 2198 2389 omnem
2241 2336 2521 2407 populum
2557 2354 2620 2392 ac
2654 2342 2868 2392 terram
2903 2339 3052 2410 ejus,
3103 2341 3396 2412 faciesque
3419 2342 3502 2398 illi
3533 2345 3612 2398 si-

1968 2433 2065 2479 cut
2115 2425 2301 2480 fecisti
2360 2427 2510 2481 Seun
2570 2427 2688 2498 regi
2759 2430 3225 2485 Amorrhzeorum
3286 2433 3613 2488 habitabori

1970 2513 2211 2569 Esebon.
2247 2515 2668 2570 Percusserunt
2700 2517 2879 2586 igitur
2904 2517 3126 2572 ethunc
3153 2535 3282 2573 cum
3305 2521 3442 2576 {iliis
3466 2522 3612 2588 suis,

1967 2603 2430 2673 universumque
2475 2604 2757 2674 populum
2784 2606 2913 2674 ejus
2945 2623 3130 2676 usque
3161 2609 3231 2662 ad
3265 2609 3615 2666 internecio-

1975 2708 2128 2761 nem,
2162 2697 2217 2746 et
2248 2693 2636 2762 possederunt
2665 2698 2878 2748 terram
2908 2693 3088 2750 illius.

2045 2781 2131 2849 (Β.
2172 2779 2277 2834 LV.
2339 2781 2469 2852 Cap.
2521 2781 2745 2848 XXII.)
2806 2783 3159 2854 Profectique
3215 2789 3615 2842 eastrametati

1974 2875 2114 2924 sunt
2145 2869 2202 2924 in
2256 2870 2686 2940 campestribus
2729 2870 2916 2937 Moab,
2955 2872 3053 2926 ubi
3100 2881 3267 2927 trans
3295 2875 3616 2930 Jordanem

1971 2958 2202 3014 Jerieho
2226 2960 2341 3014 sita
2370 2963 2479 3013 est.
2513 2959 2598 3030 (Τ.
2634 2959 2780 3026 χιν,
2815 2959 2874 3014 Ο.
2914 2959 3135 3030 LXIII).
3174 2962 3389 3018 Videns
3422 2970 3617 3020 autem

1978 3047 2149 3102 Balac
2208 3047 2365 3101 filius
2426 3047 2652 3118 Sephor
2708 3050 2925 3115 omnia,
2988 3065 3114 3120 quas
3171 3053 3385 3106 fecerat
3443 3054 3622 3108 Israel

246 3151 294 3194 ut
330 3141 593 3197 transiret
629 3139 805 3194 Israel
829 3154 930 3209 per
962 3137 1108 3190 fines
1141 3151 1281 3190 suos
1313 3150 1325 3187 :
1355 3133 1496 3203 quin
1532 3133 1866 3204 potius,ex-
1908 3209 1911 3210 ν
1979 3136 2336 3203 Ainorrhzeo,
2369 3146 2422 3191 et
2452 3138 2607 3207 quod
2634 3137 3079 3209 pertimuissent
3099 3156 3230 3194 eum
3256 3141 3542 3210 Moabitae,
3567 3148 3625 3198 et

245 3230 400 3284 ercitu
455 3232 832 3297 congregato,
889 3241 1162 3297 egressus
1192 3229 1279 3278 est
1311 3221 1538 3277 obviam
1573 3221 1628 3274 in
1663 3221 1855 3276 deser-
1888 3209 1930 3275 C
1967 3210 2255 3296 impetum
2290 3228 2420 3295 ejus
2449 3225 2597 3280 ferre
2631 3243 2744 3280 non
2789 3232 3049 3298 possent,
3083 3229 3232 3284 dixit
3263 3231 3334 3284 ad
3369 3236 3623 3302 majores

244 3322 366 3385 tum,
396 3330 451 3373 et
479 3318 642 3372 venit
673 3317 730 3370 in
763 3314 920 3379 Jasa,
972 3312 1370 3385 pugnavitque
1401 3316 1602 3365 contra
1622 3326 1780 3365 eum.
1814 3314 1861 3362 Α
1967 3319 2108 3368 natu
2146 3313 2377 3368 Madian
2415 3329 2428 3367 :
2463 3314 2542 3368 ita
2574 3314 2792 3369 delebit
2839 3315 2933 3370 hic
2976 3317 3230 3388 pepulus
3281 3335 3486 3375 omnes
3519 3323 3622 3391 qui

246 3422 340 3475 quo
370 3423 690 3478 percussus
719 3410 810 3459 est
867 3403 925 3458 in
949 3419 1048 3457 ore
1098 3401 1302 3472 gladii.
1331 3406 1389 3454 et
1446 3413 1721 3470 possessa
1775 3402 1865 3452 est
1967 3403 2026 3456 in
2055 3403 2270 3457 nostris
2292 3401 2512 3457 Iinibus
2531 3409 2991 3474 commorantur,
3016 3409 3310 3475 quomodo
3346 3411 3496 3464 solet
3520 3412 3624 3466 bos

239 1545 298 1598 cit
326 1544 374 1598 in
404 1540 542 1595 mari
578 1539 793 1604 Rubro,
827 1537 910 1592 sic
942 1537 1114 1590 faciet
1141 1535 1198 1589 in
1230 1533 1590 1589 torrentibus
1619 1533 1836 1585 Arnon.

234 1630 424 1703 Scopuli
452 1627 804 1684 torrentium
839 1624 1098 1679 inclinati
1133 1627 1291 1688 sunt,
1321 1621 1839 1692 ut_requiescerent

237 1722 280 1774 in
305 1724 369 1775 Ar
421 1723 457 1787 ¹,
491 1725 553 1772 et
605 1715 1011 1772 recumberent
1045 1713 1099 1766 in
1161 1711 1377 1766 tinibus
1434 1709 1838 1766 Moabitarum.

240 1810 304 1879 (C,
328 1809 476 1878 LXI.)
509 1807 583 1862 Et
608 1823 676 1861 ex
705 1822 771 1860 eo
803 1804 926 1858 loco
951 1801 1222 1874 apparuit
1254 1806 1488 1872 puteus.
1521 1815 1697 1870 super
1728 1813 1842 1868 quo

240 1900 428 1952 locutus
448 1901 537 1952 est
574 1894 856 1950 Dominus
917 1893 985 1946 ad
1020 1891 1255 1945 Mosen:
1317 1889 1612 1960 Congrega
1664 1903 1848 1957 popu-

239 1991 352 2051 lum,
379 1987 424 2041 ei
451 1985 606 2040 dabo
637 1988 694 2038 et
714 1997 950 2052 aquam.
983 1979 1147 2034 Tunc
1170 1975 1381 2032 cecinit
1405 1974 1579 2030 Israel
1613 1989 1848 2030 carmen

241 2077 362 2129 istud
395 2076 412 2108 ²
445 2092 456 2127 :
495 2073 796 2128 Ascendet
843 2075 1071 2141 puteus.
1127 2065 1560 2120 Concinebant:
1609 2069 1848 2129 Puteus,

239 2180 380 2235 quem
411 2164 683 2218 foderunt
711 2159 1026 2232 principes,
1051 2160 1106 2210 et
1128 2161 1476 2227 paraverunt
1498 2157 1674 2208 duces
1699 2151 1851 2206 mul-

240 2254 468 2308 titudinis
496 2253 562 2306 in
594 2252 794 2305 datore
827 2248 970 2318 legis
1004 2247 1086 2315 (h.
1121 2245 1179 2298 in
1226 2245 1462 2298 doctore
1499 2242 1688 2313 legis),
1717 2240 1853 2295 etin

241 2341 423 2397 baculis
444 2342 594 2396 suis.
614 2345 693 2396 De
717 2337 1051 2398 solitudine,
1074 2334 1412 2388 Matthana:
1443 2332 1582 2386 etde
1605 2330 1856 2384 Matthe-

243 2447 299 2484 na
319 2429 567 2485 Nahaliel
601 2429 623 2462 ³
649 2445 660 2481 :
685 2429 757 2482 de
778 2422 1043 2480 Nahaliel
1084 2423 1142 2476 in
1168 2421 1435 2476 Bamoth.
1464 2421 1539 2474 De
1586 2417 1855 2488 Bamoth,

243 2519 376 2573 vallis
438 2523 525 2574 est
587 2517 646 2571 in
705 2515 939 2586 regione
993 2512 1180 2580 Moab,
1216 2511 1272 2564 in
1333 2509 1547 2563 vertice
1608 2507 1855 2578 Phasga,

244 2609 368 2678 quod
398 2606 639 2680 reapicit
668 2610 872 2660 contra
913 2604 1232 2657 desertum.
1264 2599 1424 2654 Misit
1451 2602 1647 2652 autem
1681 2597 1856 2652 Israel

246 2698 447 2752 nuntios
478 2698 555 2752 ad
611 2697 760 2751 Seon
795 2708 989 2765 regem
1049 2689 1544 2752 Amorrhaiorum,
1603 2688 1852 2742 dicens:

242 2786 456 2842 Obsecro
489 2791 562 2840 ut
590 2784 840 2838 transire
871 2781 1015 2835 mihi
1077 2779 1247 2834 liceat
1280 2795 1379 2850 per
1428 2783 1639 2832 terram
1672 2782 1854 2840 tuam,

246 2892 337 2929 non
365 2872 792 2930 declinabimus
819 2871 875 2926 in
911 2886 1082 2941 agros
1105 2873 1162 2923 et
1195 2871 1251 2922 in
1294 2867 1514 2931 vineas,
1550 2882 1663 2920 non
1696 2865 1856 2920 bibe-

243 2980 349 3018 mus
378 2980 560 3036 aquas
590 2964 612 2995 ⁴
643 2978 711 3016 ex
742 2960 952 3030 puteis,
983 2959 1073 3012 via
1107 2957 1266 3028 regia
1299 2955 1657 3028 gradiemur,
1681 2955 1863 3008 donec

247 3059 589 3108 transeamus
622 3050 910 3106 terminos
938 3053 1092 3102 tuos.
1137 3046 1242 3111 Qui
1298 3046 1612 3100 concedere
1655 3043 1864 3107 noluit,

246 3501 376 3550 terra
404 3498 529 3565 ejus
560 3497 636 3549 ab
668 3497 864 3548 Arnen
916 3506 1102 3562 usque
1131 3489 1373 3552 Jebboc,
1424 3494 1482 3542 et
1516 3487 1668 3542 Illios
1720 3489 1862 3541 Am-

251 3599 362 3638 mon
399 3601 410 3636 :
443 3584 585 3655 quia
619 3582 756 3636 forti
790 3578 1062 3651 praesidio
1096 3577 1448 3632 tenebantur
1476 3575 1866 3631 terminiAm-

252 3673 602 3728 monitarum.
663 3673 745 3737 (C.
805 3668 986 3738 LXII.)
1045 3667 1203 3722 Tulit
1252 3682 1388 3737 ergo
1431 3665 1606 3721 Israel
1665 3681 1869 3720 omnes

310 3781 322 3811 ¹
355 3778 454 3832 Pro
486 3781 582 3841 Ar,
615 3776 813 3830 Canon
845 3780 902 3828 et
932 3772 1028 3827 alii
1065 3774 1181 3826 fere
1221 3787 1426 3826 omnes
1460 3788 1604 3826 mss.
1639 3771 1871 3826 codices

253 3847 453 3920 legunt,
491 3852 683 3904 Arnon
716 3865 730 3913 ;
767 3847 866 3900 sed
901 3861 1064 3920 error
1095 3847 1184 3920 hic
1224 3850 1322 3920 est
1345 3842 1738 3920 librariorum,
1773 3847 1872 3913 qui

256 3915 672 3975 ex'immediate
706 3917 1049 3988 praecedenti
1082 3917 1265 3969 Arnon
1294 3915 1531 3988 decepti
1564 3921 1724 3988 sunt,
1759 3931 1873 3968 non

257 3992 634 4063 intelligentes
666 3984 821 4061 apud
865 3989 1281 4063 Hieronymum
1318 3984 1466 4063 libro
1498 3984 1561 4063 de
1592 3985 1751 4063 _L_ocis
1784 3988 1874 4041 He-

255 4057 658 4131 braicisjArnon
680 4057 806 4115 esse
824 4077 1027 4131 rupem
1052 4057 1369 4128 quamdam
1388 4058 1444 4131 i_n
1477 4057 1729 4131 sublime
1752 4075 1878 4128 pro-

249 4129 534 4201 jectam'in
597 4133 812 4187 Iinibus
869 4129 1362 4197 Amorrhaeorum,
1396 4129 1549 4182 inter
1610 4129 1774 4183 Moab
1824 4134 1880 4184 et

253 4209 381 4274 quod
413 4226 443 4262 a
471 4204 864 4276 Septuaginta
894 4203 1317 4276 interpretibus
1337 4204 1745 4276 perestensam
1781 4216 1880 4254 vo-

253 4272 415 4334 calem
447 4279 519 4331 Er
549 4272 787 4330 dicitur.
824 4280 903 4329 De
936 4276 1168 4329 nomine
1203 4274 1277 4326 Ar
1307 4272 1880 4344 idemillieronymus

255 4346 337 4403 lib.
367 4367 416 4403 γι
448 4347 843 4403 Comment.in
873 4363 999 4415 cap.
1050 4362 1120 4400 xv
1153 4348 1321 4414 (vers.
1364 4343 1409 4413 1)
1462 4343 1626 4415 Isaiae
1681 4343 1799 4415 haec
1852 4359 1885 4396 a

253 4421 400 4476 nobis
429 4419 729 4474 observari
755 4413 976 4472 voluit‘:
1017 4418 1125 4470 Pro
1161 4413 1268 4483 ’Ar,
1309 4413 1520 4485 inquit.
1553 4414 1693 4485 quod
1737 4416 1886 4469 solus

255 4492 497 4547 Theototio
529 4494 611 4546 ita
640 4492 821 4561 posuit
853 4493 913 4542 ut
967 4486 1177 4556 tegitur
1207 4489 1266 4561 in
1317 4487 1560 4549 Hebraeo,
1604 4487 1884 4561 Aquitaet

254 4562 592 4631 Symmachus
640 4557 838 4616 urbem
895 4560 1256 4628 interpretati
1284 4565 1432 4624 sunt,
1465 4572 1576 4631 non
1633 4557 1879 4612 conside-

253 4630 414 4688 rantes
443 4636 595 4706 quod
627 4635 774 4688 inter
805 4648 898 4686 AIN
929 4641 979 4686 et
1010 4647 1115 4684 aes
1136 4631 1416 4706 elementa
1467 4630 1749 4706 Hebraiea,
1781 4645 1881 4706 son

255 4700 474 4760 litterarii
516 4722 625 4759 non
657 4706 912 4759 haberet:
941 4718 1061 4772 quae
1094 4703 1144 4755 si
1189 4705 1344 4765 esset,
1397 4710 1533 4755 recte
1563 4701 1759 4755 civitas
1790 4700 1886 4755 dt-

256 4783 476 4834 ceretur.
516 4777 708 4832 Mam.

313 4883 569 4938 ’Totum
631 4895 867 4936 carmen
920 4879 1063 4934 illud
1129 4877 1331 4933 recitat
1398 4878 1457 4932 S.
1491 4877 1890 4948 Hieronymus

253 4954 486 5022 epistola
517 4953 591 5007 ad
613 4953 888 5007 Fabiolam
947 4953 1016 5005 de
1057 4951 1125 5004 42
1164 4949 1571 5022 Mansionibus
1608 4948 1891 5004 Israelita-

255 5019 367 5079 rum
400 5027 458 5080 in
488 5026 760 5079 deserto:
787 5023 942 5093 quod
993 5038 1128 5077 cum
1161 5019 1424 5090 insignes
1467 5021 1693 5093 habeat
1721 5037 1754 5093 a
1795 5037 1892 5074 no-

255 5104 362 5150 stro
413 5103 580 5152 textu
613 5091 898 5150 variantes
928 5093 1225 5158 lectiones,
1264 5109 1376 5146 non
1427 5091 1532 5145 abs
1577 5107 1636 5145 re
1695 5092 1888 5146 visum

255 5175 329 5222 est
355 5168 467 5223 huc
499 5169 634 5238 ipsa
655 5165 982 5236 Hieronymi
1017 5165 1191 5238 verba
1222 5163 1616 5238 transtulisse.
1656 5163 1749 5216 Sic
1783 5162 1889 5238 igi-_

257 5242 338 5292 tur
367 5233 626 5310 legas-in
686 5233 988 5310 mansione
1028 5239 1136 5310 397:
1169 5237 1298 5290 Post
1359 5233 1477 5310 haec
1525 5233 1892 5310 veneruntad

254 5305 484 5378 puteuin,
540 5309 642 5364 ubi
695 5308 895 5364 cecinit
940 5305 1108 5363 Israel
1159 5322 1380 5361 carmen
1411 5305 1546 5358 hoc:
1607 5307 1888 5373 Ascende,

256 5389 624 5453 putee,quem
657 5381 927 5453 foderunt
960 5379 1271 5453 principes,
1305 5383 1361 5432 et
1391 5383 1746 5453 aperuerunt
1784 5379 1892 5453 du-

257 5465 339 5506 ces
371 5448 724 5525 populorum
758 5453 814 5505 in
849 5452 1050 5525 datore
1079 5448 1297 5525 legum,
1332 5455 1388 5503 et
1413 5449 1475 5525 in
1510 5448 1717 5525 baculo
1764 5451 1893 5525 ejus

257 5529 304 5577 et
333 5519 397 5581 de
428 5519 751 5581 solitudine
811 5525 870 5576 in
932 5519 1251 5587 Mattha'na,
1284 5526 1340 5574 et
1395 5521 1466 5574 de
1518 5519 1790 5574 Mathana
1821 5521 1889 5576 ad

257 5600 566 5651 torrentem
597 5595 714 5660 Dei,
747 5600 806 5648 et
852 5596 921 5648 de
966 5600 1222 5649 torrente
1272 5592 1370 5647 Dei
1419 5592 1491 5646 ad
1541 5591 1788 5656 excelsa,
1839 5596 1896 5646 et

259 5665 319 5721 de
345 5667 593 5724 excelsis
626 5667 694 5722 ad
738 5665 947 5722 vallem
981 5682 1106 5737 quae
1157 5670 1248 5720 est
1278 5665 1336 5718 in
1370 5663 1608 5735 regione
1637 5663 1803 5718 Moab
1835 5664 1894 5718 in

1971 3493 2184 3546 herbas
2208 3508 2394 3562 usque
2416 3493 2486 3546 ad
2524 3491 2749 3547 radices
2777 3509 3030 3564 carpere.
3067 3495 3196 3565 Ipse
3224 3503 3346 3550 erat
3367 3515 3432 3552 eo
3467 3507 3618 3554 tem-

1972 3597 2109 3651 pore
2141 3596 2237 3634 rex
2272 3581 2328 3633 in
2366 3579 2729 3636 Moab.Misit
2758 3597 2895 3652 ergo
2921 3589 3158 3638 nuntios
3189 3586 3259 3638 ad
3285 3586 3520 3642 Balaam
3553 3589 3614 3640 Ii-

1973 3667 2114 3723 lium
2146 3668 2290 3722 Beor
2319 3668 2635 3737 hariolum,
2667 3669 2768 3740 qui
2800 3670 3106 3726 habitabat
3161 3689 3340 3743 super
3402 3677 3626 3732 flumen

1975 3775 2188 3829 vertice
2221 3775 2468 3847 Phasga,
2494 3776 2590 3846 qui
2618 3777 2898 3847 prospicit
2919 3784 3122 3833 contra
3146 3780 3464 3835 desertum.
3495 3789 3629 3838 Hmc

1979 3849 2095 3901 loca
2125 3848 2183 3900 in
2232 3846 2436 3914 ﬁnibus
2492 3846 2934 3902 Amerrhw’orum
2979 3851 3202 3918 quidam
3256 3854 3628 3922 interpretan-

1979 3926 2080 3985 tes,
2109 3925 2309 3987 putant
2337 3934 2447 3972 non
2504 3921 2812 3974 mansiones
2868 3936 3000 3988 esse,
3027 3922 3120 3975 sed
3165 3921 3452 3978 transitus.
3514 3934 3622 3982 etc.

1981 3989 2271 4044 Prudente
2291 3990 2762 4065 studiosumque
2782 3992 3055 4065 lectorem
3109 4001 3378 4064 rogatum
3429 3998 3624 4065 velim,

1982 4068 2048 4115 ut
2083 4066 2230 4136 sciat
2261 4060 2704 4136 “Hieronymum
2753 4063 2859 4115 hoc
2905 4062 3028 4136 loco
3084 4060 3302 4118 vertere
3359 4060 3627 4136 quaedam

1985 4131 2224 4207 nomina
2261 4132 2538 4186 Ilebraica
2559 4134 2729 4200 juxta
2760 4135 3022 4203 proprias
3052 4131 3529 4207 significationes,
3559 4141 3630 4193 li-

1985 4210 2073 4278 cet
2105 4205 2164 4256 in
2196 4218 2361 4278 sacro
2413 4210 2569 4257 textu
2603 4221 2670 4259 ea
2703 4207 2964 4275 posuerit
2996 4213 3059 4259 ut
3098 4205 3376 4278 leguntur
3425 4211 3482 4264 in
3524 4216 3636 4268 He-

1987 4276 2159 4329 braeo.
2197 4273 2382 4327 MART.

2060 4343 2566 4424 3Codex_tirhi_nas
2589 4344 2759 4424 plus,
2798 4352 2970 4424 atque
3003 4348 3170 4404 aliter
3199 4350 3407 4406 habet:
3446 4357 3634 4424 Pro/e-

1988 4414 2170 4486 ctique
2227 4416 2528 4471 solitudine
2577 4414 2634 4468 in
2715 4414 3040 4474 Matt/fana:
3103 4425 3176 4475 de
3230 4425 3517 4479 Matt/mna
3551 4414 3637 4479 ’ίη

1992 4488 2267 4566 IIIa/taliet:
2291 4493 2424 4566 ete.,
2461 4489 2637 4566 ferme
2668 4489 3138 4566 rectiusconi'er.
3174 4492 3223 4547 si
3274 4495 3413 4549 libet
3463 4497 3633 4566 epist.

1991 4560 2083 4624 78,
2114 4561 2185 4633 de
2219 4559 2642 4633 Mansionibus,
2676 4562 2744 4614 ad
2777 4561 3004 4627 Fabiot.,
3061 4580 3248 4619 mans.
3295 4567 3384 4633 39,
3421 4559 3518 4621 ubi
3553 4577 3637 4622 to-

1997 4632 2259 4703 tumhoc
2283 4647 2516 4684 carmen
2536 4632 2666 4703 aliis
2706 4649 2856 4703 stepe
2889 4634 3078 4688 verbis
3131 4632 3412 4691 recitatS.
3451 4644 3638 4695 Pater.

2066 4704 2086 4736 ⁸
2125 4701 2336 4776 vocem
2371 4719 2538 4772 aquas
2572 4701 2818 4776 Urbicus
2853 4721 2959 4759 ms.
3017 4707 3247 4776 ignorat
3283 4734 3296 4774 ;
3331 4709 3506 4765 habet
3560 4720 3640 4766 ta-

1998 4773 2469 4848 men_He_b_ra3um
2504 4773 2908 4848 archetypum,
2958 4773 3174 4848 aliique
3205 4781 3358 4834 libri.

2067 4845 2088 4878 ³
2119 4844 2400 4915 Equidem
2433 4849 2491 4898 et
2517 4846 2573 4899 in
2597 4844 2835 4901 Hebraeo
2857 4844 3094 4903 additur
3124 4860 3349 4940 psmn
3380 4855 3642 4923 primum.

2069 4934 2090 4968 ⁶
2122 4934 2273 4988 Bene
2306 4939 2503 4987 monet
2561 4933 2928 5006 seholiastes,
2961 4940 3110 5006 quod
3135 4933 3290 4994 'Seon
3325 4959 3422 4995 rex
3441 4945 3646 4996 Amor-

2001 5006 2292 5095 abacorum
2319 5005 3085 5095 eztpugnavitlregem.Moab
3119 5015 3372 5082 priorem
3408 5031 3420 5078 ;
3458 5014 3644 5095 signi-

1999 5077 2135 5154 ficat
2165 5076 2318 5129 enim
2353 5077 2656 5154 Scriptura
2675 5077 2854 5154 hujus
2891 5079 3001 5154 loci
3029 5076 3424 5154 expugnatum
3463 5076 3644 5138 tuisse

2001 5148 2237 5202 aSeone
2270 5163 2462 5226 regem
2502 5148 2885 5226 Moabitarum
2919 5148 3214 5223 primum:
3244 5154 3326 5209 vel
3371 5171 3504 5208 eum
3540 5155 3641 5226 qui

2001 5225 2347 5288 regnaverat
2375 5227 2510 5273 aute
2549 5219 2732 5274 Balac.
2785 5219 2972 5276 Mani.

2072 5289 2271 5372 “‘plim
2336 5306 2435 5372 pro
2467 5301 2543 5372 ’ξιτ
2581 5290 2671 5372 att,
2724 5296 2898 5372 quod,
2954 5295 3251 5372 scribitur
3289 5295 3346 5348 in
3407 5296 3647 5352 Hebraeo

2002 5350 2303 5436 hodierno,
2336 5349 2669 5432 'legebant'
2721 5349 2814 5418 hic
2889 5349 2980 5431 Ην,
3012 5366 3087 5431 at,
3125 5349 3186 5420 ut
3217 5366 3401 5436 liquet
3430 5349 3650 5423 ertextu

2002 5434 2392 5496 Samaritano,
2423 5450 2488 5487 ac
2540 5449 2607 5488 ex
2665 5437 2933 5503 praesenti
2984 5438 3224 5492 canonis
3278 5434 3655 5495 adnotatione

2005 5503 2333 5574 marginali.
2369 5507 2551 5560 MART.

2074 5575 2388 5648 —-Legerit
2419 5576 2788 5642 seholiastes,
2848 5579 3348 5648 quemadmodum
3392 5580 3656 5636 Samari-

2003 5669 2182 5721 tanus
2215 5665 2524 5737 interpres,
2547 5649 2620 5728 ὃν
2649 5680 2755 5735 pro
2787 5676 2882 5732 “ut,
2915 5667 3070 5737 quod
3103 5671 3164 5723 et
3185 5667 3456 5726 Martian.
3483 5675 3658 5742 putat
