4068 6172
447 361 551 414 419

1483 363 1540 414 s.
1585 324 1990 416 HlERONYMI
2029 360 2283 413 mvma
2320 361 2812 416 BIBLIOTHECA.

3747 360 3850 413 420

445 491 608 542 terra:
643 485 893 540 filiorum
928 486 1170 538 Ammon
1200 483 1214 516 ¹
1249 484 1330 554 (h.
1362 482 1516 539 Misit
1546 500 1681 555 ergo
1725 485 1962 538 nuntios
2015 483 2085 536 ad
2120 484 2172 549 Α
2201 499 2428 552 agrum.
2461 485 2642 548 Quam
2676 500 2808 538 cum
2841 484 3169 538 verberaret
3184 481 3448 550 Balaam,
3482 487 3540 538 et
3563 482 3737 538 vellet
3781 485 3852 539 ad

443 576 678 631 Balaam
707 574 888 628 filium
914 572 1119 642 Behor,
1143 574 1238 644 qui
1270 574 1549 627 habitabat
1581 573 1639 627 in
1675 573 1896 628 Phetho
1926 589 2087 643 super

442 666 658 721 ﬂumen
679 668 849 719 terrae
879 662 1122 717 ﬁliorum
1138 662 1332 732 populi
1355 661 1489 733 sui),
1525 668 1589 717 ut
1620 668 1894 718 vocarent
1924 679 2084 728 eum,

442 761 499 811 et
530 754 788 808 dicerent
822 769 834 806 :
861 751 1002 807 Ecce
1023 767 1296 823 egressus
1319 757 1408 806 est
1440 751 1695 823 populus
1716 767 1783 806 ex
1816 751 2081 822 .Egypto,

440 843 534 913 qui
568 843 797 916 operuit
826 841 1197 911 superficiem
1231 847 1418 910 terrae,
1461 843 1672 897 sedens
1720 846 1921 896 contra
1968 857 2083 895 me-

442 932 580 986 Veni
608 932 809 1002 igitur,
849 934 906 985 et
963 930 1214 985 maledic
1249 930 1462 1002 populo
1521 930 1678 996 huic,
1714 930 1850 1000 quia
1883 931 2084 985 fortior

438 1037 531 1076 me
563 1025 686 1076 est:
722 1020 909 1090 siquo
939 1019 1110 1074 modo
1134 1020 1350 1090 possim
1382 1025 1682 1090 percutere
1708 1035 1864 1088 eum,
1893 1023 1948 1073 et
1978 1019 2082 1089 eji-

435 1126 566 1166 cere
598 1111 667 1165 de
699 1114 853 1164 terra
906 1108 1115 1176 mea(b.
1151 1125 1263 1163 non
1295 1109 1492 1174 habet,
1536 1109 1726 1180 mea):
1761 1108 1890 1163 novi
1925 1109 2082 1164 enim

436 1199 590 1270 quod
614 1197 959 1252 benedictus
991 1197 1197 1264 sit,eui
1225 1197 1613 1265 benedixeris,
1634 1197 2078 1264 etmaledictus,

437 1288 495 1341 in
543 1303 716 1358 quem
779 1286 1086 1341 maledicta
1145 1287 1529 1357 congesseris.
1584 1287 2084 1356 Pcrrexeruntque

437 1375 696 1429 seniores
721 1376 910 1445 Moab,
944 1380 999 1429 et
1031 1376 1284 1445 majores
1325 1380 1461 1430 natu
1519 1376 1773 1445 Madian,
1798 1375 2082 1430 habentes

436 1463 808 1519 divinationis
823 1463 1147 1535 pretiumin
1172 1464 1466 1519 manibus.
1491 1464 1754 1534 Cumque
1787 1465 2084 1520 venissent

437 1554 509 1608 ad
541 1553 797 1618 Balaam,
829 1558 886 1607 et
934 1559 1272 1607 narrassent
1327 1553 1377 1608 ei
1432 1553 1627 1608 omnia
1654 1553 1830 1608 verba
1886 1552 2078 1617 Balac,

436 1641 533 1696 ille
567 1642 902 1713 respondit:
967 1647 1188 1697 Manete
1246 1642 1339 1696 hic
1392 1649 1578 1707 nocte,
1612 1647 1668 1698 et
1715 1643 2081 1713 respondebo

437 1731 722 1802 quidquid
749 1731 1116 1786 mihidixerit
1153 1731 1457 1786 Dominus.
1496 1731 2078 1787 Manentibusautem

436 1819 552 1874 illis
584 1821 735 1890 apud
768 1819 1195 1882 Balaam,venit
1237 1820 1484 1891 Deus,ct
1515 1821 1596 1874 ait
1627 1821 1697 1874 ad
1723 1837 1854 1875 eum
1881 1836 1897 1874 :
1929 1819 2076 1882 Quid
2113 1850 2158 1913 Β

432 1909 543 1964 sibi
575 1909 774 1963 volunt
795 1909 1065 1964 homines
1093 1909 1187 1964 isti
1220 1911 1371 1980 apud
1416 1915 1470 1964 te
1492 1909 1518 1963 ἱ)
1551 1909 1628 1975 (h.
1664 1909 1760 1980 qui
1786 1915 1926 1963 sunt
1955 1925 2079 1963 om-

433 2012 537 2052 nes
560 1996 654 2052 isti
679 1997 778 2069 qui
802 2001 943 2052 sunt
967 1999 1120 2068 apud
1149 2002 1205 2052 te
1226 1997 1276 2066 ‘1)
1310 1998 1670 2069 Respondit:
1706 1997 1897 2063 Balac,
1923 1997 2080 2052 ﬁlius

429 2086 713 2158 Sepphor,
748 2103 850 2142 rex
897 2087 1308 2154 Moabitarum,
1344 2086 1502 2141 misit
1562 2087 1633 2142 ad
1693 2103 1806 2152 me,
1839 2086 2076 2142 dicens:

433 2175 576 2229 Ecce
599 2174 849 2246 populus
883 2174 979 2244 qui
1003 2191 1274 2244 egressus
1309 2179 1398 2229 est
1429 2175 1499 2229 de
1529 2179 1794 2246 ngypto,
1853 2175 2082 2246 operuit

433 2263 806 2334 superliciem
840 2269 1007 2319 terrae
1038 2263 1164 2318 veni
1197 2269 1254 2318 et
1283 2263 1554 2332 maledic,
1603 2264 1656 2319 ei
1686 2264 1733 2318 si
1768 2280 1883 2334 quo
1910 2264 2080 2318 modo

434 2351 656 2424 possim
693 2369 965 2424 pugnans
1027 2352 1258 2423 abigere
1310 2369 1464 2407 eum.
1504 2352 1766 2422 Dixitque
1827 2352 1976 2407 Deus
2010 2353 2079 2406 ad

433 2440 666 2496 Balaam
695 2458 707 2494 :
732 2439 859 2496 Noli
885 2441 967 2495 ire
988 2457 1121 2495 cum
1145 2441 1248 2509 eis,
1283 2457 1471 2511 neque
1495 2441 1809 2496 maledicas
1843 2440 2079 2512 populo,

433 2530 574 2601 quia
605 2528 944 2584 benedictus
1003 2533 1111 2584 est.
1155 2529 1264 2594 Qui
1321 2545 1491 2584 mane
1523 2546 1887 2600 consurgens
1935 2528 2083 2583 dixit

433 2620 504 2674 ad
537 2618 829 2691 principes
860 2634 871 2670 :
897 2619 976 2673 [te
1010 2617 1069 2672 in
1105 2623 1321 2674 terram
1376 2624 1649 2686 vestram,
1712 2619 1851 2690 quia
1883 2618 2079 2690 prohi-

433 2708 562 2764 buit
594 2725 683 2763 me
719 2707 1003 2762 Dominus
1026 2707 1221 2763 venire
1253 2707 1576 2763 vobiscum.
1605 2707 1835 2763 Reversi
1871 2708 2080 2778 princi-

433 2813 534 2870 pes
592 2799 864 2853 dixerunt
921 2798 990 2852 ad
1049 2796 1271 2852 Balac:
1333 2797 1531 2852 Noluit
1591 2797 1824 2851 Balaam
1883 2797 2078 2851 venire

435 2887 766 2943 nobiscum.
829 2887 1079 2942 Rursum
1145 2885 1240 2940 ille
1314 2887 1499 2940 multo
1560 2885 1755 2956 plures
1804 2891 1860 2939 et
1911 2885 2078 2940 nobi-

433 2975 607 3031 liores
640 2991 816 3046 quam
849 2979 981 3029 ante
1015 2974 1599 3040 miserat,misit.Qui
1622 2991 1755 3029 cum
1777 2976 2080 3029 venissent

434 3063 506 3118 ad
543 3063 800 3132 Balaam,
831 3064 1138 3118 dixerunt:
1177 3062 1270 3117 Sic
1304 3063 1442 3117 dicit
1472 3063 1552 3132 (h.
1580 3067 1712 3117 Haac
1769 3063 1934 3133 dicit)
1969 3069 2078 3119 Ba-

434 3152 522 3205 lac
557 3151 713 3205 ﬁlius
763 3151 1060 3222 Sepphor:
1125 3155 1207 3204 Ne
1238 3151 1528 3206 cuncteris
1576 3151 1772 3207 venire
1819 3153 1888 3206 ad
1942 3168 2070 3221 me;

435 3239 677 3294 Paratus
727 3215 893 3294 sum.
918 3239 1204 3294 honorare
1253 3245 1327 3308 te,
1358 3244 1414 3293 et
1470 3239 1759 3311 quidquid
1818 3215 2074 3296 volucris
2107 3215 2148 3283 (ἶ

431 3328 581 3382 dabo
614 3328 692 3397 (h.
731 3327 962 3383 faciam.
1003 3328 1148 3395 Vulg
1191 3327 1317 3384 add.
1353 3329 1480 3399 tibi)
1515 3347 1532 3382 :
1563 3328 1718 3397 veni,
1749 3334 1804 3382 et
1837 3330 2081 3384 maledic

428 3416 644 3487 populo
676 3415 793 3470 isti.
848 3417 1169 3486 Respondit
1218 3417 1449 3471 Balaam
1493 3434 1505 3470 :
1565 3417 1624 3472 Si
1679 3418 1905 3472 dederit
1935 3419 2079 3473 mihi

426 3503 600 3558 Balac
627 3503 860 3575 plenam
895 3505 1135 3559 domum
1181 3521 1348 3559 suam
1400 3505 1624 3576 argenti
1660 3509 1715 3558 et
1765 3505 1912 3574 auri,
1963 3524 2076 3561 non

426 3599 624 3664 potero
657 3595 971 3649 immutare
1001 3594 1243 3649 verbum
1293 3595 1522 3649 Domini
1556 3595 1657 3650 Dei
1720 3595 1854 3663 mei,
1893 3601 1960 3650 ut
1991 3596 2078 3653 vel

427 3685 582 3755 plus,
609 3683 694 3737 vel
731 3683 928 3738 minus
959 3683 1181 3754 loquar.
1229 3683 1503 3750 Obsecro,
1532 3691 1597 3740 ut
1649 3684 1741 3740 hic
1792 3686 2076 3741 maneatis

426 3772 603 3826 etiam
637 3771 746 3826 hac
780 3779 968 3838 nocte,
1001 3778 1058 3827 et
1079 3773 1227 3828 scire
1248 3789 1458 3844 queam
1492 3773 1630 3844 quid
1661 3774 1804 3829 mihi
1839 3792 2074 3830 rursum

422 3860 776 3931 respondeat
799 3861 1102 3917 Dominus.
1136 3860 1307 3916 Venit
1337 3878 1471 3932 ergo
1504 3862 1658 3916 Deus
1707 3864 1778 3917 ad
1835 3868 2073 3919 Bataam

427 3953 612 4015 nocte,
643 3953 699 4003 et
729 3949 810 4004 ait
849 3950 900 4004 ei
936 3966 948 4002 :
982 3949 1041 4004 Si
1100 3967 1304 4004 vocare
1351 3955 1407 4026 te
1463 3957 1749 4006 venerunt
1807 3952 2076 4009 homines

423 4038 545 4103 isti,
579 4053 774 4108 surge,
809 4043 869 4092 et
898 4041 1042 4094 vade
1065 4055 1196 4093 cum
1219 4039 1303 4093 eis
1331 4057 1347 4092 :
1380 4039 1463 4094 ita
1487 4041 1790 4107 duntaxat,
1826 4048 1888 4095 ut
1919 4043 2073 4113 quod

426 4126 527 4180 tibi
567 4143 912 4197 praecepero,
947 4128 1145 4183 facias.
1191 4127 1444 4182 Surrexit
1500 4128 1734 4184 Balaam
1797 4146 1986 4197 mane,
2019 4137 2076 4186 et

425 4220 609 4270 strata
639 4216 805 4271 asina
835 4232 964 4280 sua,
993 4217 1288 4287 profectus
1337 4222 1427 4272 est
1464 4235 1598 4273 cum
1633 4220 1735 4274 eis.
1792 4220 1858 4274 Et
1888 4220 2072 4276 iratus

425 4309 514 4359 est
548 4305 700 4359 Deus
728 4304 804 4364 lh.
835 4305 900 4359 Et
930 4305 1116 4360 iratus
1144 4311 1233 4361 est
1262 4306 1416 4362 Deus
1475 4324 1542 4361 eo
1575 4310 1724 4377 quod
1761 4315 2068 4380 pergeret).

426 4393 714 4464 Stetitque
765 4393 1011 4464 angelus
1063 4393 1294 4449 Domini
1336 4397 1393 4450 in
1443 4396 1533 4449 via
1564 4401 1769 4452 contra
1809 4397 2065 4465 Balaam,

427 4481 524 4552 qui
560 4481 799 4536 sedebat
831 4481 1029 4538 asinae.
1065 4488 1121 4536 et
1151 4484 1298 4538 duos
1325 4501 1539 4554 pueros
1560 4485 1816 4541 habebat
1844 4503 2067 4542 secum.

2196 571 2468 626 semitam
2503 574 2796 637 reducere,
2832 572 2994 627 stetit
3051 570 3293 642 angelus
3353 570 3462 640 (h.)
3523 571 3757 627 Domini
3793 571 3850 627 in

2195 661 2486 731 angustiis
2509 662 2759 717 duarum
2786 660 3422 732 maceriarum,quibus
3447 661 3624 716 vineis
3649 661 3846 734 cinge-

2196 748 2430 802 bantur.
2466 749 2646 812 Quem
2699 751 2901 805 videns
2931 749 3119 818 asina,
3169 749 3373 817 junxit
3403 766 3466 806 se
3528 749 3755 821 parieti,
3791 756 3851 805 et

2195 837 2413 892 attrivit
2445 839 2700 894 sedentis
2725 840 2951 910 pedem.
3007 840 3078 893 At
3108 837 3205 892 ille
3237 838 3449 892 iterum
3511 839 3854 894 verberabat

2194 943 2349 994 eam,
2381 933 2437 982 et
2469 927 2858 984 nihilominus
2889 927 3133 1000 angelus
3161 927 3269 997 [h.)
3298 926 3522 982 Domini
3551 929 3623 983 ad
3656 927 3848 984 locum

2193 1020 2510 1087 angustum
2551 1019 2869 1086 transiens,
2905 1018 3006 1073 ubi
3057 1033 3164 1072 nec
3203 1017 3274 1071 ad
3309 1017 3606 1072 dexteram
3640 1033 3746 1072 nec
3778 1019 3848 1073 ad

2194 1105 2496 1161 sinistram
2541 1112 2766 1178 poterat
2795 1107 3046 1174 deviare,
3080 1105 3288 1161 obvius
3347 1105 3529 1160 stetit.
3588 1110 3850 1178 Cumque

2191 1195 2887 1254 vidissetasinastantem
2923 1195 3198 1266 angelum
3224 1196 3327 1265 (h.)
3348 1195 3604 1260 Domini,
3641 1196 3851 1252 cecidit

2192 1290 2301 1343 sub
2351 1290 2597 1360 pedibus
2654 1286 2931 1352 sedentis,
3017 1285 3116 1356 qui
3188 1284 3395 1353 iratus,
3445 1285 3846 1341 vehementius

2192 1379 2448 1434 cadebat
2491 1380 2642 1432 fuste
2676 1377 2754 1447 (h.
2794 1374 3026 1444 baculo)
3084 1373 3266 1430 latera
3321 1376 3471 1444 ejus.
3505 1375 3587 1444 (C,
3635 1373 3851 1444 LXIV.)

2193 1469 2544 1538 Aperuitque
2575 1467 2862 1522 Dominus
2892 1481 2954 1520 os
2985 1463 3184 1528 asinae,
3217 1466 3274 1518 et
3297 1462 3488 1518 locuta
3519 1468 3609 1518 est
3641 1479 3654 1517 ε
3697 1463 3845 1529 Quid

2190 1554 2297 1610 feci
2331 1556 2436 1611 tibi
2461 1556 2604 1611 ?cur
2633 1553 2884 1625 percutis
2911 1569 3001 1607 me
3026 1567 3156 1607 ecce
3175 1552 3302 1621 jam
3319 1553 3494 1606 tertio
3513 1551 3541 1605 ?
3587 1552 3850 1622 Respon-

2191 1645 2276 1699 dit
2304 1645 2536 1700 Balaam
2573 1661 2586 1699 :
2622 1643 2770 1709 Quia
2817 1640 3245 1709 commeruisti,
3281 1645 3339 1694 et
3397 1639 3637 1695 illusisti
3697 1640 3844 1695 mihi

2189 1733 2266 1804 (h.
2304 1734 2447 1796 Quia
2479 1733 2716 1788 illusisti
2751 1731 2960 1799 mihi):
3000 1730 3222 1784 utinam
3250 1729 3523 1784 haberem
3557 1728 3842 1799 gladium,

2191 1827 2332 1877 utte
2366 1832 2726 1894 percuterem
2761 1820 2843 1891 (h.
2878 1821 2929 1873 Si
2959 1818 3234 1874 haberem
3270 1817 3536 1889 gladium
3571 1819 3628 1872 in
3664 1835 3842 1872 manu

2191 1928 2338 1978 mea,
2373 1911 2573 1984 utique
2605 1909 2989 1964 interﬁcerem
3043 1911 3144 1974 te).
3181 1906 3337 1961 Dixit
3388 1906 3556 1961 asina
3591 1922 3603 1959 :
3636 1906 3840 1962 Nonne

2187 1999 2401 2056 animal
2445 2006 2615 2055 tuum
2650 2015 2806 2065 sum,
2853 1997 2946 2051 cui
2979 2011 3213 2068 semper
3245 1996 3445 2050 sedere
3475 1994 3830 2050 consuevisti

2186 2106 2370 2159 usque
2391 2089 2446 2143 in
2475 2092 2820 2160 praesentem
2843 2085 3039 2140 diem?
3062 2085 3154 2139 dic
3187 2084 3327 2154 quid
3353 2083 3546 2139 simile
3584 2099 3842 2153 unquam

2185 2177 2420 2232 fecerim
2455 2177 2579 2232 tibi.
2605 2175 2786 2230 Atille
2809 2176 2919 2230 ait:
2944 2178 3284 2244 Nunquam.
3309 2172 3578 2228 Protinus
3605 2172 3839 2243 aperuit

2185 2267 2469 2322 Dominus
2495 2266 2694 2322 oculos
2727 2264 2985 2332 Balaam,
3015 2268 3072 2318 et
3102 2262 3248 2316 vidit
3292 2261 3567 2333 angelum
3597 2261 3708 2331 (h.)
3737 2265 3842 2315 Do-

2189 2356 2330 2411 mini
2356 2360 2604 2410 stantem
2631 2356 2687 2408 in
2715 2355 2826 2423 via,
2860 2352 3164 2423 evaginato
3206 2350 3424 2420 gladio,
3459 2349 3844 2421 adoravitque

2187 2461 2320 2500 eum
2355 2461 2570 2514 pronus
2613 2444 2670 2496 in
2705 2450 2917 2497 terram
2953 2441 3033 2509 (h.
3083 2456 3199 2495 non
3251 2440 3443 2506 habet,
3480 2439 3538 2493 in
3567 2438 3840 2508 terram).

2184 2533 2284 2588 Cui
2337 2531 2581 2604 angelus
2611 2532 2718 2602 (h.)
2742 2529 2972 2585 Domini
2999 2529 3163 2594 :Cur,
3190 2529 3403 2599 inquit,
3434 2528 3605 2582 tertio
3635 2527 3837 2582 verbe-

2187 2638 2282 2677 ras
2309 2620 2535 2677 asinam
2567 2619 2768 2674 tuam?
2791 2619 2905 2690 Ego
2922 2616 3052 2672 veni
3084 2621 3148 2671 ut
3177 2618 3515 2672 adversarer
3539 2615 3669 2682 tibi,
3693 2616 3838 2686 quia

2185 2726 2448 2782 perversa
2481 2713 2570 2764 est
2614 2708 2704 2763 via
2735 2712 2860 2779 tua,
2915 2705 3179 2778 mihique
3237 2705 3552 2770 contraria,
3611 2709 3668 2758 et
3717 2705 3837 2760 nisi

2185 2799 2352 2855 asina
2385 2798 2736 2852 declinasset
2767 2798 2838 2851 de
2868 2798 2980 2864 via,
3014 2797 3162 2851 dans
3185 2794 3376 2850 locum
3411 2793 3729 2859 resistenti,
3780 2798 3838 2850 te

2185 2888 2551 2954 occidissem,
2587 2891 2642 2941 et
2672 2886 2771 2940 illa
2797 2885 3030 2940 viveret.
3073 2885 3230 2940 Dixit
3260 2884 3532 2940 Balaam:
3570 2883 3830 2950 Peccavi,

2186 2977 2449 3032 nesciens
2475 2977 2628 3048 quod
2663 2981 2724 3029 tu
2759 2980 2944 3031 stares
2976 2978 3176 3029 contra
3209 2989 3323 3038 me,
3357 2978 3412 3028 et
3445 2989 3601 3028 nunc
3635 2971 3682 3026 si
3717 2972 3842 3027 dis-

2185 3066 2361 3138 plicet
2389 3066 2494 3120 tibi
2528 3070 2591 3120 ut
2622 3066 2849 3130 vadam,
2880 3067 3154 3118 revertar.
3191 3063 3283 3116 Ait
3307 3061 3552 3132 angelus
3583 3062 3692 3134 (h.)
3729 3063 3838 3117 Do-

2186 3156 2331 3210 mini
2367 3172 2380 3210 :
2424 3155 2580 3210 Vade
2611 3170 2743 3208 cum
2777 3153 3001 3217 istis,et
3037 3169 3174 3207 cave
3207 3151 3446 3206 nealiud
3481 3167 3655 3222 quam
3691 3167 3845 3222 prie-

2189 3260 2393 3314 cepero
2423 3243 2528 3298 tibi
2588 3241 2868 3312 loquaris.
2905 3240 3011 3295 Ivit
3043 3240 3217 3309 igiiur
3241 3255 3391 3311 Icum
3453 3239 3844 3310 principibus.

2190 3333 2352 3397 Quod
2384 3349 2514 3387 cum
2542 3331 2803 3386 audisset
2828 3329 3293 3400 Balac,egressus
3319 3336 3401 3384 est
3433 3327 3491 3382 in
3525 3343 3840 3382 occursum

2189 3425 2339 3491 ejus,
2377 3422 2432 3474 in
2493 3420 2705 3492 oppido
2767 3419 3180 3484 Moabitarum,
3214 3417 3368 3487 quod
3423 3417 3603 3472 situm
3663 3416 3848 3472 estin

2188 3510 2461 3566 extremis
2493 3509 2712 3563 ﬁnibus
2746 3513 2962 3561 Arnon.
2997 3506 3267 3577 Dixitque
3299 3505 3370 3559 ad
3399 3504 3634 3560 Balaam
3667 3504 3838 3560 :Misi

2189 3598 2426 3655 nuntios
2457 3603 2522 3652 ut
2552 3612 2817 3651 vocarem
2850 3600 2908 3649 te
2936 3611 2947 3650 :
2984 3611 3090 3649 cur
3120 3611 3238 3648 non
3290 3593 3488 3649 statim
3520 3593 3732 3649 venisti
3767 3593 3840 3648 ad

2189 3705 2278 3744 me
2307 3689 2334 3742 ‘I
2363 3705 2434 3741 an
2468 3686 2606 3758 quia
2637 3684 2960 3741 mercedem
3013 3682 3287 3737 adventui
3321 3687 3418 3737 tuo
3467 3683 3705 3738 reddere
3737 3697 3847 3736 ne-

2187 3793 2336 3850 queo
2367 3777 2392 3830 ?
2424 3775 2525 3830 Cui
2559 3773 2654 3828 ille
2686 3773 2988 3844 respondit
3022 3788 3036 3826 :
3070 3773 3214 3827 Ecce
3275 3773 3529 3827 adsum:
3563 3771 3840 3842 nunquid

2187 3871 2386 3936 potero
2417 3862 2578 3933 loqui
2609 3861 2792 3930 aliud,
2829 3859 2940 3916 nisi
2965 3861 3119 3931 quod
3156 3859 3312 3914 Deus
3363 3859 3704 3931 posueritin
3739 3874 3844 3913 ore

2187 3954 2353 4009 meo?
2382 3954 2765 4008 Perrexerunt
2784 3965 2921 4021 ergo
2944 3947 3205 4017 simul,et
3221 3952 3502 4003 venerunt
3524 3948 3580 4001 in
3606 3947 3844 4002 urbem‘

2185 4061 2312 4115 quae
2340 4044 2395 4096 in
2429 4040 2704 4095 extremis
2726 4038 2999 4109 (Husoth,
3023 4054 3149 4109 qua:
3172 4037 3416 4093 vertitur
3439 4037 3498 4092 in
3533 4036 3839 4103 Latinum,

2183 4131 2462 4201 extrema)
2497 4130 2656 4202 regni
2709 4129 2838 4198 ejus
2898 4127 3117 4182 ﬁnibus
3148 4131 3271 4182 erat
3301 4128 3321 4161 ²
3345 4127 3429 4197 (h.
3492 4143 3606 4181 non
3638 4125 3846 4194 habet,

2184 4239 2307 4293 quae
2341 4222 2396 4276 in
2429 4217 2704 4273 extremis
2738 4217 2954 4271 finibus
2979 4215 3140 4285 regni
3170 4216 3300 4285 ejus
3335 4219 3481 4270 erat.
3516 4215 3611 4269 Sic
3629 4213 3847 4269 habet:

2180 4311 2248 4365 Et
2281 4309 2641 4365 veneruntin
2695 4306 2948 4375 urbem).
3009 4303 3273 4376 Cumque
3304 4304 3622 4360 occidisset
3670 4303 3855 4359 Balae

2179 4399 2355 4454 boves
2414 4402 2470 4452 et
2502 4412 2657 4459 oves,
2703 4395 2866 4449 misit
2919 4393 2991 4448 ad
3021 4391 3250 4448 Balaam
3285 4398 3342 4448 et
3402 4391 3698 4464 principes
3733 4393 3842 4462 qui

2179 4505 2311 4543 cum
2336 4503 2402 4542 eo
2451 4490 2617 4542 erant
2642 4500 2906 4540 munera.
2940 4482 3108 4538 Mane
3163 4489 3352 4537 sulem
3417 4483 3586 4547 facto,
3665 4481 3853 4536 duxit

424 4571 678 4625 Cernens
709 4571 874 4625 asina
904 4570 1176 4642 angelum
1210 4571 1316 4643 (h.)
1345 4573 1578 4628 Domini
1601 4578 1852 4630 stantem
1872 4575 1930 4630 in
1959 4577 2071 4647 via,
2106 4586 2149 4650 ι)
2180 4591 2312 4631 eum
2346 4577 2416 4631 ad
2466 4574 2693 4630 excelsa
2751 4571 2906 4640 Baal,
2938 4574 2994 4626 et
3053 4570 3304 4626 intuitus
3363 4575 3452 4626 est
3519 4577 3852 4625 extremam

423 4658 728 4731 evaginato
759 4660 974 4731 gladio,
1008 4661 1212 4715 avertit
1243 4677 1305 4716 se
1337 4661 1406 4715 de
1438 4663 1662 4730 itinere,
1714 4668 1770 4718 et
1817 4664 1939 4720 ibat
1969 4680 2071 4737 per

498 4876 512 4908 ¹
549 4873 826 4928 Omnium
860 4875 1076 4944 optime
1151 4873 1568 4945 interpretatur
1599 4877 1874 4934 Hebraeus
1901 4879 2073 4934 scho-

422 4943 1028 5022 liastes,_ln__nPhélorg
1056 4961 1218 5016 super
1247 4943 1655 5022 ﬂumenlerraz
1709 4951 1956 5018 ﬁliorum
1983 4967 2076 5022 po-

419 5017 545 5087 puli
571 5016 966 5092 sui,gﬁliorum
995 5019 1242 5092 Ammon.
1279 5019 1424 5074 Nam
1457 5020 1688 5086 fluvius,
1709 5016 1822 5092 qui
1856 5016 2072 5077 terram

423 5089 898 5143 Ammonitarum
925 5088 1234 5164 perlueret,
1261 5092 1496 5161 penitus
1523 5088 1918 5164 ignoratur.S.
1937 5095 2075 5149 Hie-

423 5176 704 5235 ronymus
761 5160 1050 5235 acceperit
1099 5160 1294 5235 vocem
1348 5160 1574 5227 mins?
1623 5165 1793 5233 juxta
1850 5169 2074 5235 etymo-

422 5231 657 5307 logiam,
691 5233 831 5307 quia
864 5232 1080 5307 Ariolus
1111 5234 1500 5307 significatur,
1528 5231 1640 5307 pro
1673 5235 1783 5290 loci
1817 5231 2073 5300 nomine,

421 5304 477 5357 id
531 5310 642 5371 est,
691 5304 915 5380 Phalor,
976 5304 1190 5360 Graece
1235 5304 1542 5380 φαθοιῳάί
1570 5306 1888 5377 legeritque
1926 5324 2074 5380 prae-

421 5379 578 5429 terea
607 5385 772 5451 ﬁmi,
830 5377 1082 5443 Ammon,
1151 5377 1255 5448 pro
1310 5387 1448 5442 my,
1509 5381 1722 5444 Animo,
1785 5379 1936 5448 quod
1985 5382 2075 5434 est

418 5465 613 5535 populi
633 5467 737 5518 sui.

489 5535 511 5568 ³
540 5535 840 5607 Samaritae
865 5535 1256 5607 leguntmwn,
1284 5535 1529 5603 hhizoth,
1558 5536 1610 5589 id
1636 5541 1744 5606 est,
1772 5538 2071 5605 visionum,

424 5608 484 5657 ut
539 5605 788 5661 habetur
845 5605 1174 5662 in'Latina
1228 5607 1492 5664 versione
1546 5605 1744 5664 textus
1805 5609 2072 5665 ﬂebrmo-

421 5676 791 5733 Samaritani.
827 5678 1012 5734 MART.

2180 4671 2406 4737 partem
2442 4663 2667 4736 pepuli.

2251 4875 2457 4930 —Pro
2517 4874 2715 4946 verbis,
2768 4889 2894 4946 qum
2938 4875 2999 4929 in
3069 4872 3338 4929 extremis
3417 4874 3575 4946 regni
3630 4870 3854 4946 ﬁnibus

2181 4956 2317 5016 erat,
2348 4963 2528 5002 unum
2562 4950 2673 5010 est,
2704 4943 3190 5006 in‘Hebraeomrn
3233 4943 3497 5012 Chuzoth,
3530 4943 3687 5016 quod
3718 4944 3846 4999 nisi

2182 5020 2324 5074 velis
2357 5035 2458 5090 pro
2497 5018 2734 5072 nomine
2766 5019 3000 5089 proprio
3033 5018 3293 5090 accipere
3328 5020 3518 5090 :recte
3548 5017 3851 5090 interpre-

2183 5091 2292 5148 tari
2319 5085 2469 5154 licet,
2499 5085 2820 5160 platearum
2852 5085 2967 5144 z'ut
2986 5085 3199 5144 sensus
3229 5087 3306 5142 sit
3326 5086 3560 5160 venisse
3612 5085 3748 5141 illos
3781 5086 3852 5160 in

2183 5163 2385 5219 urbem
2418 5158 2738 5232 platearum
2765 5161 2868 5232 ,‘id
2901 5166 3010 5232 est,
3055 5159 3581 5232 frequentissimam.
3631 5158 3851 5232 Comei:-

2184 5239 2334 5289 nunt
2356 5229 2429 5285 et'
2451 5231 2594 5285 LXX
2632 5233 2732 5300 qui
2783 5229 3061 5285 ἐπαυλέων
3095 5230 3459 5300 interpretati
3485 5234 3644 5295 sunt,
3675 5229 3846 5299 quod

2184 5249 2334 5289 nunt
2356 5249 2411 5285 et
2451 5249 2594 5285 sax
2675 5250 2732 5287 ιιι
2783 5249 3060 5285 επαυΛεων
3095 5249 3459 5300 interpretati
3485 5249 3644 5295 sum,
3675 5249 3846 5299 quoa

2183 5249 2827 5381 est.-_labernacu(iorum
2862 5308 2963 5381 aut
2993 5302 3475 5381 _diversoriorum,
3508 5306 3681 5370 atque
3747 5300 3852 5381 his

2184 5375 2489 5433 similium.
2519 5378 2720 5439 Noster
2749 5391 2882 5431 cum
2903 5373 3190 5430 Onkeloso
3224 5373 3427 5444 legerit
3462 5381 3729 5434 imm-no.
3783 5373 3856 5426 in

2181 5448 2379 5516 ﬁnibus
2420 5447 2645 5516 imperii
2699 5449 2810 5502 sui.
2868 5447 3018 5501 Sunt
3071 5452 3264 5500 autem
3315 5450 3372 5500 et
3403 5444 3502 5514 qui
3560 5443 3858 5512 sentiant,

2182 5521 2459 5576 mendose
2508 5519 2708 5574 haberi
2767 5519 2826 5574 in
2857 5519 3099 5574 Hebraeo
3128 5526 3282 5577 mam
3309 5532 3410 5586 pro
3441 5525 3626 5580 ΠῈἽΠ,
3659 5529 3858 5584 quam

2181 5593 2388 5646 urbem
2439 5589 2768 5662 Arcopolim
2830 5595 3080 5662 putant:
3125 5589 3343 5659 quibus
3375 5602 3480 5658 ego
3541 5601 3861 5657 nunquam

2179 5662 2489 5721 assentiar.
