4068 6172
275 354 359 409 421

1586 355 1798 409 LIBER
1839 348 2319 411 NUMERORUM.

3555 372 3659 426 422

331 478 478 549 [ϐαρ.
499 476 720 548 ΧΧΙΙΙ.]
759 476 1029 547 Dixitque
1048 475 1283 530 Balaam
1313 476 1384 530 ad
1417 475 1587 531 Balac
1617 493 1629 531 :
1654 477 1895 532 {Ediﬁca
1924 478 1976 543 Α
2006 476 2210 542 Jacob,
2246 495 2351 534 nec
2383 478 2614 535 videtur
2643 481 3026 542 simulacrum
3061 488 3116 542 in
3153 489 3648 552 lsrael.Dominus

264 565 390 620 mihi
417 565 507 619 hic
537 570 757 635 septem
791 569 1006 632 aras,et
1040 581 1178 636 para
1207 565 1454 620 totidem
1489 564 1890 638 vitulos,ejus-

261 654 493 724 demque
550 653 777 708 numeri
844 654 1077 708 arietes.
1130 659 1373 724 Cunque
1439 656 1674 709 fecisset
1730 657 1896 724 juxta

267 757 575 798 sermonem
607 740 864 808 Balaam,
899 743 1310 812 imposuerunt
1340 743 1518 797 simul
1551 743 1802 800 vitulum
1840 750 1896 799 et

268 832 491 887 arietem
521 848 700 901 super
739 848 922 887 aram.
971 832 1242 898 Dixitque
1293 831 1528 887 Balaam
1572 834 1642 887 ad
1677 835 1892 890 Balac:

265 922 352 975 Sta
382 920 676 991 paulisper
706 922 785 990 [h.
822 939 933 976 non
968 922 1143 977 habet
1180 921 1500 993 paulisper]
1525 923 1699 992 juxta
1729 924 1889 980 holo-

264 1015 513 1065 caustum
546 1013 932 1074 tuum,donec
963 1011 1249 1080 variam,si
1281 1015 1428 1066 torte
1458 1019 1725 1068 occurrat
1749 1014 1892 1069 mihi

263 1099 550 1164 Dominus,
584 1103 643 1153 et
672 1101 1062 1170 quodcunque
1086 1099 1479 1172 imperaverit,
1507 1099 1712 1170 loquar
1762 1103 1888 1160 tibi.

259 1187 505 1258 Cumque
530 1187 772 1243 abiisset
822 1187 1120 1256 velociter,
1163 1188 1419 1244 occurrit
1467 1189 1516 1244 ei
1555 1191 1729 1246 Deus.
1785 1193 1888 1248 Lo-

257 1282 531 1347 cutusque
580 1282 672 1331 est
715 1276 783 1331 ad
834 1293 967 1331 eum
1036 1276 1274 1332 Balaam
1322 1296 1334 1333 :
1389 1282 1647 1350 Septem,
1698 1281 1892 1350 inquit

257 1381 373 1418 aras
399 1363 640 1430 erexi,et
673 1363 925 1434 imposui
959 1364 1210 1420 vitulum
1243 1371 1301 1421 et
1333 1368 1576 1422 arietem
1611 1369 1885 1440 desuper.

253 1453 518 1508 Dominus
545 1459 744 1508 autem
777 1454 974 1524 posuit
1004 1454 1251 1509 verbum
1285 1455 1343 1510 in
1377 1473 1476 1512 ore
1509 1459 1658 1527 ejus,
1694 1465 1751 1514 et
1783 1463 1885 1520 ait:

255 1541 539 1596 Revertere
572 1541 643 1595 ad
677 1541 872 1607 Balac,
905 1547 961 1596 et
991 1542 1112 1596 haec
1143 1543 1420 1614 loqueris.
1479 1545 1764 1603 Reversus
1798 1550 1884 1606 in-

251 1631 390 1684 venit
417 1635 680 1685 stantem
714 1630 882 1684 Balac
907 1631 1079 1702 juxta
1128 1631 1541 1689 holocaustum
1598 1654 1796 1708 suum,
1829 1645 1887 1696 et

253 1734 438 1773 omnes
472 1718 767 1789 principes
801 1719 1182 1774 Moabitarum
1218 1738 1231 1775 :
1264 1729 1684 1795 assumptaque
1717 1745 1883 1798 para-

2008 565 2162 620 Deus
2213 567 2340 634 ejus
2372 584 2503 622 cum
2535 585 2600 625 eo
2633 577 2740 642 est,
2775 577 2830 626 et
2861 574 3100 646 clangor
3134 579 3387 636 victoriae
3419 586 3570 655 regis
3604 589 3662 641 in

2007 653 2134 708 illo.
2170 654 2326 711 Deus
2357 658 2556 713 eduxit
2589 675 2721 715 eum
2758 663 2826 716 de
2859 664 3122 736 Aigypto,
3177 671 3346 739 cujus
3382 653 3658 732 fortitudo

2005 742 2219 796 similis
2259 749 2346 798 est
2407 745 2830 804 Rhinocerutis.
2889 751 3013 809 Non
3073 763 3164 811 est
3219 761 3534 830 augurium
3591 763 3651 819 in

2000 830 2203 898 Jacob,
2240 849 2342 888 nec
2393 834 2669 891 divinatio
2718 837 2776 892 in
2834 840 3029 897 Israel.
3078 846 3467 918 Temporibus
3519 854 3644 909 suis

2003 922 2229 975 dicetur
2251 922 2430 977 Jacob
2462 929 2518 978 et
2548 926 2747 980 Israeli
2779 930 2920 998 quid
2953 941 3229 1002 operatus
3269 940 3347 992 sit
3381 940 3536 996 Deus
3571 943 3627 1012 [h

2001 1009 2140 1078 quid
2175 1016 2450 1081 operatur
2484 1017 2672 1081 Deus].
2709 1017 2849 1071 Ecce
2883 1021 3135 1090 populus
3162 1029 3226 1079 ut
3257 1025 3483 1084 lucmna
3513 1009 3655 1087 con-

1999 1104 2221 1169 surget,
2244 1105 2303 1154 et
2333 1103 2500 1171 quasi
2532 1101 2620 1158 leo
2651 1106 2955 1175 erigetur':
2992 1126 3104 1164 non
3132 1117 3651 1186 accubabit,donec

1998 1188 2234 1243 devoret
2267 1191 2546 1259 praedam,
2583 1198 2642 1247 et
2689 1195 3019 1252 occisorum
3069 1204 3420 1273 sanguinem
3473 1209 3652 1266 bibat.

1997 1275 2268 1347 Dixitque
2294 1278 2460 1334 Balac
2490 1281 2560 1335 ad
2596 1282 2832 1338 Balaam
2866 1301 2879 1340 :
2904 1291 3020 1342 Nec
3042 1289 3360 1349 maledicas
3392 1296 3440 1350 ei
3470 1297 3648 1369 [Vulg.

1998 1369 2100 1419 tae.
2135 1366 2234 1436 ei],
2293 1384 2396 1422 nec
2451 1369 2783 1427 benedicas.
2843 1375 2910 1429 Et
2967 1376 3067 1431 ille
3107 1379 3232 1434 ait:
3267 1385 3471 1439 Nonne
3530 1366 3652 1443 dixi

1996 1453 2124 1518 tibi,
2172 1457 2324 1525 quod
2363 1457 2651 1529 quidquid
2702 1461 2846 1516 mihi
2893 1463 3178 1523 Dominus
3225 1471 3419 1540 [Vulg.
3473 1474 3654 1548 Deus]

1996 1542 2330 1612 imperaret,
2381 1545 2489 1600 hoc
2547 1548 2845 1604 facerem?
2880 1552 2946 1606 Et
2994 1554 3076 1608 ait
3122 1556 3294 1613 Bulac
3345 1561 3416 1614 ad
3468 1542 3661 1645 eum;

1993 1629 2137 1684 Veni
2170 1637 2227 1686 et
2257 1632 2467 1687 ducam
2501 1640 2557 1689 te
2587 1639 2655 1690 ad
2692 1637 2874 1693 alium
2902 1640 3115 1709 locum,
3151 1644 3200 1698 si
3245 1648 3391 1703 forte
3422 1629 3655 1720 placeat

1991 1725 2109 1774 Deo
2145 1725 2207 1774 ut
2240 1721 2376 1776 inde
2408 1722 2725 1780 maledicas
2756 1728 2827 1781 ei.
2885 1730 3152 1802 Cumque
3201 1735 3470 1793 duxisset
3517 1758 3655 1797 eum

255 1807 370 1861 bola
398 1825 528 1875 sua,
571 1807 765 1862 dixit:
816 1813 894 1863 De
938 1811 1112 1863 Aram
1160 1810 1406 1866 adduxit
1454 1829 1543 1868 me
1581 1816 1752 1872 Balac
1786 1837 1881 1876 rex

1994 1823 2172 1878 super
2201 1809 2477 1865 verticem
2511 1815 2731 1868 montis
2767 1815 3011 1882 Phohor.
3048 1821 3145 1889 qui
3180 1825 3420 1894 respicit
3450 1828 3656 1885 solitu-

257 1895 655 1962 Moabitarum,
687 1896 757 1950 de
793 1897 1091 1952 montibus
1137 1898 1395 1955 Orientis
1432 1917 1444 1956 :
1479 1901 1644 1973 Veni,
1680 1907 1895 1979 inquit,

254 1990 301 2039 et
329 1983 579 2038 maledic
626 1984 807 2039 Jacob
859 2001 873 2040 ε
931 2002 1196 2058 propera,
1254 1993 1310 2042 et
1359 1990 1647 2048 detestare
1694 1997 1894 2055 Israel.

254 2071 537 2133 Quomodo
577 2071 1044 2140 maledicam,cui
1069 2092 1184 2130 non
1219 2077 1531 2133 maledixit
1565 2083 1899 2150 Deus?Qua

253 2159 454 2214 ratione
475 2160 744 2216 detester
765 2177 938 2232 quem
962 2162 1253 2230 Dominus
1284 2182 1396 2221 non
1421 2167 1747 2227 detestatur
1766 2175 1794 2229 ἱ)
1815 2176 1895 2231 De

252 2251 483 2303 summis
515 2248 790 2304 silicibus
819 2252 1028 2307 videbo
1076 2253 1157 2323 [h.
1213 2253 1398 2324 video,
1451 2261 1508 2312 et
1559 2260 1892 2335 considero]

253 2353 390 2402 cum,
418 2343 478 2394 et
528 2340 608 2394 de
656 2339 902 2396 collibus
948 2343 1329 2400 considerabo
1381 2345 1575 2402 illum.
1639 2350 1898 2422 Populus

257 2426 396 2480 solus
424 2428 746 2496 habitabit,
797 2435 854 2484 et
902 2429 1056 2485 inter
1105 2438 1309 2502 gentes
1343 2450 1455 2489 non
1503 2441 1893 2508 reputabitur.

247 2513 369 2576 Quis
399 2517 784 2572 dinumerare
818 2521 1002 2588 possit
1051 2521 1346 2591 pulverem
1401 2523 1604 2593 Jacob,
1635 2533 1692 2582 et
1723 2546 1897 2587 nosse

250 2619 542 2660 numerum
574 2605 771 2677 stirpis
793 2607 1006 2662 Israel?
1029 2610 1311 2664 Moriatur
1332 2612 1532 2668 anima
1563 2631 1694 2671 mea
1717 2625 1899 2674 morte

242 2693 540 2760 justorum,
584 2702 637 2748 et
670 2694 812 2750 fiant
842 2697 1168 2753 novissxma
1218 2715 1345 2754 mea
1391 2701 1602 2759 horum
1646 2705 1886 2762 similia.

248 2780 498 2853 Dixitque
519 2782 700 2838 Balac
731 2785 801 2839 ad
826 2785 1060 2842 Balaam
1097 2804 1110 2842 :
1146 2789 1292 2854 Quid
1317 2795 1404 2845 est
1423 2791 1531 2847 hoc
1553 2795 1708 2863 quod
1735 2796 1894 2866 agis?

252 2875 306 2923 ut
331 2873 714 2928 malediceres
748 2873 1003 2930 inimicis
1037 2875 1180 2931 meis
1210 2879 1405 2932 vocavi
1439 2885 1495 2934 te
1529 2881 1730 2950 [h.tuli
1766 2886 1840 2955 te]
1878 2901 1889 2940 :

252 2964 300 3014 et
328 2965 384 3014 tu
415 2978 444 3016 e
474 2962 779 3016 contrario
808 2962 1102 3019 benedicis
1133 2965 1237 3020 eis.
1270 2967 1377 3022 Cui
1411 2969 1510 3024 ille
1543 2973 1844 3042 respondit
1877 2989 1888 3029 :

255 3047 388 3102 Num
413 3050 575 3103 aliud
616 3067 860 3121 possum
905 3051 1088 3122 loqui,
1121 3053 1231 3107 nisi
1259 3057 1677 3126 quodjusserit
1697 3061 1892 3116 Domi-

256 3137 401 3192 nus?
431 3139 593 3193 Dixit
626 3155 764 3210 ergo
813 3140 1025 3197 Balac:
1064 3142 1199 3198 Veni
1250 3160 1476 3200 mecum
1528 3147 1586 3202 in
1640 3149 1890 3206 alterum

2006 1895 2228 1963 dinem,
2261 1897 2408 1952 dixit
2438 1899 2488 1952 ei
2522 1900 2753 1956 Balaam
2790 1921 2802 1959 :
2837 1906 3076 1962 AZditica
3108 1911 3251 1965 mihi
3303 1913 3396 1969 hic
3427 1925 3652 1988 septem

2003 1999 2156 2053 aras,
2189 1990 2245 2039 et
2276 2003 2418 2056 para
2448 1990 2690 2045 totidem
2727 1992 2959 2060 vitulos,
3009 1997 3392 2072 ejusdemque
3424 2010 3653 2064 numeri

2003 2072 2232 2128 arietes.
2275 2074 2432 2130 Fecit
2461 2077 2632 2132 Balac
2662 2085 2727 2134 ut
2759 2081 2993 2138 Balaam
3026 2086 3252 2143 dixerat
3287 2106 3298 2144 :
3334 2092 3651 2164 imposuit-

2002 2177 2116 2232 que
2147 2162 2364 2219 vitulos
2395 2172 2451 2220 et
2482 2166 2692 2223 arietes
2727 2186 2826 2239 per
2860 2171 3126 2244 singulas
3157 2194 3311 2233 aras.

2073 2251 2240 2318 (Cap.
2270 2251 2481 2324 XXIV.]
2513 2258 2778 2328 Cumque
2808 2259 3051 2316 vidisset
3081 2264 3317 2322 Balaam
3349 2271 3501 2339 quod
3535 2272 3654 2344 pla-

2001 2345 2156 2395 ceret
2186 2341 2456 2408 Domino,
2493 2351 2556 2400 ut
2594 2345 2963 2404 benediceret
3015 2351 3239 2422 Israeli,
3277 2341 3650 2432 nequaquam

2001 2429 2143 2482 abiit
2178 2435 2237 2483 ut
2309 2438 2442 2486 ante
2475 2442 2828 2503 perrexerat,
2865 2443 2927 2492 ut
2958 2441 3270 2512 augurium
3321 2429 3606 2517 quaereret
3637 2469 3650 2508 :

2001 2516 2100 2570 sed
2153 2517 2414 2588 dirigens
2463 2528 2664 2577 contra
2712 2525 3010 2582 desertum
3071 2533 3301 2588 vultum
3341 2516 3563 2610 suum,
3597 2548 3651 2595 et

1999 2604 2232 2662 elevans
2261 2607 2460 2663 oculos
2493 2609 2639 2666 vidit
2669 2613 2849 2668 Israel
2882 2615 2942 2670 in
2976 2621 3246 2676 tentoriis
3277 2639 3648 2682 commoran-

2000 2697 2116 2748 tem
2151 2711 2250 2764 per
2279 2696 2472 2752 tribus
2503 2715 2663 2770 suas,
2688 2708 2746 2756 et
2773 2703 3032 2761 irruente
3080 2707 3139 2761 in
3181 2726 3243 2764 se
3273 2712 3489 2782 Spiritu
3522 2716 3645 2784 Dei,

1999 2789 2306 2855 assumpta
2330 2788 2626 2859 parabole,
2659 2790 2742 2845 ait
2774 2809 2787 2846 :
2821 2791 2978 2849 Dixit
3007 2795 3243 2853 Balaam
3281 2801 3436 2858 filius
3461 2805 3642 2874 Beor;

2000 2872 2145 2926 dixit
2161 2873 2858 2944 homo,cujusobturatus
2885 2888 2975 2937 est
2995 2886 3202 2942 oculus
3220 2906 3233 2954 ;
3250 2889 3394 2945 dixit
3411 2872 3646 2950 auditor

1999 2977 2338 3017 sermonum
2371 2963 2602 3037 Dei,qui
2633 2967 2907 3025 visionem
2927 2970 3360 3045 Omnipotentis
3392 2980 3642 3038 intuitus

1998 3055 2105 3114 est,
2136 3051 2232 3120 qui
2265 3053 2438 3120 cadit,
2479 3061 2535 3110 et
2564 3057 2648 3112 sic
2677 3059 3026 3128 aperiuntur
3067 3066 3221 3120 oculi
3271 3069 3418 3137 ejus.
3453 3078 3641 3137 Quam

1999 3138 2243 3209 pulchra
2274 3142 2652 3200 tabernacula
2696 3152 2814 3214 tua,
2860 3150 3063 3221 Jacob,
3115 3160 3173 3209 et
3218 3159 3468 3214 tentoria
3519 3165 3638 3228 tua,

249 3223 416 3282 locum
439 3228 610 3299 unde
647 3235 866 3298 partem
901 3230 1132 3286 Israelis
1153 3232 1435 3301 videas,et
1467 3241 1654 3292 totum
1684 3239 1879 3294 videre

1994 3227 2210 3283 Israel!
2246 3234 2308 3284 ut
2339 3231 2515 3288 valles
2549 3251 2890 3305 nemorosa),
2935 3245 2999 3294 ut
3039 3242 3191 3298 horti
3234 3245 3404 3315 juxta
3433 3223 3640 3306 ﬂuvios

249 3331 349 3369 non
381 3317 569 3386 possis
605 3333 620 3370 :
655 3317 790 3371 inde
821 3318 1150 3376 maledicito
1191 3321 1263 3376 ei.
1316 3321 1577 3395 Cumque
1624 3327 1888 3383 duxisset

250 3418 364 3458 eum
398 3405 454 3459 in
495 3405 694 3460 locum
727 3406 1066 3478 sublimem,
1119 3426 1298 3481 super
1343 3414 1616 3469 verticem
1671 3418 1886 3473 montis

245 3489 313 3562 [h.
343 3511 453 3550 non
495 3495 700 3562 habet,
741 3497 980 3569 montis]
1006 3497 1251 3570 Phasga,
1286 3501 1594 3558 aadiﬁcavit
1647 3504 1882 3561 Balaam

243 3587 445 3651 septem
487 3599 652 3650 aras,
700 3589 757 3638 et
809 3585 1102 3656 impositis
1150 3589 1400 3658 desuper
1449 3592 1652 3648 vitulis
1703 3597 1881 3665 atque

240 3669 498 3726 arietibus
532 3672 731 3742 [Vulg.
766 3673 948 3728 vitulo
989 3680 1046 3729 et
1093 3675 1317 3748 ariete],
1372 3679 1517 3735 dixit
1547 3682 1617 3736 ad
1651 3682 1824 3737 Balac
1866 3701 1878 3738 :

237 3762 314 3811 Sta
345 3758 628 3829 hicjuxta
649 3760 1062 3817 holocaustum
1088 3767 1477 3832 tuum,donec
1505 3785 1611 3840 ego
1640 3786 1878 3841 pergam

239 3847 562 3904 obvius.Cui
583 3866 724 3904 cum
751 3849 1038 3907 Dominus
1061 3855 1436 3920 occurrisset,
1472 3858 1878 3930 posuissetque

238 3935 460 3992 verbum
493 3939 554 3992 in
589 3954 689 3992 ore
735 3941 886 4008 ejus,
919 3941 1002 3994 ait
1052 3957 1064 3994 :
1117 3941 1420 4000 Revertere
1475 3946 1547 4000 ad
1601 3945 1791 4011 Balac,
1821 3952 1879 4003 et

238 4020 340 4078 haec
370 4025 632 4097 loqueris
664 4027 844 4097 [Vulg.
878 4028 1004 4083 add.
1039 4028 1136 4099 ei].
1172 4031 1460 4088 Reversus
1493 4034 1714 4089 invenit
1741 4052 1875 4091 eum

238 4119 470 4169 stantem
513 4118 692 4186 juxta
736 4115 1145 4173 holocaustum
1218 4137 1417 4191 suum,
1474 4127 1532 4176 et
1579 4123 1874 4196 principes

236 4201 602 4258 Moabitarum
637 4219 768 4258 cum
799 4206 974 4260 eo.Ad
1011 4222 1183 4277 quem
1219 4207 1391 4264 Balac
1423 4226 1435 4264 :
1474 4210 1872 4284 Quid,inquit,

235 4286 447 4346 locutus
479 4298 576 4347 est
614 4293 944 4348 Dominus?
976 4294 1040 4348 Et
1088 4294 1186 4350 ille
1233 4304 1542 4369 assumpta
1591 4299 1873 4370 parabole

234 4391 343 4446 sua,
375 4380 453 4434 ait
487 4397 500 4435 :
536 4381 862 4450 Sta,Balac,
896 4389 954 4438 et
985 4384 1290 4453 ausculta;
1324 4387 1575 4454 audi,fili
1607 4389 1873 4461 Sepphor

235 4463 300 4533 [h.
332 4467 446 4533 Sta,
482 4471 682 4536 Balac,
717 4475 773 4524 et
803 4472 964 4539 audi,
993 4472 1282 4542 ausculta,
1315 4474 1396 4528 fili
1430 4475 1716 4547 Sepphor,
1748 4478 1865 4534 elo-

1995 3314 2225 3387 irrigui,
2276 3323 2339 3373 ut
2385 3320 2763 3379 tabernacula
2795 3343 2922 3397 quae
2958 3330 3081 3386 fixit
3139 3314 3440 3403 Dominus,
3473 3339 3640 3409 quasi

1995 3405 2151 3460 cedri
2181 3412 2419 3478 propter
2447 3426 2654 3481 aquas.
2704 3413 2865 3470 Fluet
2911 3435 3066 3489 aqua
3107 3421 3178 3476 de
3223 3423 3400 3480 situla
3430 3405 3558 3497 ejus
3582 3433 3642 3484 et

1993 3510 2193 3550 semen
2225 3495 2386 3552 illius
2417 3499 2526 3553 erit
2555 3499 2614 3554 in
2648 3518 2833 3573 aquas
2861 3506 3097 3563 multas.
3125 3510 3385 3568 Tolletur
3406 3495 3642 3587 prapter

1993 3588 2177 3655 Agag,
2218 3601 2315 3640 rex
2344 3587 2494 3656 ejus,
2527 3594 2582 3644 et
2624 3591 2915 3648 auferetur
2962 3613 3203 3669 regnum
3256 3601 3437 3658 illius.
3485 3604 3640 3662 Deus

1991 3673 2192 3728 eduxit
2219 3690 2354 3730 eum
2389 3677 2459 3731 de
2489 3679 2750 3750 IEgypto,
2785 3685 2956 3754 cujus
2982 3686 3264 3744 fortitudo
3297 3692 3516 3748 similis
3548 3699 3640 3750 est

1990 3760 2782 3826 rhinocerotis.Devorabunt
2808 3778 3010 3842 gentes
3042 3775 3242 3832 hostes
3275 3777 3632 3850 illius,ossa-

1988 3865 2102 3918 que
2150 3867 2353 3906 eorum
2404 3855 2795 3928 confringant,
2845 3865 2900 3915 et
2949 3864 3330 3932 perforabunt
3379 3870 3631 3939 sagittis.

1984 3941 2290 3994 Accubans
2323 3942 2595 3998 dormivit
2639 3951 2700 4000 ut
2731 3945 2842 4014 leo,
2892 3954 2948 4004 et
2991 3954 3161 4022 quasi
3200 3954 3400 4024 leaena,
3459 3975 3636 4028 quam

1985 4029 2272 4084 suscitare
2306 4032 2502 4087 nullus
2533 4036 2788 4092 audebit.
2825 4039 2903 4107 [h.
2931 4040 3068 4105 Quis
3099 4044 3414 4100 suscitabit
3440 4047 3630 4119 eum?]

1983 4115 2092 4180 Qui
2127 4118 2482 4175 benedixerit
2512 4123 2640 4192 tibi,
2691 4126 2796 4179 erit
2825 4133 2882 4181 et
2925 4128 3050 4198 ipse
3101 4132 3445 4190 benedictus
3480 4153 3493 4190 :
3528 4115 3629 4208 qui

1985 4205 2345 4263 maledixerit
2375 4210 2480 4264 tibi
2513 4212 2706 4281 [Vulg.
2740 4222 2845 4270 tae.
2876 4216 3027 4289 tibi],
3067 4219 3124 4274 in
3156 4205 3627 4282 maledictionem

1982 4294 2366 4365 reputabitur.
2404 4301 2711 4371 [ratusque
2742 4303 2913 4359 Balac
2945 4312 3146 4363 contra
3178 4311 3440 4382 Balaam,
3467 4331 3626 4370 com-

1979 4383 2162 4453 plosis
2212 4386 2508 4453 manibus,
2556 4390 2683 4444 ait:
2721 4392 2806 4446 Ad
2852 4394 3324 4455 maledicendum
3373 4402 3629 4461 inimicis

1981 4473 2126 4527 meis
2147 4476 2345 4529 vocavi
2379 4477 2678 4547 te,quibus
2700 4497 2731 4535 e
2752 4485 3045 4540 contrario
3061 4488 3231 4544 tertio
3254 4489 3626 4550 benedixisti:

231 4555 347 4622 quia
375 4563 522 4624 mea]
562 4575 576 4613 ε
613 4558 737 4613 Non
783 4565 873 4615 est
917 4565 1074 4616 Deus
1128 4563 1291 4632 quasi
1343 4564 1541 4633 homo,
1593 4572 1658 4621 ut,
1707 4583 1866 4622 men-
1900 4589 1945 4653 Β
1978 4567 2258 4653 revertere
2291 4564 2372 4635 [h.
2421 4567 2574 4638 fuge]
2623 4570 2693 4623 ad
2745 4570 2938 4628 locum
2994 4579 3185 4631 tuum.
3248 4585 3627 4640 Decreveram

230 4641 426 4699 tiatur:
463 4663 574 4702 nec
623 4648 686 4700 ut
725 4647 882 4703 ﬁlius
934 4648 1218 4715 hominis,
1269 4656 1331 4706 ut
1379 4657 1656 4708 mutetur.
1711 4655 1866 4710 Dixit
1900 4641 1941 4653 υ
1976 4651 2211 4743 quidem
2245 4655 2554 4743 magniﬁce
2600 4657 2886 4716 honorare
2931 4666 3007 4731 te,
3057 4667 3155 4721 sed
3190 4671 3474 4726 Dominus
3508 4675 3625 4743 pri-

231 4743 366 4801 ergo,
395 4740 450 4788 et
479 4752 598 4790 non
633 4735 854 4791 faciet?
884 4735 1117 4793 locutus
1167 4743 1277 4808 est,
1310 4744 1367 4794 et
1399 4757 1514 4796 non
1546 4741 1864 4814 implebit?

231 4819 301 4873 Ad
331 4821 796 4880 benedicendum
829 4825 1119 4882 adductus
1151 4844 1284 4883 sum
1319 4831 1358 4897 ¹,
1397 4829 1862 4889 benedictionem

232 4911 518 4975 prohibere
551 4930 666 4968 non
693 4914 858 4969 valeo
889 4913 972 4987 [h.
1004 4920 1151 4972 Ecce
1173 4917 1607 4977 benedictiones
1637 4922 1861 4995 accepi,

231 5014 259 5051 a
283 5001 490 5068 quibus
523 5002 824 5073 prohiberi
857 5021 968 5060 non
1004 5004 1211 5078 valeo].
1249 5008 1372 5063 Non
1407 5014 1496 5064 est
1546 5011 1767 5067 idolum
1803 5012 1861 5068 in

292 5237 306 5267 ι
339 5230 579 5290 Variant
608 5232 716 5287 hoc
746 5232 873 5288 loco
917 5238 1111 5290 textus
1152 5237 1429 5294 Hebrzeus
1477 5257 1543 5295 ac
1593 5240 1860 5297 Samari-

233 5315 386 5372 tanus
421 5337 433 5372 :
471 5320 618 5391 legit
666 5321 942 5377 Hebraeus
971 5333 1110 5408 1m
1143 5311 1328 5413 man)
1358 5339 1472 5413 ’ζἾέ
1503 5341 1638 5396 run,
1691 5331 1861 5387 hinne

233 5401 402 5461 δανεεὴ
434 5410 727 5464 lacahhthi
774 5401 1028 5479 ubereclt,
1077 5413 1186 5468 hoc
1218 5401 1326 5480 est,
1376 5401 1507 5472 Ecce
1547 5420 1862 5477 benedicere

230 5481 410 5563 accepi,
442 5490 493 5534 et
527 5481 828 5536 benedixit.
873 5485 1287 5542 Samaritanus
1319 5493 1516 5544 autem
1552 5493 1632 5545 ita
1663 5491 1860 5563 habet,

238 5572 291 5622 ﬁt
317 5548 458 5654 521"]
490 5579 675 5656 apum
702 5583 882 5656 ΜΠ,
916 5571 1021 5628 heu
1053 5573 1304 5632 lebarech
1344 5577 1592 5648 lacahtz;
1623 5548 1859 5649 abacha,

244 5655 380 5722 quod
430 5655 639 5714 Latine
683 5665 919 5716 vertunt
952 5679 966 5718 :
997 5663 1127 5720 Ecce
1175 5664 1246 5720 ad
1298 5665 1724 5724 benedicendum
1769 5687 1860 5727 as-

1971 4739 2128 4794 vavit
2158 4744 2216 4796 te
2259 4741 2478 4798 honore
2525 4745 2834 4817 disposito.
2892 4751 3217 4824 Respondit
3263 4739 3526 4816 Balaam
3552 4763 3622 4817 ad

1973 4827 2187 4884 Balac:
2222 4829 2427 4887 Nonne
2475 4835 2697 4891 nuntiis
2741 4838 2880 4906 tuis,
2929 4857 3078 4912 quos
3130 4845 3356 4902 misisti
3404 4850 3474 4904 ad
3511 4867 3626 4921 me,
3693 4888 3698 4893 ε

1973 4917 2091 4973 dixi
2125 4935 2138 4972 :
2173 4919 2232 4973 Si
2263 4921 2490 4977 dederit
2519 4923 2664 4979 mihi
2696 4926 2868 4984 Balac
2913 4930 3147 5000 plenam
3181 4935 3421 4992 domum
3454 4917 3624 4995 suam

1975 5007 2200 5078 argenti
2230 5013 2287 5064 et
2330 5012 2483 5079 auri,
2534 5030 2648 5069 non
2699 5021 2901 5086 potero
2950 5023 3249 5090 praeterire
3293 5042 3624 5083 sermonem

1972 5251 2219 5312 sumptus
2248 5258 2396 5309 sum,
2429 5244 2766 5303 benedicam.
2801 5250 2987 5308 MART.

2041 5343 2112 5398 ές
2165 5312 2417 5398 Urbinas
2474 5333 2605 5398 .ms.
2677 5322 2951 5398 inductus
3007 5342 3170 5387 sum;
3212 5345 3340 5398 quae
3388 5329 3621 5385 tantula

1973 5383 2242 5468 lectionis
2274 5385 2604 5468 diversitas,
2644 5393 2814 5447 multi
2848 5396 3112 5452 facienda
3141 5383 3352 5454 est'hic
3381 5383 3621 5468 loci,ubi

1971 5455 2288 5547 origi‘nales
2349 5458 2498 5513 inter
2541 5455 2603 5516 se
2672 5469 2864 5520 textus
2913 5469 3299 5547 discrepant,___
3333 5487 3434 5547 nec
3473 5455 3618 5529 satis

1969 5525 2342 5599 intelligitur,
2372 5546 2488 5595 quo
2533 5549 2710 5588 sensu
2747 5553 2899 5591 nunc
2949 5555 3011 5592 se
3070 5525 3225 5595 dicat
3258 5525 3497 5597 Balaam
3527 5561 3620 5599 ve-

1973 5598 2133 5680 nisse
2176 5599 2247 5726 εξ
2298 5602 2786 5676 benedicendum,
2839 5625 2974 5664 cum
3025 5610 3096 5664 ad
3148 5598 3621 5674 maledicendum

1973 5685 2203 5726 VBDISSB
2236 5713 2248 5726 .

1971 5685 2248 5728 νθωεεθι.
