4068 6172
432 340 534 394 423

430 467 657 523 Domini
696 465 791 521 Dei
829 463 935 519 mei
969 463 1049 533 [h.
1084 477 1200 516 non
1231 458 1404 514 habet
1439 455 1534 511 Dei
1570 454 1795 525 mei],ut
1823 452 1907 508 vel
1931 453 2068 508 boni

427 557 568 627 quid
584 555 666 611 vel
697 554 834 609 mali
869 552 1153 623 proferam
1176 565 1243 604 ex
1261 547 1433 603 corde
1461 562 1621 600 meo:
1656 546 1754 600 sed
1779 543 2064 614 quidquid

427 645 712 701 Dominus
735 641 1076 710 dixerit,hoc
1095 638 1300 710 loquar
1325 637 1352 691 ‘I
1384 637 1799 690 Verumtamen
1825 649 2070 704 pergens

426 737 495 789 ad
524 732 803 805 populum
840 746 1059 797 meum,
1087 730 1235 783 dabo
1281 725 1615 788 consilium,
1649 723 1785 794 quid
1822 722 2072 793 pepulus

425 828 562 877 tuus
596 821 729 876 huic
760 819 972 892 populo
1006 818 1180 874 faciat
1211 822 1468 871 extremo
1511 819 1790 884 tempore.
1824 812 2072 881 Sumpta

421 911 604 983 igitur
633 909 932 982 parabola,
987 923 1225 963 rursum
1260 906 1343 961 ait
1376 923 1387 959 :
1424 903 1580 959 Dixit
1629 901 1860 957 Balaam
1915 900 2071 955 ﬁlius

424 1000 603 1067 Beor,
653 998 802 1054 dixit
857 998 1053 1065 homo,
1105 996 1279 1065 cujus
1334 995 1645 1049 obturatas
1690 995 1778 1045 est
1826 988 2068 1056 oculus;

425 1089 565 1143 dixit
601 1089 832 1143 auditor
857 1101 1197 1142 sermonum
1235 1083 1349 1152 Dei,
1386 1081 1485 1154 qui
1537 1079 1694 1136 novit
1743 1078 2070 1134 doctrinam

423 1176 712 1232 Altissimi
744 1181 800 1232 et
830 1175 1082 1230 visiones
1105 1172 1538 1244 Omnipotentis
1566 1168 2073 1240 videt,quicadens

430 1271 666 1337 apertos
699 1265 877 1320 habet
910 1263 1356 1319 oculos.Videbo
1389 1277 1546 1329 eum,
1578 1260 1676 1313 sed
1712 1275 1825 1312 non
1860 1257 2031 1311 modo
2059 1272 2071 1308 :

426 1355 703 1410 intuebor
734 1354 923 1420 illum,
961 1354 1060 1409 sed
1095 1369 1206 1407 non
1231 1367 1407 1422 prope
1459 1350 1538 1420 [h.
1573 1348 1752 1403 Video
1781 1363 1937 1413 eum,
1974 1345 2077 1399 sed

427 1460 545 1500 non
581 1444 753 1499 modo
791 1469 804 1510 ;
838 1443 1147 1497 considero
1179 1440 1368 1510 illum,
1401 1440 1495 1494 sed
1540 1455 1651 1493 non
1688 1433 2078 1508 prope].0ric-

393 1539 530 1612 :tur
563 1533 730 1590 stella
761 1551 828 1589 ex
880 1533 1080 1598 Jacob,
1134 1538 1189 1586 et
1238 1534 1548 1600 consurget
1589 1527 1750 1599 virga
1780 1544 1847 1581 ex
1878 1522 2076 1599 Israel,

424 1628 481 1680 et
514 1624 796 1695 percutiet
826 1624 1007 1677 duces
1041 1621 1234 1690 Moab,
1267 1618 1631 1688 vastabitque
1681 1631 1885 1670 omnes
1928 1613 2080 1668 ﬁlios

425 1713 583 1768 Seth.
620 1716 686 1766 Et
730 1712 838 1766 erit
890 1712 1144 1765 ldumaza
1189 1707 1482 1781 possessio
1531 1708 1658 1776 ejus
1710 1721 1722 1758 :
1772 1701 2079 1758 hiereditas

424 1802 554 1857 Seir
586 1803 752 1856 cedet
784 1799 1042 1856 inimicis
1076 1799 1200 1854 suis
1235 1816 1246 1852 :
1282 1796 1457 1853 Israel
1503 1811 1636 1850 vero
1669 1794 1894 1849 fortiter
1921 1796 2069 1863 aget.

419 1853 991 1960 Dedaﬁc'ob'qui
1026 1887 1382 1951 dominetur,
1434 1889 1492 1939 et
1536 1883 1739 1955 perdat
1789 1853 2068 1950 reliquias
2102 1853 2148 1916 Β

419 1979 694 2034 civitatis.
730 1977 994 2048 Cumque
1024 1975 1265 2031 vidisset
1297 1972 1552 2038 Amalec,
1588 1985 1898 2026 assumens
1930 1985 2070 2040 para

418 2067 613 2122 bolam
663 2066 743 2120 ait
799 2085 811 2121 :
868 2063 1230 2136 Principium
1283 2063 1544 2133 gentium
1596 2058 1844 2126 Amalec,
1896 2059 2069 2127 cujus

414 2162 674 2211 extrema
709 2155 1045 2226 perdentur.
1092 2153 1247 2207 Vidit
1301 2165 1528 2221 quoque
1559 2148 1811 2204 Cinaauin
1850 2152 1948 2201 :et
1975 2163 2068 2200 as-

418 2249 660 2314 sumpta
695 2243 974 2314 parabole
1003 2242 1118 2298 ait:
1157 2241 1484 2296 Robustum
1518 2243 1608 2294 est
1637 2237 1876 2308 quidem
1909 2235 2072 2289 habi-

418 2333 679 2388 taculum
723 2338 928 2399 tuum;
963 2333 1063 2386 sed
1121 2331 1169 2385 si
1227 2331 1282 2384 in
1337 2334 1500 2400 petra
1551 2326 1818 2399 posueris
1865 2325 2066 2380 nidum

421 2426 675 2483 tuum,et
703 2421 883 2476 fueris
909 2421 1129 2475 electus
1156 2420 1226 2474 de
1249 2419 1431 2489 stirpe
1452 2417 1623 2473 Cinaei
1649 2416 2068 2486 [Librariorum

420 2526 614 2565 errure
647 2510 854 2564 vitium
892 2509 1148 2574 inolevit,
1182 2514 1246 2562 ut
1277 2524 1377 2578 pro
1410 2507 1598 2561 Cinaeo
1630 2505 1722 2559 hic
1753 2504 1890 2558 Cain
1923 2503 2068 2557 scri-

420 2600 640 2671 batur],
676 2599 938 2670 quandiu
977 2599 1191 2669 poteris
1242 2612 1584 2668 permanere
1612 2594 1638 2648 ?
1683 2595 1865 2648 Assur
1912 2591 2067 2646 enim

419 2688 607 2759 capiet
642 2695 716 2743 te.
768 2689 1206 2757 Assumptaque
1253 2684 1528 2757 parabola
1575 2685 1783 2738 iterum
1838 2680 2070 2736 locutus

398 2782 509 2840 ,est
560 2794 572 2830 ε
631 2779 769 2844 lleu,
822 2776 922 2848 qui
975 2776 1238 2830 victurus
1289 2780 1393 2839 est,
1445 2772 1681 2844 quando
1731 2772 1844 2825 ista
1901 2768 2067 2824 faciet

417 2865 618 2921 Deus?
649 2865 891 2922 Venicnt
923 2867 979 2919 in
1029 2864 1304 2920 trieribus
1355 2863 1423 2918 de
1468 2860 1654 2926 Italia,
1708 2859 2070 2929 superabunt

420 2954 716 3026 Assyrios,
759 2957 1198 3024 vastabuntquc
1230 2953 1519 3015 Hebraeos,
1554 2955 1609 3005 et
1641 2950 1710 3003 ad
1744 2955 2069 3002 extremum

421 3043 596 3099 etiam
631 3043 740 3114 ipsi
789 3043 1084 3113 peribunt.
1138 3042 1522 3111 Surrexitque
1572 3038 1831 3104 Balaam,
1875 3040 1932 3090 et
1981 3051 2068 3090 re-

417 3148 621 3186 versus
655 3137 742 3186 est
773 3131 833 3184 in
865 3130 1058 3186 locum
1093 3147 1266 3185 suum
1301 3145 1314 3182 :
1352 3127 1517 3183 Balac
1550 3142 1782 3199 quoque
1838 3123 2072 3194 via,qua

417 3225 676 3284 venerat,
706 3219 900 3274 rediit.

492 3346 573 3413 ['I‘.
609 3341 732 3407 XV,
769 3345 828 3398 B.
860 3343 996 3411 LVI,
1031 3343 1092 3398 C.
1131 3343 1294 3410 LXV,
1329 3343 1460 3412 Cap.
1499 3340 1686 3410 XXV]
1736 3339 2069 3394 Morabatur

420 3440 616 3486 autem
649 3450 714 3486 eo
745 3438 1006 3503 tempore
1041 3432 1212 3486 Israel
1251 3433 1305 3484 in
1349 3430 1618 3496 Setthim,
1652 3435 1711 3482 et
1742 3427 2068 3482 fornicatus

422 3526 512 3574 est
543 3519 797 3591 populus
829 3537 960 3574 cum
1015 3519 1248 3573 filiabus
1303 3520 1493 3582 Moab,
1547 3535 1671 3588 qua:
1719 3520 2070 3571 vocaverunt

418 3624 516 3663 eos
547 3610 616 3663 ad
653 3608 945 3662 sacriﬁcia
977 3626 1084 3663 sua
1117 3608 1198 3676 [h.
1235 3608 1304 3661 ad
1342 3608 1631 3662 sacriﬁcia
1663 3607 1904 3658 deorum
1933 3619 2068 3657 suo-

418 3701 670 3765 rum].At
690 3696 771 3751 illi
791 3698 1171 3752 comederunt
1188 3702 1244 3751 et
1261 3697 1654 3750 adoraverunt
1678 3695 1816 3748 deos
1841 3708 2064 3747 earum.

415 3787 804 3856 Initiatusque
836 3792 924 3840 est
958 3787 1132 3840 Israel
1186 3784 1600 3854 Beel-Phehor,
1654 3789 1710 3838 et
1743 3784 1926 3836 iratus
1961 3786 2066 3835 Do-

415 3875 612 3929 minus
641 3875 818 3930 Israel
849 3875 929 3944 [h.
966 3877 1414 3945 Adjunctusque
1440 3880 1529 3928 est
1562 3870 1938 3938 Israel.Vulg.
1959 3873 2064 3925 tac.

415 3963 634 4033 Israel],
667 3964 749 4018 ait
781 3965 848 4017 ad
888 3964 1086 4018 Mosen
1124 3979 1136 4016 :
1165 3961 1326 4017 Tolle
1357 3967 1595 4016 cunctos
1639 3960 1930 4032 principes
1967 3975 2066 4030 po-

416 4052 560 4123 puli,
593 4057 648 4106 et
679 4055 972 4122 suspende
991 4069 1089 4106 eos
1121 4058 1322 4106 contra
1347 4050 1529 4105 solem
1553 4050 1608 4102 in
1645 4048 1926 4120 patibulis
1962 4064 1974 4102 :
2006 4051 2071 4101 ut

323 4133 326 4136 ’
414 4147 707 4197 avertatur
737 4142 898 4196 furor
929 4157 1095 4195 meus
1129 4141 1198 4195 ab
1234 4139 1432 4196 Israel.
1467 4139 1737 4208 Dixitque
1771 4137 1962 4192 Moses
1996 4137 2066 4191 ad

403 4233 640 4301 judices
695 4229 870 4284 Israel
924 4248 936 4284 :
996 4230 1234 4285 Decidat
1302 4231 1717 4300 unusquisque
1773 4227 2068 4298 proximos

415 4337 578 4385 suos,
608 4320 707 4391 qui
741 4321 952 4394 initiati
994 4322 1073 4390 [h.
1126 4321 1412 4390 adjuncti]
1461 4326 1601 4374 sunt
1654 4316 2065 4386 Beel-Phebor.

419 4411 486 4464 Et
508 4425 639 4463 ecce
662 4426 815 4464 unus
837 4410 906 4464 de
935 4410 1070 4462 filiis
1103 4408 1277 4463 Israel
1305 4408 1546 4463 intravit
1569 4424 1763 4463 coram
1792 4406 2067 4460 fratribus

411 4497 536 4553 suis
567 4498 636 4550 ad
671 4504 932 4552 scortum
964 4497 1574 4566 Madianitin,vidente
1606 4497 1782 4561 Mose,
1820 4502 1876 4549 et
1905 4495 2066 4550 omni

1474 334 1533 386 S.
1576 327 1982 383 HIERONYMI
2021 329 2274 382 DIVINA
2315 330 2810 385 BIBLIOTHECA.

3729 338 3838 392 424

2184 470 2381 524 pacem
2417 456 2646 511 frnderis
2680 456 2815 525 mei,
2849 461 2906 511 et
2937 458 3046 512 erit
3090 462 3207 514 tam
3261 460 3373 532 ipsi
3407 479 3581 533 quam
3617 465 3836 520 semini

2183 543 2342 598 illius
2378 551 2609 615 pactum
2646 546 2955 601 sacerdotii
2981 549 3575 621 sempiternum,quia
3610 553 3839 608 zelatus

2183 639 2270 687 est
2299 651 2402 704 pro
2442 640 2552 688 Deo
2586 652 2716 704 suo,
2753 641 2808 690 et
2841 637 3096 707 expiavit
3126 640 3318 694 scelus
3344 641 3597 696 ﬁliorum
3632 643 3837 698 Israel.

2183 722 2316 776 Erat
2348 728 2539 777 autem
2575 741 2783 779 nomen
2820 726 2922 780 viri
2975 726 3270 794 Israelita,
3323 730 3424 799 qui
3468 730 3698 786 occisus
3749 737 3841 787 est

2183 827 2315 866 cum
2351 811 2748 882 Madianitide,
2782 814 3009 870 Zambri
3064 816 3226 871 ﬁlius
3274 817 3430 885 Selu,
3486 821 3603 874 dux
3635 822 3707 875 de
3737 838 3839 876 co-

2183 899 2456 970 gnatione
2484 908 2540 956 et
2573 902 2727 956 tribu
2778 903 3088 959 Simeonis.
3152 906 3322 961 Porro
3370 908 3582 963 mulier
3614 909 3838 965 Madia-

2186 989 2344 1058 nitis,
2377 1005 2503 1060 quae
2537 991 2753 1060 pariter
2785 992 3090 1048 interfecta
3122 999 3229 1058 est,
3265 997 3578 1053 vocabatur
3598 998 3837 1067 Chozbi,

2187 1077 2305 1132 ﬁlia
2353 1080 2483 1145 Sur,
2537 1080 2818 1150 principis
2873 1081 3220 1137 nobilissimi
3265 1084 3719 1141 Madianitarum
3749 1089 3834 1156 [Β.

2187 1166 2374 1237 LVII].
2412 1167 2782 1238 Locutusque
2815 1175 2903 1224 est
2933 1170 3219 1227 Dominus
3247 1173 3315 1227 ad
3354 1173 3572 1241 Mosen,
3608 1177 3834 1232 dicens:

2188 1254 2390 1309 Hostes
2426 1273 2522 1311 vos
2567 1257 2825 1313 sentiant
2873 1259 3224 1326 Madianitaa,
3260 1266 3316 1316 et
3366 1263 3649 1333 percutite
3682 1281 3783 1321 eos
3819 1283 3834 1320 :

2188 1344 2324 1414 quia
2355 1349 2411 1399 et
2441 1344 2548 1414 ipsi
2585 1345 2878 1402 hostiliter
2915 1355 3163 1420 egerunt
3193 1356 3394 1405 contra
3427 1369 3547 1422 vos,
3582 1358 3638 1407 et
3668 1354 3838 1410 dece-

2189 1450 2324 1503 pere
2355 1433 2586 1490 insidiis
2621 1453 2722 1506 per
2747 1436 2970 1492 idolum
3005 1438 3255 1503 Phehor,
3306 1446 3361 1495 et
3407 1441 3618 1497 Chozbi
3654 1442 3835 1498 ﬁliam

2190 1522 2355 1578 ducis
2386 1524 2613 1580 Madian
2645 1542 2903 1581 sororem
2937 1544 3127 1594 suain,
3164 1546 3291 1599 quae
3325 1547 3601 1601 percussa
3633 1536 3721 1586 est
3773 1531 3832 1586 in

2190 1611 2283 1666 die
2316 1611 2496 1684 plagae
2526 1630 2628 1684 pro
2660 1615 2965 1686 sacrilegio
2996 1616 3244 1674 Phehor.

2259 1735 2344 1805 (B.
2390 1736 2585 1801 LVIII,
2645 1737 2704 1793 C.
2770 1738 2985 1806 LXVII,
3044 1743 3179 1809 Cap.
3238 1739 3452 1812 XXVI.)
3509 1741 3833 1814 Postquam

2190 1825 2490 1880 noxiorum
2525 1827 2768 1897 sanguis
2817 1829 3037 1883 effusus
3086 1835 3197 1897 est,
3248 1830 3394 1885 dixit
3441 1831 3726 1887 Dominus
3759 1835 3832 1888 ad

2178 1912 2400 1979 Mosen,
2435 1922 2491 1969 et
2520 1914 2859 1970 Eleazarum
2895 1916 3080 1972 ﬁlium
3130 1919 3377 1973 Aaronis
3409 1921 3774 1976 sacerdotem
3814 1938 3828 1976 :

2177 2002 2490 2057 Numerata
2514 2020 2747 2058 omnem
2774 2022 3069 2060 summam
3094 2007 3348 2062 ﬁliorum
3377 2008 3601 2063 Isracla
3621 2008 3832 2080 viginti

2179 2091 2346 2146 annis
2376 2099 2432 2146 et
2464 2110 2659 2164 supra,
2695 2113 2796 2166 per
2828 2097 3033 2152 domos
3083 2099 3163 2164 [h.
3222 2115 3325 2168 per
3355 2100 3560 2154 domos
3594 2106 3833 2170 patrum

2178 2183 2464 2252 suorum],
2499 2189 2556 2238 et
2586 2185 2963 2255 cognationes
2981 2203 3154 2253 suas,
3180 2193 3421 2244 cunctos
3451 2190 3548 2259 qui
3585 2195 3838 2258 possunt

2178 2269 2248 2324 ad
2283 2269 2431 2325 bella
2475 2273 2806 2342 procedere.
2868 2275 3065 2330 Locuti
3116 2284 3254 2330 sunt
3307 2276 3508 2348 itaque
3558 2278 3746 2333 Moses
3780 2286 3842 2333 et

2179 2357 2413 2413 Eleazar
2443 2361 2523 2430 [h.
2549 2361 3014 2418 Numeraverunt
3037 2365 3233 2435 itaque
3259 2364 3448 2420 Moses
3487 2371 3544 2419 et
3574 2365 3836 2438 Eleazar]

2179 2449 2451 2503 sacerdos
2486 2450 2543 2504 in
2599 2452 3032 2521 campestribus
3083 2453 3252 2508 Moab
3307 2470 3482 2524 super
3510 2455 3834 2510 Jordanem

2179 2542 2381 2592 contra
2409 2539 2653 2606 Jericbo,
2686 2542 2755 2594 ad
2805 2557 2904 2597 eos
2947 2542 3044 2612 qui
3077 2546 3243 2597 erant
3274 2560 3307 2597 a
3336 2543 3540 2613 viginti
3572 2545 3744 2599 annis
3778 2550 3840 2600 et.

2179 2642 2380 2695 supra,
2413 2628 2564 2681 sicut
2594 2628 2880 2684 Dominus
2931 2630 3267 2702 imperarat,
3301 2648 3547 2702 quorum
3599 2633 3709 2688 iste
3741 2638 3836 2688 est
3871 2641 3878 2648 '

2180 2731 2499 2771 numerus:
2526 2720 2724 2772 Ruben
2762 2721 3188 2790 primogenitae
3209 2722 3408 2776 Israel.
3432 2721 3620 2791 Hujus
3648 2723 3832 2792 ﬁlius,

2178 2804 2354 2869 Enoc,
2405 2823 2438 2859 a
2487 2823 2601 2876 quo
2658 2807 2877 2863 familia
2931 2809 3344 2864 Enochitarum
3383 2828 3395 2865 :
3429 2815 3485 2866 et
3537 2810 3769 2877 Phallu,
3803 2831 3841 2867 a

2179 2909 2293 2962 quo
2329 2894 2552 2949 familia
2584 2895 3032 2964 Phallnitarum,
3064 2904 3121 2952 et
3165 2899 3366 2967 Esron,
3401 2917 3432 2954 a
3464 2915 3580 2969 quo
3607 2900 3841 2956 familia

2179 2982 2602 3050 Esronitarum,
2636 2992 2694 3038 et
2724 2984 2977 3050 Charmi,
3015 3004 3047 3040 a
3078 3003 3191 3057 quo
3242 2987 3466 3042 familia
3497 2987 3832 3043 Charmita-

2181 3085 2332 3124 rum.
2360 3071 2454 3124 Hm
2504 3078 2642 3126 sunt
2692 3073 2925 3128 familiae
2958 3076 3028 3129 de
3058 3076 3237 3146 stirpe
3289 3077 3531 3144 Ruben,
3569 3094 3825 3146 quarum

2181 3173 2464 3214 numerus
2493 3159 2764 3216 inventus
2795 3168 2906 3228 est,
2958 3164 3350 3234 quadraginta
3398 3166 3512 3220 tria
3543 3164 3734 3219 millia
3766 3171 3827 3221 et

2177 3246 2528 3318 septingenti
2585 3250 2841 3321 triginta.
2901 3251 3076 3306 Filius
3119 3251 3347 3321 Phallu,
3401 3253 3588 3309 Eliab.
3633 3256 3829 3322 Hujus

2177 3335 2554 3399 ﬁlii,Namuel
2585 3345 2642 3393 et
2676 3339 2981 3406 Dathan,et
3012 3339 3384 3395 Abiram.lsti
3415 3349 3557 3396 sunt
3589 3342 3825 3399 Dathan

2178 3430 2233 3477 et
2270 3424 2500 3479 Abiram
2538 3427 2832 3498 principes
2861 3428 3182 3499 populi,qui
3206 3437 3590 3486 surrexerunt
3622 3438 3834 3488 contra

2178 3513 2373 3567 Mosen
2405 3520 2462 3568 et
2491 3517 2679 3570 Aaron
2713 3516 2768 3569 in
2802 3516 3086 3571 seditione
3133 3522 3297 3582 Core,
3354 3519 3588 3588 quando
3622 3527 3835 3576 contra

2180 3602 2491 3658 Dominum
2536 3604 2916 3673 rebellarunt,
2948 3612 3004 3660 ot
3053 3607 3322 3677 aperiens
3371 3612 3526 3662 terra
3556 3625 3621 3664 os
3652 3626 3830 3664 suum

2177 3691 2631 3748 devoravitCore
2661 3696 2740 3764 [g.
2775 3695 3083 3765 deglutivit
3113 3712 3210 3750 eos
3243 3701 3300 3750 et
3327 3698 3518 3767 Core],
3554 3702 3813 3754 morien-

2179 3780 2331 3834 tibus
2366 3782 2655 3852 plurimis,
2686 3785 2921 3854 quando
2963 3786 3294 3839 combussit
3337 3785 3493 3855 ignis
3537 3787 3826 3843 ducentos

2178 3871 2608 3941 quinquaginta
2639 3873 3038 3939 viros,factum
3072 3880 3159 3928 est
3189 3875 3411 3944 grande
3443 3875 3829 3946 miraculum,

2179 3963 2260 4022 ut,
2293 3959 2436 4013 Core
2469 3965 2765 4030 pereunte,
2799 3961 2900 4015 ﬁlii
2951 3961 3110 4016 illius
3163 3979 3274 4017 non
3309 3962 3566 4033 perirent
3595 3964 3676 4034 [h.
3718 3965 3830 4020 ﬁlii

2177 4063 2408 4117 quoque
2429 4047 2569 4103 Core
2593 4067 2704 4103 non
2730 4051 3212 4121 pericrunt].Fitii
3233 4051 3465 4106 Simeon
3491 4068 3593 4122 per
3613 4069 3832 4124 cogna-

2178 4137 2365 4191 tiones
2387 4139 2899 4206 suas.Namuel,ab
2923 4139 3029 4193 hoc
3055 4139 3278 4194 familia
3309 4140 3773 4196 Namuelitarum
3813 4159 3830 4198 :

2177 4223 2391 4288 Jamin,
2443 4227 2514 4279 ab
2567 4227 2670 4281 hoc
2722 4227 2942 4282 familia
2988 4228 3400 4284 Jaminitarum
3437 4246 3449 4283 :
3483 4229 3715 4296 Jaehin,
3751 4232 3830 4286 ab

2178 4313 2287 4368 hoc
2337 4314 2561 4370 familia
2605 4316 3029 4371 Jachinitarum
3059 4335 3070 4382 ;
3106 4317 3266 4386 Zare,
3318 4319 3392 4372 ab
3442 4319 3549 4372 hoc
3597 4319 3832 4376 familia

2175 4402 2568 4471 Zarcitarum;
2603 4405 2759 4472 Saul,
2794 4407 2865 4459 ab
2905 4405 3014 4460 hoc
3051 4405 3269 4460 familia
3313 4405 3690 4464 Saulitarum.
3730 4409 3830 4462 Ha:

2177 4497 2315 4546 sunt
2372 4491 2605 4547 familiae
2663 4494 2732 4548 de
2787 4494 2966 4564 stirpe
2999 4495 3255 4562 Simeon,
3318 4511 3568 4565 quarum
3624 4498 3827 4552 omnis

413 4588 584 4639 turba
615 4585 871 4639 ﬁliorum
915 4587 1114 4653 Israel,
1146 4586 1245 4656 qui
1283 4586 1501 4640 ﬂebant
1530 4591 1663 4640 ante
1685 4585 1836 4638 fores
1872 4585 2056 4638 taber-
2091 4577 2135 4640 D
2169 4599 2452 4636 numerus
2487 4584 2620 4648 fuit,
2653 4583 2858 4654 viginti
2891 4585 3006 4638 duo
3043 4584 3230 4638 millia
3251 4583 3507 4639 ducenti.
3542 4583 3669 4638 Filii
3694 4585 3827 4641 Gad

417 4675 608 4728 naculi
643 4674 727 4746 [C.
765 4674 974 4744 LXVI].
1001 4674 1163 4740 Quod
1197 4692 1330 4729 cum
1357 4675 1596 4730 vidisset
1625 4674 1872 4728 Phincos
1904 4673 2062 4726 ﬁlius

417 4762 651 4818 Eleazar
683 4763 784 4818 filii
825 4765 1014 4819 Aaron
1063 4765 1403 4832 sacerdotis,
1458 4763 1708 4818 surrexit
1751 4763 1820 4817 de
1871 4762 2061 4817 medio

419 4849 842 4916 multitudinis,
872 4857 929 4904 et
954 4859 1185 4922 arrepto
1219 4851 1800 4923 pugione,ingressus
1823 4854 1910 4904 est
1933 4857 2063 4919 post

416 4937 605 4992 virum
656 4939 957 4994 Israeliten
1009 4940 1067 4993 in
1122 4939 1392 5011 lupanar,
1453 4947 1510 4994 et
1559 4939 1811 5010 perfodit
1857 4938 2061 4992 ambos

417 5027 618 5095 simul,
651 5030 841 5082 virum
875 5027 1100 5083 scilicet
1129 5034 1186 5082 et
1215 5028 1546 5097 mulierem,
1581 5029 1639 5082 in
1673 5027 1813 5082 locis
1844 5025 2062 5097 genita-

414 5115 591 5172 libus.
645 5117 1022 5186 Cessavitque
1055 5118 1226 5188 plaga
1267 5135 1300 5170 a
1347 5116 1480 5171 ﬁliis
1531 5116 1727 5183 Israel,
1780 5123 1837 5170 et
1883 5114 2057 5170 occisi

418 5213 558 5261 sunt
602 5205 801 5277 viginti
859 5210 1114 5276 quatuor
1179 5206 1364 5260 millia
1411 5205 1741 5260 hominum.
1795 5205 2061 5274 Dixitque

414 5295 705 5351 Dominus
757 5297 826 5350 ad
880 5295 1078 5350 Mosen
1117 5312 1130 5350 :
1166 5294 1416 5349 Pbinees
1465 5295 1623 5349 ﬁlius
1676 5293 1909 5347 Eleazar
1960 5292 2059 5346 lilii

414 5387 603 5439 Aaron
640 5385 963 5440 sacerdotis
995 5384 1204 5438 avertit
1234 5384 1381 5438 iram
1405 5399 1594 5438 meam
1627 5399 1660 5436 a
1694 5380 1828 5436 ﬁliis
1860 5381 2057 5452 Israel,

416 5474 554 5543 quia
580 5472 701 5528 zelo
752 5459 881 5528 meo
930 5478 1252 5528 commotus
1293 5478 1382 5527 est
1423 5477 1625 5527 contra
1671 5487 1793 5538 eos,
1846 5477 1911 5526 ut
1943 5487 2058 5525 non

417 5562 542 5632 ipse
577 5562 825 5618 delerem
863 5561 1014 5616 filios
1051 5561 1225 5617 Israel
1270 5561 1326 5615 in
1375 5561 1491 5616 zelo
1542 5576 1688 5614 meo.
1724 5560 1942 5614 Idcirco
1976 5559 2056 5615 lo-

419 5666 596 5720 quere
617 5653 685 5706 ad
724 5667 856 5706 eum
891 5651 973 5724 [h.
1004 5668 1116 5707 non
1153 5651 1346 5721 habet,
1382 5651 1452 5706 ad
1484 5649 1637 5721 eum]
1671 5665 1685 5709 :
1721 5650 1862 5705 Ecce
1891 5649 1964 5704 do
2007 5649 2058 5704 ei

2171 4689 2274 4742 per
2305 4673 2684 4743 cognationes
2717 4689 2855 4727 suas
2889 4689 2902 4726 :
2938 4673 3194 4744 Sephon,
3227 4674 3298 4727 ab
3332 4673 3438 4728 hoc
3473 4673 3696 4728 familia
3729 4674 3835 4730 Se-

2171 4760 2792 4833 phonitarum;Aggi,
2853 4763 2925 4816 ab
2982 4761 3090 4817 hoc
3152 4761 3374 4817 familia
3431 4761 3830 4834 Aggitarum;

2169 4849 2335 4913 Sani,
2368 4850 2437 4903 ab
2469 4849 2584 4904 hoc
2620 4849 2845 4905 familia
2876 4849 3212 4905 Sunitarum
3239 4868 3252 4919 ;
3284 4851 3452 4910 Ozni,
3504 4853 3575 4905 ab
3608 4850 3718 4906 hoc
3741 4851 3836 4907 fa-

2172 4935 2333 4991 milia
2365 4939 2703 4994 Oznitarum
2733 4959 2746 5007 ;
2781 4940 3017 5010 Heri,ab
3052 4941 3156 4994 hoc
3191 4939 3414 4994 familia
3444 4939 3779 4996 Heritarum
3810 4962 3826 5010 ;

2170 5027 2348 5094 Arod,
2381 5027 2451 5080 ab
2485 5026 2592 5082 hoc
2642 5028 2864 5082 familia
2909 5028 3281 5083 Aroditarum
3313 5045 3327 5095 ;
3361 5027 3538 5094 Areli,
3590 5028 3662 5084 ab
3713 5028 3829 5085 hoc

2172 5114 2395 5167 familia
2427 5115 2798 5170 Arelitarum.
2825 5115 2954 5172 Istae
2986 5122 3124 5171 sunt
3157 5115 3830 5188 familim,Gad,quarum

2170 5202 2364 5257 omnis
2398 5220 2678 5260 numerus
2712 5205 3244 5276 fuit,quadraginta
3274 5203 3462 5259 millia
3490 5206 3826 5277 quingenti.

2172 5292 2294 5346 Filii
2324 5292 2497 5359 Juda,
2534 5293 2646 5348 Her
2677 5300 2728 5349 et
2758 5295 2946 5357 Onan,
2980 5296 3081 5365 qui
3114 5294 3287 5349 ambo
3339 5293 3556 5348 mortui
3589 5298 3734 5348 sunt
3764 5297 3830 5351 in

2169 5385 2323 5436 terra
2355 5381 2652 5437 Chanaan.
2692 5383 3066 5454 Fueruntque
3119 5382 3224 5437 ﬁlii
3268 5383 3438 5447 Juda,
3473 5398 3572 5453 per
3602 5399 3830 5454 cognao

2170 5471 2360 5525 tiones
2391 5487 2532 5526 suas
2581 5487 2593 5526 :
2655 5471 2806 5541 Sela,
2865 5492 2897 5527 a
2945 5489 3060 5544 quo
3108 5471 3331 5527 familia
3383 5470 3823 5528 Selanitarum:

2169 5558 2408 5628 Phares,
2443 5577 2476 5613 a
2508 5576 2624 5630 quo
2660 5561 2880 5616 familia
2935 5561 3410 5623 Pharesitarum;
3446 5561 3606 5626 Zare,
3641 5577 3673 5614 a
3705 5579 3827 5633 quo

2169 5647 2396 5704 familia
2433 5649 2818 5706 Zareitarum.
2870 5655 3048 5708 Porro
3097 5649 3203 5705 lilii
3253 5649 3471 5705 Phares
3503 5665 3516 5704 :
3551 5649 3756 5719 Esron,
3791 5668 3824 5708 ε
