4068 6172
274 276 364 332 425
1607 277 1824 333 LIBER
1864 276 2356 334 NUMEROBUM.

3555 278 3668 337 426

281 419 377 474 quo
405 402 630 459 familia
658 403 1062 461 Esronitarum
1093 422 1107 474 ;
1141 408 1196 461 et
1227 403 1420 474 Amul,
1453 420 1487 460 a
1534 419 1649 475 quo
1684 401 1907 459 familia
1935 401 1989 469 Α
2020 401 2246 459 familia
2264 403 3657 478 Jaselitarum:Guni,aquofamiliaGunitarum;

276 492 673 550 Amulitarum.
706 496 837 551 Istae
861 500 1000 552 sunt
1029 494 1264 552 familiae
1286 496 1468 560 Iudas,
1500 510 1749 565 quarum
1783 508 1901 548 om-

277 583 351 639 nis
387 599 669 640 numerus
688 585 819 656 fuit,
844 584 1218 658 septuaginta
1248 601 1350 641 sex
1363 582 1547 639 millia
1570 580 1899 655 quingenti.

276 671 386 727 Filii
413 674 701 741 Issachar,
736 691 839 747 per
860 674 1237 747 cognationes
1269 691 1409 730 suas
1445 672 1685 743 :Thola,
1719 688 1752 726 a
1786 688 1902 743 quo

277 762 483 820 familia
513 763 934 832 Tholaitarum;
962 764 1148 833 Phua,
1184 782 1216 820 a
1248 781 1361 835 quo
1395 763 1595 819 famila
1625 760 1904 817 Phuaita-

274 852 636 925 rum;Jasub,
678 871 711 909 a
753 871 868 924 quo
914 853 1138 909 familia
1174 852 1603 919 Jasubitarum;
1638 851 1903 915 Semron,

278 943 662 1016 aquofamilia
693 945 1178 1001 Semronitarum.
1214 944 1308 999 Hae
1340 947 1480 999 sunt
1504 940 1906 1015 cognationes,

276 1032 554 1103 Issachar,
580 1050 829 1105 quarum
860 1050 1141 1090 numerus
1171 1033 1284 1088 fuit
1315 1031 1620 1104 sexaginta
1659 1032 1909 1101 quatuor

275 1122 447 1179 millia
476 1122 743 1179 trecenti.
768 1122 896 1178 Filii
926 1121 1185 1179 Zabulon
1214 1138 1316 1194 per
1337 1118 1716 1193 cognationes
1733 1132 1906 1175 suas:

269 1212 457 1281 Sared,
493 1229 526 1267 a
572 1229 687 1283 quo
742 1212 967 1269 familia
1024 1211 1468 1281 Sareditarum;
1500 1208 1665 1277 Elon,
1711 1226 1743 1264 a
1792 1222 1906 1278 quo

270 1300 481 1357 familia
530 1301 933 1360 Elonitarum:
966 1301 1138 1372 Jalel,
1170 1320 1205 1358 a
1256 1318 1371 1373 quo
1430 1298 1654 1356 familia
1708 1295 1908 1353 Jaleli-

269 1394 473 1448 tarum.
506 1395 603 1447 Hae
636 1398 777 1448 sunt
806 1393 1181 1466 cognationes
1204 1390 1484 1459 Zabulon,
1518 1404 1766 1461 quarum
1798 1403 1907 1441 nu-

272 1498 461 1538 merus
486 1480 597 1538 fuit
626 1482 927 1554 sexaginta
957 1482 1143 1538 millia
1173 1479 1499 1555 quingenti.
1534 1478 1663 1535 Filii
1690 1474 1906 1547 Joseph

272 1588 363 1644 per
411 1572 793 1644 cognationes
851 1588 1010 1628 suas.
1058 1575 1324 1627 Manasse
1377 1575 1434 1625 et
1490 1567 1788 1641 Ephraim.
1830 1568 1909 1620 De

269 1665 528 1717 Manasse
560 1666 723 1718 ortus
753 1666 842 1717 est
868 1661 1111 1731 Machir,
1145 1678 1178 1716 a
1200 1676 1311 1732 quo
1358 1658 1583 1715 familia
1630 1654 1909 1712 Machiri-

271 1755 477 1842 tarum.
508 1750 731 1842 Machir
755 1751 955 1842 genuit
990 1750 1209 1842 Galaad
1242 1767 1275 1805 a
1305 1766 1420 1842 quo
1451 1747 1674 1804 familia
1704 1743 1907 1842 Galaa-
1934 1776 1983 1842 B

271 1841 545 1896 ditarum.
579 1840 797 1898 Galaad
839 1840 1041 1897 habuit
1070 1839 1260 1896 ﬁlios:
1315 1839 1535 1907 Hiezer,
1578 1854 1611 1893 a
1655 1853 1767 1908 quo
1817 1834 1904 1889 fa-

268 1930 414 1985 milia
452 1929 873 1987 Hiezeritarum
898 1948 920 1993 ;
938 1934 994 1986 et
1024 1930 1215 1994 Helec,
1240 1946 1273 1985 a
1301 1944 1418 2000 quo
1442 1926 1664 1983 familia
1688 1922 1905 1980 Heleci-

268 2025 480 2091 tarum,
512 2025 571 2076 et
600 2020 808 2088 Asriel,
842 2037 873 2075 a
905 2036 1020 2093 quo
1072 2018 1297 2075 familia
1354 2016 1762 2074 Asrielitarum
1798 2034 1813 2083 ;
1848 2016 1908 2068 et

264 2109 527 2180 Sechem,
562 2126 595 2165 a
623 2126 736 2180 quo
771 2109 994 2165 familia
1024 2108 1531 2177 Sechemitarum;
1565 2110 1619 2162 et
1648 2103 1905 2168 Semida,

264 2215 292 2252 a
321 2215 431 2269 quo
471 2197 695 2255 familia
721 2198 1219 2268 Semidaitarum;
1252 2201 1309 2254 et
1339 2197 1552 2269 Epher,
1586 2214 1617 2251 a
1671 2210 1786 2267 quo
1820 2194 1907 2248 fa-

265 2288 412 2344 milia
447 2288 886 2361 Epheritarum.
926 2287 1056 2345 Fuit
1104 2293 1300 2344 autem
1332 2286 1522 2359 Epher
1570 2289 1732 2356 pater
1779 2282 1906 2339 Sal-

265 2378 477 2449 phaad,
511 2378 612 2451 qui
641 2378 794 2434 ﬁlios
828 2396 941 2435 non
976 2378 1251 2449 habebat,
1299 2378 1399 2433 sed
1449 2380 1681 2432 tantum
1732 2373 1905 2444 ﬁlias,

267 2484 517 2539 quarum
545 2467 661 2524 ista
690 2471 828 2525 sunt
858 2468 1118 2539 nomina,
1150 2466 1351 2535 Maala,
1379 2469 1435 2523 et
1464 2466 1605 2533 Noa,
1640 2472 1697 2519 et
1744 2461 1905 2535 Egla,

264 2561 314 2611 et
341 2556 598 2623 Melcha,
630 2561 687 2613 et
723 2557 965 2613 Thersa.
996 2561 1095 2611 Hae
1143 2560 1283 2613 sunt
1329 2554 1569 2611 familia:
1614 2554 1905 2618 Manasse,

264 2653 315 2700 et
341 2664 635 2703 numerus
667 2662 868 2703 earum
887 2646 1330 2719 quinquagenta
1351 2646 1465 2701 duo
1487 2642 1669 2700 millia
1685 2642 1911 2715 septin-

269 2738 442 2807 genti.
478 2736 610 2791 Filii
656 2741 853 2792 autem
910 2736 1186 2809 Ephraim
1220 2752 1322 2808 per
1368 2734 1743 2807 cognationes
1771 2748 1910 2789 suas

268 2826 505 2881 fuerunt
533 2825 635 2882 hi:
668 2825 931 2895 Suthala,
963 2842 997 2881 a
1019 2842 1132 2897 quo
1165 2824 1385 2881 familia
1406 2822 1867 2880 Suthalaitarum
1893 2835 1907 2889 ;

270 2915 509 2983 Becher,
526 2932 564 2971 a
594 2931 709 2986 quo
729 2914 949 2970 familia
972 2913 1407 2970 Becheritarum
1432 2934 1446 2983 ς
1471 2912 1912 2982 Thahan,aquo

270 3004 485 3061 familia
536 3004 1025 3061 Thahanitarum.
1088 3008 1265 3059 Porro
1314 3002 1472 3058 ﬁlius
1520 3001 1763 3058 Suthala
1807 3000 1915 3055 fuit

269 3099 482 3165 Heran,
512 3111 547 3149 a
580 3109 695 3166 quo
724 3093 949 3149 familia
969 3093 1400 3149 Heranitarum.
1423 3094 1515 3148 tlte
1538 3097 1677 3148 sunt
1702 3108 1915 3163 cogna-

267 3185 455 3240 tiones
504 3182 768 3239 ﬁliorum
818 3182 1118 3255 Ephraim,
1169 3199 1419 3253 quorum
1477 3198 1759 3237 numerus
1807 3180 1919 3236 fuit

264 3274 510 3346 triginta
534 3273 657 3328 duo
681 3271 864 3328 millia
884 3273 1209 3344 quingenti.
1234 3273 1338 3328 Isti
1370 3276 1510 3328 sunt
1562 3271 1666 3325 ﬁlii
1699 3270 1915 3342 Joseph

264 3382 358 3435 per
386 3363 655 3420 familias
687 3379 844 3420 suas.
880 3362 1008 3419 Filii
1040 3363 1345 3434 Bcnjamin
1378 3363 1438 3419 in
1471 3363 1918 3436 cognationibus

265 3455 424 3512 suis:
457 3453 630 3520 Bale,
693 3470 727 3509 a
784 3470 898 3526 quo
946 3452 1171 3509 familia
1228 3453 1576 3509 Baleitarum
1604 3471 1619 3523 ;
1648 3452 1845 3523 Asbel,
1888 3470 1921 3509 a

270 3561 380 3616 quo
409 3542 652 3601 familia
674 3541 1072 3599 Asbelitarum
1099 3559 1113 3598 :
1147 3542 1410 3613 Ahiram,
1441 3560 1477 3599 a
1534 3559 1648 3614 quo
1697 3542 1923 3598 familia

264 3633 744 3690 Abiramitarum
772 3648 787 3699 ;
816 3632 1212 3705 Sephupbam,
1244 3650 1279 3688 a
1307 3649 1419 3703 quo
1443 3632 1666 3688 familia
1695 3631 1920 3704 Sephu-

264 3723 677 3794 pbamitarum
703 3725 719 3757 ί
751 3740 765 3789 ;
792 3721 1086 3793 Hupbam,
1119 3738 1152 3777 a
1191 3737 1305 3793 quo
1337 3720 1560 3776 familia
1591 3721 1920 3793 Hupbami-

266 3817 481 3868 tarum.
524 3810 655 3866 Filii
684 3809 841 3877 Bale,
865 3811 1003 3880 Ard,
1036 3815 1095 3867 et
1123 3811 1404 3867 Naaman.
1430 3811 1511 3867 De
1559 3811 1674 3866 Ard
1700 3809 1924 3866 familia

264 3904 609 3959 Arditarum
637 3917 651 3956 :
684 3900 946 3956 Naaman
990 3901 1062 3956 de
1127 3899 1352 3956 familia
1394 3899 1826 3956 Naamitarum.
1856 3904 1923 3969 Πί

264 3998 398 4049 sunt
419 3992 540 4048 ﬁlii
578 3991 882 4062 Benjamin
913 4006 1015 4062 per
1043 3990 1422 4062 cognationes
1464 4007 1624 4055 suas,
1670 4005 1923 4061 quorum

264 4098 562 4138 numerus
595 4079 983 4152 quadraginta
1014 4079 1274 4151 quinque
1293 4078 1478 4135 millia
1500 4077 1777 4135 sexcenti.
1795 4076 1923 4132 Filii

262 4170 382 4227 Dan
417 4189 532 4244 per
564 4170 943 4242 cognationes
987 4186 1146 4225 suas.
1181 4168 1424 4237 Suham,
1458 4185 1492 4224 a
1540 4185 1653 4239 quo
1704 4166 1925 4222 familia

260 4261 744 4317 Suhamitarum.
784 4259 879 4316 Hae
940 4259 1314 4330 cognationes
1347 4258 1471 4314 Dan
1522 4272 1622 4328 per
1675 4255 1926 4312 familias

266 4368 429 4408 suas.
468 4351 699 4407 Omnes
730 4350 889 4405 fuere
941 4348 1287 4417 Suhamitaa,
1342 4363 1590 4419 quorum
1643 4361 1927 4401 numerus

263 4447 389 4498 erat
430 4439 753 4512 sexaginta
800 4442 1053 4511 quatuor
1101 4437 1289 4493 millia
1334 4436 1773 4509 quadringenti.
1798 4434 1927 4491 Filii

2005 492 2192 565 Jezer,
2234 513 2267 551 a
2296 512 2410 567 quo
2461 496 2681 554 familia
2727 496 3150 555 Jezeritarum:
3182 498 3415 566 Sellem,
3465 515 3500 555 a
3542 514 3659 570 quo

2011 583 2234 638 familia
2258 584 2712 643 Sellemitarum.
2734 591 2830 643 Hae
2845 592 2983 644 sunt
3002 588 3382 661 cognationes
3404 586 3661 645 ﬁliorum

2009 671 2279 743 Nepthati
2312 691 2415 746 per
2445 675 2699 732 familias
2730 694 2898 734 suas:
2930 694 3183 749 quorum
3202 692 3486 733 numerus
3515 692 3661 748 qua-

2012 762 2286 835 draginta
2300 766 2557 838 quinque
2573 766 2759 823 millia
2769 768 3664 841 quadringenti.Istaestsumma

2009 851 2266 909 ﬁliorum
2291 855 2490 925 Israel,
2515 856 2616 927 qui
2641 856 2911 913 recensiti
2938 865 3095 925 sunt,
3112 860 3383 914 sexcenta
3402 855 3586 912 millia
3606 859 3665 911 et

2012 942 2173 1000 mille
2187 945 2538 1018 septingenti
2552 946 3191 1020 triginta.Locutusque
3202 947 3576 1004 estDominus
3589 946 3661 1003 ad

2010 1035 2229 1104 Mosen,
2253 1034 2453 1091 dicens
2479 1052 2492 1091 :
2521 1036 2655 1092 Istis
2678 1036 3143 1094 divideturterra
3158 1038 3327 1109 juxta
3349 1051 3661 1093 numerum

2011 1122 2493 1180 vocabulorumin
2506 1125 2915 1197 possessiones
2931 1125 3661 1195 suas.Pluribusmajorem

2013 1217 2240 1284 partem
2271 1213 2462 1285 dabis,
2496 1220 2554 1271 et
2584 1215 2963 1287 paucioribus
2996 1216 3326 1271 minorem:
3386 1213 3661 1286 singulis,

2013 1301 2170 1359 sicut
2196 1320 2352 1359 nunc
2386 1304 2661 1361 recensiti
2694 1309 2853 1375 sunt,
2902 1304 3154 1361 traditur
3193 1302 3528 1376 possessio:
3585 1302 3665 1358 ita

2013 1390 2301 1449 duntaxat
2332 1396 2397 1449 ut
2428 1410 2556 1451 sors
2588 1398 2807 1450 terram
2843 1395 3116 1451 tribubus
3149 1394 3373 1450 dividat
3397 1396 3456 1450 et
3493 1391 3663 1449 fami-

2012 1479 2129 1538 liis.
2162 1482 2457 1554 Quidquid
2489 1486 2644 1540 sorte
2677 1483 3007 1557 contigerit,
3037 1484 3149 1541 hoc
3172 1484 3261 1540 vel
3290 1482 3488 1555 plures
3509 1481 3662 1539 acci-

2013 1570 2196 1642 pient,
2228 1571 2314 1629 vel
2349 1573 2675 1645 pauciores.
2702 1573 2788 1645 [B.
2821 1574 2967 1641 LIX,
3000 1575 3059 1630 Ο.
3097 1574 3308 1645 LXIX.]
3364 1573 3472 1628 Hic
3520 1586 3662 1644 quo-

2014 1675 2128 1731 que
2149 1664 2240 1716 est
2270 1677 2554 1718 numerus
2585 1662 2844 1719 ﬁli'orum
2882 1662 2964 1735 (h.
2998 1679 3115 1719 non
3147 1662 3323 1718 habet
3380 1660 3664 1732 ﬁliorum)

2015 1748 2144 1805 Levi
2172 1766 2275 1822 per
2303 1751 2559 1808 familias
2580 1768 2757 1808 suas:
2783 1752 3028 1823 Gerson,
3051 1770 3086 1808 a
3115 1767 3232 1823 quo
3267 1750 3493 1807 familia
3523 1747 3662 1806 Ger-

2020 1838 2347 1895 sonitarum
2380 1857 2393 1896 :
2455 1840 2657 1911 Caath,
2689 1858 2724 1897 a
2780 1858 2896 1913 quo
2936 1840 3164 1897 familia
3217 1838 3661 1907 Caathitarum,

2018 1928 2249 1999 Merari,
2278 1946 2449 2002 aquo
2480 1930 2702 1988 familia
2747 1930 3181 1987 Meraritarum.
3224 1930 3321 1986 Hm
3391 1932 3533 1985 sunt
3582 1926 3665 1983 fa-

2018 2016 2194 2074 milia:
2244 2018 2409 2075 Levi:
2452 2019 2675 2076 familia
2723 2020 2929 2091 Lobui,
2988 2018 3210 2075 familia
3262 2016 3539 2084 Hebroni,
3571 2016 3662 2073 fa-

2019 2106 2181 2162 milia
2212 2108 2452 2180 Maholi,
2487 2108 2708 2166 familia
2736 2109 2912 2177 Musi,
2945 2108 3170 2166 familia
3197 2108 3349 2166 Cori.
3397 2110 3472 2164 At
3524 2121 3660 2163 vero

2018 2195 2196 2253 Caath
2228 2198 2431 2269 genuit
2458 2203 2722 2267 Amram,
2754 2200 2852 2271 qui
2891 2199 3097 2256 habuit
3153 2214 3394 2255 uxorem
3449 2195 3659 2254 Jocbe-

2018 2286 2129 2342 bed
2158 2286 2339 2345 ﬁliam
2371 2288 2525 2360 Levi,
2559 2306 2687 2362 quae
2720 2293 2857 2346 nata
2886 2292 2977 2347 est
3005 2289 3058 2345 ei
3090 2288 3149 2344 in
3206 2287 3471 2360 IEgypto.
3528 2284 3661 2342 Haec

2018 2377 2221 2447 genuit
2252 2382 2489 2434 Amram
2522 2379 2644 2435 viro
2676 2395 2785 2435 suo
2806 2378 2960 2434 ﬁlios
2991 2378 3178 2434 Aaron
3228 2381 3286 2433 et
3342 2376 3563 2445 Mosen,
3605 2376 3663 2430 et

2020 2466 2266 2523 Mariam
2299 2484 2560 2525 sororem
2591 2484 2812 2525 eorum.
2846 2468 2928 2525 De
2948 2469 3135 2524 Aaron
3184 2466 3307 2524 nati
3354 2469 3496 2522 sunt
3552 2464 3663 2521 Na-

2020 2555 2134 2611 dab
2166 2560 2223 2611 et
2245 2557 2418 2628 Abiu,
2451 2562 2509 2613 et
2530 2558 2764 2614 Eleazar
2794 2561 2852 2614 et
2876 2557 3163 2613 Ithamar2
3194 2573 3208 2587 ο
3253 2570 3507 2627 quorum
3554 2553 3668 2610 Na-

2021 2644 2132 2699 dab
2155 2648 2213 2700 et
2242 2646 2394 2701 Abiu
2428 2646 2644 2702 mortui
2674 2650 2835 2712 sunt,
2885 2662 3019 2702 cum
3076 2644 3430 2702 obtulissent
3473 2643 3669 2715 ignem

2026 2734 2284 2792 alienum
2311 2752 2509 2793 eoram
2538 2735 2809 2792 Domino.
2844 2735 3221 2807 Fueruntque
3240 2749 3426 2791 omnes
3448 2732 3529 2805 (h.
3556 2748 3673 2788 non

2024 2824 2224 2897 habet)
2257 2825 2358 2897 qui
2391 2824 2687 2882 numerati
2716 2828 2878 2895 sunt,
2900 2824 3109 2897 viginti
3139 2823 3253 2879 tria
3282 2822 3471 2879 millia
3499 2836 3674 2893 gene-

2025 2916 2108 2971 ris
2141 2914 2478 2983 masculini,
2512 2915 2586 2970 ab
2618 2931 2734 2971 uno
2774 2931 2975 2971 mense
2997 2917 3055 2971 et
3082 2930 3263 2987 supra
3284 2930 3304 2969 :
3359 2911 3498 2984 quia
3553 2926 3672 2967 non

2026 3010 2169 3062 sunt
2195 3004 2466 3062 recensiti
2497 3004 2651 3061 inter
2680 3004 2833 3061 ﬁlios
2854 3003 3057 3074 Israel,
3090 3019 3195 3060 nec
3226 3006 3311 3059 eis
3343 3018 3477 3059 cum
3508 3006 3673 3057 caete-

2030 3096 2113 3152 ris
2142 3100 2233 3151 est
2261 3096 2397 3151 data
2426 3096 2753 3166 possessio.
2786 3094 2885 3150 llic
2934 3098 3024 3151 est
3078 3108 3362 3150 numerus
3418 3091 3675 3148 ﬁliorum

2034 3184 2233 3253 Israel,
2266 3184 2367 3257 qui
2401 3184 2681 3257 descripti
2713 3188 2854 3241 sunt
2879 3202 2912 3239 a
2933 3184 3091 3241 Mose
3121 3188 3179 3239 et
3197 3181 3467 3239 Eleazaro
3484 3197 3675 3238 sacer-

2028 3276 2186 3342 dote,
2207 3274 2266 3329 in
2288 3274 2719 3345 campestribus
2742 3273 2912 3330 Moab
2936 3289 3117 3345 supra
3135 3272 3450 3329 Jordanem
3472 3274 3678 3328 contra

2027 3364 2283 3421 Jericho.
2343 3365 2502 3419 Inter
2550 3380 2699 3435 quos
2753 3362 2955 3419 nullus
3012 3362 3125 3419 fuit
3176 3378 3379 3420 eorum
3410 3364 3676 3435 quiante

2031 3453 2325 3509 numerati
2357 3456 2499 3509 sunt
2531 3468 2565 3509 a
2594 3452 2757 3509 Mose
2786 3461 2843 3509 et
2870 3454 3062 3509 Aaron
3090 3452 3151 3508 in
3204 3453 3435 3509 deserto
3492 3450 3677 3507 Sinai.

2029 3543 2387 3601 Praedixerat
2416 3544 2574 3599 enim
2606 3542 2916 3612 Dominus,
2949 3543 3104 3616 quod
3135 3558 3342 3599 omnes
3379 3555 3682 3597 moreren-

2030 3637 2133 3689 tur
2162 3634 2221 3689 in
2254 3633 2594 3689 solitudine.
2627 3632 2958 3705 Nullusque
2987 3632 3274 3689 remansit
3302 3648 3372 3687 ex
3400 3631 3508 3699 eis,
3565 3630 3681 3686 nisi

2030 3723 2242 3779 Chaleb
2276 3722 2435 3778 ﬁlius
2459 3722 2746 3794 Jephone,
2778 3727 2838 3778 et
2864 3722 3049 3778 Josue
3081 3721 3239 3777 ﬁlius
3269 3721 3422 3778 Nun.

2101 3814 2186 3884 (C.
2215 3812 2376 3880 LXX,
2411 3812 2548 3882 Cap.
2583 3810 2822 3884 XXVII.)
2851 3814 3247 3867 Accesserunt
3295 3814 3489 3867 autem
3546 3808 3681 3865 ﬁlim

2033 3902 2350 3974 Salphaad,
2380 3901 2484 3956 ﬁlii
2517 3901 2727 3973 Epher,
2756 3900 2863 3955 ﬁlii
2896 3900 3138 3969 Galaad,
3171 3898 3277 3954 ﬁlii
3306 3898 3547 3965 Machir,
3575 3897 3684 3953 ﬁlii

2034 3994 2325 4059 Manasse,
2360 3991 2461 4064 qui
2492 3991 2602 4046 fuit
2630 3990 2789 4047 ﬁlius
2820 3991 3071 4063 Joseph:
3105 4005 3359 4061 quarum
3392 3991 3534 4045 sunt
3580 4003 3679 4043 no-

2036 4082 2215 4148 mina,
2250 4081 2460 4147 Maala,
2492 4085 2549 4136 et
2575 4080 2719 4152 Noa,
2751 4084 2810 4136 et
2833 4079 2995 4151 Egla,
3028 4084 3085 4135 et
3115 4078 3317 4147 Melca,
3344 4082 3401 4135 et
3433 4077 3676 4135 Thersa.

2034 4174 2335 4229 Steterunt
2366 4186 2479 4242 que
2510 4185 2707 4225 coram
2728 4172 2885 4224 Mose
2905 4172 2962 4224 et
2981 4167 3252 4224 Eleazaro
3281 4166 3604 4235 sacerdote,
3624 4169 3682 4222 et

2035 4260 2261 4317 cunctis
2292 4258 2660 4332 principibus
2699 4257 2901 4331 populi
2937 4258 3009 4314 ad
3042 4257 3259 4314 ostium
3316 4254 3681 4314 tabernaculi

2036 4349 2289 4417 fcederis,
2323 4353 2497 4420 atque
2528 4348 2804 4403 dixerunt
2829 4364 2841 4401 :
2877 4346 3047 4403 Pater
3076 4349 3275 4403 noster
3303 4349 3572 4402 mortuus
3593 4346 3684 4401 est

2038 4439 2098 4494 in
2130 4439 2385 4507 deserto,
2418 4453 2523 4493 nec
2554 4437 2665 4492 fuit
2696 4436 2755 4492 in
2782 4436 3088 4507 seditione,
3122 4451 3249 4507 qua:
3280 4434 3567 4491 concitata
3596 4435 3687 4490 est

266 4538 411 4587 Azer
442 4547 560 4603 per
590 4529 973 4602 cognationes
1003 4544 1145 4584 suas
1171 4544 1185 4582 :
1216 4526 1470 4596 Jemma,
1498 4544 1532 4582 εὶ
1561 4542 1676 4597 quo
1709 4525 1933 4582 familia
1959 4521 2008 4588 D
2040 4533 2244 4586 contra
2272 4527 2589 4583 Dominum
2622 4527 2733 4582 sub
2763 4530 2927 4597 Core,
2952 4526 3052 4582 sed
3076 4524 3137 4581 in
3155 4527 3392 4597 peccato
3411 4539 3687 4580 suomor-

263 4618 757 4688 Jemnaitarum;
788 4618 973 4686 Jesui,
1007 4635 1041 4673 a
1098 4634 1215 4689 quo
1259 4615 1485 4672 familia
1534 4615 1927 4685 Jesuitarum;
2039 4622 2180 4675 tuus
2211 4621 2341 4674 est:
2375 4617 2471 4673 hic
2495 4633 2609 4673 non
2636 4615 2845 4671 habuit
2870 4631 3063 4671 mares
3094 4613 3267 4671 ﬁlios.
3310 4614 3426 4671 Cur
3464 4612 3692 4670 tollitur

270 4712 426 4777 Bria,
454 4728 491 4765 a
528 4707 905 4780 quofamilia
937 4706 1306 4763 Briaitarum.
1362 4705 1493 4761 Filii
1524 4706 1670 4775 Bria,
1723 4705 1930 4775 Heber,
2043 4723 2257 4764 nomen
2280 4705 2441 4761 illius
2467 4706 2538 4761 de
2560 4704 2783 4761 familia
2801 4704 3086 4776 sua,quia
3111 4720 3230 4760 non
3249 4700 3695 4760 habuitﬁlium?

266 4817 298 4855 a
336 4815 463 4872 quo
542 4796 766 4853 familia
822 4796 1247 4863 Heberitarum,
1298 4799 1355 4850 et
1408 4793 1692 4863 Melchiel,
1742 4811 1776 4849 a
1815 4809 1931 4865 quo
2044 4798 2187 4854 Date
2220 4795 2390 4852 nobis
2414 4792 2849 4866 possessionem
2872 4794 3323 4866 intercognatos
3345 4792 3428 4864 (h.
3454 4790 3689 4863 fratres)

266 4888 506 4944 familia
540 4884 1049 4941 Melchielitarum.
1094 4883 1319 4940 Nomen
1368 4886 1564 4939 autem
1613 4883 1745 4939 ﬁlias
1790 4887 1937 4939 Aser
2046 4886 2229 4959 patris
2260 4884 2465 4940 nostri.
2501 4882 2836 4956 Retulitque
2864 4883 3055 4941 Moses
3086 4899 3326 4940 causam
3364 4898 3567 4939 earum
3616 4880 3691 4936 ad

269 4977 621 5034 fuitSarah.
654 4975 751 5030 Hae
780 4974 1153 5047 cognationes
1176 4972 1433 5029 ﬁliorum
1454 4975 1616 5043 Aser,
1641 4976 1698 5028 et
1728 4987 1934 5028 nume-
2042 4974 2328 5049 judicium
2391 4972 2622 5028 Domini
2652 4972 2733 5033 (h.
2797 4973 3133 5045 Retulitque
3189 4988 3428 5030 causam
3488 4985 3691 5027 earum

272 5085 373 5122 rus
407 5082 627 5123 eorum
660 5063 1099 5137 quinquagenta
1126 5063 1239 5119 tria
1280 5061 1470 5118 millia
1498 5060 1937 5134 quadringenti.
2048 5080 2243 5122 coram
2274 5062 2567 5129 Domino).
2602 5061 2709 5127 Qui
2765 5061 2913 5116 dixit
2967 5062 3040 5117 ad
3072 5078 3209 5118 eum
3245 5080 3258 5119 :
3289 5062 3516 5118 Justam
3564 5073 3691 5114 rem

274 5156 406 5213 Filii
434 5152 763 5227 Nephthali
786 5168 891 5224 per
920 5152 1296 5225 cognationes
1330 5168 1468 5208 suas
1495 5168 1508 5207 :
1539 5150 1718 5222 Jasel,
1751 5168 1785 5206 a
1824 5167 1939 5223 quo
2049 5150 2497 5228 postulantﬁlias
2516 5149 2827 5223 Salphaad;
2852 5150 2927 5207 da
2946 5150 3071 5207 deis
3086 5150 3519 5223 possessionem
3540 5146 3695 5203 inter

344 5354 360 5388 ¹
395 5349 648 5410 Excidit
677 5349 769 5405 hic
804 5348 916 5405 loci
944 5348 1006 5404 in
1036 5348 1278 5405 Hebraeo
1310 5363 1495 5404 unum
1541 5359 1581 5410 5
1619 5346 1744 5418 phe,
1788 5348 1946 5405 unde
2053 5369 2168 5408 non
2201 5353 2396 5406 autem
2425 5346 3012 5418 Sephuphamitarum,
3053 5346 3156 5418 sed
3191 5348 3437 5418 tantum
3483 5339 3696 5418 ._Supha-

274 5424 551 5498 legimus
570 5422 1047 5498 Sigpliamilafum,
1070 5413 1761 5498 proSephuphamitdi-um
1775 5420 1948 5491 juxta
2054 5426 2357 5498 νηίίᾳτμτηε
2390 5413 2545 5498 unde
2577 5413 2826 5475 alterum
2852 5418 2965 5491 plze
2994 5435 3073 5498 ex
3106 5417 3342 5473 Hebraeo
3386 5413 3700 5485 archetypo

276 5489 592 5552 Cimonem
624 5489 764 5548 Heb-
792 5489 1288 5563 veritatis-'MABT-
1374 5489 1388 5493 ’
1608 5562 1615 5563 ί
1716 5561 1725 5563 ᾼ
1779 5489 1791 5491 Ὗ
2057 5493 2344 5552 excidisse
2370 5492 2768 5547 Martianasms
2798 5489 3163 5563 pronuntiat.

343 5597 417 5611 —
450 5570 609 5636 Cum
633 5563 892 5636 vulgatis
923 5562 1380 5636 libringrhinas
1428 5578 1539 5619 ms.
1590 5561 1860 5636 Suphqm,
1892 5566 1951 5620 et
2128 5566 2151 5602 ³
2177 5565 2257 5623 De
2290 5564 2569 5621 Ithamar.
2602 5563 2762 5619 Enrr.

283 5626 786 5712 Suphamitarmﬁ,
843 5626 1020 5692 Hebr.
1080 5633 1431 5707 Sophupham
1468 5626 1707 5705 quidem
1746 5626 1946 5706 habet,

623 5752 883 5814 Panos.
927 5749 1194 5815 XXVIII.
3305 5747 3381 5807 M
