4068 6172
380 323 484 380 42⁸7

1416 321 1477 375 Β.
1515 317 1927 375 HIERONYMI
1964 314 2225 370 DIVINA
2263 314 2759 370 BIBLIOTHECA.

3691 309 3796 366 428

381 452 661 523 cognatos
693 447 774 520 (b.
807 446 1038 518 fratres)
1067 444 1252 518 patris
1283 444 1399 513 sui,
1431 447 1486 501 et
1515 443 1567 500 ei
1621 444 1679 499 in
1712 441 2022 499 haredita-
2055 443 2108 509 Α
2138 440 2289 510 ejus,
2340 439 2699 496 oblationem
2753 437 3093 495 suavissimi
3151 437 3344 494 odoris
3402 435 3673 494 Domino.
3708 437 3796 510 (C.

382 546 499 594 tem
531 539 866 594 succedant.
901 535 985 608 (C.
1021 534 1236 606 LXXI.)
1267 535 1346 590 Ad
1383 534 1536 590 ﬁlios
1594 538 1793 590 autem
1856 529 2034 588 Israel

383 628 647 699 loqueris
678 627 796 682 hac
827 625 907 694 (b.
941 641 1058 680 non
1083 624 1278 696 habet,
1311 623 1490 690 hac):
1525 623 1709 680 Homo
1732 637 2033 678 cummor-

387 722 530 772 tuus
561 715 740 771 fuerit
767 715 990 786 absque
1021 711 1164 780 ﬁlio,
1223 714 1292 768 ad
1346 713 1527 770 ﬁliam
1585 714 1713 784 ejus
1758 707 2037 768 transibit

387 803 715 860 hareditas.
748 803 804 858 Si
837 803 1018 859 ﬁliam
1053 819 1168 859 non
1199 802 1496 872 habuerit,
1537 801 1776 858 habebit
1807 815 2038 856 succes-

386 908 547 949 sores
578 893 785 948 fratres
817 908 976 949 suos.
1009 893 1168 958 Quod
1204 891 1250 947 si
1284 896 1339 947 et
1371 892 1578 948 fratres
1630 907 1743 947 non
1795 888 2031 955 fuerint,

386 981 604 1038 dabitis
633 981 1034 1037 hareditatem
1067 981 1344 1037 fratribus
1377 980 1560 1052 patris
1589 980 1740 1051 ejus.
1775 977 1876 1034 Sin
1929 994 2034 1033 au-

385 1078 504 1127 tem
536 1087 640 1126 nec
654 1074 895 1143 patruos
919 1069 1207 1139 habuerit,
1231 1069 1467 1126 dabitur
1487 1068 1800 1125 hareditas
1829 1065 2036 1139 bisqui

385 1163 435 1215 ei
469 1159 708 1233 proximi
725 1164 884 1225 sunt,
901 1159 1129 1232 eritque
1145 1159 1254 1215 hoc
1269 1158 1406 1216 ﬁliis
1431 1157 1606 1215 Israel
1626 1154 2037 1227 sanctumlege

386 1253 687 1321 perpetua,
720 1248 875 1304 sicut
907 1249 1180 1320 pracepit
1198 1247 1484 1304 Dominus
1514 1246 1654 1303 Mosi
1689 1246 1770 1312 (h.
1798 1244 2038 1316 Eritque

389 1339 496 1393 hoc
527 1336 666 1393 ﬁliis
698 1336 872 1392 Israel
923 1335 1254 1408 legitimum
1298 1335 1529 1408 judicii,
1564 1336 1719 1391 sicut
1765 1332 2040 1407 praecepit

388 1424 672 1480 Dominus
705 1425 889 1497 Mosi).
925 1429 1009 1494 (C.
1045 1424 1718 1497 LXXII.)Dixitquoque
1749 1422 2039 1480 Dominus

389 1514 459 1568 ad
489 1517 686 1570 Mosen
717 1531 731 1569 :
765 1514 1026 1570 Ascende
1057 1514 1117 1569 in
1151 1518 1409 1570 montem
1462 1503 1645 1569 istum
1690 1511 1950 1579 Abarim,
1984 1515 2042 1567 et

389 1603 788 1675 contemplare
818 1603 953 1658 inde
985 1607 1198 1659 terram
1235 1619 1410 1674 quam
1446 1604 1691 1659 daturus
1723 1618 1856 1659 sum
1901 1599 2041 1657 ﬁliis

393 1693 592 1748 Israel.
624 1693 889 1764 Cumque
919 1693 1136 1748 videris
1168 1708 1320 1763 eam,
1353 1691 1468 1749 ibis
1497 1701 1551 1748 et
1600 1697 1663 1748 tu
1695 1693 1763 1747 ad
1807 1690 1888 1763 (b.
1922 1689 2040 1746 col-

393 1779 617 1851 ligeris)
645 1780 932 1854 populum
964 1785 1156 1850 tuum,
1189 1781 1344 1838 sicut
1375 1781 1480 1837 ivit
1508 1780 1590 1853 (b.
1619 1780 1902 1838 collectus
1930 1779 2038 1853 est)

394 1871 574 1926 frater
604 1873 741 1926 tuus
772 1872 965 1926 Aaron
992 1889 1005 1928 :
1039 1870 1182 1943 quia
1209 1870 1538 1928 offendistis
1570 1887 1665 1927 me
1697 1871 1755 1926 in
1788 1871 2040 1926 deserto.

395 1959 496 2014 Sin
532 1958 588 2013 in
623 1959 1080 2016 contradictione
1106 1958 1522 2028 multitudinis,
1546 1975 1650 2014 nec
1678 1958 2045 2015 sanctiﬁcare

399 2063 490 2102 me
519 2047 794 2103 voluistis
824 2064 1016 2104 coram
1051 2049 1136 2104 eis
1168 2065 1348 2121 super
1377 2065 1581 2119 aquas.
1629 2047 1714 2119 (Β.
1768 2048 1912 2120 LX.)
1946 2052 2043 2102 Ila

397 2140 540 2192 sunt
569 2153 734 2208 aqua
765 2136 1254 2193 Contradictionis
1287 2137 1344 2192 in
1365 2137 1549 2194 Cades
1583 2137 1640 2192 in
1673 2139 1902 2193 deserto
1921 2137 2041 2192 Sin.

395 2225 500 2282 Liui
532 2225 836 2298 respondit
862 2231 1053 2282 Moses
1084 2226 1164 2298 (b.
1199 2227 1268 2281 Et
1289 2225 1520 2283 locutus
1576 2233 1663 2282 est
1693 2232 1885 2283 Moses
1943 2242 2042 2282 co-

399 2331 524 2370 ram
556 2315 816 2386 domino,
879 2315 1483 2387 dicens);Provideat
1543 2316 1829 2371 Dominus
1889 2316 2044 2371 Deus

397 2404 674 2476 spiritum
707 2403 900 2460 omnis
931 2405 1145 2471 carnis,
1199 2404 1518 2473 hominem,
1577 2406 1676 2476 qui
1737 2405 1815 2461 sit
1870 2421 2046 2477 super

400 2492 845 2549 multitudinem
878 2493 1067 2563 hanc;
1101 2498 1160 2550 et
1192 2493 1378 2565 possit
1407 2494 1584 2562 exire,
1605 2499 1660 2550 et
1683 2495 2048 2550 intrareante

401 2600 520 2650 eos,
553 2584 609 2638 et
638 2583 882 2640 educere
913 2597 1033 2651 eos,
1068 2583 1154 2638 vel
1175 2583 1564 2654 introducere,
1599 2601 1668 2640 uc
1698 2584 1776 2640 sit
1795 2583 2050 2656 populus

406 2670 635 2727 Domini
696 2671 851 2727 sicut
879 2687 1015 2728 oves
1071 2671 1291 2744 absque
1348 2675 1598 2744 pastore.
1639 2671 1722 2744 (C.
1785 2671 2050 2740 LXXIII.)

405 2759 559 2817 Dixit
589 2760 873 2816 Dominus
905 2760 976 2816 ad
1009 2775 1184 2817 eum:
1226 2759 1388 2816 Tolle
1433 2760 1611 2817 Josue
1660 2760 1844 2817 ﬁlium
1895 2765 2049 2830 Nun,

407 2850 597 2906 virum
631 2849 690 2904 in
722 2866 837 2921 quo
867 2853 956 2906 est
981 2849 1257 2922 Spiritus,
1288 2853 1344 2906 et
1381 2866 1530 2923 pone
1591 2867 1832 2906 manum
1886 2854 2053 2906 tuam

2071 1824 2119 1890 B

2146 530 2390 599 LXXV.)
2420 529 2520 586 Die
2561 534 2756 586 autem
2817 527 3066 585 stabatti
3121 527 3376 586 oll'eretis
3431 529 3585 585 duos
3616 544 3805 601 agnos

2146 620 2458 676 anniculos
2488 618 2924 689 immaculatos,
2958 624 3015 674 et
3063 619 3214 675 duas
3271 617 3532 674 decimas
3591 617 3804 674 simila

2146 707 2272 766 oleo
2303 725 2630 781 conspersa
2663 708 2722 764 in
2756 708 3068 780 sacriﬁcio,
3101 711 3158 763 et
3187 705 3308 764 liba
3346 724 3473 780 qua
3505 707 3614 763 rite
3663 706 3800 762 fun-

2145 799 2368 855 duntur
2398 815 2501 870 per
2530 797 2764 870 singula
2794 797 3040 854 sabbata
3068 796 3128 853 in
3149 795 3559 853 holocaustum
3582 795 3809 868 sempi-

2146 892 2398 944 ternum.
2433 888 2511 960 (C.
2550 887 2828 957 LXXVI.)
2862 887 2924 942 In
2983 887 3261 944 Kalendis
3313 890 3509 942 autem
3564 885 3645 958 (id
3689 891 3802 957 est,

2149 977 2204 1032 in
2220 975 2514 1033 mensium
2529 975 2803 1048 exordiis)
2825 974 3078 1032 oll‘eretis
3091 973 3502 1032 holocaustum
3523 974 3802 1043 Domino,

2145 1064 2358 1122 vitulos
2390 1065 2462 1122 de
2511 1068 2777 1122 armento
2836 1065 3008 1134 duos,
3062 1064 3306 1121 arietem
3366 1081 3572 1132 unum,
3611 1080 3798 1136 agnos

2148 1153 2450 1211 anniculos
2507 1159 2730 1226 septem
2787 1152 3221 1221 immaculatos,
3256 1157 3314 1210 et
3363 1157 3486 1209 tres
3543 1152 3806 1209 decimas

2149 1242 2358 1300 simila
2389 1242 2515 1300 oleo
2557 1258 2888 1316 conspersa
2939 1241 2999 1298 in
3056 1241 3344 1299 sacriﬁcio
3374 1257 3479 1314 per
3532 1239 3807 1314 singulos

2146 1332 2654 1390 vituloszetduas
2711 1331 2970 1389 decimas
3029 1329 3236 1388 simila
3296 1330 3421 1388 oleo
3473 1347 3807 1402 conspersa

2149 1439 2251 1494 per
2271 1421 2540 1494 singulos
2573 1420 2786 1478 arietes
2813 1438 2826 1477 :
2861 1426 2918 1478 et
2948 1420 3239 1476 decimam
3272 1419 3511 1476 decima
3544 1420 3558 1454 ¹
3593 1419 3806 1476 simila

2149 1527 2218 1566 ex
2247 1510 2372 1566 oleo
2403 1510 2464 1565 in
2487 1509 2776 1567 sacriﬁcio
2799 1527 2902 1582 per
2923 1525 3108 1583 agnos
3127 1508 3397 1582 singulos
3415 1507 3496 1581 (h.
3522 1512 3581 1564 et
3603 1508 3804 1580 singu-

2148 1599 2236 1656 las
2269 1599 2527 1656 decimas
2557 1598 2765 1656 simila
2795 1598 2920 1656 oleo
2952 1615 3280 1672 conspersa
3305 1598 3362 1654 in
3390 1597 3680 1654 sacriﬁcio
3696 1614 3804 1670 per

2151 1693 2379 1762 agnos).
2397 1689 2812 1746 IIolocaustum
2830 1688 3166 1746 suavissimi
3182 1687 3379 1745 odoris
3392 1691 3568 1759 atque
3581 1685 3807 1742 incensi

2151 1784 2239 1836 est
2255 1779 2527 1836 Domino.
2545 1779 2889 1836 Libamenta
2903 1783 3101 1835 autem
3124 1777 3264 1850 viui,
3283 1794 3406 1848 qua
3422 1792 3523 1850 per
3539 1775 3809 1848 singulas

2152 1869 2452 1925 fundenda
2483 1874 2622 1924 sunt
2677 1867 2969 1936 victimas,
3001 1867 3116 1923 ista
3175 1870 3387 1923 erunt:
3423 1865 3614 1921 media
3663 1881 3806 1936 pars

2151 1958 2247 2014 hin
2281 1975 2383 2031 per
2415 1957 2683 2031 singulos
2706 1955 2940 2026 vitulos,
2973 1956 3146 2012 tertia
3177 1972 3282 2028 per
3305 1955 3566 2025 arietem,
3591 1957 3808 2027 quarta

2147 2064 2252 2120 per
2282 2064 2523 2120 agnum.
2559 2051 2674 2102 Hoc
2705 2046 2815 2102 erit
2841 2045 3250 2102 holocaustum
3285 2060 3605 2117 peromnes
3637 2059 3806 2098 meu-

2152 2153 2270 2205 ses,
2286 2135 2386 2208 qui
2401 2135 2512 2192 sibi
2529 2153 2682 2192 anno
2702 2139 2963 2191 vertente
2976 2134 3323 2191 succedunt.
3343 2133 3548 2189 Hircus
3566 2147 3806 2205 quoque

2149 2226 2423 2282 otl'eretur
2457 2226 2698 2281 Domino
2730 2241 2834 2297 pro
2858 2223 3111 2297 peccatis
3143 2223 3200 2278 in
3219 2222 3628 2279 holocaustum
3644 2238 3806 2278 sem-

2150 2318 2444 2389 piternum
2477 2312 2960 2373 cumlibamcntis
2986 2312 3233 2384 suis.(B.
3267 2311 3805 2384 LXII,C.LXXVII.)

2150 2411 2348 2462 Mense
2382 2407 2578 2460 autem
2626 2402 2840 2476 primo,
2871 2407 3082 2475 quarta
3139 2401 3368 2458 decima
3411 2400 3504 2456 die
3555 2401 3801 2468 mensis,

2152 2493 2344 2551 Phase
2373 2492 2607 2549 Domini
2635 2492 2746 2548 erit
2775 2491 2856 2564 (h.
2899 2508 3014 2548 non
3048 2492 3244 2560 habet,
3303 2489 3456 2562 erit),
3487 2493 3545 2547 et
3591 2491 3804 2561 quinta

2156 2581 2383 2639 decima
2413 2582 2505 2639 die
2548 2582 2931 2638 solemnitas:
2967 2587 3190 2652 septem
3240 2579 3448 2636 diebus
3489 2584 3806 2636 vescantur

2155 2672 2397 2744 azymis.
2429 2674 2685 2737 Quarum
2719 2671 2842 2728 dies
2873 2670 3065 2744 prima
3093 2669 3440 2726 venerabilis
3487 2673 3546 2726 et
3595 2673 3804 2725 sancta

2156 2761 2306 2818 erit:
2343 2776 2516 2817 omne
2547 2778 2694 2832 opus
2725 2759 2935 2816 servile
2964 2775 3081 2816 non
3114 2758 3339 2815 facietis
3369 2759 3427 2815 in
3460 2775 3530 2815 ea
3567 2757 3646 2826 (b.
3683 2775 3802 2814 non

2157 2850 2356 2918 habet,
2389 2850 2447 2905 in
2479 2852 2588 2920 ea).
2609 2848 2992 2922 Oll‘eretisque
3015 2849 3321 2905 incensum
3343 2847 3804 2903 haulocaustum

410 2954 589 3011 super
613 2955 770 2995 eum.
815 2938 924 3006 Qui
973 2939 1153 2996 stabit
1190 2956 1386 2996 coram
1437 2939 1708 2996 Eleazaro
1755 2941 2056 2997 sacerdote
2164 2938 2427 3009 Domino,
2450 2938 2663 2996 vitulos
2695 2940 2766 2995 de
2790 2942 3056 2996 armento
3095 2937 3267 3008 duos,
3298 2937 3541 2993 arietem
3590 2952 3806 3004 unum,

411 3033 470 3082 et
498 3027 656 3082 omni
689 3027 1108 3096 multitudine;
1139 3031 1198 3084 et
1227 3027 1397 3084 dabis
1428 3028 1479 3084 ei
1509 3033 1798 3101 pracepta
1827 3029 2058 3085 cunctis
2162 3044 2341 3098 agnos
2372 3027 2677 3084 anniculos
2707 3027 3116 3084 immaculatos
3148 3030 3371 3098 septem
3399 3043 3412 3080 :
3439 3029 3497 3082 et
3518 3023 3813 3081 sacriﬁcia

414 3117 750 3172 videntibus
777 3121 835 3172 et
878 3121 1102 3189 partem
1153 3115 1350 3189 gloria
1383 3121 1516 3185 tua,
1552 3121 1616 3173 ut
1671 3118 1875 3174 audiat
1923 3134 2058 3174 eum
2093 3187 2106 3189 _
2162 3115 2530 3187 singulorum
2561 3133 2630 3172 ex
2672 3115 2890 3186 simila,
2922 3133 3048 3189 qua
3079 3130 3396 3186 conspersa
3427 3114 3474 3170 si
3508 3113 3654 3184 oleo,
3686 3117 3814 3170 tres

407 3204 600 3261 omnis
660 3187 956 3277 synagoga
1011 3187 1266 3260 ﬁliorum
1301 3205 1497 3262 Israel.
1532 3213 1638 3263 Pro
1669 3207 1799 3278 hoc,
1824 3207 1871 3263 si
1902 3207 2044 3278 quid
2079 3187 2120 3255 Π
2160 3207 2418 3262 decimas
2449 3223 2552 3278 per
2581 3204 2847 3279 singulos
2879 3187 3114 3275 vitulos,
3146 3210 3202 3261 et
3231 3205 3381 3260 duas
3411 3203 3670 3260 decimas
3696 3219 3806 3275 per

404 3293 696 3365 agendum
725 3293 854 3362 erit,
889 3294 1123 3349 Eleazar
1143 3295 1413 3351 sacerdos
1442 3295 1710 3352 consulet
1735 3295 2045 3353 Dominum
2157 3295 2419 3363 arietem,
2451 3300 2508 3350 et
2536 3294 2618 3367 (b.
2651 3293 2923 3351 similiter
2951 3293 3070 3367 hic)
3101 3295 3388 3350 decimam
3421 3293 3662 3349 decima
3693 3309 3806 3365 per

400 3382 482 3451 (h.
517 3381 721 3438 Coram
752 3381 1024 3439 Eleazaro
1068 3384 1365 3440 sacerdote
1423 3384 1621 3452 stabit,
1657 3390 1721 3440 ut
1775 3385 2046 3442 consulat
2156 3400 2340 3457 agnos
2371 3383 2637 3457 singulos
2669 3402 2680 3439 :
2720 3383 2777 3439 id
2809 3388 2920 3454 est,
2953 3401 3056 3456 per
3085 3389 3308 3457 septem
3340 3399 3543 3456 agnos.
3576 3381 3647 3438 Et
3677 3381 3805 3437 hir-

395 3487 528 3526 cum
561 3471 621 3526 in
646 3471 872 3541 judicio
904 3472 1183 3528 doctrina
1214 3489 1410 3528 coram
1467 3473 1758 3546 Domino).
1798 3475 1885 3530 Ad
1918 3491 2043 3531 ver-
2154 3490 2288 3530 cum
2334 3491 2436 3547 pro
2482 3476 2714 3542 peccato
2773 3491 2980 3541 unum,
3038 3479 3102 3529 ut
3159 3473 3428 3545 expietur
3478 3488 3581 3545 pro
3611 3470 3806 3544 vobis,

397 3561 535 3615 bum
568 3560 696 3631 ejus
726 3561 1080 3633 egredietur,
1122 3565 1180 3618 et
1205 3561 1570 3634 ingredietur
1589 3562 1733 3634 ipse,
1756 3568 1814 3620 et
1842 3580 2042 3622 omnes
2153 3567 2360 3634 prater
2387 3561 2796 3620 holocaustum
2825 3562 3178 3619 matutinum
3213 3561 3369 3635 quod
3399 3575 3632 3634 semper
3660 3560 3803 3616 olfe-

394 3648 498 3703 tilii
530 3648 708 3704 Israel
743 3665 873 3705 cum
893 3655 1055 3718 eo,et
1077 3655 1284 3707 catera
1306 3650 1644 3707 multitudo.
1669 3651 1823 3708 Fecit
1849 3657 2041 3710 Moses
2154 3651 2315 3708 retis.
2350 3652 2432 3707 Ita
2459 3650 2682 3708 facietis
2712 3668 2815 3723 per
2845 3651 3114 3724 singulos
3144 3652 3267 3707 dies
3317 3656 3538 3723 septem
3562 3649 3799 3706 dierum

397 3744 458 3791 ut
489 3743 837 3809 praceperat
895 3738 1202 3795 Dominus.
1261 3739 1528 3812 Cumque
1573 3739 1807 3797 tulisset
1835 3741 2038 3811 Josue,
2150 3739 2208 3795 in
2243 3740 2505 3796 fomitem
2541 3740 2719 3813 ignis,
2751 3743 2807 3796 et
2837 3741 2894 3796 in
2945 3741 3182 3798 odorem
3228 3739 3649 3797 suavissimum
3685 3739 3798 3795 Do-

393 3826 600 3882 statuit
629 3843 766 3883 eum
825 3843 1018 3884 coram
1077 3828 1348 3885 Eleazaro
1406 3829 1708 3886 sacerdote
1763 3835 1821 3886 et
1877 3832 2038 3887 omni
2151 3830 2331 3896 mino,
2367 3831 2463 3902 qui
2499 3834 2700 3903 surget
2730 3830 2800 3886 de
2830 3829 3192 3899 boloeausto,
3223 3833 3280 3886 et
3310 3830 3380 3885 de
3411 3827 3802 3884 libationibus

393 3916 720 3987 frequentia
750 3915 971 3989 populi.
988 3917 1057 3973 Et
1075 3917 1370 3990 impositis
1393 3917 1567 3991 capiti
1589 3921 1718 3990 ejus
1741 3920 2036 3993 manibus,
2147 3917 2538 3990 singulorum.
2574 3918 2708 3974 Dies
2738 3935 2973 3992 quoque
2994 3918 3284 3991 septimus
3307 3916 3722 3974 celeberrimus
3742 3923 3803 3972 et

390 4010 597 4061 cuncta
631 4005 948 4077 rrplicavit,
982 4023 1110 4078 qua
1140 4009 1523 4064 mandaverat
1551 4007 1854 4065 Dominus.
2147 4011 2387 4064 sanctus
2417 4007 2528 4064 erit
2546 4008 2712 4064 vobis
2737 4025 2750 4064 :
2785 4025 2958 4064 omne
2989 4025 3137 4081 Opus
3167 4007 3376 4063 servile
3406 4024 3522 4063 non
3567 4005 3801 4063 facietis

353 4107 357 4111 ·
461 4092 544 4163 (Τ.
584 4094 733 4160 Χνι,
767 4099 827 4150 s.
863 4095 1008 4164 LXI,
1039 4095 1100 4152 c.
1161 4096 1402 4167 LXXIV,
1439 4097 1548 4169 Cap
1600 4097 1848 4170 xxvm)
1883 4098 2036 4156 Dixit

388 4199 621 4255 quoque
653 4183 934 4240 Dominus
966 4185 1034 4240 ad
1067 4189 1266 4242 Mosen
1296 4203 1310 4240 :
1338 4187 1594 4258 Praeipe
1646 4186 1786 4242 ﬁliis
1829 4187 2033 4259 Israel,

387 4280 444 4328 et
473 4273 629 4327 dices
662 4274 733 4328 ad
774 4288 915 4329 eos:
964 4273 1332 4331 Oblationem
1393 4292 1584 4331 meam
1629 4280 1685 4332 et
1732 4293 1915 4348 panes
1947 4278 2029 4350 (b.

385 4360 750 4417 Oblationem
786 4362 954 4433 panis
997 4362 1154 4434 mei),
1187 4367 1245 4419 et
1300 4364 1610 4420 incensum
1643 4365 1838 4422 odoris
1899 4385 2030 4424 sua-

385 4448 607 4504 vissimi
641 4449 840 4506 offerte
872 4466 974 4517 per
1020 4455 1282 4524 tempora
1313 4469 1442 4508 sua.
1480 4452 1612 4510 Hac
1662 4459 1804 4511 sunt
1851 4456 2029 4511 sacri-

2145 4096 2206 4152 in
2239 4112 2305 4152 eo
2327 4096 2410 4168 (b.
2447 4113 2560 4153 uon
2593 4096 2790 4165 habet,
2818 4097 2876 4152 in
2899 4096 3100 4170 eo).(B.
3121 4095 3368 4162 LXXIII,
3394 4095 3456 4153 C.
3483 4093 3796 4164 LXXVIII.)

2145 4186 2276 4242 Dies
2306 4187 2480 4242 etiam
2515 4185 2972 4259 primitivorum,
3003 4186 3240 4258 quando
3295 4185 3550 4242 oﬂ'eretis
3609 4199 3794 4240 novas

2141 4276 2339 4348 fruges
2366 4275 2632 4341 Domino,
2651 4275 2897 4347 expletis
2923 4274 3413 4343 hebdomadibus,
3441 4271 3799 4330 venerabilis

2139 4369 2198 4421 et
2225 4369 2432 4421 sancta
2459 4365 2609 4422 erit:
2641 4381 2815 4420 omne
2846 4381 2994 4436 opus
3051 4363 3256 4421 servile
3297 4380 3411 4420 non
3474 4363 3702 4418 facietis
3731 4361 3796 4418 in

2139 4469 2207 4509 ea
2237 4451 2319 4515 (b.
2355 4469 2469 4508 non
2501 4451 2678 4508 habet
2707 4453 2765 4507 in
2799 4453 2908 4523 ea).
2951 4450 3337 4524 Oﬁ‘eretisque
3378 4451 3792 4508 holocaustum

383 4537 514 4593 licia
549 4554 675 4610 qua
707 4538 912 4595 offerre
944 4539 1172 4596 debetis
1206 4555 1218 4594 :
1255 4541 1452 4613 Agnos
1483 4541 1792 4599 anniculos
1816 4543 2032 4601 imma-
2063 4561 2109 4626 Β
2142 4541 2199 4597 in
2231 4543 2467 4598 odorem
2482 4540 2902 4598 suavissimum
2919 4541 3190 4613 Domino,
3206 4539 3416 4597 vitulos
3432 4540 3502 4596 de
3519 4547 3795 4599 armento

383 4626 608 4682 culatos
637 4627 783 4683 duos
838 4627 1100 4700 quotidie
1140 4628 1198 4684 in
1252 4628 1665 4686 holocaustum
1724 4633 2032 4705 sempiter-
2140 4633 2312 4700 duos,
2345 4632 2591 4688 arietum
2627 4647 2832 4698 unum,
2861 4635 2918 4687 et
2946 4647 3130 4702 agnos
3178 4629 3482 4687 anniculos
3505 4629 3797 4687 immacu-

383 4732 522 4770 num
551 4733 564 4784 ;
600 4732 784 4772 unum
813 4717 1069 4774 oﬁ'eretis
1102 4735 1296 4790 mane,
1327 4723 1386 4774 et
1415 4719 1666 4775 alterum
1699 4720 1773 4776 ad
1829 4739 2030 4796 vespe-

382 4820 540 4873 ram;
573 4804 862 4862 decimam
893 4810 1114 4878 partem
1149 4807 1282 4879 epbi
1317 4806 1544 4876 simila,
1569 4826 1695 4881 qua
1714 4827 2030 4884 conspersa

379 4895 456 4948 sit
480 4892 606 4949 oleo
639 4893 980 4966 purissimo,
1014 4900 1072 4952 et
1103 4895 1316 4953 habeat
1344 4901 1616 4968 quartam
1641 4904 1867 4971 partem
1900 4900 2024 4958 hin.

378 4981 960 5054 llolocaustumjuge
1000 4989 1090 5040 est
1145 4986 1302 5056 quod
1360 4986 1658 5043 obtulistis
1710 4987 1766 5044 in
1827 4995 2025 5047 monte

377 5071 536 5126 Sinai
597 5072 652 5124 in
713 5071 951 5128 odorem
1002 5074 1425 5132 suavissimum
1486 5075 1709 5133 incensi
1766 5077 2021 5135 Domini.

375 5159 732 5215 Etlibabitis
768 5160 888 5216 vini
940 5166 1206 5233 quartam
1250 5168 1478 5236 partem
1507 5165 1628 5221 'hin
1681 5183 1786 5238 per
1838 5183 2022 5238 agnos

371 5247 638 5319 singulos
722 5247 781 5304 in
869 5251 1206 5308 sanctuario
1291 5252 1550 5310 Domini.
1642 5253 2024 5327 Alterumque

369 5353 584 5406 agnum
647 5334 922 5392 similiter
1003 5339 1257 5395 olferetis
1342 5341 1408 5395 ad
1467 5357 1796 5413 vesperam,
1849 5345 2022 5415 juxta

367 5441 602 5481 omnem
634 5423 813 5480 ritum
839 5424 1106 5482 sacrificii
1141 5427 1416 5484 matutini
1457 5433 1513 5485 et
1561 5428 2018 5490 libamentorum

370 5551 692 5682 Μὶῆἓοοθι
741 5551 1007 5612 sobollon
1066 5552 1382 5631 legendum
1455 5573 1588 5617 esse
1647 5556 1759 5616 hoc
1818 5557 1942 5618 loco
2001 5563 2066 5620 ut

2140 4721 2290 4777 latos
2337 4726 2597 4793 septem:
2633 4724 2807 4792 atque
2866 4720 2925 4775 in
2970 4719 3274 4776 sacriﬁciis
3328 4735 3529 4776 eorum
3588 4719 3796 4776 simila

2139 4809 2263 4866 oleo
2293 4826 2620 4883 conspersa
2641 4813 2758 4866 tres
2789 4809 3051 4866 decimas
3082 4825 3182 4880 per
3226 4808 3495 4881 singulos
3544 4807 3790 4878 vitulos,

2137 4916 2242 4972 per
2269 4899 2477 4955 arietes
2507 4900 2678 4969 duas,
2707 4914 2806 4970 per
2835 4914 3016 4971 agnos
3051 4897 3132 4966 (b.
3158 4899 3264 4953 Hic
3297 4902 3362 4953 ut
3389 4897 3594 4971 supra)
3626 4897 3794 4954 deci-

2137 5004 2293 5043 mam
2324 4987 2586 5056 decima,
2620 4987 2722 5060 qui
2753 4986 2928 5043 simul
2959 4991 3097 5043 sunt
3119 4987 3254 5059 agni
3281 4990 3501 5058 septem
3526 4985 3790 5044 (hircum

2135 5093 2369 5150 quoque
2400 5093 2585 5133 unum
2617 5079 2798 5150 (Vulg.
2833 5086 2937 5133 tac.
2974 5076 3202 5148 unum).
3227 5077 3334 5142 Qui
3371 5080 3664 5132 mactatur
3694 5075 3791 5146 (b.

2133 5166 2232 5240 qui
2266 5169 2576 5233 mactatur,
2625 5182 2738 5222 non
2781 5165 2978 5236 habet)
3021 5182 3124 5236 pro
3156 5165 3523 5236 eXpiatione:
3557 5169 3784 5236 prater

2131 5252 2542 5310 holocaustum
2563 5253 3062 5324 sempiternumet
3083 5252 3204 5309 liba
3220 5251 3368 5323 ejus.
3396 5250 3791 5311 Immaculata

2130 5341 2382 5400 offeratis
2414 5340 2611 5398 omnia
2632 5357 2765 5397 cum
2797 5340 3179 5397 libationibus
3209 5341 3354 5397 suis.

2199 5432 2284 5504 (Β.
2318 5429 2507 5499 LXIV,
2539 5434 2596 5486 G.
2624 5429 2872 5502 LXXIX,
2906 5429 3036 5503 Cap.
3059 5430 3299 5498 XXIX.)
3331 5429 3550 5486 mensis
3598 5429 3786 5488 etiam

2129 5575 2312 5636 supra
2359 5558 2430 5618 ad
2486 5571 2723 5618 versum
2786 5557 2872 5633 t3,
2923 5559 2990 5618 Et
3042 5557 3300 5634 singulas
3364 5556 3628 5634 decium,
3673 5565 3792 5618 etc.
