4068 6172
254 320 361 374 429

1592 326 1804 380 LIBER
1841 325 2330 384 NUMBRORUM.

3566 331 3675 390 430

253 447 490 519 septimi
524 448 716 521 prima
745 449 870 506 dies
902 450 1251 507 venerabilis
1284 454 1341 507 et
1362 454 1564 508 sancta
1586 452 1695 508 erit
1714 451 1897 507 vobis.
1936 458 1981 521 Α
2016 452 2379 523 singulorum
2411 469 2516 527 per
2541 455 2760 513 vitulos
2780 460 2838 513 et
2863 472 3047 530 agnos
3091 458 3202 515 rite
3249 459 3622 518 celebrabitis
3655 479 3670 518 :

249 542 434 593 Omne
465 555 612 609 opus
644 538 851 596 servile
881 557 993 596 non
1028 540 1253 597 facietis
1286 542 1339 596 in
1376 559 1463 613 ea,
1498 541 1636 613 quia
1674 542 1756 596 (h.
1791 560 1905 597 non

252 627 446 695 habet,
480 628 539 683 in
570 645 637 683 ea
668 629 825 700 quia)
855 630 980 685 dies
1016 629 1311 703 elangoris
1345 635 1433 686 est
1462 631 1539 698 (h.
1590 630 1714 684 dies
1746 630 1907 685 clan-

250 717 407 788 goris
439 718 551 773 erit
580 717 769 789 vobis)
801 723 859 774 et
890 719 1191 775 tubarum.
1224 718 1609 790 Oﬂ‘eretisque
1630 718 1906 774 holocau-

249 811 401 861 stum
424 804 485 861 in
518 806 758 862 odorem
790 806 1210 863 suavissimum
1245 806 1495 863 Domino
1533 807 1777 862 vitulum
1839 806 1908 862 de

251 899 518 951 armenta
556 912 765 964 unum,
815 897 1059 953 arietem
1111 914 1317 963 unum,
1369 912 1551 969 agnos
1600 895 1908 952 anniculos

245 978 663 1041 immaculatos
696 989 947 1059 septem,
971 989 1026 1041 et
1059 987 1116 1041 in
1142 986 1448 1043 sacriﬁciis
1465 985 1905 1055 eorum,simila

252 1074 374 1129 aleo
403 1090 739 1147 conspersa
761 1081 881 1131 tres
906 1075 1162 1132 decimas
1197 1092 1299 1149 per
1351 1074 1617 1147 singulos
1667 1074 1903 1145 vitulos,

253 1163 402 1219 duas
446 1164 711 1221 decimas
754 1181 858 1237 per
912 1165 1175 1236 arietem,
1237 1181 1416 1221 unam
1466 1164 1752 1220 decimam
1804 1180 1907 1235 per

247 1269 491 1325 agnum,
525 1253 628 1325 qui
653 1253 828 1310 simul
860 1258 1001 1311 sunt
1027 1255 1162 1327 agni
1187 1258 1407 1326 septem
1438 1252 1773 1309 :ethircum
1799 1269 1902 1325 pro

246 1346 505 1413 peccato,
530 1343 633 1415 qui
678 1345 916 1399 offertur
955 1344 1012 1399 in
1038 1343 1424 1416 expiationem
1450 1342 1675 1415 populi,
1695 1347 1903 1413 preter

241 1430 1053 1491 holocaustumkalendarum
1074 1450 1206 1488 cum
1230 1432 1532 1488 sacriﬁciis
1555 1432 1771 1499 suis,et
1797 1431 1899 1487 ho-

242 1521 580 1577 locaustum
637 1523 1064 1595 sempiternum
1093 1540 1227 1579 cum
1258 1521 1643 1578 libationibus
1687 1520 1897 1576 solitis.

238 1612 474 1666 Eisdem
491 1613 858 1668 caeremoniis
882 1613 1211 1668 afferetisin
1231 1613 1464 1668 odorem
1484 1609 1895 1667 suavissimum

239 1700 830 1757 ineensumDomino
881 1701 969 1773 (C.
1009 1701 1743 1773 LXXX.)Decimaquoque
1773 1700 1897 1755 dies

2018 546 2075 596 et
2104 542 2333 599 hircum
2366 562 2470 616 pro
2502 551 2735 617 peccata
2786 548 3009 619 absque
3059 548 3402 607 holocausta
3461 551 3679 623 sempi-

2018 632 2203 697 terno,
2240 633 2646 706 sacriﬁcioque
2696 636 2825 706 ejus
2869 641 2927 692 et
2980 635 3280 695 libamine.
3327 639 3427 694 Die
3469 640 3675 712 quinto

2017 717 2270 775 offeretis
2299 720 2515 778 vitulos
2548 739 2777 790 novem,
2811 724 3023 781 arietes
3063 726 3235 793 duos,
3267 743 3451 800 agnas
3493 727 3672 783 anni-

2016 806 2181 865 culos
2212 809 2623 867 immaeulatos
2654 815 3097 884 quatuordecim
3124 830 3137 869 :
3185 816 3591 889 sacrificiaque
3615 821 3673 874 et

2015 894 2295 953 libamina
2326 899 2690 972 singulorum
2722 919 2824 974 per
2844 902 3061 958 vitulos
3086 908 3143 959 et
3163 906 3375 961 arietes
3406 909 3463 961 et
3483 922 3668 977 agnos

2015 986 2122 1042 rite
2152 987 2562 1044 celebrabitis:
2599 996 2654 1045 et
2680 990 2910 1047 hircum
2966 1008 3068 1063 pro
3126 997 3380 1063 peccato,
3439 995 3663 1066 absque

2013 1073 2357 1132 holocausta
2379 1079 2761 1148 sempiterno,
2794 1080 3199 1153 sacrificioque
3227 1084 3356 1152 ejus
3403 1087 3461 1138 et
3514 1083 3667 1139 liba-

2012 1164 2190 1220 mine.
2230 1166 2326 1221 l)ie
2356 1173 2518 1222 sexto
2549 1168 2806 1225 offeratis
2836 1169 3052 1225 vitulos
3074 1178 3219 1237 aeto,
3252 1172 3465 1227 arietes
3489 1172 3660 1238 duas,

2012 1268 2195 1323 agnos
2210 1254 2519 1310 anniculos
2537 1255 2952 1313 immaculatos
2973 1259 3419 1329 quatuordecim
3446 1261 3663 1316 :sacri-

2012 1341 2254 1413 ﬁciaque
2285 1348 2343 1399 et
2398 1343 2685 1401 libamina
2742 1346 3116 1418 singulorum
3174 1364 3279 1419 per
3330 1347 3548 1404 vitulos
3606 1354 3664 1405 et

2010 1432 2221 1487 arietes
2254 1438 2310 1488 et
2340 1450 2518 1500 agnos
2547 1434 2655 1491 rite
2712 1434 3084 1493 celebrabitis
3114 1452 3126 1491 :
3155 1442 3212 1491 et
3268 1436 3496 1491 hircum
3556 1452 3661 1507 pro

2006 1521 2493 1593 peccato,absque
2515 1522 2856 1580 holocausta
2870 1525 3664 1597 sempiterno,sacriﬁciaque

2006 1611 2135 1681 ejus
2154 1611 2635 1668 etlibamine.Die
2648 1615 2896 1686 septimo
2910 1615 3165 1670 ofi'eretis
3177 1614 3392 1670 vitulos
3411 1620 3658 1687 septem,

2006 1700 2219 1755 arietes
2250 1701 2422 1769 duos,
2453 1718 2636 1773 agnos
2683 1702 2992 1759 anniculos
3049 1703 3466 1759 immaculatos
3517 1719 3660 1775 qua-

240 1790 467 1845 mensis
497 1788 680 1861 hujus
716 1791 949 1863 septimi
984 1791 1092 1847 erit
1122 1791 1286 1847 vobis
1310 1794 1512 1846 sancta
1537 1793 1712 1860 atque
1731 1804 1887 1843 vene-
1925 1812 1973 1878 B
2006 1789 2333 1845 tuordecim
2360 1808 2372 1845 :
2403 1791 2803 1863 saerificiaque
2833 1796 2890 1847 et
2935 1791 3219 1848 libamina
3276 1791 3651 1864 singularum

237 1878 470 1949 rabilis,
504 1886 562 1934 et
595 1879 869 1951 atfligetis
917 1880 1148 1936 animas
1194 1884 1451 1935 vestras:
1514 1895 1688 1934 omne
1743 1893 1893 1949 opus

236 1967 448 2022 servile
480 1986 597 2023 non
634 1968 857 2024 facietis
890 1969 950 2025 in
973 1986 1040 2025 ea
1064 1969 1147 2042 (h.
1183 1987 1296 2025 non
1322 1969 1498 2024 habet
1528 1968 1588 2023 in
1611 1978 1715 2037 ea).
1742 1966 1891 2022 Ofi'e-

236 2058 502 2129 ratisque
535 2057 943 2115 holocaustum
976 2059 1225 2115 Domino
1258 2059 1316 2114 in
1350 2059 1585 2114 odorem
1618 2055 1891 2112 suavissi-

235 2163 416 2213 mum,
449 2146 699 2203 vitulum
731 2149 803 2204 de
834 2152 1095 2205 armenta
1128 2165 1337 2215 unum,
1389 2146 1628 2203 arietem
1678 2160 1887 2215 unum,

234 2253 417 2308 agnos
454 2235 764 2293 anniculos
795 2238 1208 2293 immaculatos
1229 2241 1475 2310 septem,
1508 2236 1639 2291 etin
1670 2233 1890 2290 sacrifi-

233 2325 333 2381 ciis
364 2342 605 2393 eorum,
641 2326 847 2382 simila:
880 2327 1006 2383 aleo
1024 2343 1352 2399 conspersae
1372 2330 1491 2381 tres
1510 2324 1767 2379 decimas
1788 2339 1890 2396 per

229 2414 507 2487 singulos
540 2414 773 2483 vitulos,
808 2417 954 2472 duas
982 2416 1243 2472 decimas
1274 2432 1376 2489 per
1405 2414 1665 2475 arietem.
1729 2412 1885 2469 deci-

232 2521 383 2559 mam
453 2505 695 2562 deeima:
754 2522 857 2578 per
915 2523 1099 2579 agnos
1156 2505 1422 2578 singulos
1473 2504 1555 2575 (b.
1616 2502 1885 2575 singulas

227 2595 493 2650 decimas
506 2610 613 2667 per
629 2595 894 2669 singulos
920 2597 1253 2669 agnos),Qui
1276 2600 1416 2652 sunt
1433 2593 1613 2652 simul
1656 2596 1880 2665 septem

228 2683 397 2747 agni:
438 2687 497 2738 et
557 2682 788 2739 hircum
847 2701 950 2757 pro
1005 2690 1263 2757 peccato,
1325 2685 1546 2756 absque
1604 2682 1697 2738 his
1754 2698 1882 2753 quae

226 2772 424 2827 offerri
456 2788 563 2845 pro
592 2772 803 2829 delicta
832 2773 1023 2831 solent
1055 2774 1112 2829 in
1142 2774 1557 2847 expiationem,
1604 2776 1660 2827 et
1716 2771 1879 2827 bolo.

223 2869 505 2918 eaustum
519 2863 1411 2935 sempiternum,cum:sacrificio
1425 2866 1481 2917 et
1499 2860 1880 2917 lihaminibus

221 2966 458 3006 eorum.
494 2951 711 3017 Quinta
743 2952 970 3009 decima
1000 2970 1136 3009 vero
1186 2953 1278 3008 die
1337 2951 1560 3007 mensis
1614 2951 1877 3023 septimi,

220 3056 347 3109 qua:
375 3040 557 3096 vobis
588 3045 790 3097 saneta
807 3042 916 3097 erit
943 3047 1117 3115 atque
1138 3041 1506 3107 venerabilis,
1530 3057 1703 3096 omne
1728 3058 1877 3112 opus

2005 1893 2108 1950 per
2152 1880 2364 1936 vitulos
2396 1886 2452 1937 et
2481 1881 2692 1938 arietes
2722 1888 2780 1937 et
2809 1898 2992 1954 agnos
3020 1882 3127 1938 rite
3157 1881 3526 1938 celebrabitis
3553 1899 3566 1937 :
3593 1885 3651 1938 et

2001 1966 2232 2024 hircum
2264 1986 2365 2041 pro
2396 1974 2630 2043 peccato
2648 1972 2870 2043 absque
2888 1971 3229 2028 holocausta
3267 1971 3647 2044 sempiterna.

2002 2058 2407 2131 sacrificioque
2438 2062 2568 2132 ejus
2598 2065 2656 2116 et
2685 2061 2987 2118 libamine.
3021 2061 3124 2117 Die
3154 2067 3379 2130 octavo,
3414 2061 3510 2131 qui
3557 2065 3648 2117 est

2000 2146 2434 2217 celeberrimus,
2513 2166 2687 2207 omne
2737 2167 2887 2223 opus
2944 2150 3151 2206 servile
3220 2166 3338 2206 non
3397 2150 3646 2222 facietis,

1999 2236 2307 2295 oﬂerentes
2348 2238 2759 2296 holocaustum
2808 2240 2868 2295 in
2926 2240 3164 2296 odorem
3224 2238 3645 2295 suavissimum

2002 2327 2267 2399 Domino,
2318 2328 2567 2385 vitulum
2623 2345 2831 2398 unum,
2889 2328 3132 2384 arietem
3207 2344 3415 2395 unum,
3462 2343 3647 2400 agnas

1996 2418 2307 2472 anniculos
2351 2418 2764 2475 immaculatos
2816 2422 3073 2490 septem:
3135 2416 3540 2489 saeriﬁciaque
3587 2420 3647 2472 et

1992 2505 2276 2562 libamina
2320 2508 2690 2580 singularum
2725 2525 2831 2580 per
2859 2507 3077 2564 vitulos
3110 2508 3323 2564 arietes
3352 2511 3409 2562 et
3455 2522 3640 2577 agnos

1993 2593 2105 2650 rite
2133 2595 2531 2653 celebrabitis:
2564 2601 2622 2653 et
2669 2597 2896 2653 hircum
2956 2614 3060 2669 pro
3119 2599 3357 2668 peccata
3413 2596 3639 2668 absque

1992 2683 2333 2740 holocausta
2361 2686 2740 2757 sempiterno,
2774 2686 3179 2758 sacrificioque
3208 2685 3337 2756 ejus
3381 2691 3438 2740 et
3495 2686 3641 2742 liba-

1994 2773 2171 2830 mine.
2224 2778 2351 2830 Haec
2424 2774 2679 2831 offeratis
2734 2775 2981 2830 Domino
3039 2774 3099 2829 in
3160 2772 3633 2831 solemnitatibus

1988 2862 2236 2918 vestris:
2271 2871 2479 2936 praeter
2506 2868 2639 2919 vota
2669 2867 2726 2919 et
2773 2862 3100 2920 oblationes
3158 2867 3513 2933 spontaneas
3570 2864 3632 2918 in

1989 2950 2351 3021 holocausta,
2385 2954 2443 3009 in
2486 2953 2791 3020 sacrificia,
2823 2952 2881 3008 in
2905 2951 3207 3021 libamine,
3239 2960 3291 3008 et
3322 2952 3381 3007 in
3421 2951 3633 3009 hostiis

1988 3041 2274 3113 paciﬁcis.

218 3129 439 3185 servile
473 3146 588 3185 non
622 3130 849 3186 facietis
880 3130 937 3185 in
971 3148 1037 3187 ea
1064 3131 1145 3203 (h.
1179 3148 1292 3188 non
1326 3131 1499 3186 habet
1533 3130 1588 3184 in
1617 3130 1726 3201 ea),
1778 3130 1875 3185 sed
1912 3130 1954 3196 C
2061 3133 2149 3195 (Β.
2186 3130 2353 3197 LXV,
2384 3135 2446 3188 C.
2483 3131 2766 3202 LXXXII,
2797 3134 2933 3197 Cap.
2980 3130 3193 3197 XXX.)
3249 3129 3637 3201 Narravitque

220 3218 612 3274 celebrabitis
645 3219 1079 3276 solemnitatem
1110 3220 1357 3276 Domina
1390 3224 1611 3291 septem
1655 3219 1884 3274 diebus.

226 3308 303 3376 (Β.
342 3306 627 3371 LXXXI.)
660 3308 1046 3381 Oft‘eretisque
1078 3309 1483 3365 holocaustum
1530 3309 1585 3361 in
1648 3309 1883 3364 odorem

220 3396 656 3451 suavissimum
686 3396 955 3468 Domina,
978 3397 1191 3454 vitulos
1210 3399 1280 3453 de
1301 3402 1567 3454 armento
1584 3397 1886 3463 tredecim,

218 3488 442 3541 arietes
465 3485 640 3553 duos,
660 3502 843 3559 agnas
874 3486 1180 3543 anniculos
1208 3486 1648 3559 quatuordecim
1674 3487 1882 3541 imma-

215 3576 510 3630 culatos:
574 3578 633 3629 et
688 3574 746 3630 in
806 3574 1149 3631 libamentis
1206 3592 1432 3642 eorum,
1493 3574 1699 3630 simila:
1757 3574 1885 3631 oleo

211 3679 556 3736 conspersae
592 3668 712 3721 tres
744 3665 1004 3721 decimas
1031 3682 1133 3736 per
1176 3664 1391 3719 vitulos
1445 3664 1733 3736 singulos,
1786 3664 1883 3735 qui

209 3762 347 3808 sunt
381 3753 575 3809 simul
607 3754 771 3810 vituli
808 3756 1083 3811 tredecim
1112 3772 1125 3810 :
1161 3760 1218 3810 et
1246 3757 1391 3810 duas
1426 3753 1684 3809 decimas
1716 3754 1881 3810 arieti

212 3859 346 3907 uno,
372 3844 443 3897 id
477 3847 570 3898 est
602 3844 778 3899 simul
806 3844 1092 3901 arietibus
1118 3845 1372 3913 duobus,
1407 3848 1463 3899 et
1490 3842 1571 3915 (h.
1604 3844 1885 3914 utsupra)

212 3931 515 3986 decimam
555 3932 799 3988 decimas
844 3934 1010 4005 agnis
1042 3933 1316 4004 singulis,
1351 3932 1449 4005 qui
1505 3935 1645 3988 sunt
1701 3930 1883 3986 simul

212 4020 345 4090 agni
382 4022 841 4094 quatuordecim
871 4041 884 4078 :
910 4027 967 4079 et
990 4022 1217 4078 hircum
1242 4038 1346 4095 pro
1378 4026 1635 4094 peccato,
1662 4021 1883 4093 absque

212 4110 571 4167 holocausta
602 4112 986 4183 sempiterno,
1020 4118 1077 4168 et
1125 4112 1435 4179 sacriﬁcia,
1493 4115 1551 4166 et
1603 4110 1883 4165 libamine

213 4199 363 4265 ejus.
400 4203 466 4255 In
502 4200 602 4255 die
636 4199 820 4256 altera
854 4200 1109 4257 ofi‘eretis
1129 4200 1345 4257 vitulos
1368 4202 1435 4256 de
1458 4203 1719 4256 armento
1743 4200 1883 4255 duo-

214 4289 438 4359 decim,
474 4289 694 4345 arietes
727 4290 898 4359 duas,
931 4306 1112 4362 agnas
1140 4287 1880 4345 anniculosimmaculatos

211 4378 673 4443 quatuordecim
694 4378 1118 4452 :sacriﬁeiaque
1139 4379 1487 4434 etlibamina
1510 4377 1879 4449 singulorum

208 4484 307 4534 per
344 4466 577 4522 vitulos
610 4471 667 4520 et
698 4467 913 4524 arietes
942 4472 1000 4522 et
1031 4484 1215 4541 agnos
1245 4468 1354 4523 rite
1386 4467 1794 4523 celebrabitis:
1825 4472 1879 4521 et

208 4556 445 4611 hircum
485 4572 591 4627 pro
612 4560 866 4627 peccato,
889 4557 1113 4629 absque
1136 4556 1479 4613 holocausta
1503 4556 1879 4628 sempiterno,

202 4645 635 4716 sacriﬁcioque
666 4649 724 4700 et
754 4644 1033 4703 libamine
1089 4647 1240 4717 ejus.
1276 4646 1357 4701 De
1404 4646 1571 4701 tertio
1628 4644 1882 4701 offeretis

201 4733 426 4789 vitulos
494 4734 792 4805 undecim,
845 4736 1057 4791 arietes
1116 4736 1285 4804 duos,
1339 4751 1523 4807 agnos
1576 4733 1883 4790 anniculos

202 4820 639 4879 immaculatos
669 4825 1150 4895 quatuordecim:
1187 4824 1585 4895 sacriﬁciaque
1628 4828 1685 4878 et
1732 4822 1885 4878 liba-

203 4911 371 4965 mina
398 4911 783 4982 singulorum
805 4929 906 4984 per
923 4912 1138 4968 vitulos
1160 4918 1217 4968 et
1257 4913 1467 4969 arietes
1492 4917 1545 4967 et
1571 4928 1753 4984 agnos
1779 4912 1887 4966 rite

200 5000 576 5056 celebratis:
616 5005 671 5056 et
702 5002 929 5057 hircum
966 5020 1071 5075 pro
1116 5007 1378 5075 peccato,
1434 5003 1658 5073 absque
1720 5001 1886 5056 holo-

205 5096 429 5145 causta
459 5089 849 5161 sempiterno,
884 5092 1291 5163 sacriﬁcioque
1325 5091 1679 5146 etlibamine
1735 5091 1885 5161 ejus.

206 5176 307 5233 Die
343 5182 580 5249 quarto
614 5179 868 5235 ofi'eretis
924 5180 1141 5236 vitulos
1173 5183 1395 5248 decem,
1449 5179 1659 5234 arietes
1716 5180 1885 5247 duos,

197 5283 387 5335 agnos
425 5268 747 5324 anniculos
772 5270 1185 5327 immaculatos
1201 5270 1649 5342 quatuordecim
1675 5269 1887 5325 :sacri-

207 5355 479 5428 ﬁciaqne
522 5372 725 5412 eorum
784 5359 965 5429 (Vulg.
1018 5369 1123 5416 tae.
1185 5360 1434 5429 eorum),
1494 5363 1550 5413 et
1604 5358 1888 5414 libamina

280 5567 599 5653 [Μαι-ἥξω
650 5569 816 5655 ppnit
872 5570 1160 5655 quidquid,
1192 5576 1251 5627 et
1298 5572 1500 5628 subdit
1548 5572 1885 5655 ad‘calcem

200 5642 447 5714 pagina
515 5655 530 5696 :
586 5659 612 5692 α
674 5641 815 5709 Quia
864 5641 1100 5712 iurauit,
1145 5641 1330 5716 ‘opers
1420 5644 1730 5717 complebit.
1792 5647 1886 5703 Sia

1998 3221 2184 3274 Moses
2218 3218 2355 3273 ﬁliis
2387 3220 2561 3276 Israel
2597 3220 2795 3275 omnia
2810 3236 2936 3292 quae
2954 3218 3005 3275 ei
3023 3218 3301 3274 Dominus
3322 3219 3641 3290 imperarat

1995 3306 2295 3364 etlocutus
2313 3313 2400 3364 est
2423 3310 2493 3363 ad
2522 3310 2817 3381 principes
2852 3309 3115 3363 tribuum
3142 3306 3397 3363 filiorum
3424 3307 3638 3364 Israel:

1997 3400 2112 3456 Iste
2140 3404 2229 3456 est
2258 3416 2452 3456 sermo
2484 3417 2657 3471 quem
2692 3401 2967 3472 praecepit
3021 3399 3337 3455 Dominus:
3399 3398 3458 3455 Si
3508 3399 3644 3471 quis

1996 3488 2253 3545 virorum
2286 3494 2485 3545 votum
2518 3489 2765 3545 Domino
2796 3488 3035 3556 voverit,
3077 3493 3181 3543 aut
3237 3505 3301 3544 se
3357 3488 3645 3544 constrin-

1995 3579 2143 3634 xerit
2165 3579 2505 3649 juramento
2535 3596 2547 3633 ε
2583 3595 2695 3635 non
2728 3578 2864 3634 fecit
2894 3578 3129 3633 irritum
3160 3578 3403 3633 verbum
3440 3594 3641 3645 suum,

1996 3669 2097 3724 sed
2132 3684 2305 3724 omne
2336 3670 2487 3740 quod
2523 3666 3128 3740 promisit,implehit.
3205 3668 3264 3723 C.
3326 3667 3642 3737 LXXXIII.)

1995 3756 2205 3812 Mulier
2235 3757 2282 3812 si
2344 3757 2649 3830 quippiam
2695 3755 2938 3822 voverit,
2998 3759 3054 3809 et
3108 3770 3171 3809 se
3228 3752 3645 3810 constrinxerit

1986 3847 2355 3917 juramento,
2387 3862 2513 3916 qua;
2545 3844 2715 3901 estin
2748 3846 2922 3899 domo
2954 3843 3134 3914 patris
3164 3842 3279 3909 sui,
3302 3847 3360 3897 et
3389 3842 3445 3897 in
3478 3845 3646 3897 atate

1996 3935 2190 3991 adhuc
2224 3934 2466 4006 puellari
2499 3953 2511 3991 :
2546 3935 2593 3990 si
2622 3934 2958 4006 cognoverit
2988 3937 3154 4004 pater
3209 3936 3437 4001 votum,
3485 3931 3643 4000 quod

1995 4023 2256 4098 pollicita
2285 4028 2395 4090 est,
2419 4028 2477 4078 et
2500 4024 2921 4092 juramentum,
2940 4038 3054 4092 quo
3078 4019 3362 4091 obligavit
3380 4018 3642 4074 animam

1995 4130 2188 4179 suam,
2222 4117 2281 4167 et
2310 4113 2586 4178 tacuerit,
2619 4112 2733 4166 voti
2770 4127 2867 4165 rea
2919 4111 3066 4164 erit:
3129 4108 3271 4180 quid
3307 4108 3323 4141 ¹
3383 4106 3647 4179 pollicita

1992 4209 2101 4269 est,
2134 4200 2440 4271 etjuravit,
2476 4217 2648 4272 apere
2679 4198 3030 4270 complebit.
3064 4198 3165 4253 Sin
3193 4202 3389 4252 autem
3442 4195 3643 4252 statim

1994 4296 2057 4346 ut
2088 4290 2362 4358 audierit,
2396 4289 2821 4345 contradixerit
2852 4292 3037 4359 pater,
3080 4290 3137 4342 et
3179 4290 3317 4341 vota
3372 4290 3429 4340 et
3479 4286 3646 4355 jura-

1992 4385 2185 4437 menta
2227 4380 2355 4451 ejus
2436 4380 2601 4434 irrita
2659 4382 2853 4437 erunt.
2898 4393 3003 4433 nec
3053 4375 3297 4431 obnoxia
3346 4374 3645 4429 tenebitur

1990 4469 2391 4542 sponsioni,eo
2423 4468 2575 4540 quod
2606 4465 3025 4523 eantradixerit
3057 4468 3221 4537 pater
3247 4463 3325 4524 (h.
3366 4462 3643 4518 Dominus

1995 4561 2151 4631 quod
2212 4557 2632 4629 propitiabitur
2713 4558 2787 4624 ei,
2846 4572 2912 4611 eo
3012 4554 3167 4624 quod
3226 4549 3647 4608 contradixerit

1998 4647 2204 4721 pater).
2230 4648 2287 4702 Si
2323 4646 2600 4703 maritum
2635 4644 2928 4709 habuerit,
2962 4648 3019 4699 et
3049 4642 3271 4698 voverit
3320 4640 3568 4712 aliquid,
3590 4647 3646 4697 et

1996 4733 2175 4791 semel
2191 4734 2431 4789 verbum
2467 4734 2539 4788 de
2569 4749 2666 4789 ore
2697 4733 2825 4802 ejus
2856 4732 3162 4803 egrediens
3193 4729 3448 4785 animam
3482 4728 3644 4784 illius

1996 4822 2688 4894 obligaveritjuramento
2719 4839 2731 4877 :
2766 4838 2880 4893 qua
2913 4820 3006 4877 die
3033 4818 3285 4875 audierit
3307 4819 3418 4883 vir,
3439 4824 3498 4873 et
3526 4834 3638 4873 nan

1999 4912 2435 4979 rantradixerit,
2464 4912 2580 4965 voti
2613 4927 2711 4966 rea
2744 4911 2875 4977 erit,
2902 4910 3226 4979 reddetque
3257 4908 3651 4979 quodcunque

2001 5002 2372 5072 promiserat.
2388 4999 2487 5055 Sin
2513 5004 2706 5055 autem
2729 4998 2976 5055 audiens
2994 4998 3189 5053 statim
3210 4994 3644 5061 contradixerit,

2001 5095 2058 5145 et
2107 5090 2304 5145 irritas
2363 5089 2562 5144 fecerit
2608 5088 3063 5160 pollicitationes
3121 5086 3270 5155 ejus,
3354 5083 3644 5152 verbaque

2000 5178 2212 5249 quibus
2243 5178 2639 5232 obstrinxerat
2678 5177 2937 5231 animam
2996 5191 3193 5230 suam:
3246 5170 3534 5245 propitius
3589 5167 3641 5224 ei

1999 5268 2110 5323 erit
2138 5267 2445 5323 Dominus.
2479 5265 2672 5321 Vidua
2700 5270 2757 5320 et
2788 5264 3094 5338 repudiata
3143 5259 3428 5334 quidquid
3476 5272 3645 5312 vove-

2000 5357 2139 5427 rint,
2184 5357 2449 5411 reddent.
2482 5355 2637 5411 Uxor
2666 5355 2725 5409 in
2757 5355 2931 5410 domo
2950 5354 3061 5409 viri
3089 5366 3222 5408 eum
3262 5363 3324 5405 se
3356 5349 3487 5403 voto
3504 5362 3646 5402 con-

1999 5570 2213 5639 legitur
2244 5570 2301 5624 in
2332 5570 2583 5634 Canone,
2616 5572 2672 5623 et
2702 5567 2883 5625 altera
2904 5564 3081 5624 veteri
3114 5577 3224 5620 ms.
3257 5559 3386 5618 cod.
3408 5561 3464 5614 8.
3511 5555 3649 5614 Ger-

2000 5642 2164 5701 mani
2194 5658 2227 5699 a
2256 5642 2467 5699 Pratis.
2501 5662 2531 5691 υ
