4068 6172
426 310 527 394 431

1453 320 1511 373 Β.
1555 309 1962 369 HIERONYMI
1998 308 2255 364 DIVINA
2295 310 2792 367 BIBLIOTEHCA.

3738 314 3843 370 432

425 456 720 521 strinxerit
749 458 805 514 et
832 452 1163 527 iuramento
1188 465 1200 503 :
1229 450 1285 503 et
1315 442 1566 501 audierit
1587 440 1675 495 vir
1712 442 1769 493 et
1798 434 2063 502 tacuerit,
2097 435 2149 500 Α
2180 434 2536 527 deceperunt
2595 434 2743 527 tilios
2771 433 2947 527 Israel
2979 435 3051 491 ad
3084 435 3523 527 suggestionem
3578 437 3842 506 Balaam,

425 568 530 608 nec
561 544 978 605 contradixerit
1027 535 1358 612 sponsioni,
1420 532 1622 588 reddet
1678 528 2068 600 quodcunque

424 639 774 714 promiserat
806 654 820 703 ;
854 632 947 688 sin
978 634 1170 686 autem
1186 621 1474 694 extemplo
1490 615 1924 681 contradixerit,
1952 630 2068 669 non

421 707 717 786 tenebitur
747 719 1159 794 promissionis
1198 730 1325 770 rea:
1363 711 1501 783 quia
1531 707 1781 764 maritus
1839 708 2069 794 contra-

424 817 589 887 dixit,
621 819 677 869 et
706 793 990 868 Dominus
1022 806 1072 863 ei
1106 802 1395 877 propitius
1444 799 1575 854 erit.
1630 796 1688 887 Si
1732 793 1971 887 voverit,
2015 795 2072 887 et

415 879 750 978 juramento
782 917 844 956 se
875 892 1312 960 constrinxerit,
1348 893 1412 944 ut
1448 904 1548 959 per
1577 884 1914 981 jejunium,
1980 879 2069 935 vel

423 975 765 1050 ceterarum
808 1003 1003 1044 rerum
1052 979 1474 1040 abstinentiam
1534 975 1759 1047 afﬂigat
1812 975 2071 1028 animam

428 1096 633 1141 suam:
666 1080 724 1135 in
786 1075 1027 1134 arbitrio
1078 1070 1186 1128 viri
1238 1069 1348 1126 erit
1404 1070 1469 1123 ut
1526 1064 1718 1131 faciat,
1776 1061 1894 1117 sive
1955 1075 2070 1114 non

422 1170 615 1227 faciat.
651 1165 815 1233 Quod
845 1164 894 1218 si
927 1159 1174 1217 audiens
1202 1156 1291 1211 vir
1318 1152 1591 1218 tacuerit,
1623 1156 1681 1208 et
1706 1151 1766 1205 in
1826 1148 2070 1205 alteram

421 1258 576 1313 diem
610 1252 907 1311 distulerit
924 1248 1275 1306 sententiam
1301 1262 1313 1300 :
1341 1242 1629 1315 quidquid
1656 1242 1884 1296 voverat
1898 1243 2072 1309 atque

420 1345 791 1419 promiserat,
824 1340 1063 1396 reddet:
1101 1335 1240 1408 quia
1265 1333 1469 1389 statim
1500 1343 1565 1387 ut
1588 1329 1831 1419 audivit,
1865 1326 2067 1419 tacuit.

420 1415 521 1490 Sin
542 1437 740 1490 autem
766 1425 1184 1486 contradixerit
1204 1426 1517 1495 postquam
1543 1418 1795 1487 rescivit,
1818 1415 2074 1489 portabit

418 1524 544 1596 ipse
574 1520 953 1593 iniquitatem
988 1516 1138 1587 ejus.
1166 1513 1297 1568 Istae
1314 1514 1453 1568 sunt
1475 1509 1633 1581 leges
1658 1507 1737 1577 (b.
1762 1504 2068 1577 legitima).

416 1628 563 1685 quas
586 1608 895 1667 constituit
927 1605 1214 1662 Dominus
1248 1601 1414 1669 Mosi,
1450 1601 1604 1655 inter
1624 1596 1816 1653 virum
1839 1599 1896 1652 et
1928 1610 2070 1685 uxo-

420 1683 566 1768 rem,
598 1701 751 1755 inter
782 1701 1008 1769 patrem
1041 1697 1096 1750 et
1127 1691 1335 1757 ﬁliam,
1366 1705 1489 1761 quae
1520 1688 1579 1742 in
1604 1684 1853 1759 puellari
1877 1683 2071 1739 adhuc

419 1796 589 1848 aetate
620 1795 728 1857 est,
762 1785 849 1841 vel
881 1800 1011 1857 quae
1032 1787 1227 1838 manet
1258 1779 1315 1833 in
1349 1776 1607 1850 parentis
1655 1776 1829 1830 domo
1886 1773 1966 1845 (h.
2010 1771 2069 1827 in
2103 1810 2150 1875 B

420 1879 605 1953 patris
636 1878 853 1945 domo).

489 1968 577 2041 (T.
613 1964 891 2031 xvu,s.
937 1962 1130 2031 LXVI,
1191 1959 1251 2015 c.
1313 1954 1600 2026 LXXXIV,
1656 1954 1786 2025 Cap.
1837 1951 2069 2041 XXXI.)

418 2040 793 2127 Locutusque
826 2057 914 2109 est
946 2051 1226 2106 Dominus
1258 2048 1329 2102 ad
1358 2046 1583 2113 Mosen,
1623 2043 1864 2097 dicens:
1924 2040 2071 2097 Ulci-

420 2163 582 2204 scere
616 2145 780 2219 prius
810 2143 889 2214 (b.
924 2157 1041 2196 non
1072 2139 1250 2194 habet
1272 2135 1457 2209 prius)
1483 2132 1824 2189 ﬁlioslsrael
1848 2132 1920 2186 de
1949 2130 2066 2186 Ma-

417 2234 678 2306 dianitis,
711 2236 770 2289 et
801 2232 885 2288 sic
918 2228 1210 2301 colligeris
1230 2226 1300 2281 ad
1325 2221 2067 2297 populumtuum.Statim-

419 2341 531 2397 que
562 2323 786 2380 Moses:
842 2324 1102 2383 Armate,
1161 2312 1373 2384 inquit,
1436 2326 1503 2365 ex
1558 2309 1722 2364 vobis
1781 2306 1935 2363 viros
1991 2306 2065 2397 ad

418 2396 698 2487 pugnam,
733 2409 833 2483 qui
868 2406 1096 2481 possint
1125 2403 1408 2460 ultionem
1447 2397 1672 2455 Domini
1705 2402 1970 2468 expetere
1993 2396 2065 2452 de

417 2501 779 2561 Madianitis.
811 2497 964 2553 Mille
979 2496 1085 2551 viri
1110 2495 1180 2550 de
1210 2492 1460 2564 singulis
1479 2489 1751 2546 tribubus
1772 2488 2067 2560 eligantur

417 2611 485 2650 ex
508 2590 689 2649 Israel
721 2588 823 2663 qui
854 2588 1166 2643 mittantur
1196 2582 1265 2638 ad
1294 2580 1534 2637 bellum.
1596 2578 2010 2648 Dedcruntque
2045 2578 2060 2612 ί

418 2680 691 2738 millenos
724 2680 794 2735 de
853 2673 1079 2732 cunctis
1128 2672 1422 2738 tribubus,
1481 2668 1541 2724 id
1591 2671 1701 2737 est,
1750 2666 2061 2722 duodecim

413 2769 572 2827 mille
602 2764 1006 2839 expeditorum
1039 2761 1112 2817 ad
1162 2774 1439 2832 pugnam,
1475 2772 1621 2828 quos
1665 2755 1827 2811 misit
1871 2755 2063 2810 Moses

415 2874 549 2915 cum
577 2857 825 2913 Phineas
858 2853 978 2909 ﬁlio
1012 2848 1269 2906 Eleazari
1302 2846 1803 2912 sacerdotis,vasa
1829 2859 2063 2915 quoque

417 2952 643 3012 sancta,
676 2949 733 3001 et
760 2944 936 2999 tubas
968 2941 1049 3013 (h.
1084 2938 1282 3009 tibias)
1309 2937 1380 2991 ad
1400 2934 1791 3005 clangentium
1817 2932 2063 2988 tradidit

415 3038 485 3094 ci.
532 3038 795 3106 Cumque
830 3032 1191 3105 pugnassent
1239 3031 1441 3083 contra
1491 3024 1837 3080 Madianitas
1889 3027 2062 3094 atque

414 3127 694 3183 vicissent
752 3125 796 3192 9,
853 3137 1057 3178 omnes
1116 3135 1307 3174 mares
1366 3115 1729 3184 occiderunt,
1780 3118 1838 3170 et
1895 3129 2061 3186 reges

416 3231 641 3280 eorum,
676 3182 797 3281 Evi,
831 3216 887 3266 et
920 3211 1153 3275 Recem,
1185 3211 1243 3262 et
1273 3209 1405 3271 Sur,
1467 3208 1523 3259 et
1578 3182 1722 3271 Hur,
1782 3208 1839 3258 et
1886 3182 2059 3275 Hebe,
2092 3182 2136 3251 C

417 3304 677 3377 quinque
693 3300 989 3373 principes
1010 3297 1201 3370 gentis
1223 3295 1301 3357 (h.
1324 3294 1587 3367 quinque
1606 3308 1770 3364 reges
1786 3292 2061 3358 Madian):

416 3392 653 3449 Balaam
685 3405 920 3462 quoque
952 3386 1135 3442 tilium
1181 3385 1327 3439 Bcor
1375 3382 1795 3438 interfecerunt
1844 3380 2061 3453 gladio.

417 3481 823 3554 Cepcruntque
837 3476 1109 3533 mulieres
1129 3477 1417 3542 eorum,et
1433 3470 1722 3541 parvulos,
1749 3469 2065 3542 omniaque

416 3573 717 3642 pecora,et
746 3570 1017 3623 cunctam
1041 3560 1464 3635 supellectilem
1500 3576 1513 3614 :
1536 3558 1826 3631 quidquid
1852 3559 2065 3615 habere

418 3652 1035 3733 poterantdepopulati
1067 3656 1242 3708 sunt:
1277 3655 1395 3705 tam
1427 3649 1601 3704 urbes
1632 3663 1808 3719 quam
1845 3648 2065 3705 viculos

421 3754 477 3805 et
490 3746 729 3804 castella
744 3751 973 3802 ﬂamma
991 3757 1234 3799 consum
1245 3739 1455 3812 psit.Et
1472 3737 1736 3793 tulerunt
1749 3738 2003 3809 praedam
2019 3740 2063 3810 ³,

419 3843 475 3895 et
499 3836 770 3894 universa
800 3850 926 3907 quae
959 3834 1235 3904 ceperant
1264 3834 1385 3884 tam
1409 3844 1478 3884 ex
1508 3826 1850 3883 hominibus
1883 3844 2059 3899 quam

419 3924 820 3998 exjumentis,
851 3926 908 3979 et
939 3921 1307 3977 adduxerunt
1335 3918 1407 3973 ad
1456 3916 1679 3985 Mosen,
1712 3922 1769 3972 et
1827 3916 2063 3973 Eleaza-

419 4033 545 4073 rum
577 4015 962 4080 sacerdotem,
994 4013 1051 4065 et
1072 4008 1143 4065 ad
1175 4022 1411 4063 omnem
1444 4004 1891 4061 multitudinem
1917 4005 2065 4062 {ilio-

419 4122 552 4163 rum
575 4102 773 4161 Israel.
804 4100 1041 4172 Reliqua
1066 4101 1261 4153 autem
1286 4094 1563 4152 utensilia
1588 4099 1967 4166 portaverunt
1991 4097 2062 4152 ad

419 4200 612 4251 castra
642 4195 699 4249 in
719 4188 1150 4262 campestribus
1169 4184 1847 4255 MoabjuxtaJordanem
1864 4192 2065 4241 contra

417 4283 648 4341 Jericho
706 4282 797 4354 (Et
853 4279 1116 4335 tulerunt
1174 4275 1453 4348 praedam,
1506 4277 1563 4328 et
1618 4273 1891 4328 universa
1938 4291 2062 4345 quae

418 4375 693 4445 ceperant
723 4375 841 4426 tam
877 4385 945 4424 ex
973 4364 1337 4435 hominibus,
1364 4378 1544 4435 quam
1577 4377 1644 4417 ex
1677 4363 1980 4433 iumentis,
2006 4367 2065 4419 et

418 4463 647 4535 reliqua
678 4457 973 4522 utensilia,
1000 4459 1056 4511 et
1086 4454 1455 4509 adduxerunt
1498 4452 1569 4508 ad
1628 4451 1850 4521 Mosen,
1882 4455 1939 4507 et
1988 4453 2059 4508 ad

2177 528 2233 579 et
2265 524 2629 595 praevaricari
2663 541 2764 580 vos
2798 525 3061 580 fecerunt
3090 525 3149 580 in
3181 525 3431 582 Domino
3466 543 3646 599 super
3711 546 3845 601 pec-

2174 617 2302 668 cato
2340 613 2589 683 Pbohor,
2626 614 2781 669 unde
2810 618 2866 668 et
2886 630 3202 686 percussus
3245 618 3335 670 est
3366 614 3622 687 populus
3648 617 3675 671 ?
3698 617 3841 690 Ergo

2178 708 2418 758 cunctos
2450 702 2755 759 interficite
2784 701 3072 774 quidquid
3110 707 3199 758 est
3227 704 3462 776 generis
3504 706 3847 778 masculini,

2178 791 2355 847 etiam
2386 792 2446 846 in
2478 790 2754 864 parvulis,
2788 798 2845 847 et
2875 791 3172 859 mulieres,
3198 809 3323 863 qum
3353 791 3641 849 noverunt
3678 797 3832 851 viros

2179 882 2237 937 in
2272 881 2446 951 coitu,
2474 881 2767 951 iugulate:
2794 880 3020 953 puellas
3043 885 3240 937 autem
3263 887 3320 937 et
3344 899 3549 938 omnes
3587 884 3835 942 feminas

2178 971 2431 1043 virgines
2457 975 2743 1027 reservate
2792 971 2980 1037 vobis,
3028 975 3085 1027 et
3142 980 3373 1028 manete
3428 978 3590 1029 extra
3643 979 3833 1032 castra

2180 1065 2403 1133 septem
2435 1060 2664 1116 diebus.
2699 1060 2806 1126 Qui
2828 1060 3553 1133 occiderithominem,vel
3572 1064 3830 1121 occisum

2178 1150 2456 1222 tetigerit,
2487 1150 2838 1206 lustrabitur
2867 1150 2957 1205 dei
2990 1151 3164 1206 tertio
3193 1155 3251 1206 et
3280 1150 3552 1222 septimo.
3587 1153 3663 1208 (h.
3724 1153 3831 1220 Qui

2182 1255 2314 1295 vero
2374 1240 2677 1295 hominem
2728 1237 3023 1307 occiderit,
3083 1238 3170 1295 vel
3228 1239 3491 1297 occisum
3554 1243 3829 1315 tetigerit,

2182 1332 2417 1384 maneat
2445 1333 2607 1384 extra
2635 1331 2828 1383 castra
2859 1332 3086 1400 Septem
3118 1328 3327 1386 diebus
3369 1328 3835 1404 lustrabiturque

2181 1418 2276 1474 die
2304 1419 2475 1474 tertio
2506 1422 2562 1473 et
2592 1417 2885 1489 septimo).
2922 1417 2990 1473 Et
3014 1418 3084 1474 de
3115 1419 3276 1474 omni
3307 1421 3522 1492 praeda,
3569 1420 3690 1477 sive
3746 1438 3833 1478 ve-

2181 1507 2526 1564 stimentum
2560 1507 2754 1574 fuerit,
2779 1506 2906 1563 sive
2921 1523 3045 1574 vas,
3077 1511 3134 1563 et
3158 1506 3381 1580 aliquid
3444 1508 3503 1564 in
3555 1510 3830 1567 utensilia

2182 1599 2601 1668 praeparatum,
2634 1596 2704 1650 de
2761 1611 3071 1667 caprarum
3132 1595 3406 1668 pellibus,
3466 1602 3524 1654 et
3570 1598 3728 1670 pilis,
3777 1605 3833 1655 et

2179 1684 2338 1756 ligno
2370 1683 2810 1755 expiabitur(b.
2853 1683 3242 1745 lustrabitur).
3306 1685 3541 1742 Eleazar
3600 1704 3832 1760 quoque

2181 1775 2475 1843 sacerdos,
2510 1775 2579 1829 ad
2611 1774 2766 1830 viros
2803 1773 3091 1830 exercitus
3125 1775 3224 1846 qui
3285 1782 3713 1847 pugnaverant,
3746 1777 3832 1834 sic

2180 1864 2413 1920 locutus
2445 1869 2560 1919 est:
2587 1864 2705 1918 Hoc
2737 1868 2827 1919 est
2852 1867 3210 1936 praeceptum
3244 1864 3413 1937 legis,
3449 1868 3605 1938 quod
3662 1884 3831 1923 man-

2180 1954 2333 2010 davit
2363 1954 2643 2009 Dominus
2669 1953 2838 2010 Mosi:
2874 1959 3119 2021 Aurum,
3152 1958 3209 2009 et
3253 1958 3586 2027 argentum,
3636 1961 3694 2013 et
3724 1974 3828 2023 aes,

2180 2047 2236 2099 et
2266 2044 2508 2111 ferrum,
2540 2047 2597 2098 et
2627 2046 2930 2111 stannum,
2963 2048 3021 2099 et
3042 2041 3375 2115 plumbum,
3402 2049 3457 2100 et
3484 2062 3654 2102 omne
3671 2047 3829 2117 quod

2178 2136 2373 2205 potest
2402 2131 2651 2188 transire
2682 2147 2786 2203 per
2815 2131 3107 2199 ﬂammas,
3136 2131 3272 2205 igne
3332 2134 3683 2206 purgabitur
3742 2134 3830 2201 (b.

2177 2222 2311 2294 igne
2342 2220 2711 2293 purgabitur,
2744 2224 2801 2276 et
2831 2237 2985 2293 aqua
3036 2222 3386 2294 expiationis
3435 2222 3830 2298 lustrabitur).

2176 2311 2467 2381 Quidquid
2503 2315 2697 2366 autem
2725 2309 2919 2381 ignem
2945 2327 3059 2366 non
3094 2316 3283 2383 potest
3329 2313 3641 2381 sustinere,
3675 2332 3830 2387 aqua

2175 2400 2525 2472 expiationis
2545 2399 3010 2456 sanctiﬁcabitur
3038 2416 3052 2457 :
3083 2405 3141 2456 et
3168 2400 3437 2458 lavabitis
3480 2402 3831 2460 vestimenta

2175 2497 2367 2545 vestra
2396 2489 2488 2545 die
2502 2488 2752 2559 septimo
2784 2493 2841 2544 et
2871 2489 3158 2561 puriﬁcati
3183 2495 3385 2562 postea
3414 2496 3605 2549 castra
3639 2493 3828 2549 intra-

2174 2579 2334 2635 bitis.
2367 2578 2451 2650 (C.
2488 2577 2794 2641 LXXXVI.)
2828 2578 3105 2652 Dixitque
3154 2580 3434 2637 Dominus
3457 2582 3527 2638 ad
3571 2582 3772 2639 Mosen
3811 2600 3826 2638 :

2169 2668 2374 2724 Tollite
2406 2683 2701 2724 summam
2733 2684 2936 2723 eorum
2960 2685 3089 2741 quae
3113 2674 3281 2742 capta
3298 2674 3459 2740 sunt,
3487 2673 3558 2727 ab
3583 2672 3827 2729 homine

2174 2773 2361 2830 usque
2394 2756 2463 2812 ad
2490 2773 2692 2828 pecus,
2721 2761 2786 2812 tu
2817 2761 2875 2813 et
2903 2756 3140 2814 Eleazar
3156 2760 3427 2816 sacerdos
3450 2765 3506 2815 et
3527 2762 3830 2834 principes
3870 2831 3876 2835 _

2169 2847 2363 2918 vulgi:
2397 2847 2740 2919 dividesque
2771 2863 2839 2903 ex
2871 2864 3039 2920 aequo
3066 2850 3344 2921 praedam,
3378 2850 3530 2906 inter
3574 2867 3676 2908 eos
3720 2855 3827 2926 qui

2172 2941 2582 3009 pugnaverunt
2610 2942 2661 2991 et
2697 2937 2918 3009 egressi
2949 2943 3087 2994 sunt
3119 2940 3190 2994 ad
3215 2939 3833 3007 bellum,etinterom-

2174 3041 2305 3080 nem
2323 3025 2609 3096 reliquam
2625 3026 3065 3083 multitudinem
3078 3032 3156 3097 ,et
3169 3031 3837 3106 separabis(Vulg.sepa-

2174 3115 2887 3187 rabitis)partemDomino
2903 3117 2973 3173 ab
2989 3118 3081 3173 his
3096 3118 3193 3189 qui
3213 3127 3687 3192 pugnaveruntet
3711 3125 3838 3181 fue-

2174 3209 2313 3260 runt
2345 3204 2401 3259 in
2417 3205 2590 3272 bello,
2606 3223 2783 3261 unam
2800 3207 3047 3262 animam
3060 3208 3129 3263 de
3143 3209 3627 3280 quingentis,tam
3644 3229 3712 3268 ex
3727 3215 3833 3270 bo-

2175 3294 2435 3350 minibus
2453 3311 2629 3367 quam
2651 3296 2999 3366 exibobuset
3028 3297 3233 3365 asinis,
3260 3304 3316 3353 et
3338 3300 3635 3369 ovibus,et
3652 3303 3831 3361 dabis

2174 3402 2298 3441 eam
2331 3386 2605 3441 Eleazaro
2629 3388 2941 3458 sacerdoti,
2960 3389 3105 3460 quia
3127 3390 3638 3461 primitiaeDomini
3661 3399 3830 3451 sunt.

2173 3478 2252 3529 Ex
2284 3476 2724 3548 mediaquoque
2737 3481 2901 3548 parte
2920 3477 3173 3534 filiorum
3197 3480 3377 3536 Israel
3392 3480 3644 3554 accipies
3657 3485 3835 3555 quin-

2175 3565 2583 3635 quagesimum
2625 3571 2803 3638 caput
2830 3567 3160 3635 hominum,
3212 3572 3270 3624 et
3322 3569 3585 3640 boum,et
3623 3574 3831 3630 asino-

2175 3670 2328 3720 rum,
2362 3658 2418 3709 et
2446 3655 2665 3725 ovium,
2699 3660 3166 3729 cunctorumque
3197 3656 3609 3728 animantium,
3635 3667 3693 3716 et
3719 3663 3829 3717 da-

2173 3742 2266 3798 bis
2289 3759 2357 3798 ea
2378 3743 2608 3814 Levitis,
2634 3744 2733 3815 qui
2758 3746 3047 3801 excubant
3065 3746 3123 3801 in
3147 3748 3435 3804 custodiis
3458 3750 3831 3808 tabernaculi

2174 3831 2428 3887 Domini.
2454 3837 2849 3905 Feceruntque
2869 3834 3060 3891 Moses
3079 3840 3135 3892 et
3152 3836 3383 3893 Eleazar
3404 3837 3485 3910 (b.
3502 3842 3837 3914 sacerdos),

2176 3918 2332 3975 sicut
2385 3926 2737 3992 praeceperat
2795 3922 3100 3991 Dominus,
3161 3924 3272 3979 fuit
3348 3931 3547 3982 autem
3601 3931 3834 4002 praeda,

2176 4023 2354 4079 quam
2391 4010 2680 4065 exercitus
2711 4016 2966 4081 ceperat,
3001 4011 3196 4067 ovium
3250 4019 3525 4071 sexcenta
3578 4022 3834 4090 septua-

2174 4097 2337 4168 ginta
2367 4098 2627 4170 quinque
2658 4097 3048 4170 millia,boum
3074 4104 3452 4175 septuaginta
3474 4105 3589 4161 duo
3615 4107 3836 4177 millia,

2173 4185 2471 4242 asinorum
2533 4187 2839 4260 sexaginta
2910 4189 3090 4244 millia
3124 4190 3320 4247 mille:
3374 4193 3585 4249 animae
3633 4195 3833 4253 homi-

2173 4291 2316 4331 num
2352 4290 2528 4331 sexus
2568 4276 2828 4347 feminei,
2864 4294 2991 4350 qua:
3030 4296 3146 4336 non
3206 4288 3597 4354 cognoverant
3642 4286 3833 4352 viros,

2171 4365 2419 4437 triginta
2441 4365 2557 4421 duo
2587 4365 2795 4423 millia.
2818 4367 3082 4441 Dataque
3103 4374 3194 4425 est
3217 4372 3409 4426 media
3424 4389 3557 4443 pars
3582 4374 3675 4431 his
3720 4379 3831 4448 qui

2171 4455 2231 4510 in
2263 4454 2461 4527 proelio
2487 4456 2736 4527 fuerant,
2771 4456 2966 4512 ovium
2997 4463 3257 4514 trecenta
3303 4460 3547 4533 triginta
3592 4470 3828 4536 septem

417 4551 755 4608 Eleazarum
786 4546 1168 4613 sacerdotem,
1190 4548 1247 4597 et
1268 4542 1340 4597 ad
1359 4557 1593 4597 omnem
1615 4539 2055 4597 multitudinem
2090 4560 2135 4625 D
2169 4543 2353 4600 millia
2374 4545 2708 4617 quingentae
2735 4561 2748 4600 :
2780 4562 2810 4601 e
2842 4547 3059 4618 quibus
3091 4548 3147 4603 in
3177 4552 3403 4620 partem
3430 4552 3830 4628 Dominisup-

416 4640 670 4698 filiorum
701 4637 878 4695 Israel
911 4636 982 4692 ad
1025 4637 1220 4689 castra
1276 4632 1337 4686 in
1395 4630 1829 4702 campestribus
1892 4631 2057 4687 Moab

412 4731 579 4800 juxta
634 4728 950 4785 Jordanem
1003 4726 1205 4779 contra
1260 4720 1532 4779 Jericho).
1612 4720 1846 4791 Egressi
1921 4724 2060 4777 sunt

414 4824 612 4877 autem
642 4818 833 4874 Moses
864 4819 922 4871 et
953 4813 1185 4869 Eleazar
1210 4811 1501 4877 sacerdos,
1534 4813 1593 4865 et
1638 4826 1844 4866 omnes
1894 4810 2057 4883 prin-

412 4909 571 4982 cipes
603 4921 933 4980 synagogas,
963 4903 1025 4957 in
1058 4916 1364 4957 occursum
1406 4915 1608 4955 eorum
1651 4907 1809 4955 extra
1840 4904 2054 4956 castra.

410 4998 496 5070 (C.
531 4994 807 5055 LXXXV.)
829 4993 1133 5063 [ratusque
1156 4990 1345 5045 Moses
1363 4988 1730 5060 principibus
1749 4989 2051 5059 exercitus,

410 5085 690 5152 tribunis,
722 5088 780 5140 et
808 5078 1251 5139 centurionibus
1283 5078 1384 5150 qui
1414 5082 1696 5133 venerant
1755 5079 1825 5134 de
1872 5079 2052 5151 bello,

412 5177 517 5232 ait:
537 5178 650 5230 Cur
679 5171 929 5229 feminas
942 5167 1281 5225 reservastis
1301 5166 1329 5222 ‘I
1350 5166 1552 5223 Nonne
1584 5167 1707 5224 ista:
1739 5173 1901 5238 sunt,
1924 5184 2051 5240 quae

482 5379 500 5413 ¹
534 5369 836 5429 Interserit
860 5366 1112 5423 Urbinas
1145 5379 1256 5419 ms.
1290 5378 1609 5435 pronomen
1642 5362 1714 5417 ei.

478 5448 500 5482 ⁸
532 5446 689 5501 Idem
739 5458 850 5497 ms.
884 5437 1180 5501 venissent,
1231 5434 1387 5504 quod
1417 5434 1691 5489 vitiosum
1751 5448 1879 5489 esse
1934 5450 2049 5490 non

404 5517 672 5584 inﬁcior;
707 5527 906 5584 verum
937 5510 1064 5581 ipse
1113 5507 1213 5584 ab_
1240 5505 1765 5584 Hebreolongius
1824 5505 2053 5584 abludit

406 5584 619 5643 Latinis
641 5577 821 5657 hujus
853 5577 1351 5657 interpretationis
1381 5580 1709 5657 contextus,
1743 5577 1898 5657 quod
1943 5594 2049 5634 nec

403 5658 521 5732 ipsi
551 5647 785 5732 quidem
814 5647 1145 5714 scholiasta
1171 5652 1437 5709 notatum
1461 5654 1567 5707 est.
1590 5647 1697 5707 Hic
1717 5662 1804 5706 ex.
1825 5648 1920 5707 Gr.
1944 5665 2049 5724 pro

2169 4638 2384 4706 putata:
2414 4640 2554 4691 sunt
2588 4651 2720 4691 oves
2753 4641 3038 4692 sexcentaa
3096 4639 3474 4711 septuaginta
3529 4643 3827 4715 quinque.

2169 4726 2237 4779 Et
2266 4725 2337 4779 de
2368 4725 2555 4780 bobus
2577 4724 2819 4796 triginta
2851 4742 2950 4781 sex
2968 4726 3228 4783 millibus
3252 4728 3428 4786 boves
3445 4734 3832 4805 septuaginta

2166 4817 2225 4869 et
2253 4814 2367 4868 duo
2392 4831 2405 4869 :
2438 4814 2510 4869 de
2523 4813 2706 4870 asinis
2727 4814 2970 4887 triginta
2989 4815 3254 4873 millibus
3278 4818 3635 4891 quingentis,
3661 4824 3829 4879 asini

2166 4901 2467 4974 sexaginta
2498 4919 2691 4959 unus:
2724 4904 2795 4958 de
2844 4904 3156 4961 aminabus
3202 4906 3510 4964 hominum
3551 4913 3823 4969 sedecim

2167 4990 2432 5058 milibus,
2463 4980 2765 5047 cesserunt
2795 4991 2854 5047 in
2882 4998 3105 5063 partem
3130 4994 3365 5051 Domini
3394 4997 3639 5070 triginta
3681 5002 3823 5059 duas

2165 5080 2395 5135 animae.
2429 5080 2810 5150 Tradidttque
2842 5081 3033 5138 Moses
3066 5099 3378 5140 numerum
3412 5086 3825 5157 primitiarum

2160 5168 2395 5226 Domini
2426 5167 2693 5226 Eleazaro
2724 5171 3035 5243 sacerdoti,
3068 5173 3220 5228 sicut
3251 5174 3442 5232 fuerat
3512 5180 3569 5233 et
3625 5179 3825 5253 impe-

2161 5365 2547 5448 verbis‘atqae
2566 5367 2844 5448 vicissent,
2882 5366 3155 5426 Hebraeus
3193 5369 3388 5440 habet,
3414 5375 3559 5431 sicut
3608 5392 3829 5448 purae.

2161 5445 2317 5511 perat
2351 5439 2616 5495 Dominus
2645 5439 2799 5496 Mosi.

2230 5510 2252 5545 ³
2276 5514 2493 5566 Sensus
2522 5510 2784 5585 liquidus
2806 5514 2896 5567 est
2925 5511 2983 5567 in
3004 5512 3329 5585 ischolio,in
3347 5517 3509 5573 textu
3536 5522 3819 5578 nonnihil

2159 5580 2877 5665 obscurus,e_tsi‘oridne}n
2898 5584 3212 5644 verborum
3233 5580 3499 5661 pressius
3529 5598 3825 5665 sequatur

2162 5652 2405 5713 Latinus
2434 5654 2745 5729 interpres.
2780 5653 2969 5716 Mans.
