4068 6172
240 336 343 394 433

1592 321 1803 376 LIBER
1840 316 2326 375 NUMERORUM.

3556 322 3662 383 434

241 468 458 532 ratum,
517 476 587 518 ex
645 456 839 515 media
894 458 1059 529 parte
1132 451 1386 509 ﬁliorum
1447 446 1649 513 Israel,
1714 461 1893 517 quam
1925 442 2160 532 Acitus
2192 458 2326 499 sum
2388 443 2707 516 Abraham,
2767 445 2928 504 Isaac
2957 449 3014 504 et
3042 447 3464 523 Jacob:et(h.
3498 413 3658 524 quiat

244 553 615 626 separaverat
674 548 767 603 his
824 546 928 618 qui
982 545 1042 599 in
1074 543 1269 615 praalio
1300 541 1550 596 fuerant.
1585 542 1663 592 De
1702 534 1897 591 media

238 624 367 700 vero
402 645 571 715 parte
604 654 729 711 qua
759 635 1086 709 contigerat
1143 632 1383 703 reliquae
1413 625 1803 692 multitudini,
1836 624 1896 679 id

239 737 345 799 est,
379 713 452 786 de
484 729 690 785 ovibus
724 723 1003 781 trecentis
1032 721 1276 794 triginta
1297 724 1355 776 et
1376 721 1601 789 septem
1636 713 1896 770 millibus

237 819 598 894 quingentis,
630 820 687 873 et
717 816 789 870 de
822 805 1020 869 bobus.
1035 809 1280 883 triginta
1300 825 1401 865 sex
1430 805 1714 870 millibus,
1739 809 1797 860 et
1828 803 1897 858 de

239 890 424 967 asinis
458 905 701 979 triginta
736 901 997 959 millibus
1048 897 1408 972 quingentis,
1440 900 1497 951 et
1536 896 1607 949 de
1639 890 1899 948 homini-

237 1001 344 1055 bus
368 997 625 1053 sedecim
654 992 941 1059 millibus,
966 989 1103 1046 tulit
1126 989 1314 1044 Moses
1338 981 1898 1059 quinquagesimum

236 1092 431 1159 caput,
465 1091 523 1142 et
554 1082 715 1140 dedit
766 1081 1007 1147 Levitis,
1059 1079 1157 1149 qui
1188 1077 1480 1133 excubant
1507 1074 1693 1146 (Vulg.
1728 1087 1899 1127 excu-

235 1178 475 1245 babant)
535 1175 598 1229 in
628 1169 1012 1228 tabernaculo
1060 1168 1317 1229 Domini,
1349 1166 1503 1221 sicut
1550 1162 1903 1235 praeceperat

235 1266 544 1324 Dominus.
568 1263 834 1333 Cumque
868 1257 1256 1315 accessissent
1286 1254 1583 1327 principes
1610 1251 1901 1306 exercitus

232 1358 306 1414 ad
344 1356 572 1421 Mosen,
627 1356 683 1408 et
733 1348 977 1414 tribuni,
1035 1344 1547 1415 centurionesque,
1580 1342 1899 1396 dixerunt:

234 1448 352 1504 Nos
382 1443 540 1501 servi
576 1442 659 1498 tui
703 1435 1109 1496 recensuimus
1139 1449 1452 1490 numerum
1486 1433 1901 1504 pagnatorum,

236 1552 384 1608 quos
416 1532 744 1589 habuimus
777 1528 887 1583 sub
921 1543 1099 1582 manu
1132 1528 1353 1589 nostra,
1385 1525 1443 1577 et
1477 1538 1546 1577 ne
1578 1536 1733 1575 unus
1766 1516 1905 1589 qui-

235 1606 365 1680 dem
396 1623 609 1679 defuit.
647 1620 729 1676 Ob
761 1619 914 1673 hanc
945 1632 1186 1671 causam
1218 1610 1521 1669 offerimus
1551 1610 1610 1664 in
1641 1606 1904 1665 donariis

237 1713 473 1770 Domini
508 1709 731 1783 singuli
766 1707 919 1781 quod
954 1706 1012 1760 in
1046 1704 1241 1776 praeda
1265 1701 1395 1758 auri
1418 1699 1719 1773 potuimus
1750 1697 1905 1752 inve-

236 1805 377 1871 nire,
416 1799 803 1875 periscelides
832 1801 890 1852 et
920 1793 1203 1885 armillas,
1229 1790 1480 1885 annulus
1507 1794 1564 1845 et
1594 1786 1899 1852 dextralia,
1933 1820 1979 1885 B

234 1911 295 1952 ac
322 1889 716 1953 muraenulas,
754 1891 816 1943 ut
854 1884 1190 1958 depreceris
1222 1899 1325 1955 pro
1358 1880 1528 1937 nobis
1556 1878 1899 1935 Dominum.

233 1984 761 2054 Susceperuntque
812 1981 1000 2032 Moses
1033 1978 1090 2030 et
1122 1972 1354 2028 Eleasar
1405 1969 1676 2025 sacerdos
1729 1982 1902 2023 omne

238 2088 455 2129 aurum
530 2069 590 2124 in
650 2066 895 2123 diversis
974 2062 1282 2136 speciebus
1334 2059 1564 2131 pondoi
1637 2058 1722 2127 (h.
1784 2072 1900 2111 non

231 2163 433 2230 habet)
468 2156 726 2215 sedecim
780 2154 987 2221 millia,
1020 2152 1423 2223 septingentos
1472 2146 1902 2219 quinquaginta

233 2252 408 2308 siclos
459 2266 495 2305 a
553 2245 808 2303 tribunis
839 2250 897 2300 et
955 2239 1421 2298 centurionibus.
1485 2236 1902 2307 Unusquisque

235 2342 389 2399 enim
424 2337 589 2411 quod
619 2337 680 2391 in
711 2335 905 2408 praeda
934 2334 1231 2404 rapuerat,
1283 2343 1458 2384 suum
1490 2330 1633 2382 erat.
1667 2326 1736 2381 Et
1765 2340 1900 2380 sus-

232 2435 477 2504 ceptum
519 2425 846 2483 intulerunt
894 2423 953 2477 in
985 2417 1432 2477 tabernaculum
1464 2413 1811 2480 testimonii,
1840 2413 1900 2468 in

240 2521 701 2577 monumentum
734 2512 989 2569 filiorum
1025 2508 1209 2565 Isruel
1243 2522 1439 2563 coram
1473 2504 1740 2560 Domino.

305 2611 396 2683 (Β.
468 2605 671 2673 LXVII,
731 2607 789 2658 Ο.
854 2599 1183 2667 LXXXVII,
1260 2600 1395 2667 Cap.
1456 2593 1714 2664 XXXII.)
1773 2590 1902 2647 Filii

237 2706 441 2759 autem
469 2698 673 2754 Ruben
696 2699 753 2751 et
775 2695 894 2751 Gad
921 2691 1219 2748 habebant
1238 2702 1448 2761 pecora
1470 2684 1678 2753 multa,
1702 2687 1759 2739 et
1777 2686 1904 2738 erat

235 2791 346 2847 illis
385 2784 769 2859 injumentis
800 2782 1031 2840 infinita
1053 2777 1408 2837 substantia.
1438 2776 1704 2846 Cumque
1722 2771 1903 2828 vidis-

237 2885 368 2937 sent
434 2882 607 2933 Jazer
661 2880 719 2930 et
771 2872 991 2930 Galaad
1039 2874 1206 2943 aptas
1260 2866 1486 2923 alendis
1547 2862 1901 2920 animalibus

236 2976 455 3036 terras,
490 2966 780 3023 venerunt
798 2963 869 3019 ad
905 2960 1136 3029 Mosen,
1161 2963 1219 3014 et
1239 2957 1310 3013 ad
1342 2955 1676 3012 Eleazarum
1710 2968 1902 3008 sacer-

236 3062 461 3124 dotem,
497 3058 556 3110 et
583 3052 881 3125 principes
913 3044 1332 3111 multitudinis,
1383 3046 1557 3113 atque
1586 3041 1898 3095 dixerunt:

233 3145 506 3215 Atarotb,
571 3146 629 3199 et
656 3141 865 3207 Dibon,
897 3142 954 3194 et
1008 3140 1195 3203 Jazer,
1249 3138 1306 3188 et
1362 3132 1596 3200 Nemra,
1652 3128 1901 3195 Esebon,

234 3242 287 3293 et
314 3234 543 3299 Eleale,
577 3236 635 3288 et
665 3230 880 3298 Saban,
913 3232 970 3283 et
997 3225 1179 3291 Nebo,
1227 3226 1285 3279 et
1332 3227 1505 3291 Beon,
1536 3224 1691 3275 terra
1722 3234 1897 3289 quam

239 3323 547 3398 percussit
592 3318 879 3376 Dominus
934 3316 993 3372 in
1038 3315 1355 3384 conspectu
1410 3310 1666 3364 ﬁliorum
1727 3305 1901 3362 Israel

244 3416 323 3487 (h.
368 3408 832 3479 multitudinis),
893 3403 1050 3477 regio
1083 3401 1383 3459 uberrima
1411 3403 1502 3455 est
1548 3398 1619 3453 ad
1670 3400 1903 3468 pastum

244 3501 626 3570 animalium,
686 3503 744 3554 et
802 3512 909 3552 nos
966 3493 1117 3550 servi
1164 3491 1249 3548 tui
1307 3488 1594 3545 habemus
1635 3487 1907 3556 jumenta

243 3593 508 3666 plurima
562 3588 645 3661 (b.
698 3602 816 3642 non
846 3584 1023 3640 habet
1054 3580 1363 3655 plurima):
1400 3590 1825 3666 precamurque
1855 3573 1905 3628 si

242 3662 594 3739 invenimus
626 3676 877 3749 gratiam
907 3687 1105 3729 coram
1136 3674 1215 3739 te,
1244 3672 1307 3723 ut
1338 3670 1441 3723 des
1473 3665 1641 3722 nobis
1673 3662 1907 3719 famulis

241 3772 358 3827 tuis
391 3785 535 3826 eam
567 3768 628 3822 in
676 3762 1133 3838 possessionem,
1165 3775 1270 3815 nec
1316 3756 1497 3813 facias
1523 3771 1631 3811 nos
1660 3752 1908 3809 transire

238 3861 592 3917 Jordanem.
672 3854 895 3920 Quibus
970 3849 1268 3922 respondit
1334 3848 1569 3903 Moses:
1631 3842 1906 3913 Nunquid

241 3952 455 4006 fratres
488 3945 677 4002 vestri
707 3944 880 4000 ibunt
911 3942 982 3997 ad
1044 3954 1324 4012 pugnam,
1373 3940 1430 3992 et
1474 3951 1574 3990 vos
1619 3932 1713 3987 hic
1743 3932 1910 3987 sede-

241 4036 429 4096 bitis?
483 4039 605 4091 Cur
634 4031 974 4090 subvertitis
1029 4032 1254 4083 mentes
1298 4024 1554 4080 ﬁliorum
1607 4020 1804 4087 Israel,
1838 4035 1911 4075 ne

240 4128 501 4185 transire
554 4124 811 4179 audeant
840 4121 899 4175 in
952 4118 1172 4184 locum,
1203 4131 1379 4188 quem
1415 4114 1501 4169 eis
1549 4112 1793 4166 daturus
1824 4113 1913 4165 est

241 4214 592 4275 Dominus?
623 4228 815 4268 nonne
851 4209 932 4265 ita
951 4212 1198 4281 egerunt
1227 4208 1424 4278 patres
1443 4201 1643 4271 vestri,
1676 4200 1911 4272 quando

246 4309 380 4363 misi
439 4306 518 4361 de
575 4302 978 4359 Cades-Barne
1038 4297 1109 4353 ad
1161 4293 1579 4367 explorandam
1639 4289 1912 4346 terram?

242 4397 518 4468 Cumque
550 4391 851 4448 venissent
880 4402 1068 4459 usque
1098 4385 1170 4440 ad
1200 4382 1420 4438 Vallem
1451 4379 1634 4450 Botri,
1664 4378 1914 4434 lustrata

245 4486 402 4542 omni
441 4481 704 4554 regione,
751 4477 1172 4534 subverterunt
1201 4489 1299 4530 cor
1329 4471 1585 4527 filiorum
1619 4468 1817 4534 Israel,
1850 4470 1916 4522 ut

2006 531 2321 588 noluerunt
2351 535 2519 605 sequi
2551 551 2670 601 me,
2703 540 2916 607 praeter
2936 536 3153 595 Chaleb
3176 539 3367 596 ﬁlium
3398 541 3662 613 Jephone

2004 625 2362 687 Cenezaeum,
2396 627 2453 679 et
2491 625 2668 680 Josue
2701 624 2888 681 ﬁlium
2938 627 3109 683 Nun:
3142 628 3241 684 isti
3272 628 3665 700 impleverunt

2005 709 2369 767 voluntatem
2402 727 2616 769 meam.
2672 714 2984 787 [ratusque
3010 716 3299 774 Dominus
3354 718 3662 775 adversum
3710 746 3717 749 ι

2008 799 2207 870 Israel,
2239 801 2635 857 circumduxit
2655 818 2791 858 eum
2825 818 2927 874 per
2947 805 3247 861 desertum
3270 808 3666 878 quadraginta

2008 889 2200 960 annis,
2260 890 2443 946 donec
2500 896 2953 949 consumeretur
3016 894 3289 952 universa
3344 897 3663 969 generatio,

2011 995 2138 1051 quas
2184 978 2395 1034 fecerat
2453 978 2673 1035 malum
2734 980 2791 1035 in
2847 986 3164 1053 conspectu
3211 984 3360 1054 ejus.
3412 986 3479 1040 Et
3505 1000 3663 1053 ecce,

2009 1067 2222 1139 inquit,
2256 1084 2358 1123 vos
2390 1068 2731 1125 surrexistis
2763 1086 2868 1141 pro
2897 1070 3164 1142 patribus
3189 1073 3417 1140 vestris,
3469 1073 3664 1133 incre-

2010 1164 2209 1213 menta
2229 1156 2523 1213 etalumni
2543 1158 2851 1214 hominum
2874 1164 3263 1231 peccatorum,
3290 1165 3353 1217 ut
3373 1164 3665 1234 augeretis

2013 1246 2269 1301 furorem
2304 1246 2531 1302 Domini
2562 1251 2769 1303 contra
2817 1248 3015 1304 Israel.
3068 1249 3231 1312 Quod
3281 1250 3330 1306 si
3362 1250 3666 1309 nolueritis

2013 1335 2179 1406 sequi
2207 1350 2342 1390 eum
2364 1336 2406 1402 ³,
2438 1335 2497 1390 in
2530 1336 2848 1393 solitudine
2882 1336 3169 1409 populum
3192 1338 3580 1411 derelinquat,
3610 1344 3669 1397 et

2012 1441 2115 1480 vos
2145 1440 2321 1479 causa
2348 1423 2511 1480 eritis
2543 1425 2702 1481 necis
2733 1425 3023 1482 omnium.
3072 1430 3146 1482 At
3174 1428 3261 1483 illi
3294 1444 3472 1499 prope
3502 1444 3666 1486 acce-

2013 1514 2219 1570 dentes
2250 1514 2559 1569 dixerunt:
2614 1514 2824 1571 Caulas
2855 1515 3053 1572 ovium
3105 1516 3550 1585 fabricabimus,
3600 1522 3658 1575 et

2014 1600 2248 1659 stabula
2258 1603 2689 1672 jumentorum,
2715 1604 2977 1675 parvulis
2999 1621 3232 1678 quoque
3256 1608 3472 1665 nostris
3486 1609 3665 1666 urbes

2014 1691 2304 1748 munitas:
2367 1708 2473 1747 nos
2504 1701 2701 1748 autem
2733 1694 2847 1765 ipsi
2900 1696 3112 1749 armati
3143 1700 3203 1751 et
3232 1696 3480 1753 accincti
3530 1714 3663 1770 per-

2010 1796 2221 1853 gemus
2252 1782 2323 1837 ad
2356 1780 2622 1853 praelium
2666 1786 2802 1838 ante
2835 1782 2986 1839 ﬁlios
3018 1783 3217 1855 Israel,
3264 1786 3449 1842 donec
3478 1786 3662 1843 intro-

2009 1872 2301 1927 ducamus
2329 1885 2428 1926 eos
2460 1872 2530 1927 ad
2575 1871 2702 1927 loca
2732 1887 2861 1928 sua.
2913 1873 3143 1929 Parvuli
3173 1876 3357 1930 nostri
3404 1879 3463 1931 et
3492 1876 3665 1948 quid-

2009 1959 2150 2031 quid
2183 1958 2398 2015 habere
2433 1975 2777 2031 possumus,
2818 1966 2992 2017 erunt
3019 1962 3080 2017 in
3112 1962 3358 2019 urbibus
3390 1964 3662 2035 muratis,

2009 2052 2246 2122 propter
2290 2048 2690 2105 habitatorum
2723 2049 2993 2105 insidias.
3041 2051 3167 2106 Non
3209 2056 3568 2110 revertemur
3597 2054 3656 2109 in

2009 2140 2218 2194 domos
2278 2139 2549 2193 nostras6
2600 2138 2684 2210 (h.
2718 2140 2791 2194 ad
2841 2140 3117 2210 parvulos
3167 2142 3445 2213 nostros),
3478 2158 3665 2214 usque

2010 2229 2150 2283 dum
2187 2225 2525 2299 possideant
2552 2226 2658 2282 ﬁlii
2691 2227 2871 2284 Israel
2894 2229 3294 2286 haereditatem
3317 2247 3526 2287 suam:
3560 2248 3664 2288 nec

2011 2317 2337 2389 quidquam
2387 2333 2721 2389 quaeremus
2770 2321 2934 2373 trans
2981 2318 3321 2391 Jordanem,
3354 2320 3492 2391 quia
3535 2321 3660 2391 jam

2008 2406 2296 2462 habemus
2350 2409 2613 2462 nostram
2663 2407 3100 2477 possessionem
3132 2408 3192 2463 in
3236 2407 3504 2465 orientali
3534 2409 3665 2479 ejus

2009 2495 2202 2567 plaga.
2253 2494 2478 2558 Quibus
2510 2494 2701 2551 Moses
2733 2496 2851 2551 ait:
2902 2496 2960 2551 Si
2996 2496 3185 2553 facitis
3216 2499 3371 2568 quod
3417 2498 3665 2569 promit-

2009 2583 2156 2655 titis,
2189 2583 2441 2655 expediti
2491 2583 2713 2655 pergite
2771 2600 2968 2640 coram
3002 2585 3085 2655 (h.
3128 2584 3179 2640 si
3214 2585 3467 2642 feceritis
3512 2587 3667 2658 quod

2010 2672 2378 2745 promittitis,
2402 2673 2653 2744 expediti
2681 2676 2745 2728 ut
2774 2673 3030 2745 pergatis
3060 2675 3281 2745 coram)
3310 2674 3560 2732 Domino
3591 2676 3665 2731 ad

2010 2779 2292 2835 pugnam,
2325 2765 2381 2817 et
2411 2761 2604 2817 omnis
2634 2761 2722 2816 vir
2751 2761 3002 2818 bellator
3048 2767 3313 2819 armatus
3344 2763 3661 2820 Jordanem

2014 2855 2294 2921 transeat,
2327 2851 2511 2905 donec
2543 2850 2847 2906 subvertet
2906 2850 3192 2906 Dominus
3221 2850 3492 2908 inimicos
3527 2868 3667 2908 suos

2011 2945 2068 2996 et
2098 2940 2452 3011 subjiciatur
2499 2939 2550 2995 ei
2580 2939 2773 2995 omnis
2828 2943 2983 2995 terra
3014 2940 3097 3010 (h.
3129 2940 3200 2995 Et
3244 2944 3448 3011 postea
3478 2956 3670 2997 rever-

2010 3030 2221 3101 limini)
2244 3046 2263 3083 :
2294 3032 2436 3084 tunc
2464 3028 2629 3084 eritis
2661 3027 3053 3099 inculpabiles
3078 3028 3232 3101 apud
3262 3028 3580 3085 Dominum
3612 3033 3672 3086 et

2011 3119 2167 3193 apud
2216 3117 2417 3187 Israel,
2453 3120 2511 3173 et
2557 3117 2895 3174 obtinebitis
2949 3118 3238 3188 regiones,
3273 3134 3421 3190 quas
3467 3117 3672 3186 vultis,

2013 3225 2210 3265 coram
2239 3205 2488 3262 Domino
2515 3222 2527 3260 :
2573 3205 2665 3261 sin
2692 3212 2887 3262 autem
2931 3206 3086 3278 quod
3118 3206 3336 3274 dicitis,
3372 3222 3486 3263 non
3517 3207 3669 3262 fece-

2014 3297 2162 3365 ritis,
2187 3295 2332 3352 nulli
2365 3294 2611 3351 dubium
2645 3299 2733 3351 est
2764 3295 2905 3366 quin
2938 3294 3188 3367 peccetis
3218 3295 3277 3350 in
3306 3294 3624 3353 Dominum
3650 3311 3664 3351 :

2012 3391 2069 3444 et
2098 3387 2307 3442 scitote
2340 3385 2615 3457 quoniam
2640 3388 2944 3455 peccatum
2970 3389 3233 3440 vestrum
3264 3384 3666 3457 apprehendat

2013 3493 2135 3533 vos.
2194 3475 2493 3530 z’Ediﬁcate
2550 3490 2687 3545 ergo
2768 3472 2940 3528 urbes
3013 3472 3275 3545 parvulis
3332 3474 3562 3541 vestris,
3611 3476 3671 3530 et

2015 3564 2215 3621 caulas
2242 3568 2299 3620 et
2327 3561 2558 3619 stabula
2589 3562 2797 3618 ovibus
2830 3579 2894 3618 ac
2912 3562 3225 3632 jumentis,
3247 3566 3305 3618 et
3330 3563 3487 3633 quod
3510 3561 3671 3634 polli-

2019 3654 2121 3709 citi
2150 3653 2314 3723 estis,
2348 3651 2606 3724 implete.
2658 3651 3059 3722 Dixeruntque
3088 3650 3195 3706 ﬁlii
3226 3650 3347 3707 Gad
3380 3655 3438 3707 et
3461 3651 3669 3707 Ruben

2017 3744 2089 3799 ad
2134 3742 2371 3798 Mosen:
2407 3741 2566 3796 Servi
2598 3740 2682 3795 tui
2718 3756 2951 3807 sumus,
3003 3739 3287 3796 faciemus
3317 3740 3473 3811 quod
3499 3740 3674 3809 jubet

2017 3831 2296 3888 dominus
2352 3833 2552 3887 noster
2598 3828 2676 3897 (h.
2710 3828 2867 3887 Servi
2921 3828 3006 3883 tui
3050 3828 3264 3884 facient
3294 3828 3450 3899 quod
3502 3828 3673 3898 jubet

2015 3920 2302 3978 Dominus
2333 3918 2573 3990 noster).
2604 3916 2879 3974 Parvulos
2911 3921 3165 3982 nostros,
3199 3921 3257 3972 et
3283 3915 3583 3982 mulieres,
3614 3918 3673 3971 et

2018 4025 2247 4083 pecora,
2271 4025 2336 4064 ac
2350 4009 2625 4079 jumenta
2646 4005 3122 4077 relinquemusin
3147 4004 3395 4060 urbibus
3424 4003 3666 4060 Galaad:

2020 4116 2126 4156 nos
2156 4102 2350 4154 autem
2381 4095 2587 4153 famuli
2616 4095 2703 4151 tui
2734 4110 2940 4150 omnes
2970 4092 3223 4166 expediti
3254 4107 3566 4164 pergamus
3594 4092 3667 4147 ad

2020 4189 2262 4255 bellum,
2295 4187 2450 4243 sicut
2482 4190 2567 4253 tu,
2598 4183 2860 4249 domine,
2894 4182 3199 4255 loqueris-
3226 4179 3504 4252 Praecepit
3532 4194 3670 4253 ergo

2020 4279 2209 4334 Moses
2266 4275 2536 4332 Eleazaro
2586 4272 2896 4337 sacerdoti,
2927 4275 2985 4328 et
3025 4271 3205 4327 Josue
3252 4268 3373 4325 filio
3429 4268 3586 4335 Nun,
3616 4272 3674 4325 et

2020 4364 2384 4440 principibus
2407 4361 2765 4419 familiarum
2790 4376 2893 4432 per
2919 4360 3108 4416 tribus
3135 4357 3337 4424 Israel,
3360 4359 3417 4413 et
3433 4355 3578 4412 dixit
3598 4357 3670 4412 ad

2020 4472 2159 4513 eos:
2193 4453 2242 4510 si
2266 4451 2610 4509 transierint
2642 4448 2746 4505 ﬁlii
2779 4448 2900 4505 Gad
2955 4452 3014 4504 et
3070 4446 3176 4502 filii
3222 4446 3425 4502 Ruben
3478 4445 3671 4501 vobis-

248 4534 402 4542 ~-—-
442 4534 623 4554 --ονυ
668 4534 703 4548 ν,

244 4591 358 4629 non
394 4574 695 4628 intrarent
727 4567 873 4622 ﬁnes
906 4565 987 4637 (h.
1038 4568 1300 4632 terram),
1330 4576 1478 4632 quos
1504 4559 1588 4615 eis
1622 4557 1909 4613 Dominus
1938 4553 1983 4618 Ι)
2014 4560 2150 4602 cum
2198 4543 2539 4611 Jordanem,
2590 4554 2796 4595 omnes
2827 4536 3038 4593 armati
3099 4537 3172 4592 ad
3202 4534 3424 4591 bellum
3473 4550 3670 4591 coram

243 4664 428 4719 dedit.
494 4659 602 4725 Qui
662 4658 850 4713 iratus
898 4654 1142 4727 juravit,
1202 4651 1441 4707 dicens:
1511 4648 1569 4704 Si
1626 4647 1910 4706 videbunt

246 4752 525 4808 homines
557 4746 678 4817 isti,
712 4745 811 4819 qui
841 4744 1234 4801 ascenderunt
1265 4756 1333 4796 ex
1353 4741 1617 4811 Egypto,
1649 4755 1681 4793 a
1702 4736 1908 4808 viginti

244 4841 422 4897 annis
454 4843 517 4896 et
541 4853 745 4910 supra,
770 4839 1011 4904 terram,
1045 4848 1222 4905 quam
1245 4829 1710 4899 subjuramento
1742 4825 1909 4899 polli-

318 5022 341 5055 °
383 5016 591 5074 Nostri
643 5030 787 5070 mss.
844 5011 1062 5081 aliique
1118 5024 1295 5081 penes
1350 5007 1620 5064 Martian.
1673 5006 1911 5081 pondere

248 5088 619 5147 sanctuarii:
675 5099 876 5141 verum
955 5080 1069 5138 non
1128 5080 1249 5135 haec
1304 5083 1536 5135 tantum
1607 5080 1782 5134 verba
1837 5080 1910 5135 ab

250 5164 500 5221 Hebraeo
559 5160 811 5225 absunt;
844 5154 948 5212 sed
1003 5158 1062 5210 et
1090 5151 1479 5224 praecedentia
1534 5150 1817 5223 proxime,
1850 5153 1912 5206 in

247 5236 495 5292 diversis
520 5229 825 5302 speciebus.

321 5309 343 5342 ²
372 5294 601 5362 Omnes
644 5317 790 5356 mss.
851 5294 1175 5352 Bibliorum
1234 5294 1463 5350 codices
1502 5309 1635 5349 cum
1682 5294 1914 5350 Canone

254 5379 396 5434 Heb.
432 5376 609 5431 verit.
642 5373 845 5444 legunt
872 5367 1206 5444 hooAmodo,
1240 5366 1345 5444 Qui
1372 5367 1422 5421 .ςὶ
1441 5364 1741 5444 uolueritis
1759 5365 1914 5444 sequi

254 5467 406 5506 eum.
443 5455 660 5505 Parum
690 5437 880 5499 autem
912 5440 1087 5496 refert
1116 5441 1183 5493 ut
1213 5437 1331 5509 qui,
1374 5437 1463 5494 vel
1493 5437 1637 5509 quod
1666 5437 1909 5508 legatur,

253 5522 400 5595 quia
434 5519 669 5595 nullum
698 5520 792 5595 est
821 5515 1108 5595 damnum
1142 5508 1533 5591 ingsensibus.
1570 5508 1763 5565 MART.

330 5624 405 5635 --
436 5592 543 5647 Ed.
580 5586 788 5653 nostri,
822 5588 879 5642 et
910 5581 1230 5639 Martianiei
1263 5599 1407 5638 mss.
1441 5597 1665 5647 omnes,
1690 5584 1804 5653 qui.

332 5666 355 5700 ³
384 5662 661 5737 Legebat,
693 5656 1037 5719 scholiastes
1068 5655 1127 5713 in
1159 5671 1267 5714 suo
1286 5653 1603 5729 exemplari
1634 5652 1913 5712 Hebraico

2014 4634 2285 4703 Domino,
2325 4636 2380 4688 et
2428 4628 2597 4687 vobis
2626 4627 2803 4684 fuerit
2851 4629 3008 4682 terra
3048 4623 3353 4694 subjecta:
3414 4622 3546 4680 date
3589 4623 3676 4679 eis

2019 4723 2231 4780 Galaad
2255 4721 2276 4755 ‘
2305 4720 2387 4789 (h.
2423 4720 2557 4775 date
2583 4717 2669 4773 eis
2703 4720 2923 4771 terram
2980 4712 3221 4781 Galaad)
3252 4711 3313 4767 in
3343 4711 3673 4784 possessio-

2019 4828 2176 4869 nem.
2209 4810 2310 4866 Sin
2343 4812 2540 4865 autem
2582 4803 2880 4862 noluerint
2911 4802 3164 4859 transire
3192 4800 3446 4857 armati‘
3476 4799 3674 4857 vobis-

2020 5018 2158 5070 :‘In:
2216 5017 2290 5067 ﬁt:
2321 5004 2369 5060 el
2402 5004 2641 5069 banenu,
2672 4998 2730 5053 id
2782 5000 2892 5068 est,
2945 4997 3016 5053 ad
3068 4996 3234 5070 ﬁlios,
3265 4995 3385 5051 sive
3412 4994 3677 5070 parvulos

2020 5065 2258 5136 uas-tros:
2293 5074 2408 5131 nisi
2454 5066 2599 5128 forte
2646 5065 2887 5127 sensum
2939 5065 3275 5135 attenderit,
3322 5082 3438 5122 non
3481 5065 3671 5132 verba,

2020 5167 2205 5226 Hodie
2232 5164 2444 5234 ubique
2466 5160 2720 5234 legimus
2750 5167 2896 5219 uua
2924 5142 3026 5229 ΒΝ,
3051 5156 3109 5214 el
3124 5157 3363 5226 bauenu,
3395 5153 3465 5211 ad
3487 5153 3676 5210 domo:

2020 5245 2252 5298 nostras.
2290 5237 2473 5292 MART.

2095 5331 2597 5417 ‘lManus‘cIrip‘tus
2655 5326 3227 5417 codeanirbliorurr,
3286 5339 3451 5417 num:
3516 5326 3565 5417 t‘,
3615 5321 3676 5407 in

2025 5412 2228 5465 nostra
2286 5394 2649 5461 Bibliotheca
2705 5399 2891 5456 sancti
2948 5394 3245 5460 Germani,
3306 5394 3444 5467 legit
3492 5396 3557 5449 ut
3616 5394 3675 5467 in

2021 5480 2328 5544 Hebraico,
2383 5476 2477 5531 dat
2526 5477 2605 5529 eis
2648 5480 2861 5544 terram
2916 5465 3585 5544 Galaad._Quod'_f_1uxit,
3618 5465 3676 5521 ni

2026 5551 2216 5623 fallor,
2252 5537 2326 5607 ab
2357 5545 2579 5604 scholio
2608 5543 2862 5600 Canonis
2893 5541 3036 5597 Heb.
3062 5537 3341 5596 veritatis.
3378 5538 3567 5596 MART.

2100 5652 2121 5689 °
2154 5649 2403 5708 Urbinas
2433 5662 2547 5705 ms.
2580 5658 2780 5702 vocem
2811 5638 3019 5698 armati
3047 5634 3461 5712 praetermittit.
