4068 6172
349 329 462 387 435

1379 322 1438 375 Β.
1480 317 1891 374 ΗῙΕΒΟΝῩΜῙ
1929 314 2182 370 DIVINA
2228 312 2722 370 BIBLIOTHECA.

3657 310 3765 368 436

344 468 478 511 cum
535 451 597 508 in
653 452 871 508 terram
928 445 1200 501 Chanaan
1232 483 1246 510 ,
1310 441 1466 497 inter
1524 457 1628 497 vos
1686 437 1992 496 habitandi
2022 437 2079 504 Α
2107 436 2283 493 ﬁxere
2312 435 2566 493 tentoria
2595 451 2773 507 super
2791 450 2950 491 mare
2982 434 3270 492 Rubrum.
3305 435 3670 509 Profectique
3691 438 3766 492 de

344 541 640 615 accipiunt
683 538 831 596 loca.
889 533 1456 606 Responderuntque
1489 529 1592 585 ﬁlii
1624 529 1771 599 Gad,
1803 532 1862 584 et
1887 527 1995 584 ﬁlii

343 632 583 688 Ruben:
615 628 780 685 Sicut
807 625 1039 681 locutus
1069 626 1159 678 est
1188 622 1466 677 dominus
1497 619 1681 676 servis
1731 617 1878 684 suis,
1913 617 1997 673 ita

343 720 663 777 faciemu:
695 715 808 788 ipsi
839 711 1053 770 armati
1085 726 1392 784 pergemus
1424 725 1620 765 coram
1654 707 1900 764 Domino
1937 706 1993 761 in

344 811 560 866 terram
590 805 887 868 Chanaan,
919 807 978 858 et
1021 800 1457 873 possessionem
1482 799 1609 870 jam
1663 796 1996 869 suscepisse

346 913 454 954 nos
483 895 832 952 conﬁtemus
862 891 946 948 cis
970 891 1288 947 Jordanem
1318 892 1359 943 ι.
1388 889 1554 944 Dedit
1575 888 1773 960 itaque
1804 887 1996 942 Moses

347 985 484 1043 ﬁliis
514 984 635 1042 Gad
683 987 741 1039 et
788 981 1019 1052 Ruben,
1070 984 1127 1035 et
1173 978 1432 1034 dimidiaa
1488 978 1667 1033 tribui
1728 977 1999 1032 Manasse

347 1073 452 1133 ﬁlii
481 1072 699 1145 Joseph
746 1087 992 1143 regnum
1026 1069 1175 1126 Seon
1226 1067 1381 1140 regis
1428 1065 1767 1136 Amorrhaai,
1819 1070 1876 1121 et
1905 1080 1996 1120 re-

347 1179 533 1237 gnum
562 1163 647 1234 0g
672 1159 826 1233 regis
859 1161 1068 1228 Basan,
1101 1162 1318 1214 terram
1350 1172 1551 1212 eorum
1583 1171 1718 1211 cum
1752 1154 2000 1210 urbibus

347 1252 474 1311 suis
521 1267 624 1324 per
653 1249 988 1305 circuitum.
1024 1246 1208 1318 Igitur
1257 1248 1670 1301 exstruxerunt
1701 1242 1805 1298 ﬁlii
1853 1242 2000 1312 Gad,

344 1340 555 1410 Dibon,
603 1343 661 1395 et
687 1336 952 1404 Atarotb,
1005 1340 1063 1391 et
1108 1340 1310 1405 Aroer,
1343 1338 1402 1389 et
1453 1333 1683 1404 Atroth,
1746 1332 2000 1404 Sophan,

348 1432 407 1488 et
431 1430 621 1499 Jazer,
651 1433 706 1483 et
739 1425 980 1497 Jegbaa,
1011 1432 1069 1479 et
1099 1422 1504 1492 Beth-Nemra,
1552 1426 1609 1478 et
1638 1422 2001 1491 Beth-Aran,

349 1518 526 1575 urbes
555 1515 847 1583 munitas,
880 1519 939 1570 et
996 1512 1196 1570 caulas
1244 1512 1555 1584 pecoribus
1587 1511 1734 1582 suis,
1769 1511 1851 1582 (h.
1884 1527 2002 1565 non

350 1607 549 1674 habet,
573 1604 741 1674 suis).
765 1602 894 1658 Filii
921 1619 1054 1658 vero
1068 1602 1273 1657 Ruben
1296 1600 1732 1656 aediﬁcaverunt
1747 1599 2002 1670 Esebon,

352 1699 410 1752 et
463 1693 676 1764 Eleale,
707 1695 765 1749 et
809 1690 1187 1759 Cariathaim,
1221 1693 1278 1745 et
1319 1689 1504 1759 Nabo,
1559 1695 1616 1745 et
1644 1687 2002 1757 Baal-Meon,

350 1783 539 1841 versis
565 1780 924 1840 nominibus.
947 1780 1198 1836 Sabama
1223 1794 1484 1851 quoque:
1519 1779 1892 1850 imponentes
1912 1793 2007 1832 vo-

351 1872 562 1930 cabula
583 1870 828 1928 urbibus
851 1885 1000 1942 quas
1027 1871 1438 1924 exstruxerant
1463 1867 1544 1938 (h.
1579 1867 1647 1922 Et
1671 1865 2005 1922 Bal-Moon.

2107 527 2254 582 mari
2278 527 2500 596 Rubro,
2522 524 2927 582 castrametati
2953 524 3174 582 suntin
3198 527 3433 582 deserto
3453 527 3574 582 Sin.
3603 528 3765 584 Unde

2105 615 2322 687 egressi
2354 618 2641 671 venerunt
2688 614 2749 670 in
2799 614 3092 687 Dephaca.
3156 615 3524 688 Protectique
3553 616 3626 672 de
3653 617 3766 672 De-

2105 704 2312 778 phaca,
2367 703 2761 759 castrametati
2794 706 2935 759 sunt
2969 703 3028 759 in
3087 703 3249 760 Alus.
3310 705 3663 777 Egressique
3695 706 3767 760 de

2107 792 2269 862 Alus,
2303 793 2357 848 in
2386 793 2706 866 Raphadim
2740 792 2914 848 ﬁxere
2944 792 3198 848 tentoria
3230 792 3579 865 (notandum
3606 796 3762 866 quod

2107 885 2163 941 in
2223 883 2460 939 Hebraeo
2509 899 2623 938 non
2678 881 2948 952 habetur,
3017 882 3275 939 ﬁxerunt
3330 883 3604 950 tentoria,
3662 884 3765 938 sed

2107 971 2508 1030 castrametati
2566 972 2750 1042 sunt),
2809 971 2911 1026 ubi
2968 987 3122 1042 aqua
3181 971 3394 1044 populo
3455 973 3642 1028 defuit
3693 975 3764 1027 ad

2107 1063 2446 1120 bibendum.
2481 1061 2847 1133 Profectique
2891 1061 2962 1116 de
2994 1060 3337 1132 Raphidim,
3367 1063 3768 1118 castrametati

2109 1156 2250 1208 sunt
2299 1151 2359 1206 in
2390 1151 2619 1206 deserto
2673 1149 2858 1206 Sinai.
2914 1148 3021 1204 Sed
3053 1153 3112 1205 et
3142 1149 3213 1204 de
3253 1147 3573 1204 solitudine
3603 1149 3773 1204 Sinai

2111 1239 2355 1314 egressi,
2382 1243 2665 1296 venerunt
2693 1239 2764 1295 ad
2789 1237 3060 1312 sepulcra
3082 1237 3591 1310 concupiscentiae.
3623 1243 3736 1293 Pro
3749 1269 3770 1278 --

2111 1331 2366 1402 fectique
2395 1329 2467 1384 de
2511 1327 2798 1399 sepulcris
2829 1327 3338 1400 concupiscentiae,
3369 1328 3772 1383 castrametati

2112 1423 2253 1476 sunt
2271 1419 2330 1473 in
2351 1416 2619 1474 Aseroth.
2645 1417 2712 1471 Et
2740 1417 2809 1473 de
2832 1416 3080 1472 Aseroth
3104 1421 3393 1473 venerunt
3417 1415 3475 1471 in
3498 1415 3767 1472 Bethma.

2110 1507 2477 1578 Profectique
2509 1506 2579 1561 dc
2609 1505 2878 1574 Rethma,
2911 1504 3308 1561 castrametati
3341 1508 3481 1560 sunt
3511 1504 3570 1560 in
3601 1505 3767 1560 Remo

2113 1596 2524 1652 mon-Phares.
2560 1595 2716 1651 Unde
2747 1594 2990 1666 egressi,
3019 1597 3310 1650 venerunt
3339 1593 3398 1648 in
3433 1594 3649 1649 Lebna.
3703 1595 3772 1649 Et

2113 1686 2184 1741 de
2215 1685 2431 1753 Lebna,
2473 1684 2873 1740 castrametati
2904 1686 3044 1738 sunt
3078 1683 3134 1738 in
3167 1686 3371 1740 Ressa.
3416 1682 3772 1756 Egressique

2120 1775 2190 1830 de
2246 1778 2447 1840 Ressa,
2495 1776 2784 1828 venerunt
2841 1772 2899 1828 in
2957 1771 3246 1828 Ceelatha.
3282 1771 3446 1829 Unde
3503 1773 3772 1845 profecti,

2121 1863 2517 1920 castrametati
2584 1869 2724 1919 sunt
2768 1862 2828 1917 in
2879 1867 3076 1917 monte
3119 1863 3362 1934 Sepher.
3416 1863 3653 1935 Egressi
3698 1863 3773 1918 de

349 1965 408 2020 et
432 1960 753 2019 Musaboth
774 1960 926 2026 Sem,
960 1962 1018 2014 et
1039 1957 1703 2028 Sibama.lmponentes
1726 1953 2008 2011 vocabula
2116 1957 2312 2010 monte
2371 1952 2613 2025 Sepher,
2669 1956 2953 2008 venerunt
3011 1952 3070 2007 in
3121 1952 3334 2007 Arada.
3400 1953 3537 2008 Inde
3595 1951 3774 2023 proﬁ-

361 2050 614 2107 urbibus
643 2064 789 2122 quas
817 2049 1268 2115 exstruxerant).
1301 2046 1476 2102 Porro
1502 2044 1605 2100 ﬁlii
1636 2043 1878 2114 Machir,
1902 2043 2005 2098 ﬁlii
2115 2043 2422 2112 ciscentcs,
2480 2041 2877 2098 castrametati
2945 2045 3086 2098 sunt
3142 2042 3202 2097 in
3261 2040 3569 2098 Maceloth.
3629 2045 3771 2097 Pro-

356 2143 652 2206 Manasse,
706 2138 1088 2208 perrexerunt
1146 2134 1204 2190 in
1250 2134 1489 2205 Galaad,
1531 2138 1588 2189 et
1636 2137 2009 2194 vastaverunt
2119 2132 2370 2203 lectique
2437 2131 2508 2185 de
2565 2130 2887 2200 Maceloth,
2965 2134 3249 2185 venerunt
3305 2130 3362 2184 in
3420 2129 3626 2185 Taath.
3689 2130 3773 2185 De

351 2243 481 2284 eam
525 2225 829 2282 interfecto
877 2223 1214 2280 Amorrhzso
1257 2223 1585 2280 habitatore
1641 2223 1790 2292 ejus.
1838 2221 2009 2276 Dedit
2115 2220 2359 2289 Thaalh,
2393 2220 2788 2276 castrametati
2825 2224 2967 2275 sunt
2996 2219 3052 2274 in
3087 2219 3298 2274 Thare.
3333 2220 3495 2274 Unde
3524 2219 3769 2289 egressi,

356 2331 508 2388 ergo
536 2319 732 2372 Moses
776 2317 992 2369 terram
1025 2312 1240 2368 Galaad
1274 2311 1497 2368 Machir
1544 2310 1665 2368 ﬁlio
1715 2316 2007 2379 Manasse,
2118 2309 2294 2365 ﬁxere
2339 2307 2592 2364 tentoria
2649 2308 2708 2362 in
2751 2307 3003 2365 Methea.
3036 2307 3100 2362 Et
3132 2308 3202 2362 de
3251 2307 3500 2377 Methea,
3547 2311 3770 2362 castra-

366 2404 467 2478 qui
500 2402 788 2460 habitavit
808 2401 868 2458 in
890 2418 979 2458 ea.
1002 2401 1127 2458 Jair
1149 2405 1344 2457 autem
1370 2401 1527 2456 ﬁlius
1549 2405 1819 2457 Manasse
1841 2397 2006 2470 abiit,
2119 2398 2320 2454 metati
2368 2401 2509 2453 sunt
2562 2397 2619 2451 in
2679 2396 2954 2452 Esmona.
2989 2396 3356 2469 Profectique
3381 2397 3454 2452 de
3486 2400 3770 2465 Esmona,

362 2499 422 2553 et
450 2493 757 2567 occupavit
780 2493 940 2550 vicos
966 2493 1285 2564 ejus,quos
1307 2490 1622 2563 appellavit
1643 2488 2009 2558 Avoth-Jair,
2117 2490 2401 2544 venerunt
2456 2486 2517 2540 in
2572 2485 2887 2541 Moseroth.
2950 2489 3008 2542 et
3054 2486 3125 2540 de
3173 2484 3497 2553 Moseroth,
3547 2489 3771 2541 castra-

285 2574 296 2582 ’
363 2583 556 2641 idest.
620 2582 787 2640 Villa:
839 2583 960 2639 Jaz'r
1010 2580 1094 2648 (h.
1146 2596 1259 2635 non
1293 2579 1509 2650 habet).
1565 2579 1729 2634 Noba
1775 2592 2008 2650 quoque
2120 2576 2320 2632 metati
2375 2579 2514 2630 sunt
2561 2575 2620 2630 in
2678 2575 3027 2646 Benejacan.
3081 2574 3444 2647 Profectique
3473 2575 3544 2629 de
3591 2575 3779 2630 Bene-

369 2671 641 2746 perrexit,
674 2675 734 2728 et
776 2669 1167 2744 apprehendit
1196 2668 1417 2725 Canath
1440 2684 1574 2724 eum
1607 2666 1815 2724 viculis
1859 2666 2010 2722 suis:
2111 2666 2309 2736 jacan,
2342 2668 2628 2720 venerunt
2658 2663 2716 2718 in
2743 2668 2999 2720 montem
3026 2663 3288 2737 Gadgad.
3314 2663 3479 2720 Unde
3510 2664 3780 2736 profecti,

369 2761 707 2834 vocavitque
738 2775 868 2816 eam
899 2775 968 2815 ex
992 2758 1229 2814 nomine
1260 2774 1366 2814 suo
1396 2757 1567 2830 poba.
2120 2752 2515 2812 castrametati
2563 2757 2704 2808 sunt
2747 2752 2804 2808 in
2853 2752 3184 2808 Jetahatha.
3229 2753 3297 2808 Et
3327 2753 3398 2808 de
3444 2752 3785 2820 Jetabatha,

442 2851 530 2923 (Β.
564 2849 811 2915 LXVIII,
843 2849 979 2918 Cap.
1039 2847 1312 2915 XXXIII.)
1355 2847 1452 2902 Hae
1484 2848 1622 2903 sunt
1676 2843 2012 2900 mansiones
2119 2846 2403 2901 venerunt
2434 2843 2491 2897 in
2533 2841 2822 2897 Hebrona.
2871 2841 3230 2914 Egressique
3259 2842 3331 2896 de
3361 2842 3650 2908 Hebrona,
3684 2857 3784 2898 ca-

371 2938 627 2996 ﬁliorum
683 2937 884 3008 Israel,
915 2937 1014 3009 qui
1048 2935 1268 3009 egressi
1315 2940 1456 2992 sunt
1503 2936 1573 2992 de
1618 2938 1857 3008 Egypto
1911 2951 2014 3007 per
2122 2931 2448 2989 strametati
2482 2935 2621 2986 sunt
2654 2930 2711 2984 in
2742 2929 3163 2986 Asion-Gaber.
3195 2929 3335 2985 Inde
3359 2929 3597 2998 profecti
3616 2944 3790 2985 vene-

369 3031 600 3085 turmas
623 3044 759 3083 suas
782 3026 844 3083 in
867 3043 1044 3082 manu
1066 3025 1212 3083 Mosi
1234 3029 1291 3080 et
1315 3026 1507 3080 Aaron
1531 3041 1681 3096 quas
1704 3023 2016 3095 descripsit
2123 3025 2262 3078 runt
2281 3019 2340 3074 in
2363 3021 2660 3075 desertum
2693 3019 2814 3088 Sin,
2837 3019 2959 3074 haec
2991 3024 3080 3074 est
3105 3018 3309 3074 Gades.
3333 3018 3686 3090 Egressique
3712 3019 3786 3074 de

365 3117 746 3186 Mosesjuxta
773 3119 1100 3171 castrorum
1131 3113 1281 3183 loca,
1322 3130 1451 3184 quas
1483 3113 1717 3169 Domini
1744 3111 2017 3183 jussione

2131 3111 2336 3180 Cades,
2364 3109 2756 3165 castrametati
2782 3112 2922 3163 sunt
2941 3107 2998 3162 in
3033 3112 3232 3163 monte
3254 3107 3389 3175 Hor,
3417 3107 3475 3162 in
3503 3107 3784 3163 extremis

368 3183 697 3261 mutabant.
777 3204 864 3276 (T.
936 3203 1140 3273 XVIII,
1216 3205 1276 3259 C.
1336 3183 1696 3273 hXXXVIlI.)
1772 3189 2020 3257 Profecti
2053 3183 2096 3250 Ο
2135 3199 2352 3255 ﬁnibus
2382 3198 2462 3271 (h.
2498 3215 2613 3254 non
2645 3197 2823 3253 habet
2853 3197 3088 3267 ﬁnibus)
3121 3201 3287 3252 terra;
3327 3196 3530 3252 Edom.
3560 3201 3786 3252 Ascen-

364 3293 548 3365 igitur
598 3292 668 3348 de
718 3292 1028 3348 Ramesses
1059 3306 1260 3347 mense
1290 3289 1502 3363 primo,
1548 3290 1756 3361 quinta
1785 3289 2014 3346 decima

369 3381 463 3437 die
494 3379 714 3437 mensis
762 3380 962 3452 primi,
995 3379 1176 3436 altera
1207 3380 1299 3436 die
1348 3379 1554 3449 Phase,
1589 3379 1692 3434 ﬁlii
1742 3379 1920 3436 Israel
1955 3378 2011 3434 in

369 3485 550 3525 manu
605 3468 851 3539 excelsa,
924 3469 1256 3526 videntibus
1327 3469 1556 3526 cunctis
1612 3467 1912 3541 Egyptiis,
1959 3470 2016 3522 et

367 3557 790 3630 sepelientibus
817 3557 1261 3631 primogenitos,
1295 3573 1441 3629 quos
1491 3560 1862 3630 percusserat
1899 3555 2015 3612 Do-

316 3654 318 3656 ’
367 3646 568 3703 minus
598 3651 756 3712 (nam
787 3650 843 3703 et
869 3647 928 3702 in
959 3646 1072 3704 diis
1103 3662 1305 3702 eorum
1324 3655 1658 3703 exercuerat
1681 3645 2016 3716 ultionem),

371 3735 769 3794 castrametati
817 3740 959 3792 sunt
1013 3736 1074 3792 in
1124 3735 1431 3793 Socchoth.
1491 3737 1558 3791 Et
1599 3737 1670 3792 de
1727 3735 2017 3792 Socchoth

366 3829 653 3882 venerunt
708 3826 768 3882 in
812 3825 1037 3895 Etham,
1069 3841 1197 3898 quas
1245 3829 1334 3882 est
1391 3825 1452 3882 in
1482 3825 1758 3882 extremis
1813 3825 2020 3895 ﬁnibus

364 3913 452 3986 (h.
485 3930 602 3970 non
647 3914 843 3986 habet)
882 3914 1240 3972 solitudinis.
1303 3914 1441 3971 Inde
1488 3915 1706 3986 egressi
1737 3917 2023 3970 venerunt

370 4006 575 4060 contra
621 4003 1022 4074 Phi-Ahiroth,
1071 4021 1198 4078 quas
1243 4004 1484 4077 reSpicit
1519 4003 1935 4075 Beel-Sephon,
1970 4010 2025 4058 et

369 4094 767 4150 castrametati
807 4097 947 4151 sunt
975 4097 1112 4150 ante
1154 4092 1504 4166 Magdalum.
1558 4093 1922 4164 Profectique
1953 4093 2026 4148 de

369 4179 769 4251 Phi-Ahiroth,
829 4183 1192 4240 transierunt
1247 4200 1350 4256 per
1408 4183 1666 4239 medium
1728 4199 1888 4238 mare
1962 4182 2024 4238 in

373 4268 780 4342 solitudinem,
809 4278 864 4328 et
905 4272 1276 4329 ambulantes
1304 4272 1496 4330 tribus
1555 4273 1764 4329 diebus
1794 4289 1898 4345 per
1927 4272 2000 4327 ds

373 4362 598 4428 sertum
650 4359 882 4432 Etham,
935 4362 1332 4418 castrametati
1379 4368 1522 4418 sunt
1571 4363 1631 4418 in
1679 4368 1859 4419 Mara.
1888 4363 1998 4417 Pro

2124 3289 2327 3361 ditque
2357 3290 2545 3343 Aaron
2577 3286 2849 3343 sacerdos
2875 3286 2933 3341 in
2959 3289 3216 3341 montem
3242 3285 3376 3355 Hor,
3398 3285 3648 3356 jubente
3669 3284 3783 3341 Do-

2125 3379 2307 3446 mino,
2340 3381 2398 3433 et
2430 3380 2697 3432 mortuus
2721 3379 2810 3432 est
2829 3374 2910 3430 ibi
2935 3391 3087 3431 anno
3111 3374 3565 3448 quadragesimo
3589 3389 3782 3448 egres-

2124 3466 2308 3524 sionis
2357 3465 2610 3522 ﬁliorum
2663 3463 2841 3521 Israel
2873 3479 2941 3520 ex
2977 3465 3244 3538 Egypto,
3298 3479 3501 3520 mense
3549 3465 3782 3536 quinto,

2126 3557 2318 3630 prima
2363 3555 2457 3611 die
2514 3555 2758 3625 mensis,
2816 3571 2950 3610 cum
2986 3558 3142 3611 esset
3190 3570 3481 3631 annorum
3539 3557 3780 3610 centum

2124 3645 2326 3717 viginti
2379 3644 2582 3702 trium.
2640 3643 2992 3716 Audivitque
3043 3642 3408 3699 Chananaaus
3454 3658 3550 3699 rex
3599 3643 3780 3713 Arad,

2128 3735 2228 3806 qui
2261 3733 2567 3790 habitabat
2595 3734 2668 3789 ad
2721 3733 3025 3788 meridiem
3072 3733 3127 3787 in
3167 3737 3324 3788 terra
3352 3731 3651 3803 Chanaan,
3681 3748 3786 3788 ve-

2130 3823 2290 3879 nisse
2318 3821 2469 3879 ﬁlios
2496 3820 2698 3893 Israel,
2729 3822 2800 3877 Et
2821 3821 3061 3894 profecti
3087 3821 3158 3876 de
3181 3823 3379 3877 monte
3402 3821 3537 3889 Hor,
3561 3826 3785 3877 castra-

2133 3911 2334 3968 metati
2366 3915 2507 3967 sunt
2539 3910 2598 3966 in
2628 3909 2920 3966 Salmona.
2963 3909 3127 3966 Unde
3160 3909 3380 3976 egressi
3409 3914 3698 3966 venerunt
3721 3909 3788 3966 in

2134 4000 2382 4056 Phinon.
2415 3999 2782 4071 Proiectique
2811 3999 2882 4055 de
2932 3998 3182 4067 Phinon,
3219 3999 3617 4055 castrametati
3649 4006 3794 4054 sunt

2136 4090 2195 4145 in
2251 4088 2462 4146 Oboth.
2512 4092 2579 4144 Et
2610 4089 2680 4144 de
2731 4087 2942 4154 Oboth,
2990 4091 3276 4151 venerunt
3312 4087 3373 4144 in
3430 4087 3790 4157 Hieabarim,

2138 4195 2266 4252 quae
2297 4182 2386 4235 est
2415 4178 2498 4250 (h.
2534 4195 2650 4233 non
2680 4176 2878 4246 habet,
2909 4192 3034 4247 quas
3065 4176 3175 4248 est)
3206 4175 3267 4231 in
3313 4175 3532 4232 ﬁnibus
3563 4175 3792 4231 Moabi-

2137 4273 2352 4324 tarum.
2404 4266 2766 4338 Profectique
2805 4267 2879 4321 de
2933 4265 3265 4322 Hieabarim
3296 4266 3317 4299 ²
3363 4263 3446 4336 (b.
3497 4265 3570 4320 de
3611 4264 3789 4331 Hiim,

2140 4357 2234 4413 hic
2266 4357 2481 4413 habet:
2522 4373 2723 4428 supra,
2783 4353 3165 4426 Hieabarim),
3222 4355 3398 4411 ﬁxere
3445 4353 3694 4410 tentoria
3727 4353 3789 4408 in

375 4447 632 4520 tectique
681 4449 752 4503 de
808 4453 968 4506 Mora
1023 4457 1307 4506 venerunt
1361 4452 1418 4506 in
1473 4451 1645 4517 Elim,
1706 4452 1805 4505 ubi
1862 4455 2030 4505 erant
2145 4446 2494 4502 Dihon-Gad.
2555 4445 2720 4502 Unde
2777 4443 3018 4516 egressi,
3075 4443 3468 4499 castrametati
3527 4448 3668 4498 sunt
3726 4443 3789 4497 in

377 4536 684 4592 duodecim
717 4537 906 4594 fontes
935 4555 1244 4611 aquarum,
1287 4545 1344 4596 et
1372 4539 1580 4611 palmae
1612 4540 1988 4613 septuaginta
2015 4555 2029 4595 :
2059 4559 2109 4622 ι)
2139 4534 2796 4594 Helmon-Deblathaim.
2827 4533 3178 4622 Egressique
3207 4533 3277 4622 de
3307 4531 3788 4622 Helmon-Uebla-

379 4623 581 4696 ibique
627 4627 1024 4684 castrametati
1081 4632 1239 4685 sunt.
1299 4629 1411 4685 Sed
1468 4639 1525 4684 et
1561 4630 1698 4685 inde
1740 4629 2020 4702 ingressi,

456 4857 623 4930 *_Ita_
648 4871 759 4913 ms.
811 4856 1132 4914 Bibliorum
1163 4857 1341 4914 codex
1387 4858 1602 4930 Regius
1634 4877 1798 4916 num.
1845 4860 2027 4921 3563:

380 4926 550 5001 Corb.
575 4926 935 5001 alter.,num.
971 4931 1055 5001 10,
1091 4936 1148 4986 et
1179 4947 1329 4986 unus
1358 4935 1415 4986 S.
1446 4926 1740 5000 Germani,
1774 4951 1938 4988 num.
1968 4935 2024 4985 7.

377 4998 490 5055 Alii
521 5015 657 5055 cum
696 5000 868 5056 editis
899 4998 1119 5074 legunt,
1165 5011 1323 5059 trans
1349 5001 1661 5073 Iordanem,
1696 4998 1794 5060 sed
1831 5004 2028 5059 incon-

382 5085 529 5144 gruo
561 5087 756 5144 sensu.
790 5076 976 5128 Msn'r.

447 5173 518 5184 —
564 5143 718 5200 Idem
754 5159 890 5212 ms.,
921 5143 1303 5213 conﬁtebimur
1331 5151 1455 5199 tum
1501 5146 1710 5212 juncto
1745 5146 2022 5213 Palatino,

376 5217 552 5340 at?“
620 5215 794 5272 editis
846 5215 1036 5285 libris,
1092 5225 1246 5272 trem
1319 5217 1657 5280 Jordanem;
1723 5221 2023 5288 Hebraeus,

455 5302 537 5340 ra.

455 5302 537 5340 ra.

447 5356 470 5392 ¹
497 5355 1063 5442 Εαωίξθςιῌθβὶωᾳε
1095 5357 1531 5442 εξηροῑρῑῇοΑο-είω
1565 5359 1731 5442 apud.
1753 5359 2025 5442 Hierony-

382 5443 570 5500 mum,
588 5428 973 5500 epistolajam
997 5429 1234 5485 laudata
1255 5431 1324 5486 de
1343 5431 1410 5484 42
1425 5428 1825 5486 Mansionilius
1846 5428 2026 5488 Israe-

381 5495 696 5575 litarurn'in
730 5495 978 5575 deserto.
1008 5502 1089 5557 Ibi
1115 5502 1293 5575 igitur
1315 5505 1427 5575 ista
1455 5505 1725 5558 observat
1746 5503 2024 5575 Hierony-

378 5584 550 5644 mus,_
580 5572 647 5644 Et
670 5573 924 5642 profecti,
960 5572 1172 5644 inquit,
1224 5576 1288 5630 de
1343 5573 1686 5643 Hieabarz‘m,
1733 5577 1844 5630 sive
1872 5583 1932 5631 ut
1962 5572 2024 5632 in

375 5641 580 5698 scande
630 5641 743 5700 loco
771 5641 917 5716 apud
946 5641 1191 5705 [Mimos
1221 5645 1470 5718 habetur,
1509 5641 1679 5718 mm,
1715 5655 2016 5706 castram-

2143 4627 2348 4698 thaim,
2383 4628 2669 4682 venerunt
2717 4623 2787 4679 ad
2823 4626 3054 4678 montes
3082 4621 3323 4678 Abarim
3363 4625 3566 4678 contra
3595 4621 3786 4676 Nabo.

2138 4860 2240 4917 lati
2270 4862 2399 4913 sunt
2428 4858 2488 4913 in
2515 4854 2860 4919 Dibon-Gad,
2892 4855 3003 4908 etc.
3033 4858 3212 4908 MART.

2208 4961 2275 4970 —
2310 4935 2418 4986 Ms.
2468 4928 2719 4983 Urbinas
2765 4925 3054 4984 qubarim
3111 4937 3237 4996 quae
3282 4931 3380 4996 est,
3429 4924 3791 4996 putaHiim.

2140 5002 2394 5058 Sanctus
2443 5001 2568 5072 ipse
2618 4999 2911 5072 Interpres
2963 4996 3020 5072 i_n
3073 4995 3246 5072 epist.
3296 4995 3386 5072 7_8,
3426 4995 3516 5072 ad
3565 4995 3792 5072 Fabiol.

2137 5091 2328 5128 mane.
2351 5075 2420 5127 39
2453 5067 2483 5124 z'
2522 5067 2792 5139 Profecti,
2829 5067 3040 5136 inquit,
3089 5071 3154 5122 de
3207 5067 3512 5126 Jeabarim.
3535 5138 3538 5139 ν
3563 5069 3700 5136 sive,
3735 5079 3798 5122 ut

2135 5146 2197 5200 in
2242 5144 2472 5201 secundo
2521 5138 2637 5198 loco
2690 5143 2838 5211 apud
2867 5142 3117 5196 Hebraeos
3175 5139 3432 5207 habetur,
3455 5138 3645 5211 βείω,
3678 5147 3792 5194 etc.

2135 5217 2275 5273 Mihi
2311 5217 2463 5271 idem
2499 5209 2748 5284 utroque
2779 5215 2836 5267 in
2867 5212 2993 5266 loco
3019 5225 3238 5284 nomen
3288 5219 3420 5284 Dm:
3452 5209 3510 5264 in
3542 5210 3790 5284 Hebraeo

2134 5287 2312 5344 scribi
2363 5281 2709 5358 persuasum
2739 5288 2850 5354 est,
2883 5281 3034 5358 quod
3068 5281 3225 5336 enim
3255 5281 3518 5358 primum
3567 5281 3794 5354 absque

2134 5358 2316 5426 ﬁnali,
2351 5352 2394 5417 ’ἐι
2437 5357 2718 5413 scribitur
2747 5352 2850 5423 ny,
2884 5352 2941 5408 in
2975 5369 3154 5409 causa
3181 5352 3275 5409 est
3301 5352 3589 5426 regimen,
3630 5352 3788 5424 quod

2134 5423 2501 5501 grammatici
2559 5433 2785 5493 vocant,
2858 5426 3282 5501 subsequentis
3339 5423 3498 5480 vocis
3557 5423 3788 5501 manu

2135 5496 2416 5558 Habarz‘m.
2468 5503 2582 5569 Ipsi
2616 5508 2807 5556 autem
2837 5505 2998 5554 terra
3038 5496 3269 5552 videtur
3315 5513 3464 5562 esse,
3497 5513 3625 5567 quae
3654 5498 3784 5565 Gai,

2083 5585 2085 5588 ‘
2132 5580 2234 5632 aut
2265 5573 2374 5632 Hai
2403 5574 2619 5629 dicitur
2637 5571 2898 5629 Jeremia
2927 5585 3075 5625 χιιι.
