4068 6172
272 338 375 396 437

1616 335 1835 391 uasa
1873 306 2363 396 scansorium.

3598 351 3703 411 438

267 467 348 541 (Β.
370 465 599 538 LXIX.)
619 464 993 535 Profectique
1012 463 1085 520 de
1116 462 1419 519 montibus
1454 461 1717 531 Abarim,
1739 465 1928 520 trans-
1957 464 2013 533 Α
2043 480 2183 521 cens
2206 482 2220 521 :
2247 471 2381 522 Haec
2412 472 2502 524 est
2526 469 2707 543 (Vulg.
2740 471 3091 546 erit)terra,,
3118 492 3298 549 quam
3321 478 3702 551 possidebitis

270 558 467 613 ierunt
496 556 570 611 ad
603 553 961 626 campestria
989 552 1179 623 Moab,
1211 568 1391 624 super
1442 551 1764 607 Jordanem
1796 568 1935 608 con-

273 652 358 704 tra
387 645 649 703 Jericho.
685 644 890 715 Ibique
920 642 1321 699 castrametati
1353 644 1493 696 sunt
1525 641 1595 696 de
1627 641 1797 697 Beth-
1830 640 1937 696 Isi-

275 735 435 793 moth
472 751 664 807 usque
720 734 793 789 ad
851 731 1199 788 Abelsattim
1260 732 1320 786 in
1368 729 1733 801 planioribus
1792 730 1937 787 locis

279 824 676 883 Moabitarum
711 822 791 895 (h.
818 822 877 877 in
910 820 1153 892 planitie
1180 820 1618 891 Moabitarum),
1643 819 1745 874 ubi
1773 818 1939 875 locu-

279 920 374 971 tus
421 918 515 970 est
543 912 830 969 Dominus
856 910 926 966 ad
958 914 1192 965 Mosen:
1218 908 1301 981 (C.
1336 908 1665 980 LXXXIX.)
1689 909 1940 980 Praecipe

276 1004 414 1060 ﬁliis
448 1002 650 1071 Israel,
675 1005 731 1057 et
760 1000 854 1056 dic
883 1000 955 1055 ad
987 1016 1121 1055 eos:
1147 998 1389 1075 Quando
1425 997 1775 1054 transieritis
1802 998 1940 1054 Jor-

274 1095 523 1157 dancm,
550 1091 841 1147 intrantes
871 1093 1088 1145 terram
1120 1088 1423 1157 Chanaan,
1445 1087 1765 1159 disperdite
1795 1104 1939 1143 cun-

278 1188 401 1240 ctos
432 1182 798 1238 habitatores
830 1177 1081 1249 regionis
1112 1176 1272 1233 illius
1298 1194 1309 1231 :
1332 1176 1684 1247 confringite
1716 1176 1940 1244 titulos,

273 1278 327 1330 et
356 1276 592 1328 statuas
617 1268 1205 1339 comminuite,atque
1227 1265 1426 1322 omnia
1447 1265 1677 1321 excelsa
1695 1271 1940 1333 vastate,

274 1362 638 1419 mundantes
670 1362 909 1425 terram,
943 1362 1002 1412 et
1030 1356 1366 1412 habitantes
1397 1355 1456 1409 in
1497 1372 1586 1411 ea.
1622 1356 1735 1426 Ego
1782 1354 1940 1411 enim

272 1452 406 1508 dedi
446 1449 613 1506 vobis
648 1447 813 1503 illam
848 1447 906 1502 in
948 1445 1411 1518 possessionem,
1443 1461 1619 1515 quam
1670 1444 1940 1501 dividatis

271 1541 439 1597 vobis
488 1542 668 1595 sorte.
702 1536 978 1593 Pluribus
1028 1534 1250 1591 dabitis
1302 1532 1595 1601 latiorem,
1629 1538 1688 1589 et
1737 1534 1940 1605 paucis

273 1629 706 1702 augustiorem.
742 1624 1001 1696 Singulis
1034 1628 1101 1679 ut
1129 1640 1258 1679 sors
1290 1622 1583 1691 ceciderit,
1609 1622 1687 1677 ita
1717 1621 1938 1679 tribue-

272 1724 372 1775 tur
404 1717 740 1774 hereditas.
762 1720 864 1771 Per
884 1713 1077 1770 tribus
1099 1718 1156 1768 et
1187 1711 1439 1767 familias
1462 1710 1757 1784 possessio
1789 1710 1937 1766 divi-

272 1810 452 1865 detur
483 1808 567 1879 (h.
601 1811 707 1861 Per
737 1804 928 1859 tribus
959 1800 1307 1859 familiarum
1342 1809 1652 1856 vestrarum
1699 1800 1937 1857 haeredi-

272 1904 453 1953 talem
505 1893 802 1967 capietis.)
834 1891 935 1946 Sin
995 1894 1193 1947 autem
1250 1887 1556 1945 nolueritis
1612 1887 1939 1944 interﬁcere

272 1986 648 2043 habitatores
680 1989 845 2038 terra:
876 1979 961 2050 (h.
987 1997 1020 2035 a
1049 1978 1194 2036 facie
1221 1978 1435 2049 vestra)
1463 1994 1477 2033 :
1502 1976 1603 2048 qui
1635 1992 1938 2033 remanse-

270 2076 418 2142 rint,
452 2076 628 2130 erunt
654 2071 818 2128 vobis
848 2068 1017 2141 quasi
1047 2067 1191 2124 clavi
1222 2070 1281 2122 in
1315 2067 1521 2135 oculis,
1552 2070 1608 2121 et
1636 2064 1851 2121 lanceae
1876 2065 1935 2122 in

269 2163 589 2233 lateribus,
620 2164 677 2217 et
706 2158 1179 2216 adversabantur
1210 2156 1371 2212 vobis
1405 2156 1464 2210 in
1499 2160 1650 2211 terra
1700 2154 1935 2210 habita-

269 2253 457 2311 tionis
487 2257 712 2317 vestrse,
744 2252 801 2305 et
830 2246 1076 2320 quiquid
1120 2245 1237 2301 illis
1285 2245 1673 2317 cogitaveram
1723 2244 1932 2313 facere,

271 2344 446 2401 vobis
473 2341 707 2396 faciam.

340 2434 437 2503 (T.
470 2428 615 2499 XIX,
647 2429 710 2484 B.
744 2427 908 2493 LXX,
943 2425 1072 2497 Cap.
1104 2422 1393 2496 XXXIV.)
1422 2423 1803 2495 Locutusque
1843 2426 1934 2478 est

284 2520 588 2579 Dominus
620 2518 689 2574 ad
724 2517 947 2583 Mosen,
980 2514 1218 2571 dicens:
1252 2512 1503 2584 Prazcipe
1544 2512 1682 2567 ﬁliis
1729 2511 1927 2579 Israel,

270 2618 328 2669 et
358 2611 530 2666 dices
562 2608 635 2663 ad
667 2622 766 2662 eos
792 2624 804 2661 :
830 2606 973 2662 Cum
1005 2603 1254 2677 ingressi
1280 2602 1508 2658 fueritis
1530 2606 1745 2656 terram
1777 2600 1930 2656 Cha-

268 2717 454 2767 naan,
484 2702 544 2754 et
573 2696 632 2751 in
663 2695 1099 2769 possessionem
1131 2692 1293 2749 vobis
1326 2696 1483 2747 sorte
1512 2690 1805 2757 ceciderit,
1836 2690 1929 2746 his

265 2790 501 2845 ﬁnibus
524 2784 961 2843 terminabitur.
976 2784 1118 2839 Pars
1144 2781 1470 2838 meridiana
1487 2779 1729 2851 incipiet
1748 2796 1783 2835 a
1798 2779 1931 2835 soli-

265 2879 487 2935 tudine
508 2876 637 2942 Sin,
655 2891 782 2947 quae
804 2873 1076 2943 estjuxta
1097 2871 1299 2938 Edom,
1316 2873 1372 2925 et
1386 2868 1625 2924 habebit
1648 2867 1930 2924 terminos

268 2972 485 3025 contra
517 2964 801 3022 orientem
848 2977 1007 3019 mare
1054 2958 1479 3016 salsissimum.
1513 2956 1620 3022 Qui
1653 2955 1928 3012 circumi-

267 3058 427 3113 bunt
459 3051 779 3111 australem
812 3049 1046 3123 plagam
1076 3065 1181 3121 per
1210 3063 1522 3105 ascensum
1567 3046 1927 3118 Scorpionis,

268 3148 352 3203 ita
386 3150 460 3201 ut
493 3145 800 3201 transeant
828 3140 887 3195 in
920 3139 1126 3209 Sinna,
1149 3144 1206 3193 et
1235 3135 1577 3210 perveniant
1626 3152 1659 3191 a
1689 3134 1927 3190 Meridie

262 3252 465 3309 usque
497 3233 572 3289 ad
600 3229 1003 3288 Cades-Barne
1034 3228 1049 3261 ί
1076 3204 1635 3299 unde-egredientur
1674 3224 1926 3281 conﬁnia
1957 3204 2000 3274 C

260 3326 331 3381 ad
366 3323 581 3380 villam
634 3321 857 3375 nomine
888 3317 970 3389 (h.
997 3333 1111 3372 non
1162 3315 1358 3387 habet)
1392 3314 1569 3378 Adar,
1594 3317 1651 3369 et
1690 3312 1933 3369 tendent

264 3430 465 3487 usque
498 3410 571 3466 ad
605 3410 912 3465 Esemona.
938 3405 1171 3478 Ibitque
1194 3419 1290 3476 per
1316 3419 1525 3477 gyrum
1550 3402 1841 3458 terminus
1858 3403 1930 3457 ab

263 3508 577 3560 Bsemona
625 3513 813 3570 usque
861 3495 935 3552 ad
984 3497 1303 3550 torrentem
1352 3490 1604 3565 Egypti,
1648 3496 1705 3546 et
1752 3490 1935 3547 maris

270 3590 486 3665 Magni
520 3588 715 3644 littore
745 3585 1002 3640 ﬁnietur.
1035 3581 1211 3654 Plaga
1242 3584 1437 3637 autem
1488 3579 1869 3636 occidentalis
1900 3597 1935 3635 ο.

272 3681 435 3739 mari
470 3678 681 3748 Magno
712 3674 973 3746 incipiet,
1006 3676 1065 3728 et
1094 3672 1222 3744 ipso
1254 3670 1369 3726 ﬁne
1400 3669 1726 3725 claudatur.
1762 3669 1933 3725 Porro

268 3772 338 3828 ad
370 3762 907 3841 septentrionalem
941 3760 1174 3835 plagam
1206 3775 1239 3814 a
1270 3758 1417 3815 mari
1451 3758 1661 3829 Magno
1697 3756 1934 3814 termini

270 3858 571 3933 incipient
601 3853 1006 3928 pervenientes
1040 3865 1226 3922 usque
1256 3849 1325 3904 ad
1370 3852 1628 3903 montem
1679 3845 1933 3902 altisssi-

275 3966 444 4005 mum
480 3946 570 4019 (h.
606 3942 918 4011 montium)
951 3958 983 3997 a
1013 3957 1125 4010 quo
1155 3936 1387 3994 venient
1417 3937 1475 3992 in
1507 3937 1716 3992 Emath
1748 3952 1937 4007 usque

272 4040 345 4095 ad
382 4036 678 4094 terminos
704 4032 968 4089 Sedada:
1004 4030 1289 4099 ibuntque
1333 4025 1586 4083 conlinia
1632 4041 1817 4096 usque
1863 4026 1936 4080 ad

272 4127 617 4201 Zephrona,
635 4128 692 4178 et
722 4121 920 4177 villam
944 4120 1128 4175 Euan.
1152 4116 1222 4172 Hi
1248 4121 1413 4172 erant
1436 4114 1671 4172 termini
1694 4114 1753 4169 in
1774 4118 1938 4187 parte

272 4214 605 4289 aquilonis.
630 4212 770 4267 Inde
798 4208 1176 4266 metabuntur
1193 4207 1341 4261 ﬁnes
1370 4208 1570 4261 contra
1595 4203 1936 4260 orientalem

274 4307 525 4380 plagam
559 4304 634 4358 de
662 4299 801 4357 villa
853 4300 1017 4355 Enan
1054 4311 1240 4367 usque
1294 4295 1603 4368 Sephama,
1636 4297 1693 4348 et
1731 4294 1802 4348 de
1832 4292 1933 4349 Se-

274 4397 505 4470 phama
535 4390 893 4447 descendent
922 4386 1158 4443 termini
1194 4386 1251 4440 in
1284 4383 1461 4440 Rebla
1483 4387 1687 4439 contra
1714 4380 1935 4437 fontem

276 4486 357 4543 Da
372 4483 546 4558 phim
579 4481 601 4515 ²
624 4480 704 4551 (h.
730 4479 800 4534 ad
834 4476 1178 4547 orientem):
1211 4474 1344 4529 inde
1367 4472 1707 4545 pervenient
1736 4474 1939 4527 contra

2048 560 2227 621 sorte,
2249 559 2307 611 et
2336 572 2515 626 quam
2541 560 2726 630 jussit
2763 561 3041 621 Dominus
3071 566 3197 621 dari
3228 583 3374 623 nove
3404 568 3699 639 tribubus,

2049 647 2107 699 et
2135 643 2392 700 dimidim
2424 647 2625 703 tribui.
2651 649 2869 707 Tribus
2898 655 3058 710 enim
3082 653 3338 712 ﬁliorum
3360 656 3565 715 Ruben
3600 676 3702 731 per

2049 731 2306 789 familias
2337 738 2394 790 et
2420 742 2476 790 et
2503 737 2693 794 tribus
2741 738 2997 797 ﬁliorum
3047 743 3169 799 Gad
3193 745 3366 816 juxta
3417 747 3701 819 cognitio-

2051 838 2195 877 num
2227 839 2561 895 numerum,
2595 827 2787 883 media
2816 846 3051 903 quoque
3100 832 3295 890 tribus
3334 834 3614 903 Danasse,
3640 836 3697 892 id

2051 918 2159 978 est,
2194 911 2323 967 dum
2359 913 2540 970 semis
2591 915 2802 988 tribus,
2836 925 3190 990 acceperunt
3246 927 3471 993 partem
3531 941 3700 980 suam

2050 1004 2215 1056 trans
2244 1000 2563 1058 Jordanem
2595 1010 2798 1061 contra
2833 1008 2904 1062 ad
2936 1007 3169 1065 Jericho
3203 1010 3546 1068 orientalem
3578 1013 3702 1085 pla-

2050 1105 2208 1162 gam.
2232 1090 2301 1145 Et
2319 1091 2403 1146 ait
2431 1091 2720 1149 Dominus
2761 1112 2794 1150 a
2813 1096 2849 1150 d
2872 1095 3069 1151 Mosen
3096 1114 3108 1151 :
3134 1100 3221 1169 (B.
3246 1099 3428 1167 LXXI,
3447 1100 3507 1156 C.
3533 1102 3703 1171 XCI.)

2052 1178 2184 1235 Haec
2214 1183 2357 1235 sunt
2386 1181 2627 1237 nomina
2655 1180 2923 1239 virorum
2958 1185 3062 1256 qui
3092 1189 3313 1242 terram
3344 1188 3510 1244 vobis
3556 1190 3703 1245 divi-

2053 1269 2213 1336 dent,
2246 1268 2487 1325 Eleazar
2517 1272 2809 1341 sacerdos,
2836 1276 2893 1327 et
2912 1273 3092 1330 Josue
3124 1273 3283 1331 ﬁlius
3312 1276 3465 1343 Nun,
3498 1280 3555 1333 et
3582 1278 3701 1333 sin-

2052 1356 2175 1430 guli
2219 1357 2516 1429 principes
2547 1360 2618 1414 de
2648 1358 2926 1417 tribubus
2976 1363 3253 1435 singulis,
3289 1380 3538 1435 quorum
3588 1366 3705 1423 ista

2052 1450 2195 1501 sunt
2246 1447 2568 1503 vocabula:
2602 1449 2673 1503 de
2724 1449 2879 1505 tribu
2931 1450 3105 1519 Juda,
3138 1451 3354 1509 Chaleb
3402 1454 3560 1510 ﬁlius
3604 1455 3701 1511 Je-

2052 1534 2302 1607 phonne.
2339 1536 2420 1592 De
2447 1536 2606 1592 tribu
2665 1538 2922 1606 Simeon,
2949 1540 3185 1596 Samuel
3247 1540 3403 1598 ﬁlius
3457 1543 3697 1599 Amiud.

2051 1629 2130 1679 De
2163 1624 2320 1680 tribu
2352 1624 2682 1697 Benjamin,
2710 1626 2913 1683 Elidad
2938 1627 3096 1685 ﬁlius
3122 1628 3412 1686 Chiselon.
3437 1631 3518 1686 De
3540 1632 3694 1688 tribu

2050 1712 2309 1769 ﬁliorum
2352 1717 2496 1781 Dan,
2527 1716 2697 1771 Bocci
2731 1715 2886 1771 ﬁlius
2938 1716 3089 1787 Jogli
3121 1718 3203 1787 (h.
3236 1719 3355 1775 dux
3384 1719 3571 1777 Bocci.
3604 1721 3699 1777 Sic

2052 1802 2123 1857 ab
2155 1801 2290 1857 hinc
2321 1818 2423 1872 per
2470 1802 2734 1875 singulas
2768 1804 3002 1876 tribus).
3037 1806 3314 1863 Filiorum
3361 1808 3579 1881 Joseph
3627 1810 3699 1865 de

2048 1890 2206 1946 tribu
2266 1890 2559 1961 Manasse,
2610 1893 2855 1949 Hanniel
2907 1894 3065 1951 ﬁlius
3124 1894 3349 1967 Ephod.
3404 1896 3485 1952 De
3543 1896 3696 1952 tribu

2044 1978 2350 2051 Ephraim,
2372 1981 2609 2037 Camuel
2639 1981 2800 2039 ﬁlius
2827 1983 3235 2055 Sephthan.De
3261 1984 3415 2040 tribu
3436 1985 3691 2042 Zabulon

2044 2066 2384 2139 Elisapham
2416 2068 2603 2124 ﬁlium
2630 2070 2955 2127 Pharnach.
2980 2073 3059 2127 De
3090 2073 3245 2129 tribu
3269 2074 3557 2145 Issachar,
3582 2075 3697 2129 dux

2043 2156 2292 2213 Phaltiel
2326 2158 2486 2214 ﬁlius
2532 2163 2714 2216 Azan.
2747 2160 2828 2217 De
2885 2161 3041 2217 tribu
3100 2163 3267 2229 Aser,
3296 2164 3482 2219 Ahiud
3538 2164 3697 2219 ﬁlius

2042 2245 2278 2303 Salomi.
2301 2246 2380 2303 De
2405 2246 2558 2303 tribu
2584 2248 2922 2321 Nephthali,
2947 2250 3200 2307 Phedael
3222 2251 3378 2309 ﬁlius
3400 2253 3689 2309 Ammiud.

2043 2334 2110 2389 Hi
2143 2340 2303 2404 sunt,
2337 2336 2557 2407 quibus
2604 2340 2879 2411 praecepit
2927 2340 3209 2396 Dominus
3266 2346 3326 2397 ut
3352 2341 3693 2414 [dividerent

2042 2424 2179 2481 ﬁliis
2219 2425 2400 2482 Israel
2433 2431 2649 2482 terram
2678 2426 2979 2485 Chanaan.

2111 2514 2193 2585 (C.
2228 2514 2399 2583 XCII,
2436 2514 2567 2587 Cap.
2599 2516 2834 2588 XXXV.)
2867 2523 2998 2573 Haec
3029 2534 3264 2591 quoque
3312 2519 3543 2577 locutus
3589 2525 3680 2577 est

2040 2601 2326 2659 Dominus
2358 2604 2428 2659 ad
2464 2604 2662 2660 Mosen
2694 2606 2781 2675 (h.
2812 2611 2885 2662 Et
2907 2607 3140 2663 locutus
3170 2613 3262 2663 est
3293 2609 3573 2664 Dominus
3604 2610 3675 2665 ad

2049 2692 2276 2762 Mosen)
2306 2692 2364 2747 in
2398 2693 2831 2765 campestribus
2887 2694 3056 2751 Moab
3110 2713 3289 2768 super
3340 2698 3679 2767 Jordanem,

2038 2785 2241 2837 contra
2260 2781 2494 2837 Jericho
2519 2799 2532 2837 :
2563 2782 2817 2853 Praecipe
2838 2783 2974 2840 ﬁliis
3000 2785 3177 2841 Israel
3212 2789 3274 2840 ut
3296 2786 3438 2841 dent
3467 2787 3683 2843 Levitis

2038 2870 2110 2926 de
2140 2871 2616 2942 possessionibus
2667 2872 2792 2928 suis
2842 2874 3015 2929 urbes
3069 2875 3139 2929 ad
3186 2873 3598 2942 habitandum,
3626 2880 3685 2931 et

2038 2959 2379 3015 suburbana
2408 2976 2608 3015 earum
2639 2977 2742 3031 per
2762 2961 3107 3017 circuitum:
3133 2968 3198 3018 ut
3220 2963 3333 3035 ipsi
3355 2963 3413 3018 in
3451 2964 3681 3035 oppidis

2038 3052 2336 3119 maneant,
2360 3054 2415 3104 et
2440 3049 2783 3106 suburbana
2803 3051 2922 3106 sint
2943 3051 3255 3123 pecoribus
3275 3068 3342 3108 ac
3356 3052 3677 3123 jumentis:

2038 3152 2164 3209 quae
2195 3155 2229 3192 a
2260 3137 2446 3193 muris
2477 3138 2781 3194 civitatum
2816 3139 3163 3207 forinsecus,
3198 3157 3295 3210 per
3345 3140 3682 3207 circuitum,

2040 3224 2199 3281 mille
2252 3242 2535 3297 passuum
2566 3228 2757 3299 spatio
2782 3228 3115 3285 tendantur.
3149 3232 3359 3285 Contra
3400 3230 3684 3285 orientem

2038 3314 2154 3370 duo
2188 3314 2372 3371 millia
2400 3321 2573 3371 erunt
2593 3316 2796 3382 cubiti,
2818 3322 2875 3373 et
2904 3322 3107 3374 contra
3137 3318 3438 3375 meridiem
3472 3318 3686 3375 simili-

2039 3407 2126 3459 ter
2168 3405 2285 3459 duo
2342 3404 2673 3462 milliazad
2730 3423 2890 3462 mare
2947 3423 3199 3479 quoque,
3233 3409 3387 3480 quod
3446 3407 3685 3480 respicit

2038 3492 2434 3564 Occidentem,
2468 3494 2672 3550 eadem
2704 3512 2982 3552 mensura
3011 3497 3141 3562 erit,
3172 3501 3231 3552 et
3260 3496 3684 3568 septentriona-

2040 3581 2112 3637 lis
2143 3582 2314 3654 plaga
2344 3582 2554 3654 equali
2585 3585 2834 3640 termino
2868 3584 3128 3640 ﬁnietur.
3161 3585 3461 3656 Erantque
3510 3585 3683 3641 urbes

2041 3671 2100 3726 in
2135 3672 2349 3738 medio,
2373 3680 2431 3727 et
2462 3672 2604 3728 foris
2634 3674 2995 3729 suburbana.
3016 3674 3096 3742 (B.
3117 3674 3398 3745 LXXIII.)
3422 3674 3501 3730 De
3538 3674 3684 3745 ipsis

2043 3764 2239 3817 autem
2288 3760 2541 3833 oppidis,
2575 3778 2699 3833 qum
2744 3762 2956 3817 Levitis
3002 3762 3241 3833 dabitis,
3273 3780 3373 3818 sex
3420 3762 3683 3818 eruntin

2044 3850 2420 3920 fugitivorum
2453 3850 2667 3906 auxilia
2698 3857 2989 3922 separata,
3023 3857 3086 3906 ut
3116 3852 3302 3923 fugiat
3347 3852 3418 3907 ad
3468 3867 3536 3907 ea
3584 3850 3685 3921 qui

2044 3939 2262 3996 fuderit
2279 3940 2629 4011 sanguinem
2651 3957 2663 3995 :
2685 3945 2743 3995 et
2759 3940 3016 4012 exceptis
3037 3939 3152 4005 his,
3170 3940 3283 3996 alia
3304 3938 3687 4012 quadraginta

2044 4029 2161 4084 duo
2190 4027 2424 4099 Oppida,
2458 4029 2514 4083 id
2560 4032 2666 4098 est,
2699 4028 2878 4084 simul
2928 4028 3319 4100 quadraginta
3374 4032 3502 4083 octo
3551 4044 3685 4083 cum

2045 4117 2402 4174 suburbanis
2433 4117 2578 4173 suis.
2616 4120 2878 4188 Ipsaaque
2911 4118 3108 4182 urbes,
3132 4133 3259 4188 quas
3291 4116 3589 4172 dabuntur
3617 4117 3687 4172 de

2044 4204 2523 4279 possessionibus
2555 4204 2810 4261 ﬁliorum
2842 4205 3133 4273 Israel,ab
3165 4206 3257 4261 his
3288 4206 3388 4277 qui
3418 4205 3551 4277 plus
3580 4205 3685 4260 ha-

2044 4295 2205 4363 bent,
2236 4294 2433 4367 plures
2463 4293 2839 4350 auferentur:
2873 4300 2928 4350 et
2957 4295 3058 4365 qui
3104 4294 3328 4362 minus,
3358 4293 3682 4366 pauciores.

2041 4382 2270 4457 Singuli
2294 4385 2467 4454 juxta
2498 4399 2837 4439 mensuram
2892 4383 3252 4440 hereditatis
3297 4400 3417 4439 suis
3465 4383 3687 4438 dabunt

2044 4472 2260 4545 oppida
2292 4472 2524 4529 Levitis.
2562 4475 2643 4542 (Τ.
2678 4471 2793 4540 XX,
2823 4472 2886 4527 B.
2922 4472 3141 4542 XCIII.)
3171 4471 3264 4527 Ait
3298 4471 3579 4527 Dominus
3610 4472 3679 4526 ad

279 4574 593 4631 Orientem
626 4586 659 4624 a
692 4582 850 4623 mare
881 4563 1229 4635 Chenereth,
1252 4567 1309 4619 et
1341 4563 1585 4619 tendent
1638 4577 1823 4631 usque
1862 4563 1934 4617 ad
1971 4580 2015 4643 ί)
2048 4565 2287 4619 Mosen:
2326 4562 2581 4633 Loquere
2639 4560 2777 4617 ﬁliis
2834 4561 3041 4632 Israel,
3086 4566 3143 4617 et
3201 4562 3361 4616 dices
3416 4561 3489 4616 ad
3546 4576 3679 4616 eos:

275 4663 637 4725 Iordanem,
667 4660 724 4713 et
772 4656 845 4712 ad
904 4652 1175 4710 ultimam
1232 4651 1559 4708 salsissime
1590 4648 1940 4707 claudentur

281 4752 461 4809 mari.
500 4749 662 4804 Hanc
692 4743 987 4802 habebitis
1022 4746 1234 4799 terram
1267 4758 1369 4813 per
1399 4740 1545 4796 ﬁnes
1578 4755 1716 4796 suos
1744 4738 1803 4794 in
1836 4740 1940 4793 cir-

280 4840 483 4899 cuitu.
516 4836 605 4910 (C.
636 4834 779 4907 XC.)
812 4831 1206 4905 Praecepitque
1232 4830 1421 4887 Moses
1454 4828 1589 4885 ﬁliis
1623 4826 1820 4897 Israel,
1848 4826 1937 4883 di-

355 5114 371 5146 ί
411 5111 540 5163 Hoc
572 5104 746 5160 modo
779 5101 993 5172 legitur
1022 5116 1091 5155 ex
1118 5098 1385 5172 Hebraeo
1408 5100 1599 5172 textu
1623 5095 1937 5172 hodierno:

284 5198 442 5237 mss.
480 5181 677 5231 autem
709 5168 914 5230 omn'es
944 5176 1077 5242 post
1112 5169 1497 5242 Septuaginta
1553 5168 1656 5242 sic»
1694 5169 1894 5239 legunt
1927 5186 1941 5224 :

282 5258 333 5308 σε
369 5250 710 5321 perveniant
768 5247 829 5299 in
871 5240 1153 5300 Hei-{diem
1190 5240 1361 5311 usque
1412 5241 1483 5296 ad
1539 5240 1940 5295 Cades-Barne.

287 5324 493 5379 MART.

358 5425 435 5435 -—-
472 5388 716 5447 Palatia.
754 5404 889 5442 ms.:
925 5388 985 5441 In
1030 5384 1210 5440 Senna
1239 5393 1292 5440 et

280 5466 441 5521 diem
499 5478 691 5531 usque.
722 5467 832 5515 etc.
868 5458 1141 5525 Urbinas,
1188 5460 1253 5512 In

285 5542 459 5593 niam
481 5536 552 5589 ad
586 5532 977 5607 meridianum,
1008 5544 1198 5599 usque,
1231 5533 1340 5607 etc:
1428 5599 1440 5607 _
1471 5597 1481 5607 ι
1624 5600 1633 5607 _
1677 5596 1689 5607 ,
1841 5599 1849 5607 ι
1931 5596 1941 5605 θ

361 5610 385 5643 ²
423 5607 705 5678 Hebr-anus
734 5620 850 5678 non
882 5600 1064 5678 habet,
1084 5599 1560 5678 vocequphim,
1585 5600 1643 5652 et
1675 5599 1734 5652 in
1766 5599 1943 5678 veteri

291 5697 410 5739 ms.
450 5676 649 5736 codice
679 5675 880 5733 Latino
910 5672 1177 5732 additum
1237 5669 1382 5730 illud
1440 5670 1682 5729 verbum
1732 5669 1941 5741 reperi.

1358 5382 1645 5439 erveniant
1676 5381 1695 5435 ἱ
1700 5400 1735 5436 η
1774 5382 1943 5439 Meri-

1348 5470 1597 5519 cmnam,
1647 5464 1699 5510 et
1751 5469 1946 5525 perve-

2052 4652 2293 4717 Quando
2324 4649 2680 4723 transgressi
2710 4649 2939 4707 fueritis
2995 4650 3313 4709 Jordanem
3359 4649 3419 4706 in
3470 4653 3683 4705 terram

2048 4741 2343 4811 Chanaan,
2376 4739 2671 4795 decernite
2726 4755 2854 4809 quis
2912 4738 3087 4796 urbes
3143 4754 3273 4796 esse
3348 4739 3597 4795 debeant
3626 4737 3687 4791 in

2050 4830 2323 4902 prasidia
2346 4830 2727 4903 fugitivorum
2748 4829 2850 4902 qui
2873 4829 3141 4887 nolentes
3161 4830 3508 4903 sanguinem
3532 4828 3691 4884 fude-

2054 5100 2296 5155 Frustra
2316 5096 2493 5152 etiam
2513 5095 2656 5151 illud
2681 5094 3172 5167 requisivimusin
3195 5095 3361 5153 libris
3379 5095 3693 5153 Nominum

2051 5174 2107 5227 et
2138 5171 2420 5248 Locorum
2455 5167 2892 5248 Hebraicorum.
2924 5167 3148 5248 Μέμνησ-
3532 5235 3544 5248 ⁸

2124 5272 2191 5281 ——-
2210 5241 2263 5295 M
2281 5239 2404 5294 ilim
2425 5240 2496 5294 ad
2516 5238 2817 5295 Urbinatis
2838 5238 3055 5295 codicis
3073 5239 3249 5294 ﬁdem
3294 5238 3567 5308 expungi
3599 5252 3697 5291 no-

2057 5328 2187 5389 men
2226 5312 2478 5389 lluphim,
2505 5316 2605 5365 aut
2636 5310 2913 5389 Πᾳνὴνέη,
2947 5311 3103 5381 quod
3132 5306 3451 5389 praeferunt
3478 5306 3693 5389 vulgati

2055 5384 2207 5438 libri.
2234 5383 2453 5454 Nempe
2485 5399 2673 5454 neque
2703 5382 2763 5437 in
2796 5382 3033 5437 Hebraeo
3060 5382 3536 5454 est,_neque_quis
3570 5382 3695 5454 fue-

2056 5456 2128 5509 rit
2159 5456 2322 5510 Iocus
2351 5450 2483 5523 iste,
2504 5450 2730 5509 deliniri
2764 5458 2972 5525 potest.
2997 5454 3065 5507 Et
3086 5451 3185 5525 qui
3217 5455 3346 5525 post
3373 5450 3693 5525 'I‘argumin

2055 5528 2127 5582 de
2159 5528 2314 5581 fonte
2344 5520 2571 5596 Daphni
2599 5542 2710 5581 non
2743 5520 2937 5596 procul
2963 5525 3035 5578 ab
3054 5520 3357 5596 Antiochia
3379 5520 3491 5576 dici
3514 5521 3696 5579 inter-

2055 5602 2379 5671 pretantur,
2414 5594 2634 5654 nemini
2667 5594 2834 5653 facile
2865 5594 3276 5667 persuadeant.
