4068 6172
306 341 415 399 439

1353 343 1412 395 Β.
1453 336 1861 392 HIERONYMI
1899 331 2155 388 DIVINA
2189 327 2681 384 BIBLIOTHECA.

3612 329 3719 386 440

307 472 459 528 rint:
492 470 553 527 in
582 468 795 542 quibus
826 481 960 525 cum
986 466 1163 523 fuerit
1204 466 1511 539 profugus,
1543 464 1831 536 cognatus
1860 475 1956 516 oc-
1986 457 2041 525 Α
2072 460 2129 513 et
2160 455 2387 529 profugi
2419 459 2553 511 ante
2584 460 2834 513 mortem
2893 457 3187 531 pontiﬁcis
3244 456 3409 514 nullo
3461 457 3635 515 modo
3660 457 3719 512 in

314 560 421 617 cisi
452 576 587 616 eum
618 576 734 614 non
766 555 982 630 poterit
1011 555 1301 622 occidere,
1332 557 1518 610 donec
1550 556 1667 608 stet
1714 552 1773 605 in
1826 565 1962 605 con-

318 652 521 721 spectu
554 644 973 709 multitudinis,
998 649 1056 700 et
1079 661 1259 701 causa
1281 644 1442 700 illius
1467 640 1864 713 judicetur(h.
1891 639 1964 694 ad

313 736 652 809 judicium).
682 739 765 789 De
794 732 941 805 ipsis
971 738 1167 789 autem
1201 733 1468 798 urbibus,
1506 748 1634 803 quae
1667 730 1739 785 ad
1772 727 1968 800 fugiti-

312 841 518 882 vorum
552 822 817 880 subsidia
837 827 1207 895 separantur,
1230 825 1349 879 tres
1380 818 1962 878 erunttransJorda-

316 931 450 971 nem
481 917 539 969 et
590 917 709 969 tres
766 916 939 968 erunt
997 912 1055 967 in
1108 916 1265 968 terra
1320 911 1618 978 Chanaan,
1648 913 1767 964 tam
1829 906 1967 962 ﬁliis

318 1002 496 1061 Israel
526 1018 701 1074 quam
733 1000 976 1059 advenis
997 1005 1172 1072 atque
1204 999 1551 1073 peregrinis,
1574 1002 1640 1054 ut
1669 996 1969 1068 confugiat

314 1092 387 1149 ad
418 1108 516 1148 eas
548 1091 648 1163 qui
680 1090 887 1147 nolens
918 1090 1270 1161 sanguinem
1302 1090 1538 1145 fuderit.
1562 1088 1617 1142 Si
1653 1088 1785 1158 quis
1816 1087 1966 1141 ferro

313 1181 398 1253 (h.
423 1181 482 1237 Si
515 1179 650 1253 quis
677 1196 812 1235 vase
842 1178 1003 1250 ferri)
1036 1178 1393 1251 percusserit
1415 1182 1470 1233 et
1505 1181 1774 1233 mortuus
1792 1174 1969 1230 fuerit

314 1269 415 1342 qui
450 1285 765 1341 percussus
794 1271 884 1324 est
911 1285 924 1324 :
954 1283 1090 1324 reus
1121 1268 1230 1324 erit
1258 1267 1585 1336 homicidii,
1608 1270 1665 1322 et
1685 1266 1812 1337 ipse
1844 1281 1967 1320 mo-

314 1359 519 1415 rietur.
550 1358 608 1413 Si
637 1358 893 1429 lapidem
916 1357 1149 1427 jecerit,
1185 1361 1243 1412 et
1272 1358 1426 1413 ictus
1478 1354 1854 1412 occubuerit:
1887 1354 1970 1409 si-

317 1446 537 1504 militer
567 1446 863 1519 punietur.
898 1446 979 1518 (h.
1004 1445 1063 1501 Si
1093 1446 1352 1518 lapidem
1382 1445 1699 1501 incusserit
1721 1449 1779 1499 et
1810 1460 1967 1499 mor-

318 1546 443 1595 luu:
471 1537 643 1607 fuerit
668 1536 765 1608 qui
799 1551 1113 1608 percussus
1168 1539 1260 1591 est
1314 1534 1636 1607 lapisque...
1674 1534 1968 1606 magnitu-

320 1626 543 1683 dinis...
576 1626 704 1696 ejus
734 1641 938 1697 mag...
958 1624 1268 1691 interierit,
1290 1639 1597 1695 percussor
1626 1628 1812 1678 morte
1844 1639 1967 1679 mo-

324 1716 577 1772 rietur...
597 1714 741 1771 serit
770 1714 927 1785 quod
957 1713 1295 1770 tantaennis
1326 1718 1390 1769 ut
1422 1714 1494 1769 ad
1516 1712 1814 1769 aestima...
1842 1712 1969 1780 ejus

323 1804 656 1877 magnitud.
690 1803 821 1872 erit,
853 1820 1165 1901 percussor
1221 1803 1279 1857 h.
1336 1802 1656 1901 morietur).
1692 1801 1769 1898 Si
1808 1800 1969 1901 ligno
1999 1835 2048 1901 B

324 1909 641 1966 percussus
668 1891 993 1947 interierit:
1019 1891 1385 1963 percussoris
1413 1891 1700 1963 sanguine
1720 1889 1971 1945 vindica-

321 1982 618 2055 bitur.(C.
664 1981 887 2053 XCIV.)
947 1981 1321 2052 Propinquus
1380 1979 1559 2035 occisi
1620 1979 1970 2035 homicidam

320 2071 632 2127 interﬁciat
660 2086 673 2124 :
705 2069 906 2125 statim
950 2072 1017 2124 ut
1066 2068 1518 2141 apprehenderit
1564 2085 1699 2124 eum
1747 2068 1975 2124 interﬁ-

324 2160 457 2216 ciet.
484 2159 542 2214 Si
598 2174 700 2232 per
729 2159 932 2215 odium
993 2156 1127 2229 quis
1182 2157 1481 2213 hominem
1534 2157 1854 2229 impulerit,
1884 2157 1972 2213 vel

313 2248 527 2321 jecerit
555 2246 859 2319 quippiam
891 2246 952 2301 in
985 2262 1119 2302 eum
1152 2262 1254 2318 per
1276 2246 1522 2302 insidias
1553 2254 1688 2302 :aut
1717 2263 1851 2302 cum
1882 2262 1974 2302 es-

323 2342 415 2394 set
435 2336 734 2403 inimicus,
757 2352 938 2392 manu
961 2336 1338 2406 percusserit,
1362 2339 1417 2390 et
1434 2334 1531 2391 ille
1554 2340 1823 2391 mortuus
1847 2336 1974 2391 fue-

330 2426 409 2482 rit
434 2443 447 2493 ;
472 2440 804 2498 percussor,
828 2423 1129 2481 homicidii
1159 2440 1294 2480 reus
1320 2425 1450 2480 erit.
1483 2426 1779 2496 Cognatus
1800 2424 1975 2481 occisi

331 2514 537 2572 statim
571 2518 638 2569 ut
665 2513 953 2569 invenerit
981 2512 1457 2585 eum,jugulabit.
1488 2513 1570 2583 (C.
1598 2512 1790 2585 XCV.)
1812 2514 1976 2579 Quod

329 2603 382 2661 si
414 2603 689 2671 fortuitu,
722 2602 947 2674 absque
976 2602 1109 2658 odio
1162 2606 1222 2657 et
1268 2601 1616 2670 inimicitiis,
1649 2601 1973 2673 quidquam

328 2692 542 2750 horum
572 2690 793 2757 fecerit,
825 2696 883 2748 st
914 2691 1041 2761 hoc,
1070 2692 1343 2747 audiente
1370 2690 1585 2763 populo
1618 2690 1794 2747 fuerit
1823 2707 1978 2745 com-

337 2783 674 2855 probatum,
696 2785 875 2854 atque
898 2780 1053 2836 inter
1072 2796 1476 2852 percussorem
1501 2784 1559 2836 et
1578 2781 1975 2852 propinquum

340 2871 650 2945 sanguinis
680 2870 926 2942 quastio
954 2868 1235 2925 ventilata
1260 2885 1273 2925 :
1306 2868 1656 2925 liberabitur
1696 2868 1979 2925 innocens

330 2962 404 3019 de
431 2960 641 3018 ultoris
668 2975 872 3025 manu,
904 2962 961 3014 et
1004 2958 1315 3013 reducetur
1371 2974 1474 3030 per
1506 2957 1858 3014 sententiam
1917 2958 1977 3014 in

331 3050 560 3118 urbem,
591 3049 661 3105 ad
704 3064 882 3121 quam
916 3047 1281 3119 confugerat,
1315 3047 1690 3119 manebitque
1740 3046 1841 3119 ibi,
1873 3048 1980 3103 do-

339 3155 445 3195 nec
473 3138 748 3195 sacerdos
777 3152 1052 3209 magnus,
1085 3135 1188 3207 qui
1220 3135 1344 3192 oleo
1376 3140 1578 3192 sancto
1626 3140 1838 3193 unctus
1868 3140 1980 3207 est,

2071 546 2246 601 urbes
2288 562 2426 601 snas
2486 546 2695 602 reverti
2754 550 3112 618 potuerunt:
3147 547 3225 617 (h.
3261 548 3400 620 quia
3426 549 3715 603 morietur.

2071 639 2198 693 Non
2228 634 2525 706 accipietis
2556 636 2804 708 pretium
2832 636 2901 692 ab
2938 637 3219 692 exsulibus
3249 640 3307 693 et
3336 636 3621 708 profugis,
3658 640 3722 691 ut

2073 729 2207 780 ante
2239 728 2487 779 mortem
2517 725 2795 796 pontiﬁcis
2849 726 2908 780 in
2970 726 3145 782 urbes
3201 730 3585 782 revertantur.
3618 726 3726 797 Ne)

2074 812 2353 885 polluatis
2371 817 2584 869 terram
2605 814 2983 871 habitationis
3000 820 3228 885 vestras,
3250 832 3378 888 quze
3395 814 3722 871 insontium

2074 919 2304 969 cruore,
2336 902 2673 959 maculatur
2702 920 2806 960 nec
2856 904 3026 961 aliter
3084 904 3304 978 expiari
3362 908 3573 976 potest,
3608 904 3722 960 nisi

2076 1008 2180 1064 per
2209 993 2339 1063 ejus
2372 993 2745 1065 sanguinem,
2778 995 2875 1065 qui
2908 994 3148 1050 alterius
3180 994 3526 1066 sanguinem
3558 994 3724 1050 fude-

2076 1081 2172 1137 rit.
2208 1086 2393 1152 Atque
2439 1082 2521 1137 ita
2569 1084 2989 1139 emundabitur
3032 1087 3230 1139 vestra
3280 1084 3598 1155 possessio,
3630 1100 3724 1139 me

2076 1178 2476 1227 commorante
2523 1172 2849 1229 vobiscum.
2883 1173 3000 1244 Ego
3032 1173 3189 1230 enim
3238 1189 3372 1230 sum
3421 1173 3723 1240 Dominus,

2076 1262 2177 1334 qui
2209 1262 2407 1319 habito
2439 1263 2591 1320 inter
2621 1264 2771 1319 ﬁlios
2804 1264 3003 1321 Israel.

2147 1352 2230 1423 (C.
2267 1351 2513 1407 LXXIV.
2546 1353 2607 1408 C.
2639 1352 2829 1424 XCVI,
2864 1354 2997 1425 Cap.
3020 1352 3307 1425 XXXVI.)
3336 1355 3728 1412 Accesserunt

2078 1445 2271 1496 autem
2306 1441 2604 1514 principes
2634 1442 2991 1499 familiarum
3045 1443 3265 1500 Galaad
3311 1443 3415 1499 ﬁlii
3447 1444 3725 1512 Macchir,

2077 1529 2183 1584 ﬁlii
2214 1530 2479 1586 Manasse
2512 1532 2581 1587 de
2611 1532 2796 1603 stirpe
2826 1530 3082 1589 ﬁliorum
3114 1533 3195 1595 (h.
3230 1532 3527 1606 Principes
3562 1534 3729 1589 fami-

2077 1618 2289 1675 liarum
2309 1620 2656 1691 cognatione
2676 1620 2957 1693 ﬁliorum)
2980 1621 3199 1694 Josepb
3230 1640 3242 1678 :
3269 1621 3565 1694 locutique
3587 1629 3729 1679 sunt

2079 1708 2225 1764 Mosi
2256 1725 2451 1764 coram
2512 1709 2873 1781 principibus
2934 1710 3135 1781 Israel,
3168 1714 3344 1783 atque
3402 1710 3725 1768 dixerunt:

2077 1797 2203 1853 Tibi
2235 1798 2470 1853 domino
2503 1800 2700 1854 nostro
2749 1799 3021 1871 praecepit
3068 1800 3375 1869 Dominus,
3399 1805 3463 1856 ut
3510 1808 3726 1856 terram

2080 1891 2234 1943 sorte
2264 1886 2553 1943 divideres
2586 1887 2723 1943 ﬁliis
2751 1888 2951 1959 Israel,
2983 1892 3040 1944 et
3072 1893 3133 1945 ut
3163 1890 3399 1946 ﬁliabus
3431 1888 3726 1962 Salphaad

2080 1976 2277 2032 fratris
2309 1976 2492 2031 nostri
2522 1978 2692 2033 dares
2722 1979 3157 2049 possessionem
3213 1979 3472 2035 debitam
3532 1978 3682 2051 patri
3712 1996 3728 2034 :

2081 2082 2228 2137 quas
2255 2064 2302 2120 si
2336 2065 2573 2121 alierius
2605 2067 2798 2122 tribus
2831 2067 3104 2123 homines
3137 2084 3346 2124 uxores
3377 2068 3730 2141 acceperint,

2082 2160 2360 2226 sequetur
2390 2155 2686 2226 possessio
2716 2172 2841 2226 sua,
2874 2161 2930 2212 et
2961 2157 3247 2213 translata
3278 2159 3348 2212 ad
3400 2157 3575 2213 aliam
3627 2157 3731 2213 tri-

2082 2244 2247 2309 bum,
2267 2245 2340 2299 de
2372 2248 2573 2299 nostra
2595 2244 2932 2302 haereditate
2953 2246 3278 2302 minuetur.
3298 2250 3488 2317 Atque
3507 2246 3588 2302 ita
3609 2245 3732 2312 ﬁet,

2083 2337 2149 2389 ut
2171 2349 2304 2388 cum
2323 2332 2620 2403 jubilaaus,
2639 2333 2695 2388 id
2718 2340 2826 2402 est,
2852 2334 3380 2408 quinquagesimus
3402 2352 3594 2391 annus
3633 2352 3723 2391 re-

2083 2422 2385 2479 missionis
2411 2423 2727 2492 advenerit,
2747 2425 3143 2481 confundatur
3170 2425 3419 2482 sortium
3451 2424 3733 2481 distribu-

2082 2513 2185 2581 tio,
2219 2516 2276 2567 et
2306 2512 2554 2568 aliorum
2589 2513 2882 2584 possessio
2913 2515 2985 2570 ad
3018 2514 3163 2571 alios
3191 2514 3736 2585 transeat.Respon-

2085 2602 2171 2657 dit
2202 2601 2390 2658 Moses
2422 2602 2559 2658 ﬁliis
2591 2602 2789 2674 Israel,
2824 2607 2880 2659 et
2909 2603 3161 2660 Domino
3193 2603 3587 2677 praecipiente,
3620 2603 3736 2659 ait:

2087 2692 2261 2747 Recte
2293 2692 2480 2746 tribus
2512 2690 2769 2747 ﬁliorum
2800 2692 3017 2765 Josepb
3045 2692 3241 2749 locuta
3269 2697 3375 2749 est.
3400 2697 3467 2748 Et
3495 2692 3617 2749 haec
3648 2693 3742 2749 lex

2086 2795 2267 2852 super
2292 2780 2526 2837 ﬁliabus
2557 2780 2845 2853 Salphaad
2870 2800 2901 2837 a
2928 2782 3174 2839 Domino
3206 2781 3579 2855 promulgata
3606 2787 3698 2838 est
3721 2800 3735 2838 :

2087 2870 2322 2927 Nubant
2351 2869 2567 2942 quibus
2598 2870 2822 2939 volunt,
2844 2875 3073 2927 tantum
3100 2876 3164 2926 ut
3186 2888 3303 2927 suae
3325 2871 3515 2927 tribus
3540 2870 3740 2927 homi-

2090 2959 2298 3015 nibus:
2334 2975 2405 3015 ne
2431 2960 2888 3016 commisceatur
2917 2962 3215 3033 possessio
3250 2960 3509 3017 ﬁliorum
3562 2959 3738 3017 Israel

2090 3050 2161 3105 de
2190 3048 2347 3104 tribu
2380 3049 2437 3104 in
2469 3048 2712 3119 tribum,
2738 3050 2956 3106 Omnes
2981 3050 3140 3106 enim
3161 3049 3267 3106 viri
3290 3050 3505 3106 ducent
3526 3065 3739 3105 uxores

2091 3138 2163 3194 de
2192 3137 2349 3193 tribu
2383 3144 2440 3194 et
2469 3139 2819 3210 cognatione
2851 3156 2981 3196 sua:
3012 3143 3069 3195 et
3098 3143 3322 3195 cunctae
3356 3138 3586 3196 feminas
3618 3154 3739 3194 ma-

339 3228 648 3284 moriatur.
679 3228 733 3282 Si
777 3205 1119 3283 interfector
1168 3230 1328 3281 extra
1385 3226 1531 3282 ﬁnes
1561 3226 1817 3297 urbium,
1852 3205 1979 3297 quae
2009 3205 2052 3273 C
2092 3226 2235 3283 ritos
2269 3228 2338 3283 de
2359 3205 2569 3283 eadem
2586 3228 2741 3283 tribu
2762 3228 3070 3301 accipient,
3092 3233 3156 3284 ut
3173 3228 3481 3285 haereditas
3502 3243 3737 3301 perma-

336 3316 640 3373 exsulibus
670 3317 963 3389 deputatae
992 3318 1151 3386 sunt,
1185 3314 1360 3371 fuerit
1415 3315 1712 3383 inventus,
1744 3320 1799 3372 et
1848 3332 1978 3387 per-

335 3422 547 3462 cussus
577 3405 650 3461 ab
679 3420 767 3471 eo,
792 3404 891 3475 qui
919 3404 1075 3460 ultor
1093 3413 1178 3460 est
1198 3403 1507 3477 sanguinis
1532 3419 1545 3459 :
1572 3404 1794 3476 absque
1824 3421 1975 3461 noxa

334 3494 448 3549 erit
498 3494 599 3565 qui
629 3508 763 3550 eum
806 3492 1098 3550 occiderit.
1136 3493 1422 3549 Debuerat
1478 3493 1635 3549 enim
1693 3495 1977 3567 profugus

339 3599 526 3655 usque
556 3583 625 3638 ad
661 3586 907 3638 mortem
940 3582 1234 3655 pontiﬁcis
1255 3582 1315 3637 in
1344 3582 1486 3639 urbe
1517 3583 1791 3640 residere.
1811 3588 1980 3640 Post-

338 3687 517 3743 quam
535 3674 730 3727 autem
755 3670 853 3727 ille
878 3671 1106 3740 obierit,
1131 3671 1428 3727 homicida
1450 3675 1770 3728 revertetur
1788 3672 1849 3728 in
1871 3677 1981 3729 ter-

336 3776 463 3816 ram
495 3776 687 3817 suam.
722 3759 851 3816 limo
881 3760 1245 3832 sempiterna
1296 3765 1489 3830 erunt,
1522 3765 1579 3816 et
1626 3760 1888 3833 legitima
1920 3763 1978 3819 in

338 3849 565 3906 cunctis
596 3848 1051 3906 habitationibus
1078 3849 1162 3922 (h.
1198 3849 1395 3919 habet,
1429 3850 1488 3906 in
1531 3850 1757 3907 cunctis
1807 3867 1981 3923 gene-

340 3938 668 3996 rationibus
699 3942 755 3994 et
784 3938 1271 4011 habitationibus)
1293 3938 1521 3995 vestris.
1546 3940 1849 3996 Homicida
1871 3942 1982 3997 sub

338 4027 591 4084 testibus
636 4028 952 4100 punietur:
989 4030 1059 4085 ad
1109 4028 1287 4085 unius
1330 4028 1731 4085 testimonium
1784 4030 1985 4087 nullus

336 4116 844 4174 condemnabitur.
871 4122 998 4175 Non
1024 4117 1320 4190 accipietis
1372 4120 1626 4190 pretium
1657 4120 1731 4175 ab
1760 4136 1850 4191 eo,
1881 4121 1983 4194 qui

334 4221 469 4264 reus
500 4210 590 4264 est
606 4206 940 4280 sanguinis,
957 4208 1158 4264 statim
1181 4212 1239 4264 et
1270 4208 1393 4280 ipse
1417 4208 1717 4268 morietur.
1740 4209 1987 4267 Exsules

2089 3321 2222 3372 neat
2271 3316 2329 3371 in
2382 3316 2661 3373 familiis:
2696 3334 2801 3374 nec
2830 3318 2944 3375 sibi
2995 3319 3361 3375 misceantur
3389 3318 3601 3387 tribus,
3633 3318 3737 3374 sed

2089 3406 2172 3462 ita
2195 3411 2493 3474 maneant,
2516 3411 2578 3462 ut
2601 3424 2633 3462 a
2655 3407 2905 3464 Domino
2928 3412 3208 3481 separatis
3237 3412 3402 3464 sunt.
3425 3411 3740 3464 Fecerunt-

2090 3511 2202 3568 que
2247 3494 2377 3551 ﬁlias
2408 3494 2722 3567 Salphaad,
2757 3500 2820 3552 ut
2869 3498 3061 3553 fuerat
3097 3497 3451 3569 imperatum
3480 3514 3495 3553 :
3528 3500 3585 3552 et
3627 3512 3740 3552 nu-

2089 3589 2355 3658 pserunt,
2389 3584 2593 3653 Maala,
2627 3590 2683 3641 et
2728 3586 2971 3655 Thersa,
2995 3591 3052 3643 et
3097 3586 3263 3660 Egla,
3294 3590 3351 3643 et
3395 3585 3649 3653 Melchs,
3683 3589 3745 3642 et

2091 3674 2277 3741 Noha,
2304 3672 2440 3729 ﬁliis
2472 3672 2665 3746 patrui
2697 3675 2788 3730 sui
2818 3676 2889 3731 de
2926 3675 3149 3731 familia
3178 3679 3470 3746 Manasse,
3495 3674 3594 3747 qui
3628 3674 3743 3731 fuit

2093 3762 2248 3819 ﬁlius
2278 3762 2494 3835 Josepb
2528 3779 2541 3817 :
2572 3768 2628 3818 et
2660 3765 2977 3837 possessio,
3012 3781 3140 3836 quas
3187 3764 3305 3820 illis
3354 3765 3545 3821 fuerat
3573 3764 3741 3820 attri-

2092 3854 2257 3919 buta,
2284 3852 2505 3908 mansit
2536 3852 2595 3907 in
2629 3854 2783 3909 tribu
2816 3858 2873 3910 et
2897 3854 3123 3911 familia
3145 3856 3329 3928 patris
3352 3871 3577 3912 earum.
3608 3858 3742 3911 Haec

2095 3945 2233 3997 sunt
2259 3941 2534 3997 mandata
2556 3942 2991 4014 atquejudicia,
3013 3960 3144 4016 quae
3164 3945 3436 4017 praecepit
3454 3943 3744 4001 Dominus

2095 4047 2197 4103 per
2228 4046 2470 4085 manum
2499 4030 2647 4087 Mosi
2679 4033 2751 4086 ad
2784 4031 2936 4088 ﬁlios
2971 4032 3170 4101 Israel,
3203 4032 3263 4089 in
3309 4032 3743 4107 campestribus

2094 4120 2262 4178 Moab
2296 4136 2473 4192 super
2500 4120 2818 4178 Jordanem
2850 4126 3052 4179 contra
3079 4122 3331 4180 Jericho.

1110 4360 1361 4433 Explicit
1388 4360 1528 4419 liber
1557 4364 2066 4436 Numerorum,qui
2090 4364 2351 4421 Hebraice
2366 4362 2577 4419 dicitur
2602 4363 2959 4434 Vajedabber.

336 4510 2779 4548 Μ

1505 4648 1745 4705 TITULI
1780 4649 1967 4707 LIBRI
1998 4650 2559 4710 DEUTERONOMII.

332 4949 891 5006 I.TransJordanem
906 4947 1322 5021 populolegem
1336 4945 1986 5020 explanat,commemo-
2014 4950 2061 5017 D
2094 4949 2166 5006 II.
2193 4950 2535 5007 Transitum
2569 4952 2858 5006 memorat
2888 4965 2991 5021 per
3012 4949 3217 5006 urbem
3240 4950 3375 5019 Har,
3397 4966 3575 5022 quam
3598 4953 3749 5023 Cap-

404 5042 494 5095 rat
511 5039 1016 5111 quemadmodum
1039 5055 1139 5095 eos
1159 5038 1428 5095 hortatus
1449 5037 1715 5107 fuerit,ut
1734 5038 1987 5113 pruden-

404 5132 493 5183 tes
524 5128 809 5199 eligerent
838 5127 997 5183 viros
1029 5143 1177 5199 quos
1226 5127 1460 5199 judices
1518 5126 1947 5183 constituerent
1973 5147 1987 5197 ;

404 5218 697 5289 quomodo
711 5218 783 5272 ad
798 5221 1014 5273 terram
1030 5216 1440 5289 promissionis
1457 5215 1685 5272 miserit
1706 5215 1991 5287 inspecto-

407 5324 501 5365 res
536 5326 549 5365 :
585 5312 643 5364 et
673 5309 829 5380 quod
876 5307 1113 5364 rebellis
1171 5306 1458 5364 exstiterit
1517 5309 1729 5362 cuncta
1786 5303 1987 5378 pepuli

409 5397 815 5455 multitudo:et
844 5398 997 5470 quod
1021 5399 1259 5471 propter
1280 5395 1558 5453 delictum
1579 5411 1781 5451 eorum
1808 5395 1986 5451 etiam

411 5486 537 5558 ipse
550 5487 776 5560 Moyses
793 5491 957 5544 terra:
974 5486 1385 5560 promissionis
1397 5486 1723 5558 privaretur
1745 5484 1987 5541 introitu

414 5578 488 5631 Et
516 5576 616 5631 ubi
661 5593 695 5633 a
740 5576 985 5634 Domino
1017 5576 1354 5651 praecipitur
1385 5591 1455 5632 ne
1513 5576 1585 5632 de
1615 5574 1989 5649 possessione

417 5663 675 5724 ﬁliorum
706 5669 856 5727 Esau
890 5670 947 5727 et
976 5668 1083 5727 Lot
1113 5666 1335 5742 aliquid
1368 5666 1762 5742 contingatur.

2168 5041 2418 5111 padoces
2440 5039 2911 5112 possederunt,et
2931 5040 3225 5109 quomodo
3258 5040 3498 5097 nuntios
3533 5040 3751 5097 direxit

2169 5128 2241 5182 ad
2263 5132 2408 5184 Seon
2428 5132 2485 5184 et
2506 5128 2591 5201 Og
2609 5144 2772 5200 reges
2788 5127 3394 5201 Amorrhaeorum,qui
3421 5144 3553 5185 cum
3578 5144 3750 5201 spre-

2168 5216 2391 5272 vissent
2428 5220 2715 5288 praacepta
2737 5216 3291 5286 Domini,adversus
3331 5217 3487 5289 ipsos
3527 5217 3748 5274 initum

2168 5310 2259 5362 est
2277 5306 2750 5379 certamenzipsis
2779 5306 3012 5363 duabus
3054 5307 3237 5363 semis
3258 5308 3531 5365 tribubus
3550 5306 3748 5380 possi-

2169 5395 2360 5451 denda
2390 5411 2592 5453 eorum
2626 5400 2782 5452 terra
2812 5396 2923 5451 fuit
2950 5396 3187 5453 tradita.

2099 5487 2197 5543 III.
2222 5490 2501 5543 Hortatur
2517 5484 2819 5559 populum,
2841 5490 2905 5541 ut
2936 5490 3225 5559 praecepta
3243 5485 3539 5558 stjudicia
3558 5490 3753 5543 servet

2170 5592 2235 5632 ac
2251 5574 2553 5646 faciat;nec
2568 5575 2931 5633 caeremoniis
2943 5574 3210 5649 gentium
3232 5576 3415 5633 dediti
3433 5576 3751 5633 Dominum

2170 5664 2468 5727 offendant
2492 5684 2505 5727 :
2530 5670 2587 5725 et
2610 5669 2853 5741 paterna
2883 5664 3168 5726 charitate
3195 5663 3495 5727 blanditur
3522 5663 3748 5725 nullam
