4068 6172
193 358 267 415 lii
1434 356 1649 411 LIBER
1685 351 2263 410 DEUTBBONOMII.
3441 352 3548 409 442

242 496 349 538 esse
372 483 483 535 tam
503 478 781 551 inclytam
802 482 1057 552 gentem,
1092 495 1218 552 qua:
1242 480 1358 536 Deo
1386 480 1463 536 sit
1493 478 1776 551 proxima.
1810 485 1864 551 Α
1967 476 2032 530 In
2057 476 2282 546 judicio
2319 492 2626 549 personam
2671 491 2783 533 non
2829 476 3248 549 accipiendam.
3305 477 3456 535 Solis
3488 484 3547 535 et

242 570 501 636 Quomodo
545 569 617 624 ad
670 573 928 625 montem
955 570 1325 637 accesserint,
1352 572 1409 625 et
1437 583 1635 624 vocem
1685 565 1782 623 Dei

239 662 297 716 de
314 658 481 715 medio
503 658 656 729 ignis
683 659 998 727 audierint;
1027 676 1093 715 ac
1117 659 1456 730 deealogum
1480 658 1536 712 in
1564 654 1781 712 tabulis

236 749 447 821 lapideis
468 748 646 820 digito
669 747 767 804 Dei
789 748 972 805 fuisse
988 749 1411 821 conscriptum.
1436 747 1780 803 Moriturum

232 855 282 896 se
306 839 452 894 dicit.
491 838 571 894 Ne
602 837 762 893 idola
787 838 1007 895 faciant
1027 842 1382 909 commonet,
1407 842 1463 894 et
1492 837 1631 909 quia
1661 852 1779 890 non

1966 564 2120 620 lunze
2141 567 2476 622 adoratores
2498 565 2793 637 lapidibus
2824 566 3175 624 obruendos.
3210 567 3426 639 Regem
3460 568 3543 624 al-

1962 655 2146 710 terius
2172 654 2360 727 gentis
2393 655 2693 711 hominem
2743 671 2857 711 non
2890 656 3408 728 debere-.constitui
3438 676 3450 714 :
3487 663 3544 714 et

1962 745 2187 800 Levitas
2209 762 2275 800 ac
2296 746 2627 801 sacerdotes
2649 745 2894 801 decimis
2914 750 2969 801 et
3000 744 3392 803 oblationibus
3414 764 3542 804 esse

1965 839 2293 890 contentos.

232 933 304 983 est
343 927 483 983 alius
505 927 621 983 nisi
655 944 809 983 unus
832 934 1011 984 Deus.
1044 929 1480 985 Commemorat
1500 944 1626 999 quae
1660 925 1783 982 sint
1890 922 1984 978 XI.
2005 923 2261 978 Levitam
2284 924 2613 979 venientem
2639 937 2707 978 ex
2724 923 2954 979 civitate
2976 940 3084 979 sua
3106 924 3166 979 in
3187 924 3384 994 aliam,
3406 928 3539 997 jure

227 1018 455 1072 civitates
506 1021 788 1088 separatae
844 1017 902 1072 in
938 1017 1213 1090 praesidia
1244 1017 1643 1090 fugitivorum,
1677 1016 1778 1088 qui

230 1108 462 1163 nolentes
495 1106 800 1163 hominem
830 1106 1172 1163 occiderint.

177 1197 246 1253 IV.
273 1195 447 1251 Accito
477 1196 637 1250 omni
670 1196 885 1268 populo
916 1196 1063 1251 dixit
1092 1211 1153 1251 se
1185 1195 1376 1268 ipsum
1412 1197 1777 1267 sequestrem

226 1286 381 1341 fuisse
409 1283 493 1340 vel
519 1285 803 1355 medium,
837 1289 894 1341 et
923 1285 1075 1341 inter
1105 1285 1377 1342 Israelem
1409 1290 1466 1341 et
1495 1284 1699 1351 Deum,
1721 1286 1780 1338 et

226 1391 331 1446 quae
348 1374 459 1429 sint
477 1374 679 1430 decem
702 1376 877 1430 verba
898 1390 1000 1447 per
1021 1376 1286 1431 ordinem
1311 1373 1523 1447 digerit
1548 1391 1560 1429 :
1588 1373 1779 1430 horta-

227 1470 306 1519 tur
330 1464 680 1530 custodiant,
715 1480 787 1519 ne
818 1468 881 1519 ut
910 1468 1340 1537 trangressores
1371 1468 1632 1535 pereant.

173 1553 223 1606 V.
261 1552 409 1621 Audi,
462 1552 664 1620 Israel,
713 1552 997 1609 Dominus
1043 1558 1195 1609 Deus
1243 1558 1404 1620 tuus,
1434 1557 1591 1608 Deus
1622 1568 1777 1607 unus

222 1646 311 1698 est:
326 1646 378 1697 et
396 1641 611 1713 diliges
630 1642 955 1698 Dominum
976 1648 1161 1699 Deum
1185 1648 1378 1698 tuum.
1405 1646 1521 1697 Hoc
1545 1657 1778 1713 semper

224 1730 603 1786 meditandum
629 1730 771 1786 :hoc
794 1730 932 1787 ﬁliis
949 1735 1005 1787 et
1025 1731 1335 1803 nepotibus
1356 1730 1775 1787 commendan-

225 1820 343 1874 dum
369 1840 381 1889 ;
410 1836 531 1876 non
544 1821 803 1875 eundum
832 1823 965 1893 post
995 1822 1133 1877 deos
1156 1819 1399 1877 alienos.
1425 1820 1551 1876 Non
1575 1824 1776 1876 tacen-

1962 1011 2113 1067 inter
2137 1012 2344 1067 fratres
2374 1012 2604 1068 Domini
2627 1012 2834 1068 debere
2859 1012 3020 1086 fungi
3045 1013 3392 1071 ministerio.
3419 1016 3539 1071 Ma-

1960 1100 2157 1157 leﬁcos
2212 1102 2580 1159 auferendus.
2633 1102 2980 1174 Prophetam
3028 1119 3095 1158 ex
3134 1105 3334 1159 eadem
3370 1112 3540 1177 gente

1961 1206 2237 1261 magnum
2264 1207 2528 1263 surgere:
2546 1191 2758 1248 falsum
2778 1195 2974 1248 autem
2992 1192 3285 1265 exstingui
3309 1195 3537 1250 debere.

1958 1279 2027 1335 Et
2058 1280 2128 1335 de
2159 1280 2384 1352 legibus
2417 1299 2559 1353 quas
2592 1282 2843 1337 debeant
2872 1282 3200 1339 observare.

1886 1367 2007 1423 XII.
2028 1373 2099 1424 De
2124 1386 2436 1441 progressu
2454 1371 2823 1437 bellatorum,
2848 1372 3138 1444 quomodo
3156 1373 3423 1444 progredi
3447 1374 3542 1429 de-

1959 1458 2155 1525 beant,
2189 1464 2245 1514 et
2274 1460 2580 1517 exstinctis
2611 1460 2882 1516 hostibus
2933 1462 3227 1532 quomodo
3258 1462 3536 1517 exercitui

1956 1548 2254 1604 dividatur
2283 1551 2498 1621 praeda.
2541 1552 2616 1606 De
2647 1551 2924 1606 cadavere
2960 1550 3213 1605 hominis
3238 1552 3408 1622 juxta
3441 1569 3539 1608 ur-

1955 1637 2087 1692 bem
2122 1639 2333 1710 reperti
2367 1657 2380 1695 :
2427 1640 2496 1695 de
2528 1638 2773 1695 muliere
2805 1638 3050 1712 pulchra
3081 1643 3138 1695 et
3169 1639 3432 1712 captiva:
3467 1642 3538 1697 de

1960 1726 2189 1783 duabus
2224 1729 2504 1785 uxoribus
2534 1733 2590 1784 et
2620 1728 2756 1784 ﬁliis
2802 1745 3024 1785 earum.
3061 1729 3141 1784 De
3174 1728 3292 1785 ﬁlio
3326 1733 3536 1786 contu-

1958 1834 2141 1874 maee.
2170 1821 2244 1875 De
2268 1824 2499 1888 peccato
2521 1821 2679 1892 gravi
2712 1838 2723 1875 :
2750 1821 2822 1876 de
2853 1820 3183 1877 inventione
3205 1822 3533 1877 reddenda:

229 1869 343 1874 ___
369 1869 381 1889 ,
410 1869 803 1876 _-_-_____
832 1869 963 1893 τ---
998 1869 1132 1877 η--
1157 1869 1399 1877 --η-η.
1427 1869 1551 1876 -.-η
1580 1869 1742 1876 -_---_
1959 1869 2139 1874 _----.
2170 1869 2242 1875 _-
2268 1869 2495 1888 r---_--
2521 1869 2679 1892 οη.-
2712 1869 2723 1875 -
2752 1869 2820 1876 _-
2854 1869 3181 1877 ---.-x---_-
3206 1869 3409 1877 ---πη

225 1909 341 1965 dum
370 1911 526 1982 quod
552 1910 879 1966 servierunt
900 1911 1208 1979 Pharaoni,
1232 1915 1293 1966 et
1322 1914 1543 1983 septem
1576 1915 1779 1983 gentes
1810 1869 1856 1933 Β
1962 1908 2033 1962 de
2062 1912 2217 1963 veste
2253 1909 2359 1963 viri
2391 1914 2447 1965 et
2478 1910 2765 1980 mulieris,
2797 1914 2854 1967 et
2884 1911 3127 1967 diversis
3160 1910 3409 1983 legibus.

226 2000 493 2057 aDomino
518 2000 975 2071 exstinguendos
995 2017 1144 2057 esse.
1165 2000 1424 2064 Quorum
1444 1999 1529 2056 vel
1546 2000 1781 2055 ﬁliabus
1888 1995 2035 2052 XIII.
2069 1997 2148 2054 De
2184 1998 2272 2053 bis
2304 2016 2433 2072 quis
2453 2016 2554 2071 per
2573 2000 2865 2055 somnium
2889 2001 3223 2072 contingere
3248 2000 3457 2070 solent,
3481 2004 3539 2057 et

226 2105 318 2144 non
346 2089 474 2146 licet
540 2090 774 2146 misceri
818 2090 1133 2146 connubio.
1168 2090 1293 2146 Non
1337 2090 1779 2145 formidandum

224 2176 392 2234 hostes
414 2196 507 2234 am
522 2178 915 2249 plissimos,eo
947 2180 1099 2250 quod
1133 2178 1417 2235 Dominus
1440 2179 1632 2234 tradat
1660 2194 1777 2235 eos.

226 2267 357 2322 Nihil
385 2268 511 2323 auri
527 2267 618 2323 vel
649 2267 873 2340 argenti
906 2268 977 2323 de
1002 2268 1176 2324 idolis
1198 2269 1733 2340 concupiscendum
1761 2288 1775 2336 ;

220 2371 272 2410 co
294 2358 430 2427 quod
456 2356 533 2413 sit
555 2356 893 2413 anathema.
917 2361 1349 2413 Commemorat
1370 2357 1579 2413 itinera
1596 2374 1778 2412 anno-

220 2461 326 2499 rum
346 2446 738 2520 quadraginta
762 2463 863 2518 per
884 2447 1180 2502 desertum
1205 2463 1217 2501 :
1244 2448 1569 2519 praestitum
1603 2463 1737 2501 man
1760 2476 1775 2517 ε

218 2536 531 2592 vestimenta
579 2536 673 2592 vel
724 2535 986 2607 supellex
1032 2541 1238 2593 caetera
1285 2535 1448 2593 nulla
1486 2540 1776 2595 vetustate

217 2630 551 2698 consumpta,
573 2642 680 2698 pro
703 2625 919 2697 quibus
937 2625 1420 2698 semperDomini
1441 2625 1539 2681 Dei
1559 2642 1775 2682 memo-

217 2727 291 2768 res
314 2729 436 2770 esse
466 2715 745 2771 debeant.

164 2800 228 2854 VI.
255 2800 347 2857 Ubi
377 2804 514 2858 dicit
544 2803 958 2875 ingressurum
1008 2804 1293 2876 populum
1343 2808 1560 2861 terram
1593 2821 1771 2877 quam

1956 2086 2081 2143 alia:
2115 2087 2271 2160 leges
2303 2105 2405 2161 pro
2430 2088 2956 2160 justiﬁcationibus
2986 2088 3390 2161 promulgatas.

1884 2175 2025 2230 XIV.
2058 2182 2139 2231 De
2170 2177 2436 2248 ingressu
2469 2184 2637 2234 terra:
2684 2177 3118 2250 promissionis,
3163 2181 3220 2233 et
3248 2179 3538 2248 quomodo

1958 2281 2155 2321 coram
2186 2268 2591 2324 sacerdotibus
2623 2268 2951 2324 obtinuisse
2982 2268 3385 2339 proﬁteantur.

1884 2354 1998 2410 XV.
2034 2356 2326 2429 Praecepta
2355 2357 2761 2429 custodienda,
2793 2360 2850 2413 et
2884 2356 3321 2412 maledictiones
3352 2356 3538 2428 negli-

1954 2445 2251 2517 gentibus,
2266 2448 2702 2503 benedictiones
2724 2446 3211 2515 custodientibus,
3226 2450 3539 2518 etrespon-

1954 2553 2086 2595 sum
2121 2536 2320 2610 populi
2351 2536 2602 2593 dicentis
2629 2552 2823 2592 amen.

1880 2630 2225 2701 XVI,Verba
2248 2628 2481 2683 foederis
2505 2626 2771 2698 replicat,
2796 2628 2854 2681 et
2876 2626 3148 2682 hortatur
3174 2642 3245 2681 ne
3258 2625 3537 2682 derelicto

1952 2721 2197 2777 Domino
2216 2717 2372 2776 idola
2393 2715 3227 2790 sequantur,velcmremonias
3248 2715 3534 2787 gentium,

1956 2826 2205 2882 quarum
2237 2814 2453 2865 terram
2481 2806 2773 2879 accepturi
2806 2810 2947 2861 sunt
2978 2804 3419 2878 possidendam.

214 2892 455 2961 promisit
490 2893 781 2949 Dominus
831 2894 1007 2962 Deus,
1042 2900 1099 2951 et
1138 2896 1417 2951 admonet
1447 2895 1773 2967 nejustitia
1878 2901 2324 2957 XVII.Centum
2341 2897 2546 2970 viginti
2570 2896 2786 2953 sedicit
2808 2911 3115 2952 annorum:
3137 2900 3306 2951 vocat
3325 2898 3538 2962 Josue,

214 2994 305 3035 sua
330 2981 435 3037 sibi
464 2982 793 3053 subjectam
827 2984 914 3039 vel
932 2985 1130 3041 datam
1154 2988 1370 3040 terram
1394 2984 1575 3041 fuisse
1616 3000 1768 3056 prte-

214 3070 715 3137 sumant,maxime
729 3072 867 3143 quia
894 3088 1127 3145 semper
1153 3075 1225 3128 ad
1248 3074 1612 3130 iracundiam
1636 3089 1769 3145 pro-

211 3166 533 3216 vocaveruut
556 3160 895 3230 Dominum,
928 3178 1062 3217 eum
1084 3162 1331 3218 vitulum
1356 3162 1764 3230 fabricassent,

1946 2989 2259 3060 verbisque
2280 2987 2617 3043 corroborat
2632 2985 2849 3055 suis,ac
2868 2984 3129 3056 praedicit
3146 2983 3300 3056 quod
3317 2987 3532 3041 terram

1948 3079 2075 3151 ipse
2094 3080 2249 3133 sorte
2267 3076 2491 3131 dividat
2512 3095 2525 3144 ;
2547 3074 2734 3147 legem
2758 3073 3013 3145 scripsit,
3041 3090 3108 3129 ac
3125 3073 3532 3129 sacerdotibus

1947 3167 2209 3234 tradidit,
2241 3182 2490 3237 eamque
2521 3167 2872 3236 congregato
2906 3162 3122 3236 populo
3154 3162 3312 3234 legit.

213 3251 257 3300 et
271 3247 333 3301 ob
350 3247 452 3304 hoc
482 3249 864 3321 ipsetabulas
882 3251 1287 3323 confregisset,
1325 3257 1501 3323 atque
1524 3268 1627 3323 pro
1649 3268 1767 3308 sce-
1797 3231 1839 3298 C
1879 3257 2078 3313 XVIII.
2113 3231 2412 3313 Dominus
2432 3254 2573 3310 dicit
2604 3231 2671 3309 ad
2723 3231 2925 3310 Mosen
2949 3274 2963 3322 ;
2986 3231 3375 3325 —Prope'sunt
3400 3254 3533 3309 dies

212 3333 309 3391 lere
356 3338 703 3411 deprecator
748 3340 1077 3396 accesserit.
1129 3340 1350 3397 Deinde
1389 3341 1448 3397 in
1480 3340 1768 3413 sepulcris

210 3428 783 3499 concupiscentiaeﬂe
795 3429 1258 3501 exploratoribus
1273 3431 1472 3488 missis
1487 3448 1553 3487 ac
1568 3436 1769 3502 postea

209 3513 314 3570 aliis
341 3517 559 3574 tabulis
595 3517 779 3575 factis.
806 3521 1014 3575 Arcam
1046 3520 1392 3578 fabricatam
1426 3521 1587 3593 dicit,
1610 3526 1666 3577 et
1695 3523 1767 3578 de

210 3610 367 3661 morte
393 3612 597 3664 Aaron
626 3608 685 3663 in
719 3614 919 3664 monte
951 3610 1085 3666 Hor.

160 3687 734 3752 Vll.Commonetnihil
747 3696 904 3753 aliud
922 3697 1209 3771 imperare
1222 3698 1768 3757 hominiDominum

214 3781 305 3836 nisi
332 3785 632 3841 euituram
691 3802 885 3857 suam,
917 3792 974 3842 et
1022 3793 1313 3861 praecepta
1342 3790 1767 3846 custodienda:

210 3887 293 3927 nec
303 3876 670 3946 sequendum
685 3875 876 3933 scelus
890 3878 1771 3949 transgressorum.Benedictio-

212 3976 313 4025 nes,
340 3965 383 4019 si
433 3964 772 4032 obedieris;
825 3964 1286 4035 maledictiones,
1338 3967 1387 4023 si
1421 3968 1765 4041 neglexeris.

160 4047 269 4105 VIII.
292 4051 384 4108 Ubi
406 4055 944 4126 praecepitjudicia,
966 4072 1091 4126 quae
1111 4056 1169 4110 in
1186 4060 1341 4111 terra
1355 4057 1767 4129 promissionis

208 4139 429 4198 debeant
454 4143 609 4199 ﬁeri.
668 4142 830 4199 ldola
879 4144 1338 4217 confringenda;
1383 4146 1664 4216 decimas,
1709 4151 1767 4202 et

208 4229 576 4303 primogenita
604 4233 797 4289 danda
826 4250 840 4288 :
873 4232 1219 4291 holocausta
1248 4234 1565 4308 oﬁ‘erenda,
1587 4240 1643 4292 et
1668 4254 1767 4294 sa-

208 4321 442 4378 cerdotes
472 4338 596 4378 non
620 4323 996 4379 deserendas.

161 4405 235 4463 IX.
257 4408 321 4466 De
341 4411 631 4484 propheta
655 4410 804 4468 falso
825 4417 882 4467 et
903 4411 1280 4469 somniatore.
1299 4413 1380 4470 De
1401 4413 1600 4482 fratre,
1626 4416 1765 4487 ﬁlio,

205 4498 387 4567 amico,
418 4506 476 4557 et
507 4517 689 4557 uxore
710 4501 1101 4558 suadentibus
1132 4501 1215 4557 ire
1246 4507 1380 4575 post
1410 4503 1585 4575 idola,
1619 4503 1767 4577 lapi-

204 4586 354 4675 dibus
368 4590 709 4647 obruendos
719 4605 848 4647 esse
864 4590 1168 4648 monet.De
1180 4591 1531 4649 discretione
1548 4595 1769 4651 anima-
1798 4610 1847 4675 ι)

208 4674 352 4746 lium,
374 4681 596 4753 avium,
613 4678 982 4752 pisciumque
998 4681 1351 4737 mundorum
1367 4686 1424 4738 et
1438 4682 1770 4741 immundo-

208 4779 335 4823 rum.
380 4768 528 4835 Quid
557 4770 863 4827 comedere
906 4770 1097 4839 liceat,
1157 4769 1368 4843 quidve
1410 4788 1525 4827 non
1574 4772 1765 4830 liceat.

207 4858 350 4914 Anno
382 4858 755 4915 remissionis
805 4858 954 4914 nihil
986 4861 1370 4932 repetendum
1401 4861 1473 4917 ab
1502 4877 1679 4933 egeno
1710 4868 1769 4919 et

204 4958 457 5019 paupere,
482 4948 635 5005 nihil
667 4949 1026 5021 negandum.
1056 4949 1136 5006 De
1174 4949 1411 5006 Hebraeo
1443 4951 1761 5010 distracto:

232 5035 291 5089 de
308 5038 713 5111 primogenitis
730 5038 1129 5110 reddendis,et
1149 5040 1392 5111 sanguis
1410 5055 1481 5098 ne
1500 5042 1763 5098 comeda-

204 5126 299 5180 tur.

152 5210 203 5263 Χ.
225 5213 559 5275 Faciendum
592 5218 828 5289 pascha,
850 5222 906 5275 et
932 5218 1003 5275 de
1034 5218 1151 5275 ritu
1178 5218 1567 5278 solemnitatis
1607 5222 1756 5293 ejus.

1950 3347 2157 3403 mortis
2180 3350 2295 3402 tuae
2313 3387 2328 3416 ,
2358 3361 2499 3400 voca
2528 3343 2707 3399 Josue
2730 3343 2801 3398 ad
2825 3342 3042 3398 ostium
3066 3341 3449 3410 tabernaculi,
3475 3349 3534 3400 et

1950 3436 2364 3509 praecipiamei:
2387 3432 2775 3506 apparuitque
2787 3432 2872 3489 eis
2891 3432 3173 3488 Dominus
3189 3432 3244 3487 in
3260 3432 3534 3489 columna

1952 3527 2149 3596 nubis,
2182 3530 2239 3581 et
2271 3523 2612 3598 pronuntiat
2665 3521 2947 3595 populum
2978 3521 3136 3578 idola
3165 3527 3530 3580 secuturum.

1950 3617 2179 3689 Moyses
2201 3614 2405 3672 scribit
2427 3613 2746 3681 canticum,
2772 3617 2829 3667 et
2860 3613 3029 3667 docet
3060 3610 3211 3668 ﬁlios
3234 3611 3435 3682 Israel,
3466 3630 3531 3669 ac

1951 3706 2165 3762 Levitis
2195 3703 2456 3776 praecipit
2479 3702 2538 3757 in
2573 3718 2717 3757 arcas
2750 3701 2928 3757 latere
2960 3718 3065 3773 pro
3096 3701 3429 3757 testimonio
3460 3703 3536 3760 le-

1948 3812 2080 3869 gem
2100 3794 2428 3866 reponenda
2440 3793 2973 3849 m.Invocatcontra
3002 3807 3101 3846 eos
3118 3796 3298 3848 testes
3320 3791 3529 3848 coelum

1952 3890 2011 3942 et
2041 3892 2244 3951 terras,
2276 3884 2431 3955 quod
2482 3885 2721 3953 pereant
2751 3897 2885 3937 cum
2947 3879 3103 3937 mala
3134 3881 3442 3953 patrarint,
3475 3888 3533 3938 et

1946 3978 2141 4029 cantat
2173 3988 2501 4045 praesagum
2534 3970 2830 4026 conticum
2863 3970 3217 4039 futurorum,
3249 3970 3309 4024 in
3328 3987 3439 4040 quo
3464 3987 3531 4026 ex

1949 4080 2198 4134 persona
2230 4061 2457 4117 Domini
2489 4059 2949 4131 eisimproperat
2979 4057 3215 4114 dicens:
3251 4060 3360 4116 Ubi
3392 4067 3531 4115 sunt

1946 4153 2027 4206 dii
2078 4152 2183 4221 tui,
2217 4150 2417 4217 Israel,
2472 4149 2529 4203 in
2564 4149 2780 4220 quibus
2826 4148 3160 4204 conﬁdebas
3183 4148 3210 4203 Ἰ
3240 4152 3296 4204 et
3317 4154 3528 4206 caetera

1948 4240 2295 4297 mirabiliter
2323 4239 2737 4295 tremiscenda.

1875 4329 2027 4384 XIX.
2064 4332 2377 4400 Potsquam
2401 4328 2628 4400 Moyses
2651 4326 2845 4382 omnia
2868 4325 3149 4383 carminis
3170 4328 3345 4383 verba
3367 4344 3527 4384 com-

1949 4417 2128 4492 plevit
2155 4417 2418 4490 loquitur
2447 4418 2497 4473 ei
2543 4417 2830 4473 Dominus
2865 4417 3068 4473 eadem
3109 4417 3239 4473 die:
3270 4420 3530 4475 Ascende

1947 4507 2007 4563 in
2040 4511 2297 4563 montem
2340 4507 2521 4573 Nebo,
2552 4511 2609 4562 et
2652 4522 2899 4575 morere,
2931 4510 2989 4561 et
3010 4507 3261 4578 jungere
3293 4508 3527 4578 populis

1949 4597 2166 4665 tuis,Et
2181 4600 2491 4667 antequam
2510 4610 2679 4652 ascen
2691 4595 3218 4663 deret,universum
3235 4595 3411 4650 Israel
3428 4614 3531 4669 per

1948 4684 2213 4757 singulas
2228 4684 2417 4740 tribus
2436 4682 3119 4755 benedixit,ascensoque
3136 4684 3349 4741 vertice
3369 4702 3531 4741 mon-

1947 4775 2045 4843 tis,
2077 4774 2411 4831 universam
2460 4778 2675 4829 terram
2700 4773 3113 4845 promissionis
3163 4775 3409 4847 aspexit,
3455 4776 3525 4831 ad

1945 4881 2123 4937 quam
2139 4880 2242 4936 pro
2256 4862 2713 4919 contradictione
2725 4866 2780 4919 et
2793 4862 3231 4919 exaeerbatione
3245 4880 3530 4935 aquarum

1944 4952 2665 5010 contradictionisintrare
2697 4968 2811 5008 non
2838 4952 3059 5023 potuit:
3085 4951 3283 5025 ibique
3316 4954 3529 5009 deseri-

1944 5044 2103 5099 bitur
2125 5048 2415 5113 mortuus,
2431 5042 2864 5113 etincognitum
2880 5058 3009 5098 esse
3020 5042 3148 5113 ejus
3162 5042 3495 5116 sepulcrum
3510 5085 3522 5109 ,

1944 5150 2009 5188 ac
2038 5133 2213 5189 talem
2262 5132 2415 5188 ultra
2464 5132 2522 5187 in
2556 5131 2735 5188 Israel
2761 5148 2874 5187 non
2908 5134 3233 5190 surrexisse
3271 5131 3521 5204 prophe-

1940 5226 2083 5278 tam.
