4068 6172
454 356 560 413 443

1507 362 1566 416 S.
1607 362 2017 420 HIERONYMI
2053 367 2307 422 DIVINA
2343 367 2840 426 BIBLIOTHECA.

3757 361 3865 419 444

1538 626 1843 688 BHEVES
1891 627 2097 689 LIBRI
2144 630 2776 694 DEUTERONOMII.

455 965 497 1022 Ι.
532 969 610 1022 De
633 965 961 1032 Judicibus,

454 1055 522 1111 II.
557 1054 1044 1110 Commemoratio
1071 1053 1486 1124 explorationis
1519 1060 1705 1110 terrea.

452 1146 550 1200 III.
585 1146 1074 1202 Commemoratio
1106 1145 1359 1202 ﬁliorum
1391 1147 1562 1202 Esau.

452 1234 543 1290 IV.
578 1235 1067 1290 Commemoratia
1099 1235 1509 1291 Moabitarum.

2138 964 2193 1031 Α
2222 964 2412 1021 XLIV.
2452 966 2675 1023 Datban
2709 970 2766 1023 et
2791 967 3008 1023 Abiron
3039 965 3539 1023 commemoratio.

2211 1053 2377 1110 XLV.
2411 1055 2686 1112 Definitio
2718 1060 2906 1126 terra,
2928 1055 3014 1112 vel
3043 1055 3327 1112 laudatio.

2210 1142 2396 1200 XLVI.
2430 1143 2488 1198 Si
2517 1145 2720 1200 auditu
2743 1146 2998 1202 audieris
3029 1144 3370 1211 Dominum,
3399 1141 3562 1198 dabit
3610 1139 3869 1214 pluviam

2284 1236 2546 1305 tempore
2585 1250 2714 1290 suo.

453 1328 521 1378 V.
551 1323 1042 1380 Commemoratio
1065 1323 1463 1397 pugnmﬁlsrael
1487 1326 1765 1381 adversus
1781 1328 1928 1381 Seon
1946 1330 1999 1380 et
2020 1324 2106 1396 Og
2212 1322 2435 1378 XLVII.
2469 1323 2549 1380 Ne
2570 1341 2704 1380 cum
2726 1323 2927 1397 repleti
2955 1323 3190 1393 fuerint,
3223 1324 3499 1380 deserant
3527 1318 3875 1383 Dominum,

526 1430 712 1485 reges.

450 1504 522 1557 Vl
557 1502 635 1558 De
665 1502 812 1558 lecto
842 1503 1026 1559 ferreo
1057 1503 1162 1576 Og.

455 1592 578 1647 VII.
615 1597 692 1647 De
720 1595 918 1648 Josue.

451 1681 600 1736 VIII.
638 1681 864 1751 Moyses
893 1681 965 1737 de
997 1696 1058 1736 se
1090 1680 1376 1752 loquitur.

460 1771 559 1826 IX.
592 1770 672 1826 De
689 1772 947 1840 justitia,
979 1777 1035 1826 et
1057 1770 1283 1839 judicio
1315 1773 1623 1828 servando.

455 1863 531 1916 X.
559 1867 634 1914 De
668 1861 804 1914 ﬁliis
834 1859 1024 1930 legem
1058 1861 1358 1916 docendis.

455 1951 545 2006 XI.
578 1949 816 2005 Nullum
850 1949 1299 2005 similitudinem
1339 1949 1686 2005 faciendam.

455 2039 576 2094 XII.
607 2037 795 2093 Solem
828 2042 885 2092 et
910 2036 1112 2092 lunam
1145 2044 1200 2093 et
1232 2037 1433 2093 stellas
1461 2055 1574 2092 non
1609 2037 1996 2094 adorandum.

455 2128 599 2183 XIII.
637 2126 741 2182 Ubi
774 2125 915 2181 dicit
934 2130 1159 2198 Moyses
1179 2128 1337 2199 quod
1366 2126 1572 2182 merito
1604 2126 1804 2199 populi
1833 2127 1886 2182 ei
1911 2124 2109 2182 Domi-

530 2233 643 2271 nus
675 2215 1013 2287 indignatus
1045 2217 1141 2272 sit.

456 2308 610 2361 XIV.
645 2305 1030 2360 Comminatio
1061 2305 1133 2360 ad
1168 2303 1317 2360 tilioe
1348 2305 1547 2360 Israel.

460 2393 587 2450 XV.
623 2393 956 2449 Exhortatio
988 2398 1119 2464 post
1149 2393 1687 2450 comminationem.

461 2482 601 2539 XVI.
636 2483 1130 2538 Commemoratio
1159 2483 1474 2540 virtutum.

466 2572 642 2628 XVII.
672 2572 941 2628 Civitates
973 2572 1181 2642 refugii
1213 2589 1348 2627 cum
1381 2573 1659 2628 omnibus
1689 2571 1836 2628 suis.

465 2661 666 2717 XVIII.
700 2661 960 2733 Decalogi
994 2662 1498 2718 commemoratio.

466 2750 612 2805 XIX.
645 2750 786 2815 Quis
818 2750 982 2805 dabit
1012 2751 1097 2806 eis
1128 2767 1230 2806 cor
1250 2750 1336 2806 sic
1367 2765 1496 2805 esse
1523 2754 1588 2806 ut
1617 2749 1866 2805 timeant
1895 2763 2010 2804 me.

467 2840 591 2896 XX.
617 2845 695 2895 De
727 2839 1036 2910 praeceptis
1077 2839 1483 2896 observandis.

465 2928 608 2984 XXI.
643 2928 956 2984 Dominum
987 2945 1104 2984 non
1135 2929 1655 2984 contemnendum.

465 3019 652 3074 XXII.
685 3016 868 3074 Filius
899 3017 1279 3075 instruendos
1307 3035 1458 3075 esse.

466 3108 676 3163 XXIII.
709 3112 790 3163 De
811 3107 1086 3178 gentibus
1103 3106 1560 3163 Cbananzeorum
1587 3107 1907 3180 perdentis,
1929 3111 1986 3165 et
2002 3112 2121 3167 tes-

538 3201 866 3252 tamentum
895 3212 1032 3251 cum
1064 3196 1148 3252 eis
1181 3213 1296 3252 non
1329 3197 1792 3269 disponendum.

466 3285 657 3340 XXIV.
689 3284 864 3342 Filias
895 3285 1158 3356 gentium
1193 3302 1308 3342 non
1340 3287 1734 3358 accipiendas.

468 3377 635 3431 XXV.
667 3378 814 3432 Aras
844 3375 1318 3447 confringendas.

466 3465 653 3520 XXVI.
685 3465 810 3520 Non
857 3470 1094 3536 propter
1124 3464 1376 3521 multum
1407 3465 1654 3538 elegisse
1696 3467 1881 3522 Deum
1916 3465 2113 3522 Israel.

469 3554 702 3610 XXVII.
726 3553 1041 3609 Promissio
1067 3553 1377 3622 bonorum,
1398 3555 1446 3610 si
1465 3555 1793 3611 obedierint
1816 3554 1917 3610 lilii
1940 3553 2118 3612 Israel

541 3643 812 3698 Domino.

467 3731 724 3788 XXVIII.
763 3733 838 3787 De
867 3731 1083 3803 vespis.

471 3821 667 3876 XXIX.
701 3821 824 3876 Non
852 3820 1032 3876 semel
1060 3825 1266 3893 gentes
1297 3821 1484 3893 perire
1512 3825 1750 3893 propter
1781 3821 2022 3877 bestias.

470 3911 631 3967 XXX.
666 3913 889 3966 Aurum
920 3916 979 3966 et
1023 3913 1331 3981 argentum
1367 3909 1658 3966 idolorum
1711 3910 1976 3982 gentium
2006 3926 2123 3968 non

542 3999 1099 4071 concupiscendum.

470 4091 674 4146 XXXI.
709 4087 975 4144 Redditio
1005 4104 1217 4155 causa,
1240 4103 1423 4156 quare
1454 4085 1712 4160 populus
1732 4088 1834 4144 diu
1865 4091 2127 4146 tentatus

547 4179 642 4234 sit.

471 4267 697 4325 XXXII.
730 4266 880 4330 Quia
924 4281 1040 4320 non
1072 4267 1133 4323 in
1163 4264 1286 4323 solo
1339 4283 1486 4338 pane
1514 4267 1656 4323 vivit
1701 4265 1898 4338 homo,
1932 4267 2035 4323 sed
2067 4267 2127 4323 in

543 4357 703 4412 omni
733 4357 910 4411 verbo
943 4355 1063 4412 Dei.

471 4445 733 4502 XXXIII.
771 4450 845 4500 De
875 4445 1136 4501 vestibus
1167 4462 1281 4501 non
1315 4445 1495 4502 tritis.

472 4533 728 4590 XXXIV.
761 4539 843 4590 Ne
866 4534 1088 4590 ditatus
1114 4535 1347 4590 deserat
1371 4533 1686 4590 Dominum
1709 4534 1894 4591 Deum
1927 4551 2124 4592 suum.

476 4623 689 4679 XXXV.
728 4625 878 4680 Deus
910 4623 1064 4695 ignis
1093 4625 1399 4680 devorans.

467 4713 722 4770 XXXVI.
760 4713 1039 4785 Populum
1073 4731 1190 4770 non
1240 4718 1478 4786 propter
1503 4714 1796 4786 justitiam
1829 4714 2127 4788 accepisse

541 4807 983 4860 commemorat.
1016 4803 1316 4872 Jejunium
1349 4805 1493 4860 Mosi
1524 4821 1596 4860 χι.
1625 4805 1876 4862 dierum.

467 4892 737 4950 XXXVII.
768 4892 1262 4949 Commemoratio
1292 4892 1482 4949 vituli.

469 4982 776 5040 XXXVIII.
813 4982 1302 5038 Commemoratio
1334 4982 1431 5036 irae
1464 4981 1694 5037 Domini
1717 4982 1998 5038 adversus
2022 4998 2123 5055 po-

2286 1416 2343 1467 et
2371 1413 2668 1470 contineat
2699 1413 2931 1481 cmlum,
2963 1420 3020 1470 et
3049 1430 3169 1470 non
3199 1413 3276 1470 sit
3317 1411 3534 1484 pluvia.

2215 1500 2445 1556 XLVIII.
2478 1501 2652 1558 Filios
2682 1519 2912 1574 semper
2941 1503 3257 1559 docendos.

2215 1591 2403 1648 XLIX.
2436 1595 2517 1646 De
2549 1590 2890 1647 fortitudine
2938 1591 3038 1647 Dei
3073 1607 3248 1663 supra
3291 1594 3494 1662 gentes
3542 1586 3878 1645 terrendus.

2218 1683 2282 1738 L.
2314 1681 2394 1738 De
2425 1682 2828 1739 benedictione
2858 1686 2916 1738 et
2945 1681 3380 1738 maledictione.

2219 1771 2302 1826 LI.
2341 1771 2487 1826 Item
2519 1775 2588 1827 de
2621 1771 2775 1828 idolo
2807 1771 3254 1843 confringendo.

2219 1861 2340 1915 LII.
2372 1863 2436 1916 In
2469 1878 2583 1917 uno
2613 1860 2739 1917 loco
2770 1861 3246 1916 sacrificandum.

2219 1948 2364 2006 LIII.
2387 1949 2683 2006 Sacrificia
2713 1955 2771 2005 et
2796 1950 2994 2005 omnia
3013 1952 3146 2004 vota
3167 1964 3282 2004 non
3306 1945 3419 2004 nisi
3451 1944 3552 2001 ubi
3583 1942 3879 2016 templum

2291 2038 2487 2105 fuerit,
2520 2038 2890 2094 celebranda.

2223 2127 2362 2183 LIV.
2390 2127 2618 2183 Levitas
2650 2145 2764 2183 non
2797 2127 2984 2184 deseri
3008 2127 3069 2183 in
3092 2125 3262 2196 votis,
3295 2127 3356 2181 et
3385 2122 3738 2196 sanguinem
3762 2138 3882 2178 non

2295 2217 2796 2272 manducandum.

2149 2336 2197 2401 Β
2233 2305 2336 2360 LV.
2369 2305 2448 2401 1)_e
2478 2305 2764 2377 propheta
2821 2306 2870 2362 si
2903 2303 3245 2376 surrexerit,
3287 2309 3344 2361 et
3393 2300 3786 2360 suadentibus
3816 2301 3892 2356 ad

2303 2394 2477 2450 idola.

2234 2485 2373 2539 LVI.
2406 2489 2594 2555 Supra
2625 2487 2920 2540 mortuum
2954 2500 3069 2540 non
3102 2481 3550 2540 decalvandum.

2230 2572 2402 2629 LVII.
2440 2572 2524 2628 De
2583 2572 2890 2644 pecoribus
2923 2573 3184 2642 mundis,
3243 2575 3444 2627 etnon
3484 2566 3894 2625 comedendis.

2235 2662 2430 2717 LVIII.
2467 2661 2734 2718 Uecimas
2760 2661 2820 2716 in
2853 2660 3141 2734 templum
3171 2659 3520 2717 offerendas.

2231 2750 2370 2806 LIX.
2405 2753 2470 2806 In
2495 2749 2615 2805 voti
2646 2749 2937 2806 solutione
2995 2750 3248 2806 Levitam
3281 2765 3397 2806 non
3429 2746 3892 2821 praetermitten-

2303 2840 2468 2896 dum.

2231 2929 2352 2985 LX.
2382 2928 2770 2986 Remissionis
2793 2932 3173 3002 praceptum.

2229 3019 2377 3074 LXI.
2410 3018 2468 3073 Si
2499 3035 2638 3074 aure
2668 3019 2974 3075 audieritis
3004 3034 3218 3074 nomen
3248 3015 3351 3073 Dei
3380 3013 3577 3072 vestri.

2231 3109 2392 3165 LXII.
2424 3115 2505 3165 De
2537 3109 2814 3181 gentibus
2846 3106 3154 3181 proximis.

2227 3197 2428 3254 LXIII.
2461 3197 2544 3254 De
2581 3215 2749 3255 servo
2781 3199 3042 3254 Hebraeo.

2226 3286 2424 3342 LXIV.
2462 3288 2538 3343 De
2569 3287 2847 3359 primitiis
2877 3303 3174 3360 pecorum.

2229 3375 2391 3431 LXV.
2423 3377 2612 3440 Quare
2644 3375 2865 3447 pascha
2894 3382 2951 3432 et
2981 3392 3184 3448 azyma
3215 3373 3624 3430 manducetur.

2226 3465 2414 3522 LXVI.
2447 3466 2529 3522 De
2559 3470 2923 3522 Pentecoste.

2227 3553 2456 3610 LXVII.
2488 3554 2657 3610 Festa
2686 3552 3245 3610 Tabernaculorum.

2229 3643 2470 3700 LXVIII.
2505 3643 2630 3699 Non
2689 3642 3001 3715 apparebis
3029 3641 3093 3698 in
3142 3647 3458 3714 conspectu
3509 3638 3746 3697 Domini
3787 3641 3880 3695 tui

2302 3749 2546 3788 vacuus.

2235 3821 2438 3877 LXIX.
2469 3820 2709 3876 Judices
2731 3819 3151 3890 constituendi,
3185 3825 3250 3876 ut
3271 3820 3542 3892 judicent
3563 3819 3753 3891 justa.

2236 3910 2400 3966 LXX.
2435 3908 2818 3966 Immaculata
2846 3909 3138 3966 offerenda
3167 3909 3380 3967 hostia.

2238 3999 2435 4055 LXXI.
2471 3998 2597 4057 Non
2628 3999 2989 4072 parcendum
3031 3997 3189 4055 idola
3219 4015 3286 4055 ac
3315 3998 3510 4055 sidera
3535 3997 3898 4055 'colentibus

2240 4089 2460 4145 LXXII.
2494 4091 2557 4144 In
2589 4089 2820 4144 duobus
2849 4086 2938 4143 vel
2970 4087 3159 4143 tribus
3190 4086 3443 4144 testibus
3473 4091 3743 4145 constare
3759 4103 3901 4144 om-

2239 4268 2491 4324 LXXIII.
2523 4266 2585 4324 Si
2611 4267 2853 4324 verbum
2873 4266 3095 4338 judicia
3121 4265 3413 4336 defecerit,
3446 4272 3504 4323 et
3545 4265 3897 4337 ambiguum

2309 4357 2531 4428 aliquid
2566 4357 2757 4413 fuerit.

2239 4446 2479 4503 LXXIV.
2511 4452 2593 4502 De
2623 4445 2926 4502 sacerdote
2955 4449 3013 4503 et
3032 4446 3236 4517 judice
3263 4445 3574 4502 audiendo.

2237 4536 2447 4592 LXXV.
2477 4534 2555 4591 De
2585 4534 2993 4607 praeponendis
3022 4534 3414 4608 principibus.

2236 4624 2477 4682 LXXVI.
2510 4624 2588 4680 De
2608 4625 2876 4697 partibus
2895 4624 3243 4697 praestandis
3261 4621 3667 4681 sacerdotibus
3696 4639 3766 4679 ex
3789 4642 3894 4680 sa-

2306 4713 2546 4770 criﬁciis

2237 4803 2501 4873 LXXVII,
2535 4802 2734 4860 Devita
2754 4803 2804 4860 si
2831 4804 2902 4860 de
2931 4802 3392 4860 commoratione
3419 4817 3526 4860 sua
3553 4801 3614 4858 in
3643 4801 3895 4860 Jerusa-

2304 4893 2418 4949 lem
2450 4892 2648 4949 venire
2676 4891 2942 4950 voluerit.

2234 4981 2534 5038 LXXVIII.
2565 4981 2646 5037 De
2675 4981 2939 5054 auguriis
2997 4984 3055 5037 et
3083 4981 3552 5040 incantatoribus
3572 4985 3631 5039 et
3659 4981 3896 5038 malefi-

539 5071 744 5144 pulum
769 5075 824 5126 et
846 5074 1056 5140 Aaron,
1078 5075 1315 5140 propter
1337 5069 1612 5134 vitulum,
1634 5074 1692 5126 et
1714 5069 1854 5126 item
1881 5070 2124 5126 secundi
2156 5073 2202 5138 ι)
2305 5069 2412 5126 cis.

533 5161 747 5230 jeiuuii
780 5158 1176 5230 quadraginta
1207 5158 1459 5214 dierum.

469 5249 720 5306 XXXIX.
770 5248 1261 5304 Commemoratio
1316 5245 1654 5302 tabularum
1703 5249 2115 5306 secundarum.

470 5341 586 5396 XL.
623 5339 768 5402 Quid
809 5337 1092 5391 Dominus
1119 5341 1274 5391 Deus
1304 5337 1442 5390 tuus
1470 5334 1724 5406 exquirit
1753 5353 1786 5392 a
1818 5341 1892 5406 te,
1917 5339 2117 5397 Israel.

469 5429 603 5484 XLI.
639 5428 857 5484 CIBIUID
892 5427 1018 5481 caeli
1049 5430 1107 5480 et
1136 5423 1335 5480 omnia
1368 5424 1597 5479 Domini
1630 5424 1730 5481 Dei
1765 5427 1845 5482 tui
1871 5427 2011 5486 sint.

470 5518 642 5573 XLII.
677 5519 964 5573 Duritiam
999 5513 1192 5571 cordis
1223 5512 1782 5572 circumcidendam.

469 5606 670 5661 XLIII.
708 5606 1022 5663 Dominum
1073 5609 1258 5661 Deum
1317 5606 1488 5659 tuum
1518 5602 1777 5674 timebis,
1807 5608 1863 5663 et
1893 5604 1974 5662 illi
2006 5607 2118 5665 soli

541 5710 776 5750 εθτνιθε.

2236 5158 2476 5216 LXXIX.
2513 5159 2861 5232 Prophetam
2893 5159 3166 5216 suscitari
3197 5160 3255 5216 in
3288 5159 3524 5233 populo.

2234 5249 2432 5304 LXXX.
2456 5250 2757 5313 Quomodo
2783 5249 3030 5305 verbum
3058 5249 3402 5320 agnoscitur
3428 5266 3502 5306 an
3524 5249 3761 5307 Domini
3791 5254 3897 5306 sit.

2233 5336 2485 5393 LXXXI.
2524 5339 2600 5394 De
2633 5337 2968 5394 civitatibus
3008 5339 3241 5410 refugii.

2232 5426 2500 5482 LXXXII.
2538 5427 2662 5485 Non
2695 5427 3137 5483 transferendos
3168 5427 3468 5484 terminos.

2227 5514 2520 5572 LXXXIII.
2554 5515 2633 5570 De
2656 5520 2802 5571 teste
2831 5517 3032 5588 iniquo
3057 5532 3072 5572 :
3103 5515 3164 5572 in
3197 5532 3295 5573 ore
3317 5516 3569 5573 duorum
3591 5515 3681 5576 vel
3700 5520 3888 5576 trium

2295 5603 2479 5661 stabit
2507 5621 2681 5662 omne
2707 5605 2972 5662 verbum.

2227 5693 2523 5753 LXXXIV.
2553 5692 2800 5752 Oculum
2834 5710 2938 5768 pro
2970 5693 3162 5754 oculo.
