4068 6172
217 357 302 415 «5
1454 361 1669 417 mssa
1703 362 2276 418 DEUTERONOMII.
3171 427 3184 436 ,
3464 357 3569 414 446

212 484 420 542 LXXXV.
445 483 781 541 Exhortatio
811 483 872 540 in
904 499 1124 557 pugna.

1840 487 1897 556 Α
1925 487 2114 545 CXVI.
2148 492 2228 544 De
2259 488 2468 546 Maria.

215 573 462 632 LXXXVI.
492 573 572 630 De
599 573 759 646 ligno
791 574 1089 630 fructifero
1121 591 1238 631 non
1269 575 1589 634 excidendo
1620 577 1680 633 in
1712 578 1816 634 ob—
1923 577 2140 632 CXVII.
2169 577 2250 634 De
2279 579 2520 650 pignore
2548 578 2865 635 reddendo.

263 663 467 719 sidione
497 663 769 719 civitatis.

215 752 483 810 LXXXVII.
520 753 596 808 De
627 752 818 808 occiso
846 769 881 809 a
905 751 1153 810 latrone.

213 840 530 898 LXXXVIII.
562 840 643 896 De
665 840 910 897 muliere
931 841 1181 914 captiva,
1207 841 1256 899 si
1280 859 1424 901 uxor
1443 843 1618 900 fuerit
1639 845 1811 902 facta.

213 929 474 986 LXXXIX.
505 936 588 986 De
620 930 853 986 duabus
886 930 1189 987 uxoribus.

209 1019 297 1074 XC.
329 1020 394 1074 De
425 1017 558 1074 ﬁliis
587 1034 701 1074 non
733 1019 886 1076 dicto
915 1019 1321 1077 audientibus.

206 1107 318 1163 XCI.
350 1109 417 1164 De
445 1108 743 1164 cruciﬁxo.

206 1197 338 1253 XCII.
368 1201 438 1252 De
469 1209 671 1268 pecore
704 1197 976 1270 proximi.

202 1286 362 1342 XCIII.
394 1290 467 1342 De
497 1292 655 1342 veste
686 1286 814 1355 viri,
847 1292 904 1342 et
933 1286 1222 1344 mulieris.

202 1375 360 1431 XCIV.
392 1380 464 1431 De
492 1374 653 1432 nido.

198 1465 323 1521 XCV.
351 1465 427 1520 De
454 1464 650 1521 balteo
681 1465 917 1522 domus.

199 1553 357 1608 XCVI.
387 1558 460 1610 De
493 1554 662 1610 vinea
693 1571 808 1610 non
841 1553 1210 1611 seminanda.

195 1643 386 1699 XCVII.
418 1643 501 1699 De
537 1642 704 1699 asina
733 1648 790 1699 et
821 1642 1024 1700 vitulo.

199 1731 408 1788 XCVIII.
439 1732 525 1788 De
555 1731 675 1788 lino
705 1737 765 1789 et
797 1733 933 1789 lana
963 1738 1021 1790 et
1050 1733 1360 1806 opertorio.

195 1821 455 1928 XCIX..De
483 1821 850 1894 projicienda
900 1839 1096 1891 uxore,
1146 1822 1198 1880 si
1228 1824 1389 1896 virgo
1421 1823 1656 1882 inventa
1688 1843 1804 1883 non
1836 1863 1883 1928 Β

250 1909 420 1965 fuerit.

193 1995 240 2053 C.
261 1997 331 2054 De
357 1997 667 2067 adulterio,
704 1997 792 2054 vel
819 1998 1042 2071 virgine
1071 2005 1372 2073 sponsata.

192 2089 257 2142 CI.
284 2087 356 2143 De
385 2087 612 2161 virgine
643 2087 756 2144 vim
789 2106 965 2160 passa
995 2089 1055 2145 in
1087 2106 1248 2162 agro.

189 2175 280 2231 CII.
307 2181 379 2233 De
407 2177 681 2233 nuditate
714 2177 909 2234 uxoris
945 2178 1124 2249 patris
1155 2196 1272 2236 non
1305 2181 1605 2237 nudanda.

192 2264 302 2319 CIII.
331 2265 405 2320 De
433 2267 636 2323 abciso
668 2271 727 2322 et
757 2267 1088 2324 fornicario.

194 2352 302 2410 CIV.
330 2359 404 2410 De
432 2355 660 2427 polluto
685 2356 901 2412 fluente
931 2356 1176 2413 semine.

192 2440 277 2496 CV.
303 2441 375 2498 De
402 2460 574 2500 servo
607 2461 720 2500 non
757 2446 1060 2501 tradendo.

194 2529 302 2586 CVI.
330 2532 446 2589 Non
474 2533 755 2590 fornicari
787 2533 939 2592 filios
971 2534 1168 2591 Israel.

194 2617 326 2674 CVII.
355 2621 432 2676 De
460 2621 653 2694 pretio
683 2622 1030 2691 fornicariaa,
1063 2628 1120 2680 et
1140 2624 1304 2682 canis
1333 2641 1450 2682 non
1482 2626 1799 2684 olIerendo.

189 2704 347 2766 CVIII.
378 2709 584 2767 Usum:
618 2728 734 2768 non
767 2713 1053 2769 dandum.

190 2795 301 2853 CIX.
329 2798 468 2856 Vota
498 2800 622 2858 cito
654 2802 973 2858 reddenda.

191 2885 286 2940 CX.
314 2886 387 2944 De
416 2893 617 2962 segete
647 2895 706 2946 et
734 2889 902 2947 vinea
935 2891 1132 2947 vicini.

184 2972 294 3029 CXI.
328 2981 398 3034 De
425 2977 636 3035 libello
667 2979 922 3052 repudii.

186 3060 321 3119 CXII.
350 3066 427 3123 De
459 3069 632 3125 novis
663 3071 887 3141 nuptis,
937 3087 1053 3127 non
1101 3068 1346 3128 alienari
1397 3087 1513 3128 uno
1547 3088 1701 3129 anno
1731 3073 1802 3130 de

232 3155 401 3214 domo.

181 3241 336 3302 CXIII.
368 3247 444 3304 De
475 3265 598 3305 non
631 3249 992 3322 pignoranda
1022 3251 1198 3308 mola.

183 3330 340 3390 CXIV.
377 3338 450 3394 De
480 3337 722 3394 vendito
753 3339 931 3396 fratre
957 3357 972 3409 ;
1003 3341 1054 3396 si
1098 3341 1353 3413 pretium
1388 3343 1677 3415 acceperit
1705 3343 1799 3400 in-

239 3425 542 3484 terﬁciatur
578 3427 860 3484 venditor.

190 3508 321 3570 CXV.
346 3514 423 3572 De
451 3521 620 3574 tactu
645 3516 842 3590 lepra.

1920 665 2159 723 CXVIII.
2196 671 2271 722 De
2305 668 2570 723 mercede
2602 666 2970 723 mercenarii.

1921 755 2117 812 CXIX.
2149 755 2274 812 Non
2307 755 2456 811 mori
2487 760 2682 828 patres
2715 772 2818 827 pro
2849 754 3003 811 filiis.

1921 845 2095 900 CXX.
2127 849 2204 900 De
2228 844 2455 916 judicio
2484 843 2694 918 pupilli
2722 849 2779 900 et
2809 845 3017 900 viduas.

1919 933 2106 989 CXXI.
2146 939 2222 988 De
2254 950 2467 990 messe.

1921 1022 2140 1078 CXXII.
2174 1023 2255 1078 De
2285 1022 2438 1079 oliva
2468 1026 2526 1078 et
2553 1022 2865 1078 vindemia.

1919 1112 2168 1168 CXXIII.
2201 1112 2281 1168 De
2312 1111 2500 1184 plagis
2531 1111 2817 1183 peccatori
2845 1109 3236 1182 quadraginta
3265 1110 3567 1181 imponen-

1991 1203 2106 1257 dis.

1919 1288 2156 1346 CXXIV.
2190 1290 2267 1346 De
2298 1292 2444 1346 bove
2475 1291 2810 1347 triturante.

1919 1378 2119 1436 CXXV.
2156 1385 2234 1435 De
2262 1380 2601 1436 suscitando
2633 1379 2891 1436 defuncti
2921 1378 3164 1435 semine.

1919 1465 2168 1524 CXXVI.
2199 1473 2281 1524 De
2315 1485 2492 1525 uxore
2523 1469 2788 1527 rixantis.

1919 1556 2180 1613 CXXVII.
2214 1557 2295 1613 De
2325 1559 2606 1629 pondere.

1917 1645 2217 1702 CXXVIII.
2252 1647 2328 1702 De
2355 1646 2614 1702 Amalec.

1918 1735 2162 1790 CXXIX.
2197 1735 2278 1791 De
2309 1734 2586 1806 primitiis
2617 1739 2805 1791 terrea.

1918 1824 2138 1879 CXXX.
2172 1824 2335 1888 Quod
2365 1823 2538 1880 Israel
2569 1823 2888 1881 Dominum
2921 1823 3105 1880 Deum
3137 1822 3399 1895 elegerit.

1915 1913 2167 1970 CXXXI.
2201 1919 2283 1969 De
2311 1913 2610 1985 lapidibus
2641 1913 2970 1970 scribendis
3009 1918 3066 1968 et
3099 1913 3454 1968 statuendis.

1915 2001 2193 2059 CXXXII.
2228 2002 2336 2058 Ubi
2366 2002 2528 2073 dicit,
2561 2002 2913 2059 maledictus
2960 2001 3062 2073 qui
3091 2001 3395 2057 dormierit
3425 2018 3557 2057 cum

1987 2107 2162 2146 uxore
2196 2091 2378 2164 patris
2408 2091 2524 2163 sui,
2556 2091 2643 2146 vel
2674 2091 2776 2164 qui
2808 2092 3005 2148 fecerit
3030 2089 3322 2161 sculptile,
3351 2094 3451 2146 etc.

1914 2179 2210 2236 CXXXIII.
2245 2181 2388 2236 Item
2419 2181 2768 2237 benedictio.

1913 2268 2203 2325 CXXXIV.
2233 2275 2300 2325 Et
2321 2270 2433 2326 erit
2453 2270 2572 2325 vita
2598 2277 2702 2326 tua
2732 2270 2994 2341 pendens
3019 2273 3156 2324 ante
3181 2267 3382 2324 oculos
3403 2271 3558 2322 tuos.

1909 2358 2182 2415 CXXXV.
2215 2359 2711 2415 Commemoratio
2759 2359 3180 2430 prwstitorum,
3212 2373 3338 2428 qua
3371 2373 3560 2428 neque

1981 2464 2100 2518 cor,
2136 2464 2326 2519 neque
2381 2447 2602 2516 oculos,
2654 2464 2843 2519 neque
2893 2463 3064 2502 aures
3111 2445 3447 2513 habuerint,
3496 2452 3559 2501 ut

1973 2541 2410 2608 cognoscerent,
2472 2542 2530 2592 et
2586 2538 2657 2593 de
2711 2535 2974 2592 vestibus
3032 2539 3089 2592 et
3135 2534 3550 2592 calceamentis

1983 2627 2378 2698 quadraginta
2405 2625 2596 2682 annis.

1911 2715 2196 2773 CXXXVI.
2231 2716 2365 2780 Quae
2397 2715 2686 2773 absconsa
2733 2719 2875 2772 sunt
2915 2719 3053 2784 Deo,
3086 2730 3214 2785 quae
3245 2713 3557 2770 manifesta

1984 2810 2124 2860 sunt
2153 2804 2336 2862 vobis.

1912 2892 2224 2949 CXXXVII.
2262 2894 2336 2949 De
2367 2892 2484 2948 vita
2512 2896 2572 2951 et
2602 2895 2789 2949 morte
2820 2897 2956 2948 ante
2981 2895 3058 2948 te.

1913 2982 2259 3039 CXXXVIII.
2292 2981 2578 3038 Testatio.

1910 3072 2203 3130 CXXXIX.
2234 3072 2374 3128 Jesu
2407 3070 2723 3128 destinavit
2753 3070 2996 3141 Moyses.
3107 3073 3112 3078 ’

1912 3161 2069 3218 CXL.
2103 3161 2406 3217 Canticum
2438 3161 2641 3232 Moysi.

1821 3237 1864 3304 C
1903 3251 2087 3308 CXLI.
2123 3250 2410 3323 Loquitur
2455 3253 2680 3322 Moyses
2733 3251 2803 3305 ad
2854 3246 3167 3321 populum,
3199 3251 3257 3303 et
3285 3246 3552 3304 ascendit

1979 3340 2052 3396 ad
2085 3344 2366 3396 montem.

1909 3430 2126 3487 CXLII.
2161 3428 2494 3486 Benedictio
2522 3428 2740 3502 Moysis
2771 3445 2952 3499 super
2981 3426 3292 3501 populum.

305 3831 697 3894 CAPITULA
741 3835 958 3896 LIBRI
1004 3837 1212 3897 ELLE
1255 3836 1729 3900 ADDABARIM
1774 3837 1903 3905 QUI
1968 3837 2249 3900 GR/ECE
2295 3836 2621 3898 DICITUR
2665 3835 3386 3898 DEUTERONOMIUM.

183 4165 216 4220 ι.
240 4167 405 4227 Verba
436 4188 575 4243 quae
610 4175 842 4229 locutus
873 4178 961 4228 est
983 4173 1213 4246 Moyses
1243 4175 1407 4230 omni
1438 4175 1616 4231 Israel
1648 4191 1794 4246 qua-

233 4257 547 4330 dragesimo
584 4278 737 4317 anno
771 4262 830 4318 in
862 4279 1054 4320 eremo
1087 4267 1219 4335 post
1257 4264 1610 4320 occisionem
1643 4265 1793 4320 Seon

233 4354 279 4400 et
304 4349 381 4420 0g
410 4366 645 4422 regum,
682 4367 782 4422 per
811 4352 1009 4407 omnia
1039 4368 1169 4423 quae
1219 4352 1492 4424 praecepit
1523 4352 1608 4407 illi
1639 4353 1794 4409 Deus

234 4435 281 4490 in
310 4441 519 4495 Horeb.
1132 4464 1138 4468 ι

184 4520 236 4577 ll.
264 4527 400 4581 Dixit
431 4530 662 4600 Moyses
697 4531 767 4583 ad
801 4529 1080 4598 populum
1113 4533 1169 4584 in
1203 4535 1466 4601 tempore
1497 4531 1596 4585 illo
1623 4548 1635 4586 :
1668 4531 1792 4586 Non

238 4621 418 4683 potero
443 4617 613 4674 solus
644 4617 887 4672 sufferre
915 4634 1037 4683 vos,
1070 4624 1126 4673 et
1155 4619 1419 4673 ordinavi
1448 4619 1614 4674 vobis
1647 4621 1797 4676 viros

239 4706 535 4773 sapientes,
572 4706 674 4776 qui
706 4711 1025 4778 praeessent
1054 4707 1241 4762 vobis.

187 4787 260 4846 ΙΙΙ.
286 4792 576 4850 Tollentes
607 4809 670 4850 se
701 4794 772 4850 de
806 4795 1013 4858 Horeb,
1061 4795 1514 4851 ambulaverunt
1543 4813 1643 4866 per
1671 4812 1798 4852 om-

237 4896 351 4937 nem
381 4899 672 4938 eremum.

179 4963 249 5023 1V.
275 4972 611 5030 Accessistis
642 4973 712 5027 ad
747 4989 862 5039 me,
895 4979 952 5028 et
1000 4973 1271 5030 dixistis:
1305 4976 1609 5030 Mittamus
1640 4975 1797 5032 viros

237 5067 352 5117 ante
382 5079 511 5130 nos,
545 5067 607 5117 et
637 5062 741 5117 feci
776 5062 1102 5118 secundum
1138 5063 1248 5119 hoc
1277 5065 1545 5121 verbum.

185 5144 231 5201 γ.
260 5151 317 5204 Et
345 5149 625 5207 noluistis
655 5151 991 5215 ascendere,
1041 5168 1232 5223 neque
1262 5153 1594 5210 credidistis
1624 5154 1796 5210 verbo

240 5236 472 5296 Domini.

185 5321 254 5382 VI.
281 5327 344 5383 Et
370 5328 489 5384 dixi
523 5327 731 5385 vobis:
765 5327 1051 5386 Dominus
1086 5330 1236 5388 Deus
1267 5332 1552 5403 praecedet
1580 5349 1704 5403 vos,
1739 5337 1798 5388 et

239 5431 336 5470 non
367 5416 726 5473 credidistis.

186 5499 275 5559 VII.
305 5504 720 5562 Murmurastis
749 5509 808 5562 et
854 5507 1237 5565 exacerbatus
1281 5513 1371 5566 est
1399 5509 1708 5579 Dominus,
1741 5515 1798 5567 et

235 5594 434 5662 juravit
462 5611 585 5650 non
628 5594 948 5652 intraturos
997 5613 1100 5654 vos
1133 5597 1192 5653 in
1239 5601 1454 5657 terram
1495 5599 1658 5656 illam
1687 5601 1795 5659 bo-

242 5696 384 5753 nam,
423 5682 544 5742 nisi
574 5681 791 5743 Cbaleb
820 5687 879 5743 et
907 5684 1060 5745 filios
1086 5686 1235 5758 ejus.

1903 4178 2052 4230 VIII.
2084 4180 2158 4230 Et
2189 4175 2331 4230 mihi
2365 4175 2550 4229 iratus
2580 4178 2670 4230 est
2718 4173 3003 4229 Dominus
3036 4189 3216 4228 causa
3243 4172 3421 4227 vestri
3452 4172 3543 4226 di-

1972 4280 2112 4319 cens
2142 4280 2154 4318 :
2189 4269 2304 4318 Nec
2335 4270 2394 4318 tu
2429 4263 2677 4318 intrabis
2727 4262 2828 4328 ibi,
2863 4263 2960 4316 sed
2993 4262 3164 4317 Jesus
3201 4261 3358 4316 filius
3390 4261 3546 4317 Nave

1975 4352 2221 4408 intrabit
2251 4352 2354 4420 ibi,
2388 4357 2446 4408 et
2477 4353 2581 4407 filii
2613 4367 2840 4418 eorum,
2872 4369 3023 4423 quos
3061 4351 3335 4406 dixerunt
3364 4351 3548 4424 capti-

1975 4458 2077 4497 vos
2107 4443 2358 4498 futuros.

1906 4531 2007 4585 l'X.
2040 4531 2108 4584 Et
2137 4535 2339 4586 contra
2387 4531 2723 4585 mandatum
2776 4529 3128 4586 ascendistis
3170 4529 3230 4583 in
3264 4532 3550 4596 montem,

1978 4625 2034 4674 et
2058 4620 2229 4674 exivit
2259 4620 2654 4685 Amorrhmus,
2687 4623 2744 4673 et
2771 4624 3113 4690 persecutus
3143 4623 3232 4673 est
3263 4635 3382 4673 vos.

1824 4709 1869 4772 D
1900 4707 1966 4764 X.
1999 4708 2278 4762 Similiter
2323 4708 2582 4762 decurrit
2630 4723 2732 4776 per
2789 4705 3045 4777 singula.
3104 4711 3161 4761 et
3215 4706 3550 4762 dinumerat

1980 4797 2252 4852 universa
2283 4795 2578 4868 magnalia
2607 4795 2728 4859 Dei,
2762 4799 2820 4850 et
2849 4795 3094 4850 virtutes
3121 4796 3341 4867 quibus
3371 4799 3547 4867 praei-

1978 4885 2078 4940 bat
2109 4901 2208 4940 eos
2256 4889 2430 4950 Deus,
2485 4889 2541 4939 et
2587 4884 2880 4954 quomodo
2922 4883 3068 4938 aluit
3095 4899 3196 4940 eos
3226 4886 3285 4939 in
3317 4887 3547 4941 deserto

1978 4991 2081 5045 per
2109 4975 2503 5045 quadraginta
2550 4989 2758 5037 annos,
2791 4977 2848 5028 et
2877 4990 3006 5044 quae
3054 4973 3190 5028 fecit
3217 4974 3371 5030 Deus
3401 4976 3548 5028 duo-

1979 5064 2090 5119 bus
2122 5064 2358 5133 regibus
2388 5063 2537 5117 Seon
2569 5067 2626 5116 et
2655 5062 2758 5133 0g.

1909 5153 1997 5208 XI.
2034 5158 2098 5206 Et
2129 5157 2399 5224 precatus
2431 5167 2562 5206 sum
2601 5151 2908 5206 Dominum
2959 5152 3019 5209 in
3050 5158 3312 5224 tempore
3341 5151 3460 5215 illo,
3494 5156 3550 5204 et

1978 5242 2242 5313 despexit
2274 5257 2364 5295 me
2394 5257 2574 5296 causa
2603 5239 2799 5295 vestri.

1904 5332 2026 5388 XII.
2058 5331 2158 5386 Hic
2190 5330 2400 5385 iterum
2433 5328 2708 5400 astringit
2737 5345 2809 5384 ne
2839 5328 3141 5384 discedant
3170 5345 3203 5384 a
3233 5327 3545 5382 mandatis.

1904 5420 2060 5476 XIII.
2101 5419 2294 5474 Videte
2329 5435 2398 5474 ne
2431 5417 2658 5472 faciatis
2684 5417 2848 5472 vobis
2878 5417 3167 5487 sculptile,
3202 5415 3546 5471 similitudi-

1978 5525 2106 5564 nem
2137 5508 2329 5563 omnis
2349 5506 2629 5576 hominis,
2651 5511 2749 5561 aut
2777 5507 3020 5578 pecoris,
3046 5511 3148 5559 aut
3171 5504 3418 5573 alicujus
3442 5506 3545 5570 rei,

1979 5613 2104 5670 qua
2139 5601 2277 5653 sunt
2300 5612 2476 5668 super
2504 5598 2856 5664 terram,aut
2884 5594 2942 5648 in
2976 5593 3138 5660 ccslo,
3174 5597 3273 5648 aut
3294 5593 3350 5647 in
3378 5595 3546 5648 mari.

1904 5686 2060 5748 XIV.
2095 5685 2375 5745 Dominus
2404 5684 2592 5742 iratus
2621 5687 2707 5740 est
2734 5682 2880 5742 mihi
2927 5685 3163 5755 propter
3190 5698 3314 5754 vos,
3340 5687 3398 5740 et
3428 5699 3544 5742 non
