4068 6172
372 320 374 322 ’
398 356 499 414 447

1436 362 1495 416 S.
1537 360 1947 417 HIERONYMI
1985 359 2244 415 DIVINA
2281 357 2777 414 BIBLIOTHECA.

3706 355 3812 412 448

469 485 698 543 intrabo
727 485 1050 554 vobiscum,
1085 485 1185 541 sed
1219 485 1437 542 morior
1488 485 1546 541 in
1578 485 1687 543 hac
1726 489 1903 543 terra.
1935 488 2039 542 At-
2069 485 2125 554 Α
2155 484 2404 541 ΧΧΧΙΙΙ.
2436 484 2506 539 Et
2535 483 2684 539 dixit
2729 481 3018 540 Dominus
3059 482 3130 539 ad
3176 498 3288 554 me,
3322 481 3450 540 sine
3478 496 3595 552 me,
3620 485 3678 539 et
3707 483 3816 540 de-

464 575 686 632 tendite
717 592 788 631 ne
836 573 1272 630 obliviscamini
1328 577 1751 631 testamentum
1814 574 2047 630 Domini

461 663 566 721 Dei
610 664 828 719 vestri:
881 663 1163 733 quoniam
1207 662 1258 718 si
1309 663 1794 720 exacerbaveritis
1834 670 2044 731 Deum,

464 755 646 808 testor
674 752 837 807 vobis
868 751 1043 808 hodie
1072 751 1283 809 coelum
1315 758 1372 810 et
1401 757 1640 824 terram,
1674 754 1811 825 quia
1842 753 2048 826 peribi-

459 841 536 896 tis
572 842 640 896 de
672 845 825 896 terra
856 839 982 896 illa.

392 931 507 985 XV.
544 929 903 1002 Interrogata
948 929 997 985 si
1031 947 1063 985 a
1112 947 1226 1002 quo
1277 931 1498 988 creavit
1537 932 1693 988 Deus
1721 931 2046 999 hominem,

474 1018 744 1074 auditum
777 1023 866 1074 est
895 1018 1024 1086 hoc,
1059 1019 1109 1074 si
1141 1024 1229 1075 est
1259 1036 1401 1092 gens
1447 1021 1557 1076 sub
1590 1019 1732 1076 caelo
1764 1021 1858 1076 oui
1889 1019 2049 1076 Iocu-

476 1112 573 1163 tus
605 1109 684 1163 sit
714 1108 994 1164 Dominus
1025 1110 1096 1164 de
1128 1109 1320 1166 medio
1352 1109 1531 1181 ignis.

406 1197 544 1253 XVI.
575 1199 737 1253 Tunc
769 1197 1064 1270 disposuit
1093 1199 1322 1270 Moyses
1353 1199 1620 1255 civitates
1654 1199 1726 1255 ad
1759 1198 2048 1270 refugium

485 1285 930 1341 homicidarum.

406 1375 576 1431 XVII.
611 1375 740 1430 Haec
770 1379 859 1431 est
887 1374 1001 1447 lex,
1035 1392 1212 1448 quam
1266 1375 1501 1434 locutus
1533 1382 1622 1436 est
1651 1381 1879 1450 Moyses
1911 1393 2052 1434 oon-

474 1481 686 1520 vocans
719 1466 789 1520 ad
825 1481 886 1520 se
919 1481 1154 1521 omnem
1187 1467 1390 1524 Israel.

410 1553 601 1610 XVIII.
635 1555 766 1609 Haec
797 1555 972 1610 verba
1015 1555 1246 1611 locutus
1279 1561 1367 1612 est
1397 1557 1681 1614 Dominus
1712 1557 1783 1612 ad
1815 1573 2049 1613 omnem

481 1660 835 1717 synagogam
877 1644 1072 1713 Israel,
1105 1651 1163 1701 et
1193 1645 1425 1702 dixistis
1454 1645 1597 1702 mihi
1632 1652 1696 1702 ut
1727 1646 1991 1702 audirem
2025 1665 2058 1704 a

481 1733 617 1803 Deo,
649 1740 702 1788 et
734 1731 966 1789 locutus
998 1750 1187 1790 essem
1217 1736 1403 1801 vobis,
1433 1741 1491 1791 et
1521 1752 1675 1791 nunc
1707 1735 1877 1792 facite
1907 1752 2059 1807 quee-

479 1837 711 1893 ounque
742 1823 1016 1894 praecepit
1042 1823 1211 1880 vobis
1261 1823 1565 1895 Dominus,
1610 1842 1725 1880 non
1757 1824 2058 1880 declinan—

478 1915 566 1966 tes
597 1911 667 1966 ad
697 1912 983 1980 dextram,
1016 1928 1204 1984 neque
1235 1915 1305 1968 ad
1338 1913 1662 1969 sinistram.

408 2000 551 2056 XIX.
601 2002 772 2069 Audi,
837 2001 1038 2069 Israel,
1097 2003 1384 2058 Dominus
1442 2003 1597 2058 Deus
1654 2005 1850 2058 noster
1902 2002 2057 2058 Deus

481 2106 639 2145 unus
687 2094 796 2158 est,
851 2095 908 2146 et
955 2091 1166 2162 diliges
1217 2091 1531 2146 Dominum
1575 2096 1755 2147 Deum
1793 2095 1958 2148 tuum
1990 2107 2060 2148 ex

482 2181 605 2233 toto
639 2179 810 2234 corde
840 2182 963 2249 tuo,
997 2183 1053 2233 et
1084 2196 1152 2234 ex
1179 2183 1301 2234 tota
1329 2179 1547 2234 virtute
1576 2184 1700 2234 tua.

415 2269 544 2323 XX.
578 2267 897 2324 Dominum
949 2275 1131 2325 Deum
1186 2275 1354 2326 tuum
1409 2269 1671 2336 timebis,
1723 2275 1780 2326 et
1824 2269 1909 2326 illi
1950 2270 2058 2327 soli

484 2357 724 2413 servies.

421 2446 565 2502 XXI.
595 2445 721 2502 Non
755 2446 915 2502 ibitis
946 2451 1078 2519 post
1107 2449 1246 2504 deos
1277 2447 1518 2520 alienos,
1561 2466 1634 2506 ne
1662 2448 2058 2506 eradioemini.

431 2536 607 2593 XXII.
642 2537 764 2592 Non
815 2537 1072 2594 tentabis
1121 2538 1432 2595 Dominum
1482 2543 1664 2595 Deum
1713 2543 1906 2605 tuum,
1957 2539 2059 2595 sed

489 2625 668 2683 facies
699 2643 827 2697 quae
855 2628 1132 2699 praecepit
1187 2627 1314 2696 tibi,
1347 2634 1405 2685 et
1453 2628 1574 2685 ﬁlio
1605 2633 1705 2685 tuo
1737 2630 1895 2684 dices
1927 2645 2062 2700 que-

486 2716 866 2772 madmodum
899 2717 1162 2773 eduxerit
1193 2721 1248 2774 te
1281 2719 1563 2774 Dominus
1595 2720 1666 2774 de
1684 2718 1948 2790 ngypto.

413 2805 611 2860 XXIII.
645 2806 806 2871 Quod
841 2804 888 2861 si
922 2804 1310 2862 introduxerit
1333 2810 1390 2862 te
1420 2807 1707 2864 Dominus
1736 2806 1794 2863 in
1821 2811 2060 2878 terram,

487 2910 664 2966 quam
697 2910 1083 2966 possessurus
1131 2910 1214 2964 es,
1249 2897 1553 2969 disperdes
1604 2913 1806 2953 omnes
1835 2899 2060 2968 gentes,

488 2983 670 3054 ipsas,
725 2987 783 3038 et
841 3000 972 3039 aras
1026 3000 1251 3056 earum,
1311 2990 1368 3042 et
1423 2984 1629 3041 titulos
1685 2989 1743 3042 et
1769 2984 2064 3058 soulptilia

491 3073 803 3128 comburas
838 3072 980 3145 igni.

416 3160 615 3218 XXIV.
647 3160 704 3216 Si
732 3161 1178 3218 observaveritis
1208 3167 1498 3235 praecepta
1518 3167 1576 3219 et
1598 3163 1866 3236 justitias
1895 3163 2061 3236 istas,

2085 1868 2135 1932 B

2226 573 2381 630 leam
2415 572 2569 630 illos.

2159 663 2409 720 XXXIV.
2443 663 2514 719 Et
2541 662 2816 720 descendi
2850 663 2921 718 de
2953 666 3172 730 monte,
3203 665 3260 717 et
3290 660 3408 716 vidi
3441 661 3582 735 quia
3609 678 3811 734 pecca-

2229 753 2358 824 stis,
2391 758 2448 808 et
2475 752 2695 825 projeci
2726 750 2961 808 tabulas
2992 751 3064 808 de
3093 750 3369 808 manibus
3400 751 3570 822 meis,
3602 755 3658 808 et
3681 767 3816 807 con-

2230 841 2375 914 fregi
2410 841 2564 898 illas.

2159 931 2397 989 XXXV.
2434 933 2502 988 Et
2531 933 2878 1004 deprecatus
2908 947 3041 986 sum
3073 929 3389 987 Dominum
3419 929 3630 986 iterum
3659 929 3815 986 sicut

2233 1021 2418 1093 prius,
2453 1021 2843 1094 quadraginta
2872 1021 3101 1090 diebus,
3120 1024 3190 1077 et
3219 1019 3612 1093 quadraginta
3632 1021 3816 1075 nocti-

2231 1112 2340 1166 bus
2372 1127 2578 1182 panem
2611 1127 2725 1166 non
2757 1110 2871 1182 edi,
2903 1114 2960 1165 et
2989 1126 3204 1181 aquam
3237 1125 3351 1165 non
3375 1108 3520 1165 bibi.

2159 1200 2417 1257 XXXVI.
2453 1200 2519 1256 Et
2548 1201 2607 1255 in
2637 1203 2826 1256 Aaron
2860 1199 3047 1255 iratus
3077 1203 3169 1255 est
3196 1197 3366 1255 valde
3399 1197 3684 1255 Dominus
3710 1213 3815 1268 pro

2232 1307 2298 1346 eo
2331 1290 2484 1360 quod
2517 1289 2735 1345 fecistis
2765 1287 3039 1345 vitulum.

2159 1379 2436 1435 XXXVII.
2475 1379 2541 1434 Et
2569 1379 2818 1453 sumpsi,
2852 1381 2910 1434 et
2940 1377 3241 1434 oombussi
3274 1376 3467 1434 illum.

2160 1467 2472 1525 XXXVIII.
2507 1469 2572 1523 Et
2611 1467 2671 1523 in
2703 1467 3026 1523 tentatione
3057 1465 3449 1522 exacerbastis
3473 1465 3818 1522 Dominum.

2161 1557 2414 1614 XXXIX.
2444 1557 2514 1613 Et
2561 1557 2798 1628 quando
2844 1556 3004 1613 misit
3048 1572 3150 1612 vos
3201 1554 3484 1612 Dominus
3531 1571 3568 1612 a
3602 1555 3817 1612 Gades-

2233 1652 2440 1703 Barne.

2165 1736 2274 1792 XL.
2308 1737 2376 1791 Et
2406 1739 2678 1809 precatus
2708 1751 2840 1791 sum
2891 1739 3028 1791 ante
3073 1733 3393 1790 Dominum
3423 1733 3821 1806 quadraginta

2237 1825 2466 1894 diebus,
2500 1829 2557 1880 et
2587 1823 2980 1897 quadraginta
3009 1823 3300 1880 noctibus.

2165 1917 2308 1972 XLI.
2341 1917 2402 1970 In
2433 1913 2535 1970 illo
2565 1918 2826 1986 tempore
2858 1914 3003 1969 dixit
3033 1912 3177 1968 mihi
3203 1912 3492 1969 Dominus
3517 1928 3530 1968 :
3559 1911 3816 1968 Pmoide

2236 2004 2343 2060 tibi
2376 2004 2524 2059 duas
2573 2002 2808 2059 tabulas
2849 2002 3109 2075 lapideas
3151 2001 3306 2058 sicut
3356 2003 3604 2072 priores,
3634 2006 3695 2057 et
3719 2018 3819 2058 as-

2240 2093 2422 2150 cende
2451 2093 2520 2148 ad
2554 2109 2648 2148 me
2677 2093 2736 2147 in
2772 2097 3051 2149 montem.
3130 2128 3131 2132 η

2167 2183 2332 2239 XLII.
2366 2183 2435 2238 Et
2464 2182 2571 2238 feci
2603 2198 2799 2238 arcam
2831 2185 2889 2236 et
2913 2181 3149 2238 asoendi
3183 2180 3244 2236 in
3286 2184 3566 2238 montem.

2167 2273 2366 2329 XLIII.
2397 2275 2472 2328 Et
2502 2271 2801 2340 descendi,
2829 2275 2887 2327 et
2918 2271 3053 2328 misi
3083 2269 3316 2328 tabulas
3347 2272 3406 2326 in
3437 2285 3660 2327 arcam.

2149 2361 2361 2418 XLIV.
2399 2362 2462 2417 In
2495 2360 2596 2417 illo
2625 2365 2892 2432 tempore
2942 2361 3237 2432 separavit
3281 2360 3571 2418 Dominus
3601 2359 3830 2417 tribum

2245 2450 2402 2521 Levi,
2430 2455 2495 2506 ut
2525 2455 2825 2522 portarent
2853 2465 3068 2506 arcam.

2171 2539 2333 2595 XLV.
2365 2540 2434 2594 Et
2464 2555 2643 2611 nunc,
2677 2538 2882 2606 Israel,
2919 2539 3060 2611 quid
3095 2538 3379 2596 Dominus
3408 2536 3674 2610 postulat
3703 2554 3739 2594 a
3769 2541 3831 2594 te

2243 2628 2431 2695 aliud,
2463 2645 2642 2700 quam
2692 2633 2758 2684 ut
2803 2628 3018 2685 timeas
3065 2628 3383 2684 Dominum
3417 2631 3599 2684 Deum
3629 2631 3829 2694 tuum,

2239 2720 2296 2773 et
2333 2717 2548 2790 diligas
2577 2733 2736 2785 eum,
2770 2719 2827 2772 et
2856 2717 3076 2774 servias
3105 2717 3156 2773 ei
3182 2719 3212 2772 7

2171 2806 2363 2863 XLVI.
2399 2807 2715 2864 Dominum
2770 2807 2957 2864 Deum
3005 2811 3176 2864 tuum
3216 2806 3477 2874 timebis,
3509 2809 3566 2863 et
3594 2804 3680 2862 illi
3713 2804 3830 2863 soli

2243 2912 2483 2953 SBPVIBS.

2172 2985 2391 3041 XLVII.
2422 2989 2568 3042 Cum
2601 2985 2978 3059 septuaginta
3008 2985 3318 3043 animabus
3346 2988 3363 3021 ¹
3395 2985 3834 3042 descenderunt

2244 3077 2442 3146 patres
2497 3074 2584 3130 tui
2614 3073 2675 3130 in
2727 3075 3062 3147 Egyptum,
3114 3079 3172 3130 et
3217 3073 3353 3132 fecit
3399 3077 3456 3130 te
3486 3077 3642 3129 Deus
3669 3072 3835 3130 sicut

2243 3162 2445 3219 stellas
2478 3162 2605 3220 coeli
2636 3163 2696 3218 in
2728 3162 3195 3219 multitudinem.

486 3251 742 3307 servabit
790 3256 848 3307 et
878 3251 1038 3308 vobis
1094 3253 1376 3308 Dominus
1400 3234 1866 3321 testamentum,
1900 3234 2055 3325 quod
2088 3234 2130 3303 C
2160 3252 2462 3309 XLXVIII.
2497 3253 2563 3309 Et
2591 3252 2819 3309 amabis
2869 3253 3205 3322 Dominum,
3254 3255 3311 3308 et
3341 3252 3492 3309 scies
3524 3251 3832 3323 quomodo

483 3340 703 3411 juravit
733 3339 1000 3412 patribus
1029 3341 1263 3410 vestris,
1297 3347 1354 3398 et
1383 3342 1689 3399 benedicet
1722 3360 1847 3411 vos,
1877 3348 1936 3400 et
1964 3359 2064 3400 ex-

481 3428 657 3501 pellet
685 3446 921 3485 omnem
961 3429 1305 3502 languorem
1340 3448 1374 3487 a
1401 3433 1586 3488 vobis.

413 3518 586 3576 XXV.
620 3519 746 3574 Non
784 3535 984 3591 parces
1015 3520 1313 3592 gentibus,
1366 3537 1512 3593 quas
1551 3523 1841 3578 Dominus
1873 3522 2064 3593 subji-

484 3609 596 3664 ciet
627 3607 756 3678 tibi,
793 3623 899 3663 nec
931 3609 1111 3678 dices,
1164 3609 1376 3682 Magna
1423 3627 1567 3683 gens
1597 3611 1740 3680 haec,
1771 3611 2064 3682 quomodo

490 3702 688 3769 potero
723 3698 1007 3755 adversus
1056 3699 1230 3755 eam?
1281 3703 1338 3755 et
1385 3717 1499 3756 non
1548 3701 1927 3772 concupisces
1959 3717 2063 3756 au-

488 3803 619 3842 rum
669 3787 760 3843 vel
809 3792 1116 3860 argentum
1172 3788 1243 3844 de
1287 3788 1660 3862 sculptilibus
1707 3805 1930 3857 eorum,
1963 3790 2063 3846 sed

486 3876 1017 3933 anathematizahis
1051 3893 1137 3933 ea.

410 3967 598 4023 XXVI.
634 3967 840 4022 Omnia
871 3968 1154 4024 mandata
1185 3984 1312 4040 qua
1342 3968 1506 4024 trado
1536 3969 1699 4025 vobis
1732 3969 1924 4039 hodie,
1958 3970 2064 4026 ob-

485 4057 818 4124 servabitis,
851 4063 916 4114 ut
945 4057 1178 4126 vivatis,
1211 4062 1269 4113 et
1299 4057 1357 4112 in
1390 4063 1585 4115 mente
1623 4059 1836 4116 habete
1867 4058 2066 4115 omnia

484 4163 609 4219 quae
640 4147 860 4219 experti
895 4146 1036 4204 estis
1067 4147 1126 4202 in
1161 4147 1434 4216 desertis,
1482 4153 1540 4205 et
1575 4148 1845 4206 esuristis
1877 4153 1934 4205 et
1965 4149 2063 4205 de-

486 4237 574 4314 dit
603 4237 770 4293 vobis
805 4236 1094 4293 Dominus
1125 4253 1378 4294 manna:
1424 4242 1489 4294 ut
1518 4239 1747 4295 sciretis
1778 4239 1916 4311 quia
1947 4256 2062 4296 non

483 4325 542 4380 in
571 4341 721 4396 pane
737 4329 969 4382 tantum
993 4325 1133 4382 vivit
1153 4326 1459 4395 homo,sed
1484 4328 1542 4384 in
1561 4328 1722 4384 omni
1743 4330 1916 4386 verbo
1937 4329 2060 4386 Dei.

421 4414 654 4471 XXVII.
688 4415 938 4471 Attende
969 4414 1098 4482 tibi,
1127 4431 1199 4472 ne
1244 4415 1609 4473 obliviscaris
1639 4418 1922 4475 beneﬁcia
1951 4424 2065 4475 Do-

485 4503 636 4560 mini
674 4503 776 4559 Dei
809 4503 916 4560 tui.

2241 3347 2299 3398 te
2327 3342 2530 3398 eduxit
2583 3342 2866 3399 Dominus
2925 3342 2996 3398 de
3051 3343 3318 3415 Egypto,
3377 3346 3437 3398 et
3465 3357 3596 3413 quas
3625 3341 3836 3398 fecerit

2246 3431 2475 3488 Datban
2506 3435 2563 3488 et
2587 3431 2825 3504 Abyron
2850 3429 2988 3488 filiis
3018 3430 3204 3487 Eliab.

2174 3521 2365 3578 XLIX.
2400 3522 2562 3588 Quod
2587 3521 2637 3577 si
2660 3521 2966 3577 audieritis
2988 3524 3280 3593 precepta
3303 3519 3488 3590 illius,
3511 3519 3675 3577 dabit
3698 3519 3834 3593 plu-

2243 3612 2400 3667 viam
2431 3615 2596 3668 terrae
2619 3615 2846 3682 vestrm,
2871 3615 2928 3667 et
2948 3609 3278 3667 satietatem
3311 3610 3369 3666 in
3401 3610 3560 3682 agris
3588 3611 3831 3667 vestris.

2175 3701 2238 3756 L.
2271 3700 2342 3756 Et
2371 3699 2421 3756 si
2453 3698 2834 3756 obaudieritis
2894 3714 3066 3755 omne
3097 3702 3450 3772 praeceptum
3501 3698 3684 3768 istud,
3719 3698 3837 3770 eji-

2247 3790 2362 3847 ciet
2389 3790 2676 3847 Dominus
2705 3804 2909 3846 omnes
2940 3792 3144 3860 gentes
3173 3805 3208 3844 a
3237 3785 3383 3844 facie
3403 3791 3616 3845 vestra.

2175 3881 2266 3937 LI.
2299 3881 2444 3936 Ecce
2475 3879 2547 3936 do
2577 3879 2744 3935 vobis
2773 3877 2944 3935 hodie
2992 3877 3462 3935 benedictionem
3495 3881 3553 3934 et
3579 3875 3838 3934 maledi-

2245 3968 2518 4024 otionem.

2175 4059 2291 4114 LII.
2319 4058 2434 4114 Ista
2456 4061 2741 4130 praecepta
2765 4060 2907 4112 sunt
2931 4055 3244 4128 etjudioia,
3261 4073 3387 4129 qua
3410 4055 3832 4114 observabitis.

2174 4141 2327 4206 LIII.
2356 4147 2482 4204 Non
2515 4146 2740 4204 facietis
2770 4145 3130 4202 voluntatem
3149 4149 3428 4202 vestram.

2173 4237 2313 4295 LIV.
2346 4239 2410 4294 In
2442 4235 2568 4293 loco
2600 4253 2774 4309 quem
2804 4235 3047 4309 elegerit
3075 4235 3385 4306 Dominus,
3415 4233 3672 4292 offeratis
3702 4251 3840 4292 om-

2244 4327 2344 4383 nia
2373 4343 2498 4399 quas
2529 4343 2635 4400 ego
2666 4327 2880 4382 mando
2909 4325 3094 4383 vobis.

2175 4417 2286 4472 LV.
2319 4417 2536 4473 Omnes
2591 4415 2888 4488 primitias
2944 4419 3079 4472 tuas
3132 4415 3192 4471 in
3237 4417 3556 4488 conspectu
3587 4414 3835 4471 Domini

2246 4506 2332 4563 tui
2363 4505 2773 4562 manduoabis.

416 4592 672 4650 XXVIII.
706 4594 832 4649 Non
865 4593 1026 4651 dicas
1074 4593 1135 4650 in
1175 4595 1348 4652 corde
1380 4598 1504 4668 tuo,
1535 4595 1738 4654 Virtus
1769 4613 1901 4654 mea
1932 4597 2068 4655 fecit
2099 4595 2143 4661 D
2176 4596 2311 4654 LVI.
2343 4595 2638 4652 Attendite
2667 4612 2740 4652 ne
2767 4592 3133 4651 manducetis
3161 4593 3534 4667 sanguinem.

485 4681 607 4738 haec
640 4683 858 4738 omnia.

409 4771 614 4830 XXIX.
645 4772 819 4842 Audi,
855 4773 1058 4842 Israel,
1090 4776 1153 4830 tu
1181 4773 1432 4832 transies
1455 4773 1627 4832 hodie
1645 4776 1984 4848 Jordanem,
2007 4779 2065 4833 et

483 4861 814 4936 possidebis
844 4867 1050 4935 gentes
1082 4879 1349 4936 magnas,
1396 4868 1454 4921 et
1483 4865 1746 4923 civitates
1777 4867 2062 4939 munitas,

483 4955 540 5007 et
572 4951 724 5009 scies
757 4952 898 5024 quia
925 4952 1213 5010 Dominus
1241 4959 1398 5011 Deus
1429 4957 1569 5011 tuus
1600 4956 1884 5027 praecedet
1913 4960 1990 5011 te.

415 5041 597 5100 XXX.
633 5042 757 5101 Non
809 5043 970 5099 dicas
1019 5043 1078 5098 in
1123 5045 1295 5100 corde
1349 5049 1472 5116 tuo,
1521 5050 1762 5119 propter
1794 5045 2065 5117 justitias

490 5145 651 5187 meas
681 5131 1010 5188 introduxit
1057 5148 1150 5189 me
1198 5131 1485 5191 Dominus
1521 5134 1582 5191 in
1613 5140 1830 5192 terram
1863 5134 2062 5192 istam.

413 5219 603 5278 XXXI.
637 5224 702 5276 In
738 5226 932 5277 mente
963 5221 1173 5280 habete
1204 5223 1433 5296 quoties
1459 5223 1940 5282 exacerbaveritis
1959 5224 2066 5282 Do-

488 5309 719 5366 minum
754 5309 813 5366 in
845 5310 1113 5367 desertis.

414 5399 646 5458 XXXII.
683 5401 752 5457 Et
779 5401 837 5456 in
864 5401 1054 5457 Horeb
1079 5402 1478 5461 exacerbastis
1510 5374 1849 5474 Dominum,
1880 5419 2062 5477 quan-

486 5489 560 5546 do
594 5489 816 5547 fecistis
849 5489 1161 5548 conﬂatile.

496 5704 512 5740 ¹
547 5704 612 5761 In
640 5703 886 5763 Palatia.
918 5722 1058 5780 ms.,
1087 5723 1212 5767 cum
1238 5709 1310 5769 75
1337 5708 1647 5770 animabus.

2172 4686 2340 4744 LVII.
2375 4685 2637 4757 Custodi,
2668 4689 2724 4740 et
2753 4684 2840 4741 fac
2871 4682 3072 4740 omnia
3097 4682 3295 4755 verba,
3323 4698 3452 4755 quae
3472 4697 3579 4756 ego
3603 4682 3834 4740 mando

2241 4777 2372 4833 tibi.

2172 4865 2364 4922 LVIII.
2398 4865 2582 4922 Omne
2611 4863 2857 4919 verbum
2888 4863 3042 4935 quod
3075 4878 3183 4935 ego
3213 4861 3428 4919 mando
3458 4860 3586 4930 tibi,
3619 4865 3832 4920 custo-

2243 4955 2302 5011 di
2333 4959 2391 5013 et
2421 4955 2534 5025 fac,
2583 4957 2641 5010 et
2670 4955 3017 5026 prophetam
3066 4951 3166 5023 qui
3197 4951 3408 5009 dixerit
3434 4951 3586 5010 tibi:
3617 4967 3836 5010 eamus

2245 5049 2303 5102 et
2331 5043 2658 5101 serviamus
2690 5043 2830 5112 diis,
2862 5059 2979 5100 non
3011 5041 3237 5099 audies.

2177 5135 2310 5192 LIX.
2344 5136 2480 5191 Post
2525 5132 2840 5190 Dominum
2891 5136 3075 5190 Deum
3123 5135 3386 5189 vestrum
3428 5129 3610 5204 ibitis,
3640 5135 3702 5188 et
3734 5131 3832 5206 ip-

2245 5240 2377 5281 sum
2406 5223 2712 5281 timebitis.

2174 5316 2296 5373 LX.
2329 5313 2390 5372 Si
2420 5318 2617 5371 autem
2668 5313 2848 5370 frater
2895 5314 3056 5382 tuus,
3089 5313 3192 5368 aut
3241 5309 3421 5378 ﬁlius,
3453 5312 3556 5368 aut
3583 5313 3834 5383 coniux,

2243 5411 2343 5461 aut
2371 5402 2597 5461 amicus
2627 5401 2838 5459 dixerit
2865 5401 2974 5459 tibi
3002 5419 3015 5458 :
3051 5401 3294 5473 Eamus,
3326 5399 3654 5457 serviamus
3687 5400 3832 5466 diis,

2243 5509 2362 5551 non
2389 5509 2593 5567 parces
2623 5492 2697 5562 ei,
2740 5493 2844 5549 sed
2892 5490 3117 5549 deferes
3162 5506 3321 5560 eum,
3353 5493 3411 5547 et
3437 5488 3832 5563 Iapidabitur.
