4068 6172
250 329 338 387 449

1493 324 1707 379 LIBER
1751 325 2327 382 DEUTERONOMII.

3515 325 3621 382 450

253 457 363 514 LXI.
390 454 442 510 Si
469 456 657 509 autem
687 448 945 506 audieris
964 447 1023 503 in
1061 464 1179 504 una
1223 463 1294 503 ex
1350 445 1688 503 civitatibus
1747 448 1866 503 tuis
1895 459 1943 521 Α
1975 448 2179 505 XCIX.
2213 447 2272 503 Si
2305 447 2546 503 domum
2581 464 2784 503 novam
2826 447 3223 505 aedificaveris.

307 562 420 604 esse
437 542 701 599 homines
751 541 1109 612 peccatores,
1140 535 1242 608 qui
1288 537 1556 592 recedere
1598 536 1864 592 fecerunt

307 648 490 694 omnes
519 631 915 688 inhabitantes
945 628 1003 684 in
1036 643 1123 694 ea,
1156 626 1206 683 si
1227 642 1357 682 vere
1380 626 1599 681 factum
1631 630 1743 695 est,
1776 626 1863 682 in-

310 722 541 781 terficies
564 735 797 776 omnes.

249 814 396 873 LXII.
423 812 544 868 Non
576 809 802 866 facietis
841 805 1297 864 decalvationem
1329 821 1504 877 super
1537 807 1858 862 mortuum.

248 903 417 961 LXIII.
448 901 576 956 Haec
624 914 888 972 peccora,
947 913 1075 968 quae
1114 893 1575 951 manducabitis.

246 991 412 1050 LXIV.
436 991 563 1046 Haec
583 985 1016 1045 manducabitis
1029 985 1102 1040 ab
1134 984 1394 1057 his,que
1417 988 1560 1039 sunt
1582 985 1639 1038 in
1664 983 1859 1055 aquis.

245 1082 380 1139 LXV.
409 1079 649 1136 Omnem
703 1093 868 1134 avem
901 1075 1186 1132 mundam
1218 1072 1683 1130 manducabitis.

246 1171 403 1228 LXVI.
418 1168 683 1226 Decimae
701 1167 826 1241 agri
845 1165 929 1222 tui
952 1164 1159 1223 offeres
1181 1163 1242 1220 in
1265 1163 1410 1231 loco,
1428 1178 1602 1234 quem
1619 1161 1864 1235 elegerit

301 1259 594 1317 Dominus.

242 1349 433 1406 LXVII.
465 1349 615 1404 Cum
647 1349 842 1402 autem
874 1344 1048 1417 longe
1082 1342 1257 1400 fuerit
1287 1359 1321 1400 a
1349 1347 1427 1408 te,
1459 1342 1678 1399 vendes
1707 1357 1776 1398 ea
1805 1345 1863 1398 et

299 1439 404 1495 illic
431 1438 708 1495 redimes.

241 1530 448 1585 LXVIII.
485 1531 621 1584 Post
648 1528 872 1598 septem
904 1539 1090 1580 annos
1113 1522 1290 1580 facies
1321 1520 1754 1578 remissionem.

241 1617 401 1674 LXIX.
431 1617 490 1673 Si
522 1615 778 1673 audieris
810 1629 1010 1671 vocem
1045 1611 1271 1668 Domini
1303 1610 1403 1667 Dei
1446 1610 1554 1678 tui,
1587 1609 1862 1682 princeps

297 1708 400 1763 eris
428 1706 696 1779 gentium
721 1703 1062 1760 multarum.

240 1797 374 1852 LXX.
404 1797 458 1850 Si
495 1795 685 1851 factus
717 1793 893 1849 fuerit.
931 1792 990 1848 in
1023 1795 1079 1848 te
1110 1806 1285 1864 egens
1315 1791 1384 1846 de
1417 1789 1696 1845 fratribus
1721 1787 1859 1844 tuis.

238 1886 399 1942 LXXI.
433 1886 492 1941 Si
531 1883 742 1941 emeris
771 1897 1020 1956 puerum
1047 1881 1374 1946 Hebraeum,
1396 1893 1498 1935 sex
1527 1894 1714 1934 annos
1740 1891 1865 1933 ser-

295 1977 398 2031 viet
427 1974 564 2031 tibi.

236 2065 425 2121 LXXII.
453 2068 646 2121 Omne
674 2061 1039 2136 primitivum
1071 2057 1467 2116 sanctiﬁcabis
1486 2056 1758 2112 Domino.

237 2155 442 2211 LXXIII.
475 2152 724 2211 Custodi
747 2165 1330 2219 mensemnovorum,
1363 2151 1419 2203 et
1440 2145 1618 2202 facies
1647 2143 1864 2217 pascha

293 2245 525 2301 Domino
555 2244 676 2300 Deo
704 2246 828 2298 tuo.

237 2331 444 2390 LXXIV.
473 2332 720 2390 Judices
767 2335 825 2388 et
854 2328 1080 2386 scribas
1121 2325 1469 2398 constitues,
1503 2327 1570 2381 ut
1593 2319 1862 2395 judicent

289 2426 450 2494 juste.
1310 2463 1315 2469 ο

242 2512 407 2568 LXXV
433 2552 454 2574 .
506 2511 639 2569 Non
670 2509 964 2585 plantabis
993 2506 1100 2564 tibi
1120 2505 1362 2578 ilucum.

239 2602 448 2659 LXXVI.
466 2603 526 2660 Si
541 2603 817 2660 inventus
839 2601 1090 2661 fueritin
1110 2601 1168 2654 te
1189 2596 1449 2657 serviens
1471 2593 1604 2663 diis,
1636 2592 1695 2648 in
1710 2591 1855 2647 duo-

293 2692 392 2749 bus
420 2693 504 2749 vel
538 2693 733 2750 tribus
763 2694 1066 2751 morietur.

235 2781 478 2838 LXXVII.
509 2783 574 2839 Si
599 2782 837 2840 latuerit
856 2781 1343 2854 teverbum,vade
1363 2778 1435 2835 ad
1466 2772 1850 2832 sacerdotem.

235 2870 500 2928 LXXVIII.
535 2872 646 2935 Qui
681 2889 796 2929 non
836 2873 1087 2930 audierit
1125 2871 1512 2934 sacerdotem,
1547 2862 1850 2918 moriatur.

234 2961 437 3018 LXXIX.
461 2963 866 3036 Alienigenam
891 2980 1006 3020 non
1032 2963 1205 3020 facies
1230 2957 1554 3035 principem
1580 2968 1758 3025 super
1774 2955 1850 3006 te.

231 3049 416 3107 LXXX.
450 3053 571 3108 Hoc
595 3052 888 3124 judicium
920 3053 1310 3109 sacerdotum.

233 3139 429 3199 LXXXI.
459 3142 589 3200 Non
623 3143 951 3200 invenietur
979 3143 1039 3200 in
1070 3147 1125 3199 te
1163 3141 1422 3198 lustrans
1457 3136 1640 3193 filium
1672 3147 1848 3189 suum

287 3236 378 3286 aut
409 3232 618 3288 ﬁliam.

234 3322 483 3380 LXXXII.
511 3322 864 3394 Prophetam
896 3323 1197 3381 suscitabo
1228 3321 1312 3378 eis
1343 3336 1412 3377 ex
1442 3315 1723 3373 fratribus
1756 3329 1854 3369 eo-

288 3427 428 3467 rum.

233 3498 496 3558 LXXXIII.
537 3501 834 3574 Propheta
853 3502 900 3560 si
929 3502 1160 3559 locutus
1184 3499 1358 3557 fuerit
1375 3496 1640 3563 verbum,
1665 3496 1721 3550 et
1738 3508 1854 3548 non

291 3591 610 3662 contigerit,
643 3591 1063 3660 ﬁnterficiatur.

236 3676 506 3736 LXXXIV.
543 3680 663 3737 Hoc
695 3686 1048 3754 praeceptum
1076 3680 1403 3737 homicidae.

235 3765 473 3826 LXXXV.
505 3770 636 3826 Non
669 3771 986 3828 transferes
1016 3770 1301 3828 terminos
1332 3784 1480 3841 quos
1518 3764 1855 3839 posuerant.

291 3863 473 3929 patres
500 3859 617 3916 tui.

235 3944 485 4004 LXXXVI.
509 3949 640 4004 Non
658 3949 908 4022 accipies
931 3948 1339 4007 testimonium
1367 3947 1544 4004 unius
1581 3945 1860 4002 adversus

294 4034 616 4096 hominem.

237 4122 539 4184 LXXXVII.
572 4127 784 4186 Anima
814 4145 918 4201 pro
968 4129 1166 4186 anima
1197 4127 1434 4185 oculum
1468 4142 1569 4199 pro
1599 4123 1789 4195 oculo,

293 4213 516 4273 dentem
553 4234 661 4289 pro
687 4218 880 4274 dente.

238 4302 544 4364 LXXXVIII.
571 4307 634 4362 Si
657 4308 866 4364 exieris
901 4309 972 4365 ad
1003 4307 1248 4377 bellum,
1284 4307 1401 4363 noli
1456 4305 1682 4363 timere.

239 4390 497 4453 LXXXIX.
529 4396 592 4452 Si
623 4398 944 4454 accesseris
977 4413 1314 4470 expugnare
1367 4396 1684 4453 civitatem.

239 4479 329 4539 XC.
347 4483 402 4539 Si
432 4485 740 4542 obsederis
767 4488 1084 4544 civitatem.

239 4568 361 4626 XCI.
386 4573 445 4628 Si
472 4573 750 4631 inventus
782 4577 960 4633 fuerit
989 4575 1331 4633 vulneratus
1382 4575 1444 4631 in
1477 4578 1652 4631 terra.

241 4657 384 4715 XCII.
415 4663 471 4716 Si
505 4663 816 4720 tradiderit
846 4665 926 4720 ibi
955 4665 1110 4722 Deus
1137 4665 1409 4722 inimicos
1464 4669 1620 4720 tuos.

244 4746 398 4806 XCIII
428 4751 485 4806 Si
521 4753 740 4809 fuerint
763 4753 988 4811 homini
1020 4757 1148 4811 duis
1180 4771 1410 4826 uxores,
1441 4753 1658 4810 dilecta
1707 4756 1764 4809 et

303 4839 552 4898 odibilis.

246 4927 416 4984 XCIV.
447 4932 508 4987 Si
556 4932 730 4988 fuerit
759 4932 936 4990 alicui
965 4935 1124 4992 ﬁlius
1152 4935 1498 4992 inobediens
1517 4936 1556 4992 ί.

245 5013 382 5073 XCV.
416 5018 475 5074 Si
506 5020 682 5076 fuerit
712 5021 771 5078 in
795 5023 991 5096 aliquo
1021 5029 1326 5097 peccatum
1376 5025 1448 5080 ad
1489 5026 1760 5081 mortem.

242 5100 405 5163 XCVI.
437 5108 498 5164 Si
529 5109 746 5167 videris
795 5113 1015 5170 animal
1050 5115 1246 5173 fratris
1277 5113 1362 5172 tui
1394 5131 1618 5184 errans,
1651 5113 1739 5170 vel
1771 5129 1868 5169 ca-

304 5193 459 5252 dens.

245 5277 440 5340 XCVII.
461 5285 591 5342 Non
636 5287 839 5345 induet
887 5291 1100 5348 mulier
1135 5297 1356 5349 vestem
1388 5292 1640 5350 virilem.

246 5369 472 5430 XCVIII.
505 5375 566 5431 Si
597 5376 884 5435 inveneris
936 5381 1141 5438 nidum
1169 5381 1385 5439 avium.

318 5620 330 5672 ;
355 5589 568 5672 'I‘otum
597 5594 705 5654 hoc
734 5597 1272 5672 capitulumPalat.
1334 5616 1446 5656 ms.
1479 5600 1732 5672 ignorat.

311 5662 330 5698 ’
354 5669 469 5729 Hoc
482 5682 714 5745 quoque
728 5662 1052 5745 capitulum
1065 5671 1125 5730 in
1137 5673 1344 5732 eodem
1382 5662 1924 5746 msfdesideratur'.

1975 541 2032 592 C.
2067 538 2190 593 Non
2225 536 2417 593 arabis
2447 536 2506 592 in
2538 537 2722 593 vitulo
2754 541 2814 593 et
2843 538 3030 594 asino.

1969 627 2064 683 CI.
2103 627 2160 681 Si
2187 626 2318 698 quis
2339 627 2628 698 acceperit
2660 643 2923 697 uxorem,
2955 631 3013 683 et
3041 628 3230 684 oderit
3258 645 3409 686 eam.

1964 714 2060 770 CII
2097 715 2173 770 .Si
2205 715 2480 771 inventus
2509 715 2682 770 fuerit
2709 716 2940 773 adulter
2970 733 3106 773 cum
3137 718 3421 775 adultera.

1969 803 2179 860 CIII.Si
2212 804 2514 861 dormierit
2542 803 2756 876 aliquis
2788 821 2921 861 cum
2955 805 3147 878 puella
3179 807 3552 880 desponsata.

1969 905 2114 962 CIV.
2148 903 2207 960 Si
2228 903 2288 960 in
2320 921 2526 976 campo
2547 904 2833 961 invenerit
2854 905 2988 978 quis
3020 907 3273 979 puellam
3303 909 3626 980 desponsa-

2043 998 2193 1061 tam,
2240 997 2297 1050 et
2325 993 2442 1074 vim
2490 993 2686 1050 fecerit
2736 994 2810 1052 ei.

1981 1091 2096 1148 CV.
2119 1093 2173 1147 Si
2189 1091 2624 1166 inveneritquis
2639 1091 2892 1166 puellam
2912 1093 3220 1165 virginem,
3241 1098 3298 1150 et
3318 1095 3624 1153 dormierit

2052 1197 2185 1238 cum
2217 1198 2304 1238 ea.

1980 1270 2117 1326 CVI.
2152 1271 2277 1326 Non
2311 1271 2556 1343 accipiet
2586 1271 2760 1328 homo
2783 1288 3021 1328 uxorem
3056 1271 3235 1344 patris
3292 1274 3406 1330 sui.

1970 1360 2127 1417 CVII.
2163 1361 2287 1416 Non
2322 1361 2566 1416 intrabit
2585 1362 2855 1418 abscisus
2887 1362 2945 1417 in
3005 1362 3321 1419 Ecclesium
3362 1363 3615 1421 Domini.

1970 1456 2156 1513 CVIII.
2191 1457 2314 1513 Non
2348 1457 2590 1513 intrabit
2623 1457 2954 1529 fornicaria,
2996 1475 3102 1514 nec
3155 1461 3518 1518 Ammonites
3567 1465 3624 1517 et

2045 1546 2323 1602 Moabites
2356 1546 2415 1602 in
2446 1547 2764 1604 Ecclesiam
2809 1548 3060 1604 Domini.

1972 1634 2118 1690 CIX.
2147 1635 2272 1694 Non
2304 1636 2675 1693 abominabis
2701 1637 3246 1712 Idumzeum,neque
3267 1640 3623 1713 (Egyptium.

1973 1733 2089 1790 CX.
2122 1734 2181 1790 Si
2211 1734 2386 1791 fuerit
2413 1734 2588 1791 homo
2620 1735 2988 1806 immundus,
3013 1737 3192 1793 exibit
3220 1743 3381 1795 extra
3409 1745 3618 1795 castra.

1973 1822 2112 1878 CXI.
2145 1823 2270 1879 Non
2305 1825 2494 1880 trades
2524 1840 2755 1880 servum
2799 1825 3038 1882 domino
3095 1843 3222 1884 suo.

1971 1912 2148 1968 CXII.
2182 1913 2306 1968 Non
2339 1913 2449 1969 erit
2475 1913 2766 1970 Israelites
2800 1915 3129 1971 fornicaria.

1975 2000 2160 2056 CXIII.
2196 2001 2323 2058 Non
2355 2001 2528 2059 iferes
2559 2004 2883 2060 mercedem
2920 2005 3266 2062 fornicarizn.

1971 2090 2170 2147 CXIV.
2205 2095 2329 2148 Non
2362 2091 2558 2164 exiges
2579 2110 2610 2148 a
2641 2093 2816 2148 fratre
2845 2099 2944 2150 tuo
2971 2111 3211 2151 usuram
3246 2097 3288 2152 ⁸.

1971 2187 2127 2244 CXV.
2148 2189 2206 2246 Si
2229 2189 2452 2246 voveris
2495 2195 2691 2247 votum
2719 2193 2984 2262 Domino,
3010 2211 3126 2249 non
3156 2195 3353 2252 tardes
3377 2197 3620 2255 reddere

2041 2276 2210 2335 illud.

1966 2368 2158 2422 CXVI.
2193 2367 2251 2423 Si
2281 2368 2588 2426 intraveris
2617 2370 2677 2426 in
2710 2371 2935 2426 vineam
2988 2373 3236 2444 proximi
3289 2375 3397 2432 tui.

1965 2454 2184 2513 CXVII.
2215 2457 2274 2512 Si
2335 2457 2642 2515 intraveris
2700 2460 2758 2515 in
2807 2465 3064 2533 segetem
3113 2463 3362 2535 proximi
3395 2465 3501 2522 tui.

1965 2552 2213 2611 CXVIII.
2233 2556 2291 2613 Si
2315 2557 2448 2628 quis
2467 2558 2756 2631 acceperit
2773 2575 3034 2630 uxorem,
3068 2566 3124 2616 et
3154 2561 3443 2619 invenerit
3481 2563 3613 2622 inea

2035 2660 2159 2701 rem
2200 2650 2454 2718 turpem.

1963 2733 2146 2790 CXIX.
2167 2735 2224 2789 Si
2258 2735 2392 2807 quis
2418 2736 2705 2808 acceperit
2725 2752 2964 2794 uxorem
2987 2738 3046 2794 in
3070 2741 3430 2812 recenti,non
3463 2743 3614 2800 exiet

2032 2823 2105 2879 ad
2138 2823 2378 2881 bellum.

1959 2913 2108 2970 CXX
2138 2913 2262 2970 Non
2292 2914 2629 2988 pignorabis
2661 2915 2899 2973 molam.

1959 3002 2152 3059 CXXI.
2188 3003 2246 3060 Si
2280 3005 2510 3076 capitus
2543 3005 2718 3060 fuerit
2748 3006 2858 3060 fur.

1958 3091 2172 3148 CXXII.
2208 3093 2270 3148 In
2296 3098 2486 3149 mente
2507 3093 2656 3150 habe
2679 3111 2807 3164 quae
2840 3094 3041 3151 fecerit
3073 3095 3358 3156 Dominus
3394 3100 3610 3159 Mariis.

1879 3219 1923 3288 α
1959 3181 2212 3238 CXXIII.
2246 3182 2581 3238 Debitorem
2615 3199 2729 3239 non
2779 3183 3116 3256 pignorabis
3150 3203 3251 3258 per
3299 3189 3434 3244 vim.

1963 3277 2210 3334 CXXIV.
2227 3282 2290 3335 In
2323 3280 2564 3352 pignore
2587 3281 2858 3352 pauperis
2881 3299 2996 3337 non
3014 3283 3290 3350 dormies,
3314 3290 3372 3343 et
3392 3303 3614 3346 merce-

2034 3368 2168 3424 dem
2200 3367 2490 3425 laboranti
2522 3386 2595 3425 ne
2623 3371 2788 3439 tarde
2825 3371 3168 3431 reddideris.

1963 3455 2179 3512 CXXV.
2214 3457 2338 3514 Non
2370 3460 2700 3516 morientur
2730 3464 2927 3533 patres
2958 3478 3061 3533 pro
3094 3463 3254 3521 filiis.

1965 3546 2198 3604 CXXVI.
2235 3547 2360 3605 Non
2393 3548 2714 3606 declinabis
2758 3551 3054 3621 judicium
3087 3555 3343 3622 advenas,
3403 3560 3460 3613 et
3515 3575 3613 3614 or-

2037 3636 2239 3707 phani,
2271 3642 2328 3693 et
2357 3637 2566 3694 viduae.

1968 3725 2226 3782 CXXVII.
2261 3730 2384 3783 Non
2416 3726 2754 3800 pignorabis
2789 3729 3046 3787 viduam.

1968 3815 2254 3872 CXXVIII.
2287 3817 2346 3873 Si
2378 3818 2666 3875 secaveris
2696 3824 2973 3892 segetem.

1968 3905 2215 3962 CXXIX.
2247 3907 2303 3962 Si
2327 3906 2629 3980 collegeris
2660 3907 2896 3966 olivam.

1969 3993 2172 4053 CXXX.
2206 3995 2266 4051 Si
2299 3997 2690 4054 vindemiabis
2719 3999 2961 4055 vineam.

1971 4095 2214 4152 CXXXI.
2236 4096 2293 4152 Si
2314 4097 2663 4168 iudicaveris
2683 4097 2954 4171 impium,
2975 4099 3141 4156 dabis
3159 4100 3208 4156 ei
3230 4103 3618 4177 quadraginta

2044 4185 2289 4259 ﬂagella.

1973 4277 2238 4333 CXXXII.
2271 4281 2398 4333 Non
2427 4276 2764 4334 infraenabis
2793 4279 2998 4335 bovem
3047 4283 3442 4340 triturantem.

1976 4365 2262 4422 CXXXIII.
2281 4365 2337 4421 Si
2357 4371 2622 4423 mortuus
2647 4367 2823 4424 fuerit
2840 4369 2970 4441 quis
2991 4369 3216 4427 habens
3236 4388 3474 4429 uxorem
3498 4373 3629 4431 sine

2048 4457 2208 4529 filiis,
2241 4457 2486 4530 accipiet
2514 4474 2642 4515 eam
2700 4459 2879 4515 frater
2937 4461 3087 4532 ejus.

1898 4595 1948 4662 D
1979 4558 2285 4617 CXXXIV.
2310 4558 2370 4615 Si
2391 4556 2644 4614 noluerit
2669 4558 2843 4616 homo
2867 4561 3126 4634 accipere
3158 4578 3396 4620 uxorem
3431 4563 3628 4622 fratris

2088 4667 2168 4704 υι.

1979 4667 2242 4796 CXXXV.
2275 4739 2333 4794 Si
2363 4737 2678 4794 rixaverint
2707 4740 2823 4794 duo
2877 4738 3144 4796 homines
3169 4741 3225 4796 in
3258 4758 3339 4799 se.

1981 4827 2409 4897 CXXXVI,Non
2437 4825 2546 4882 erit
2563 4827 2667 4883 tibi
2692 4828 2924 4900 pondus
2947 4828 3313 4904 iniquum,et
3335 4848 3626 4889 mensura

1979 4916 2360 5064 CXdXIIEVIIcIBIn
2384 5009 2576 5062 mente
2609 5005 2756 5063 habe
2781 5010 3004 5078 quanta
3035 5007 3140 5064 tibi
3159 5008 3358 5064 fecerit
3379 5008 3627 5066 Amalec.

1981 5097 2326 5157 CXXXVIII.
2350 5100 2492 5151 Cum
2525 5096 2847 5153 introiretis
2876 5097 2934 5153 in
2967 5102 3206 5172 terram,
3240 5115 3416 5170 quam
3440 5098 3636 5155 Domi-

2053 5206 2166 5245 nus
2192 5187 2346 5243 Deus
2397 5186 2560 5241 dabit
2601 5187 2786 5242 vobis.

1981 5285 2257 5345 CXXXIX.
2283 5289 2348 5339 Et
2371 5283 2514 5339 dixit
2535 5284 2764 5357 Moyses
2785 5286 2856 5341 ad
2881 5285 3187 5358 populum,
3210 5287 3416 5355 tacete,
3440 5289 3493 5342 et
3525 5302 3631 5343 au-

1986 5377 2228 5523 CXIﬁII
2250 5463 2841 5520 stabuntbenedicere
2853 5462 3099 5536 plebem,
3118 5460 3244 5517 ethi
3259 5461 3629 5521 maledicere.
