4068 6172
447 302 546 361 451

446 433 637 488 CXLI.
670 432 1014 489 Maledictus
1043 430 1236 488 omnis
1267 431 1370 503 qui
1398 431 1598 488 fecerit
1623 433 1762 489 haec.

447 522 662 578 CXLII.
677 521 735 578 Si
749 519 1142 579 custodieritis
1161 529 1446 594 praecepta
1472 522 1968 590 Domini,venient
1988 541 2087 581 su-

518 630 620 684 per
647 628 750 668 vos
781 610 1213 667 benedictiones
1247 612 1394 667 istae.

443 702 673 757 CXLIII.
693 701 752 757 Si
774 717 889 758 non
911 699 1242 768 audieritis,
1261 701 1497 758 venient
1516 702 1574 758 in
1598 719 1699 759 vos
1721 702 2085 760 maledictio-

510 807 612 846 nes
643 790 792 846 ista.

435 887 656 944 CXLIY.
691 885 932 942 Vocavit
953 886 1180 959 Moyses
1203 903 1408 944 omnes
1439 887 1590 944 filios
1621 888 1822 954 Israel,
1852 892 1907 945 et
1937 890 2088 946 dixit

507 977 577 1032 ad
609 993 742 1032 eos:
791 975 967 1032 Scitis
997 980 1220 1048 quanta
1250 977 1451 1034 fecerit
1479 977 1766 1033 Dominus
1792 977 2080 1035 Pharaoni

506 1069 742 1138 propter
771 1081 890 1122 vos.

432 1157 642 1210 CXLV.
677 1155 813 1220 Quae
841 1158 980 1211 sunt
1010 1155 1298 1211 absconsa
1330 1156 1463 1224 Deo,
1496 1172 1620 1226 quae
1651 1160 1844 1212 autem
1880 1156 2076 1229 palam

510 1243 694 1300 nobis.

434 1334 666 1391 CXLVI.
714 1339 898 1406 Prope
925 1338 1015 1390 est
1043 1335 1284 1391 verbum
1318 1334 1377 1390 in
1427 1351 1525 1391 ore
1569 1337 1670 1390 tuo
1701 1337 1758 1390 et
1797 1335 1856 1389 in
1908 1335 2081 1391 corde

503 1430 624 1479 tuo.

503 1442 523 1478 ι
612 1466 624 1478 .

429 1442 684 1569 ΟΧΙῗῧΙΙ.
701 1514 844 1570 Ecce
856 1513 989 1569 dedi
1007 1517 1140 1570 ante
1176 1513 1376 1570 oculos
1394 1518 1527 1570 tuos
1544 1513 1721 1569 vitam
1737 1516 2078 1570 etmortem.

1471 307 1530 364 S.
1572 307 1976 364 HIERONYMI
2015 311 2269 366 DWINA
2313 311 2810 370 BIBLIOTHECA.

3746 312 3846 373 452

2118 440 2167 506 Α
2201 437 2492 495 CXLVIII.
2518 439 2588 494 Et
2614 437 3048 495 consummavit
3077 442 3264 494 Moses
3287 439 3485 496 omnia
3513 441 3689 498 verba
3720 443 3844 500 ista.

2206 525 2447 582 CXLIX.
2480 528 2547 582 Et
2578 527 2800 584 vocavit
2836 533 3063 600 Moyses
3091 526 3319 598 Jesum,
3350 533 3406 584 et
3431 529 3574 585 dixit
3596 530 3649 587 ei
3675 549 3688 586 :
3713 532 3846 590 Viri-

2276 615 2408 672 liter
2437 631 2564 687 age,
2595 621 2651 674 et
2681 617 3043 674 convalesce.

2199 704 2300 760 CL.
2335 704 2489 760 Dixit
2519 705 2806 762 Dominus
2839 707 2908 762 ad
2937 711 3138 762 Mosen
3165 707 3286 762 :Tu
3309 707 3567 764 dormies
3588 725 3723 765 cum
3755 727 3845 784 pa-

2269 795 2462 852 tribus
2494 795 2632 866 tuie,
2665 799 2725 852 et
2756 795 3141 853 fornicabitur
3169 796 3336 869 plebs
3372 797 3488 854 haec
3520 803 3653 870 post
3712 801 3844 858 deos

2270 884 2511 942 alienos.

2199 974 2338 1030 CLI.
2371 973 2586 1046 Sripsit
2612 979 2839 1047 Moyses
2880 975 3172 1032 canticum
3203 974 3334 1031 hoc.

2199 1063 2358 1119 CLII.
2390 1063 2544 1120 Dixit
2572 1063 2856 1120 Dominus
2886 1064 2955 1120 ad
2991 1069 3223 1137 Moysen
3257 1082 3270 1120 :
3301 1066 3565 1123 Ascende
3595 1068 3656 1125 in
3685 1084 3836 1127 mou-

2267 1157 2382 1210 tem
2420 1152 2677 1221 Abarim,
2709 1156 2768 1208 et
2797 1168 3024 1210 morere
3052 1153 3153 1209 ibi.

2194 1241 2384 1298 CLIII.
2417 1241 2719 1297 Benedixit
2765 1247 2994 1314 Moyses
3050 1242 3223 1300 homo
3281 1243 3378 1300 Dei
3432 1243 3585 1302 filios
3632 1246 3831 1304 Israel.

2196 1330 2380 1388 CLIV.
2421 1333 2687 1387 Mortuus
2719 1335 2808 1386 est
2836 1337 3062 1404 Moyses
3094 1333 3152 1387 in
3194 1337 3348 1388 terra
3381 1335 3550 1391 Moab

2191 1419 2352 1476 CLV.
2387 1424 2456 1476 Et
2477 1436 2590 1476 non
2627 1418 2736 1475 iuit
2765 1420 3048 1493 propheta
3076 1421 3132 1476 in
3169 1421 3346 1478 Israel
3379 1423 3534 1480 sicut
3551 1423 3660 1480 fuit
3681 1429 3835 1497 Moy-

2263 1527 2374 1567 868.

1987 1795 2273 1856 INCIPIT

817 1984 1414 2150 LIBER
1565 1981 2068 2145 ELLE

2221 1978 3428 2144 ADDABABIM

1792 2303 1901 2356 QUI
1949 2299 2159 2348 GBECE
2205 2301 2454 2348 DICITUR

1544 2466 1707 2562 DE
1718 2466 1967 2562 UTE
1979 2455 2239 2561 RON
2245 2463 2701 2560 OMIUM.

482 2820 564 2890 [Τ.
599 2821 641 2874 Ι.
673 2819 735 2875 C.
770 2817 813 2888 Ι,
848 2816 978 2889 Cap.
1002 2816 1070 2886 1.]
1102 2820 1232 2872 Haec
1263 2818 1402 2871 sunt
1429 2813 1626 2884 verba,
1659 2828 1785 2884 quae
1817 2810 2048 2868 locutus
2080 2811 2128 2878 Β
2158 2809 2348 2882 prima
2377 2808 2472 2865 die
2504 2809 2748 2880 mensis,
2780 2809 3012 2868 locutus
3043 2816 3132 2868 est
3152 2818 3340 2870 Moses
3361 2815 3433 2870 ad
3459 2814 3610 2871 filios
3626 2815 3810 2873 Israel

404 2917 494 2964 est
527 2909 716 2964 Moses
743 2909 814 2964 ad
839 2922 1074 2964 omnem
1089 2905 1266 2962 Israel
1312 2911 1476 2961 trans
1498 2903 1814 2960 Jordanem
1847 2901 1962 2972 '[h.
1990 2900 2047 2956 in

403 2998 658 3052 transitu
705 2997 998 3067 Jordanis]
1048 2995 1107 3050 in
1154 2993 1467 3050 solitudine
1507 2990 1821 3064 campestri
1865 2989 1944 3061 [h.
1989 2989 2048 3044 in

391 3086 760 3156 campestri],
800 3091 1007 3141 contra
1039 3100 1199 3140 mare
1247 3083 1508 3137 Rubrum
1544 3081 1694 3137 inter
1735 3080 1963 3134 Pharan
1995 3081 2051 3134 et

401 3174 663 3246 'l‘hophel
721 3178 780 3230 et
838 3174 1035 3230 Laban
1096 3177 1153 3228 et
1207 3171 1478 3239 Aseroth,
1534 3169 1636 3225 ubi
1693 3167 1819 3225 auri
1877 3168 1958 3240 (h.
1993 3171 2050 3223 et

403 3263 928 3335 abundantiaauri)
950 3267 1039 3318 est
1063 3261 1388 3335 plurimum
1418 3277 1430 3317 :
1461 3260 1733 3316 undecim
1749 3258 1953 3315 diebus
1977 3258 2048 3313 de

401 3353 592 3407 lloreb
618 3368 718 3423 per
749 3352 901 3408 viam
935 3351 1152 3407 montis
1179 3351 1301 3406 Seir
1325 3366 1510 3419 usque
1541 3349 1942 3405 Cades-Barne
1961 3347 2044 3418 (h.

405 3432 682 3489 undecim
735 3432 966 3487 dierum
999 3431 1110 3487 iter
1165 3430 1236 3486 de
1270 3430 1454 3485 Iloreb
1487 3429 1558 3484 ad
1618 3431 1884 3484 montem
1921 3427 2050 3484 Seir

407 3537 596 3592 usque
651 3519 1090 3592 Cades-Barne).
1123 3518 1576 3591 Quadragesimo
1633 3534 1785 3573 anno
1830 3517 1923 3588 (Et
1965 3517 2050 3572 t'a-

402 3626 540 3666 cum
573 3615 663 3666 est
711 3607 1165 3682 quadragesimo
1222 3607 1420 3678 anno),
1453 3605 1765 3663 undecimo
1825 3620 2048 3678 mense,

478 3772 493 3806 ¹
529 3771 647 3827 Hoc
694 3770 820 3826 loco
861 3769 1189 3826 abutuntur
1241 3767 1550 3823 Judeaster
1598 3765 1952 3836 Aben-Ezra,
1987 3783 2053 3823 ac

407 3843 876 3898 Christianorum
910 3842 1065 3897 feces
1120 3840 1474 3905 Hobbesius,
1525 3838 1794 3908 Spinosa,
1848 3842 1905 3893 et
1955 3839 2050 3893 alii

400 3916 664 3982 ejusdem
697 3913 956 3970 audacia
983 3913 1321 3984 scriptores,
1363 3911 1461 3981 qui
1509 3911 1816 3984 praefracte
1839 3916 2057 3981 negant

401 3981 594 4042 Mosen
629 3987 809 4042 totius
871 3981 1213 4041 Pentateuhi
1272 3989 1570 4038 auctorem
1625 3981 1941 4037 exstitisse.
1989 3985 2050 4037 In

401 4076 579 4130 quam
612 4057 968 4114 sententiam
1002 4055 1196 4130 abiere
1227 4053 1502 4130 similiter
1523 4053 1609 4130 _L_e
1641 4051 1822 4130 Cie-rc,
1855 4057 1912 4130 et
1945 4053 2053 4130 _Ri--

397 4123 652 4186 c'hardus
712 4130 939 4197 Simon,
997 4128 1097 4200 qui
1148 4143 1281 4182 cum
1326 4125 1385 4180 in
1418 4124 1620 4200 multiv
1654 4123 2054 4200 infensissime

2160 2900 2515 2972 omnia,quae
2540 2908 2892 2972 praeceperat
2913 2902 2997 2957 illi
3020 2903 3327 2974 Dominus,
3348 2909 3412 2959 ut
3433 2905 3652 2961 diceret
3681 2906 3770 2962 eis
3799 2924 3814 2964 :

2159 2993 2475 3061 postquam
2509 2990 2795 3061 percussit
2853 2991 3002 3047 Seon
3059 3009 3252 3064 regem
3311 2995 3810 3064 Amorrhaaorum,

2160 3078 2262 3150 qui
2294 3077 2576 3134 habitavit
2603 3079 2663 3134 in
2695 3081 2944 3148 Esebon,
2977 3087 3036 3136 et
3063 3081 3148 3154 Og
3199 3099 3390 3153 regem
3443 3083 3655 3150 Basan,
3705 3087 3811 3157 qui

2161 3166 2380 3221 mansit
2415 3166 2473 3221 in
2502 3167 2800 3230 Astaroth,
2835 3171 2890 3222 et
2914 3170 2970 3223 in
3014 3169 3206 3236 Edrai,
3266 3176 3429 3226 trans
3485 3171 3805 3228 Jordanem

2159 3252 2242 3324 (h.
2273 3255 2335 3309 in
2367 3256 2617 3310 transitu
2648 3256 2949 3327 Jordanis)
2980 3257 3035 3312 in
3079 3263 3232 3313 terra
3261 3259 3448 3314 Moab.
3502 3260 3812 3332 Cmpitque

2161 3347 2353 3398 Moses
2381 3341 2692 3414 explanare
2723 3343 2910 3415 legem
2943 3344 3019 3416 (h.
3054 3344 3239 3417 legem
3269 3345 3468 3418 hanc),
3491 3355 3546 3402 et
3577 3350 3778 3403 dicere
3804 3365 3821 3404 :

2157 3431 2447 3487 Dominus
2478 3436 2627 3488 Deus
2658 3437 2859 3488 noster
2898 3431 3131 3490 locutus
3186 3440 3275 3490 est
3305 3437 3374 3492 ad
3407 3453 3511 3492 nos
3535 3435 3593 3491 in
3629 3438 3828 3492 Horeb

2160 3520 2398 3576 dicens:
2435 3519 2664 3576 Sullicit
2709 3521 2872 3578 vobis
2904 3525 3058 3594 quod
3115 3525 3172 3578 iu
3231 3524 3338 3580 hoc
3398 3530 3594 3581 monte
3644 3543 3826 3582 man-

2160 3609 2325 3667 sistis
2371 3626 2385 3666 :
2445 3609 2834 3680 revertimini,
2889 3617 2947 3666 et
3005 3613 3196 3668 venite
3252 3613 3333 3684 (h.
3392 3613 3682 3686 respicite,
3754 3621 3818 3671 et

2164 3773 2335 3846 pectu
2371 3769 2552 3846 Mosis
2582 3769 2881 3846 loquentis
2914 3777 3038 3827 erat
3065 3775 3228 3846 trans
3248 3773 3568 3846 Jordanem
3597 3791 3610 3831 :
3644 3791 3833 3846 quare

2165 3842 2426 3916 nullum_
2461 3842 2541 3897 ibi
2602 3845 2935 3916 appositum
2999 3849 3103 3916 est
3142 3844 3426 3912 scholion,
3487 3846 3569 3900 uti
3605 3842 3830 3906 factum

2166 3859 2397 3898 nuuum
2461 3859 2541 3897 lDl
2602 3859 2935 3967 a8pposnum
2999 3859 3085 3899 est
3142 3859 3426 3912 scnonon,
3487 3859 3569 3900 uti
3605 3859 3830 3906 factum

2166 3913 2614 3994 conspicitury.
2684 3915 2946 3985 ejusdem
2982 3915 3192 3994 capitis
3221 3934 3234 3994 ξ
3259 3917 3395 3987 quia
3429 3933 3594 3994 reges
3613 3925 3830 3974 Amor-

2168 3985 2414 4041 rhaai’de
2446 3985 2660 4049 quibus
2687 4003 3019 4041 sermonem
3055 3985 3826 4053 habuitMosesferantnon

2166 4061 2352 4125 trans,
2376 4059 2488 4130 sed
2524 4057 2611 4130 eis
2639 4057 2954 4113 Jordanem
3006 4068 3271 4130 respectu
3334 4062 3618 4129 ejusdem.
3679 4062 3829 4126 Quis

2169 4128 2858 4201 credidissetaliquando
2890 4128 3260 4201 proﬂigatum
3294 4128 3627 4192 iriCanone
3657 4136 3825 4190 veri—-

400 4201 758 4277 dissideant;
785 4202 844 4277 in
867 4195 978 4277 hoc
1001 4195 1231 4277 tandem
1253 4196 1661 4277 consentiunt.
1685 4201 1749 4249 ut
1770 4197 2063 4277 antiruis-
2093 4195 2138 4262 C
2169 4201 2308 4256 tatis
2339 4195 2996 4277 liebraicae'audaculos
3016 4195 3199 4277 nostri
3232 4203 3513 4276 temporis
3562 4204 3825 4277 scripto-

389 4274 599 4328 simam
632 4275 691 4327 in
720 4271 1032 4328 Ecclesiam
1057 4271 1158 4326 Dei
1189 4269 1762 4337 traditionem,atque
1786 4268 2054 4324 omnium

398 4344 617 4399 animis
679 4344 1128 4414 persuasionem
1189 4347 1486 4414 receptam
1524 4339 1882 4414 convellant.
1918 4341 2054 4414 Sed

390 4415 423 4468 ll
439 4411 735 4483 ujusmodi
766 4420 1072 4470 novatores
1090 4411 1362 4484 proﬂigat
1382 4411 1756 4484 doctissimus
1770 4411 2048 4484 scholias-

393 4482 488 4542 tes
514 4485 1004 4559 noster,apposite
1038 4482 1351 4559 observans
1379 4499 1446 4538 ex
1476 4483 1712 4559 Hebraeo
1735 4482 2045 4559 legendum

395 4575 563 4614 esse:
610 4560 733 4615 Hac
759 4556 890 4614 sunt
947 4558 1110 4615 verba
1165 4571 1292 4628 qua?
1333 4556 1547 4628 locatus
1598 4557 1683 4628 est
1731 4559 1901 4628 Moses
1970 4556 2051 4612 ad

399 4646 611 4686 omnem
669 4631 844 4685 Israel
898 4632 959 4684 in
1013 4624 1264 4684 transitu
1318 4626 1592 4682 Jordam’s.
1653 4624 1814 4687 Quod
1877 4632 1933 4680 et
1989 4629 2047 4682 in

399 4701 895 4768 consequentibus
925 4707 1044 4756 tam
1070 4696 1726 4768 admirabilidilggentia
1748 4699 2051 4754 annotavit

399 4719 570 4756 cense
619 4719 895 4757 UBDUDUS
925 4719 1044 4756 tam
1070 4719 1726 4768 aumnramuuuzgenuu
1748 4719 2048 4754 θηηοιᾶνιι

391 4776 458 4851 ad
512 4719 1337 4851 toﬁsndamﬂambiguilatem
1368 4767 1690 4851 .dictio’nis,
1748 4771 1923 4851 trans,
1969 4775 2048 4851 ‘ut

392 4846 616 4902 diceres
645 4861 757 4900 non
794 4843 907 4899 alia
937 4840 1130 4898 mente
1167 4843 1290 4897 hzrc
1334 4840 1404 4896 ab
1454 4856 1520 4895 eo
1571 4840 1751 4894 fuisse
1804 4841 2043 4911 scripta,

391 4932 565 4983 quam
601 4919 667 4972 ut
709 4916 1052 4971 doceremur
1107 4914 1341 4977 singula
1395 4911 1826 4968 Deuteronomii
1871 4913 2045 4968 verba

393 4993 590 5044 Mosen
648 4987 1016 5058 ipsissimum
1075 4993 1366 5042 auctorem
1417 4983 1716 5058 habuisse.
1774 4984 2047 5058 conferat

395 5059 578 5115 lector
611 5055 882 5116 curiosus
914 5063 1092 5129 caput
1122 5060 1276 5113 istud
1307 5059 1592 5129 primum,
1617 5071 1670 5109 ν.
1699 5055 1802 5129 iet
1829 5056 1884 5120 5,
1911 5073 2044 5129 cum

396 5131 474 5186 iis
507 5130 942 5204 quzeleguntur
968 5125 1139 5204 infra,
1190 5125 1378 5204 capi—te
1425 5125 1617 5195 tertio,
1649 5142 1703 5204 _v.
1825 5128 2041 5204 et___25:

391 5194 954 5274 pervidebitvstatim
989 5194 1362 5274 particulam,
1387 5207 1559 5260 trans,
1583 5194 1822 5253 scholiis
1852 5197 2042 5274 _il|us-

388 5269 622 5338 iratam,
656 5274 755 5330 ubi
789 5275 859 5330 ad
891 5269 1108 5330 Mosem
1144 5272 1475 5343 loquentem
1531 5286 1645 5343 non
1705 5269 1894 5338 potuit
1951 5287 2042 5326 re-

387 5347 564 5402 lerri:
609 5346 892 5402 intactam
943 5360 1078 5399 vero
1126 5360 1193 5400 ac
1223 5340 1351 5399 sine
1400 5340 1640 5396 scholiis
1680 5345 2038 5409 manentem,

389 5435 500 5474 cun
536 5419 681 5476 Mosi
715 5415 1133 5474 sermocinanti
1186 5413 1478 5470 convenit.
1529 5417 1826 5477 Precalur,
1882 5415 2041 5469 verbi

375 5492 590 5561 gratia.
623 5490 934 5547 Dominum
948 5493 1139 5561 Moses
1156 5485 1251 5561 his
1276 5483 1472 5541 verbis
1496 5497 1623 5561 cap_.
1645 5498 1732 5551 III,
1755 5499 1906 5561 vers.
1928 5486 2000 5540 25
2021 5503 2040 5541 :

389 5554 656 5619 Transibo
703 5562 1023 5634 igitur,_et
1078 5557 1266 5614 videbo
1318 5565 1530 5634 terram
1588 5554 1730 5609 hanc
1783 5557 2042 5626 optimam

387 5635 555 5693 trans
585 5626 904 5706 Iordanem,
930 5631 992 5690 id
1023 5637 1132 5703 est,
1163 5634 1378 5688 terram
1410 5626 1708 5697 Chanaan,
1741 5640 1867 5698 qua:
1917 5643 2068 5721 res:

2161 4288 2278 4339 res,
2328 4270 2801 4343 palmariumque
2847 4273 2998 4345 quod
3043 4274 3329 4342 putabant
3355 4270 3822 4345 'argument'um,

2163 4347 2423 4418 veterum
2446 4346 2779 4418 _doctorum
2829 4345 3139 4418 sententiis
3171 4347 3405 4418 penitus
3436 4351 3555 4406 fore
3601 4349 3827 4405 dissol-

2160 4414 2467 4491 vendum?
2512 4431 2627 4491 n_on
2657 4423 2750 4491 est
2779 4414 3495 4491 emitend_um__'auetorem
3535 4422 3826 4491 supposi-

2157 4487 2271 4562 titii
2301 4487 2494 4562 operis
2531 4487 2607 4542 De
2632 4486 2814 4562 decem
2843 4488 3246 4562 testationibus
3284 4490 3344 4543 in
3399 4486 3630 4562 deserto,
3652 4486 3832 4562 quod

2157 4558 2310 4614 inter
2339 4558 2822 4630 Hieronymianas
2853 4558 3042 4630 cripta
3071 4560 3290 4615 edilum
3313 4561 3615 4624 est,multa
3635 4558 3833 4620 fuisse

2158 4633 2494 4686 mutuatum
2528 4629 2829 4685 e’scholiis
2877 4629 3129 4686 Cononis
3163 4631 3281 4687 Heb
3309 4635 3595 4689 veritatis.
3630 4639 3827 4691 Mam.

2226 4731 2297 4742 —-
2355 4700 2450 4773 Sic
2507 4700 2810 4773 eAninveroi
2870 4701 3047 4758 habet
3103 4702 3378 4759 Hebraeus
3411 4707 3479 4760 ad
3532 4705 3829 4773 litteram,

2157 4771 2652 4842 quemadmodum
2705 4777 2758 4827 et
2791 4772 3128 4829 Scholiasta).
3161 4779 3501 4832 annotatum
3543 4780 3631 4831 est
3661 4771 3826 4842 1:31:

2156 4853 2370 4933 “sint
2402 4844 2458 4898 in
2489 4843 2726 4933 transitu
2773 4843 3050 4902 Iordanis.
3082 4847 3242 4911 Quod
3303 4855 3458 4904 trans
3502 4849 3820 4906 Iordanem

2156 4931 2475 5004 retinuisse
2512 4932 2745 4988 videtur
2773 4949 2841 4988 ex
2869 4934 3045 4989 veteri
3080 4935 3286 4990 Latina
3322 4936 3814 5004 interpretatione

2153 5003 2646 5075 Hieronymusmi,
2681 5021 2794 5060 nus
2828 5006 3096 5076 equidem
3129 5008 3435 5080 conveniat
3462 5003 3667 5080 Moysi,
3701 5012 3809 5080 qui

2153 5092 2464 5160 nunquam
2492 5091 2628 5130 eum
2662 5093 2892 5158 amnem
2927 5079 3291 5160 pertransiit.
3322 5079 3571 5160 Proinde
3601 5079 3701 5160 alii
3722 5079 3811 5160 βξ

2151 5146 2405 5222 Hebraeae
2427 5147 2641 5222 lingua;
2674 5146 3408 5222 ingenioilludaccipiunt
3439 5167 3540 5222 pro
3568 5151 3668 5218 cis,
3699 5151 3807 5208 alii

2153 5234 2256 5290 pro
2287 5219 2368 5273 ad
2388 5217 2558 5290 latus,
2591 5217 2712 5274 sive
2742 5217 2774 5274 ἐ
2804 5221 3044 5290 regione.
3095 5220 3208 5276 Nec
3240 5217 3569 5277 'defuerunt
3625 5223 3726 5290 qui
3773 5240 3807 5280 e

2151 5289 2456 5363 contrario
2502 5306 2570 5363 ei;
2635 5305 2702 5344 ea
2758 5289 3048 5363 particula
3121 5293 3562 5354 contenderent.
3637 5289 3808 5351 hunc

2149 5365 2371 5416 textum
2405 5359 2491 5432 ab,
2511 5361 2692 5416 altero
2723 5359 2854 5432 post
2883 5362 3102 5418 Mosem
3137 5364 3318 5419 fuisse
3362 5365 3756 5421 substitutum
3787 5383 3802 5421 :

2149 5432 2470 5508 quosinter
2482 5431 3177 5508 RichardumSimonium
3199 5434 3550 5508 haudplane
3581 5439 3804 5494 merito

2150 5503 2524 5578 Martianaaus
2556 5511 2820 5578 recenset
2847 5510 2906 5560 et
2933 5505 3200 5578 castigat.
3234 5503 3475 5578 Nullum
3520 5523 3656 5578 vero
3699 5525 3802 5566 ca-

2147 5574 2437 5634 villationi
2466 5573 2660 5635 locum
2692 5576 2995 5636 Hebraeum
3023 5573 3319 5652 examplsr
3349 5577 3647 5654 relinquit.
