4068 6172
487 304 591 358 455

1514 300 1574 353 8.
1617 294 2025 353 HIERONYMI
2061 296 2319 351 DIVINA
2354 297 2853 355 BIBLIOTBECA.

3773 299 3868 356 656

484 446 607 498 vos,
644 428 796 484 sicut
826 425 1014 483 solent
1060 440 1197 496 apes
1248 422 1542 495 persequi,
1574 425 1629 477 et
1669 421 1878 477 cecidit
1908 422 1979 476 de
2008 420 2134 474 Srir
2161 422 2215 489 Α
2247 420 2614 493 Cappadoces
2664 422 3047 495 expulerunt:
3100 422 3201 495 qui
3234 422 3454 496 egressi
3487 422 3557 479 de
3586 422 3870 496 Cappado-

492 535 681 591 usque
702 523 937 573 Horma.
961 515 1225 586 Cumque
1247 512 1457 569 reversi
1483 511 1792 584 ploraretis
1814 527 2007 566 coram
2036 514 2137 565 Do-

490 608 793 678 mino,non
819 605 1041 662 audivit
1057 622 1178 674 vos,
1195 620 1300 660 nee
1320 603 1444 659 voci
1465 606 1666 657 vestra:
1690 601 1870 657 voluit
1890 601 2131 672 acquie-

484 713 662 753 scere.
687 696 934 752 Sedistis
956 711 1092 767 ergo
1115 695 1172 749 in
1196 694 1603 749 Cades-Barne
1626 692 1812 747 multo
1842 695 2126 762 tempore.

475 799 562 879 [Ο.
602 799 673 861 Χ,
705 794 941 866 Cap.Il.]
970 793 1333 864 Profectique
1366 793 1502 847 inde
1533 791 1801 847 venimus
1831 791 1886 844 in
1920 788 2125 844 solitu-

475 886 828 957 dinem,quae
852 884 1013 940 ducit
1034 885 1105 939 ad
1132 900 1290 939 mare
1321 881 1767 951 Rubrum,sicut
1794 880 1939 935 mihi
1965 880 2126 935 dixe-

477 980 567 1030 rat
593 974 893 1045 Dominus,
924 978 981 1029 et
1011 972 1452 1028 circumivimus
1504 975 1761 1026 montem
1796 969 1923 1025 Seir
1950 968 2124 1040 longe

472 1068 753 1135 tempore.
780 1064 865 1132 [Β.
894 1063 1014 1134 ΙΙΙ.]
1040 1062 1310 1132 Dixitque
1332 1060 1614 1116 Dominus
1640 1060 1709 1114 ad
1735 1075 1865 1115 me:
1898 1058 2126 1113 Sufﬁcit

472 1153 639 1207 vobis
670 1152 981 1208 circumire
1006 1155 1266 1207 montem
1300 1150 1481 1205 istum
1510 1167 1522 1205 :
1557 1150 1637 1205 ite
1664 1152 1865 1204 contra
1895 1147 2120 1217 aquilo-

470 1258 601 1296 nem
616 1245 691 1307 ,et
706 1241 918 1314 populo
933 1241 1432 1314 praacipe,dicens:
1450 1237 1800 1295 Transibitis
1815 1237 2121 1310 pertermi-

472 1348 579 1386 nos
613 1332 858 1386 fratrum
889 1335 1212 1387 vestrorum
1246 1330 1500 1385 ﬁliorum
1536 1329 1683 1383 Esau
1719 1327 1818 1399 qui
1852 1326 2121 1381 habitant

471 1420 528 1474 in
563 1419 710 1488 Seir,
744 1424 800 1475 et
848 1420 1141 1475 timebunt
1186 1435 1310 1474 vos.
1356 1418 1559 1473 Videte
1613 1432 1746 1487 ergo
1786 1415 2115 1487 diligenter,

468 1526 544 1566 ne
569 1509 914 1565 moveamini
959 1513 1161 1564 contra
1200 1524 1320 1564 eos.
1354 1507 1554 1579 Neque
1582 1508 1739 1561 enim
1772 1505 1921 1561 dabo
1952 1504 2115 1561 vobis

467 1599 538 1655 de
571 1604 722 1655 terra
755 1614 955 1654 eorum
1002 1602 1291 1669 quantum
1349 1600 1540 1668 potest
1572 1596 1749 1651 unius
1797 1595 1963 1667 pedis
1993 1594 2114 1650 cal-

466 1707 597 1747 care
630 1690 966 1762 vestigium,
1017 1690 1154 1761 quia
1202 1689 1259 1744 in
1315 1687 1747 1761 possessionem
1798 1691 1946 1742 Esau
1978 1680 2111 1743 dedi

467 1785 727 1836 montem
788 1780 940 1835 Seir.
994 1778 1162 1835 Cibos
1222 1778 1301 1850 [h.
1362 1778 1593 1848 Cibum]
1652 1778 1858 1833 emetis
1914 1778 1985 1832 ab
2029 1776 2190 1859 eisB

463 1870 732 1939 pecunia,
765 1872 821 1923 et
871 1868 1219 1924 comedetis:
1257 1885 1469 1940 aquam
1512 1872 1767 1937 emptam
1801 1867 2106 1935 haurietis,

460 1964 516 2013 et
565 1959 800 2014 bibetis.
856 1960 1139 2014 Dominus
1190 1958 1343 2013 Deus
1388 1962 1528 2012 tuus
1574 1958 1875 2013 benedixit
1912 1956 2018 2011 tibi
2048 1956 2108 2011 in

462 2048 621 2103 omni
654 2063 827 2120 opere
876 2064 1160 2103 manuum
1215 2052 1500 2103 tuarum:
1552 2047 1712 2102 novit
1758 2047 1870 2102 iter
1914 2050 2105 2115 tuum,

463 2138 761 2209 quomodo
786 2137 1091 2193 transieris
1114 2136 1493 2192 solitudinem
1512 2136 1663 2192 hanc
1687 2152 1982 2208 magnam,
2008 2152 2110 2207 per

462 2227 851 2299 quadraginta
882 2243 1067 2282 annos
1113 2226 1385 2283 habitans
1414 2231 1601 2282 tecum
1639 2226 1922 2281 Dominus
1958 2228 2107 2282 Deus

460 2320 619 2385 tuus,
670 2320 727 2371 et
771 2315 915 2371 nihil
966 2314 1070 2371 tibi
1119 2316 1324 2371 defuit.
1375 2316 1641 2387 Cumque
1684 2316 2107 2372 transissemus

462 2405 671 2461 fratres
695 2410 931 2461 nostros
952 2405 1104 2460 ﬁlios
1143 2406 1319 2470 Esau,
1354 2405 1455 2477 qui
1492 2405 1839 2461 habitabant
1864 2405 1920 2460 in
1958 2406 2104 2477 Seir,

462 2510 563 2564 per
587 2492 740 2549 viam
765 2498 1151 2565 campestrem
1177 2494 1246 2548 de
1266 2492 1459 2558 Elatb,
1492 2498 1549 2548 et
1580 2494 1651 2548 de
1678 2492 2102 2563 Asion-Gaber,

461 2583 728 2639 venimus
758 2584 829 2639 ad
876 2584 1003 2653 iter,
1054 2583 1207 2653 quod
1258 2583 1419 2638 ducit
1458 2582 1514 2637 in
1563 2584 1859 2638 desertum
1912 2583 2102 2638 Moab.

456 2681 729 2753 Dixitque
789 2681 1075 2738 Dominus
1128 2682 1199 2737 ad
1261 2696 1403 2737 me:
1458 2685 1581 2736 Non
1642 2696 1868 2753 pugnes
1900 2686 2103 2738 contra

455 2771 761 2840 Moabitae,
796 2788 901 2827 nec
948 2771 1110 2827 ineas
1160 2772 1443 2827 adversus
1495 2786 1593 2827 eos
1634 2770 1897 2842 prmlium
1937 2788 1948 2825 :
1984 2788 2099 2827 non

453 2860 603 2915 enim
640 2861 789 2916 dabo
839 2860 943 2915 tibi
1000 2860 1322 2933 quidquam
1374 2862 1444 2916 de
1492 2864 1647 2916 terra
1696 2876 1920 2927 eorum,
1964 2860 2102 2932 quia

452 2950 589 3005 ﬁliis
634 2949 961 3005 Lottradidi
1002 2957 1079 3004 Ar
1110 2949 1167 3005 in
1204 2949 1662 3021 possessionem.
1699 2950 1886 3004 Emim
1924 2949 2098 3020 primi

450 3040 686 3094 fuerunt
716 3038 1075 3094 habitatores
1108 3040 1256 3109 ejus,
1305 3040 1557 3111 populus
1600 3054 1873 3111 magnus,
1907 3044 1966 3093 et
1998 3055 2097 3093 va-

447 3128 626 3193 lidus,
658 3132 714 3183 et
744 3132 860 3183 tam
896 3127 1179 3192 excelsus,
1216 3132 1279 3183 ut
1321 3129 1391 3183 de
1423 3127 1659 3184 Enaeim
1694 3127 1894 3200 stirpe,
1928 3128 2093 3199 quasi

446 3217 868 3287 gigantes,crcd
880 3221 1199 3285 erentur,et
1219 3221 1416 3274 essent
1438 3216 1663 3273 similes
1679 3216 1933 3273 ﬁliorum
1952 3217 2095 3273 Ena-

446 3307 585 3360 cim.
607 3306 867 3377 Denique
888 3306 1152 3360 Moabitae
1185 3305 1485 3377 appellant
1506 3321 1603 3361 eos
1629 3305 1836 3361 Emim.
1870 3308 1932 3360 1n
1968 3307 2095 3362 Seir

444 3399 640 3451 autem
669 3395 833 3467 prius
866 3394 1277 3450 habitaverunt
1306 3394 1506 3450 IIorim
1534 3412 1547 3449 :
1584 3396 1800 3466 quibus
1832 3394 2094 3468 expulsis

444 3489 620 3554 atque
651 3483 879 3553 deletis,
932 3483 1348 3539 habitaverunt
1396 3482 1502 3539 ﬁlii
1547 3487 1722 3550 Esau,
1774 3485 1927 3540 sicut
1958 3486 2094 3541 fecit

446 3571 625 3628 Israel
656 3573 713 3628 in
764 3578 920 3628 terra
974 3572 1367 3645 possessionis
1418 3589 1558 3639 suae,
1610 3589 1789 3644 quam
1838 3573 1997 3629 dedit
2039 3573 2091 3630 ei

446 3663 749 3717 Dominus.
774 3662 1092 3734 Surgentes
1116 3678 1251 3735 ergo
1276 3665 1340 3717 ut
1362 3661 1749 3718 transiremus
1774 3666 2088 3719 torrentem

440 3752 641 3819 Zared,
675 3751 947 3808 venimus
979 3752 1047 3807 ad
1086 3768 1241 3808 eum.
1274 3753 1530 3825 Tempus
1562 3756 1780 3819 autem,
1816 3768 1931 3823 quo
1963 3768 2089 3808 am-

436 3840 772 3896 bulavimus
824 3842 894 3896 de
945 3841 1357 3897 Cades-Barne
1412 3857 1598 3913 usque
1656 3842 1725 3896 ad
1768 3840 2086 3897 transitum

434 3930 711 3987 torrentis
743 3930 945 3997 Zared,
1004 3930 1250 4002 triginta
1306 3935 1363 3986 et
1410 3936 1537 3987 octo
1598 3947 1887 3986 annorum
1926 3931 2080 3987 fuit:

434 4022 619 4076 donec
680 4024 1134 4076 consumeretur
1190 4020 1383 4077 omnis
1442 4020 1737 4091 generatio
1777 4020 2083 4076 hominum

433 4108 788 4166 bellatorum
823 4110 892 4164 de
938 4109 1171 4179 castris,
1224 4109 1379 4165 sicut
1418 4110 1721 4180 juraverat
1754 4109 2032 4165 Dominus
2067 4126 2080 4165 :

431 4209 601 4279 cujus
633 4224 847 4263 manus
901 4208 1013 4263 fuit
1064 4208 1375 4263 adversum
1408 4224 1528 4278 eos,
1581 4212 1646 4263 ut
1677 4206 1985 4264 interirent
2012 4209 2083 4265 de

431 4301 757 4351 castrorum
805 4296 1020 4351 medio.
1058 4297 1141 4367 [Β.
1192 4296 1310 4367 1V.]
1345 4297 1660 4368 Postquam
1705 4300 1900 4352 autem
1946 4297 2079 4351 uni-

430 4384 580 4441 versi
630 4385 969 4441 ceciderunt
1021 4390 1401 4458 pugnatores.
1451 4386 1540 4455 [Τ.
1593 4386 1685 4458 ΙΙ.]
1731 4384 1960 4442 locutus
1991 4389 2081 4442 est

430 4476 714 4533 Dominus
755 4477 825 4534 ad
860 4494 977 4545 me,
1027 4477 1227 4533 dicens
1257 4494 1269 4532 :
1320 4481 1401 4531 Tu
1435 4476 1718 4532 transibis
1756 4476 1928 4532 hodie
1958 4480 2075 4533 ter-

2243 509 2332 565 cia
2363 509 2704 568 deleverunt
2751 529 2870 581 eos,
2921 517 2980 569 et
3026 512 3440 569 habitaverunt
3482 529 3586 586 pro
3626 512 3760 571 illis.
3793 514 3864 583 [h.

2242 599 2433 655 Evazos
2482 618 2738 674 quoque,
2790 603 2888 674 qui
2934 603 3285 660 habitabant
3332 604 3392 659 in
3431 603 3662 660 Aserim
3694 620 3866 677 usque

2237 692 2475 760 Gazam,
2506 694 2879 764 Cappadoces
2909 694 3010 764 qui
3041 693 3383 750 habitabant
3413 693 3470 749 in
3494 695 3869 767 Cappadocia,

2237 776 2596 851 deleverunt,
2630 789 2689 837 et
2722 782 3133 839 habitaverunt
3164 800 3265 854 pro
3297 782 3464 854 illis.]
3498 784 3583 855 [Β.
3618 783 3707 856 V.]
3740 784 3867 841 Sur-

2234 868 2438 938 gite,et
2470 872 2714 926 transite
2764 876 3083 929 torrentem
3131 874 3329 929 Arnen
3364 890 3377 929 :
3412 889 3543 930 ecce
3572 873 3784 929 tradidi
3814 874 3867 931 in

2235 973 2412 1014 manu
2447 964 2547 1015 tua
2576 960 2725 1017 Seon
2756 978 2951 1034 regem
2974 963 3201 1019 Esebon
3224 962 3651 1034 Amorrhaaum,
3675 968 3731 1019 et
3759 968 3867 1020 ter-

2232 1063 2357 1103 ram
2392 1050 2519 1119 ejus
2550 1050 2743 1123 incipe
2802 1052 3125 1124 possidere,
3176 1056 3233 1109 et
3268 1054 3567 1110 committe
3595 1054 3865 1111 adversus

2230 1150 2365 1192 eum
2420 1138 2708 1210 praelium.
2760 1141 2945 1197 Hodie
2994 1141 3271 1214 incipiam
3324 1142 3553 1199 mittere
3595 1147 3863 1200 terrorem

2229 1230 2405 1297 atque
2452 1228 2825 1285 formidinem
2876 1235 3038 1287 tuam
3073 1231 3133 1287 in
3166 1231 3437 1305 populos,
3480 1234 3584 1305 qui
3615 1233 3869 1289 habitant

2227 1316 2339 1371 sub
2371 1318 2529 1372 omni
2562 1318 2725 1387 ccslo,
2760 1324 2826 1376 ut
2854 1321 3056 1377 audito
3087 1321 3326 1378 nomine
3354 1328 3447 1378 tuo
3479 1321 3562 1393 [h.
3589 1326 3654 1379 ut
3678 1323 3868 1380 audita

2226 1404 2384 1462 fama
2407 1408 2834 1480 tua].paveant,
2857 1414 2913 1466 et
2934 1409 2993 1465 in
3016 1426 3240 1467 morem
3264 1411 3721 1484 parturientium
3741 1430 3867 1469 con-

2229 1495 2592 1565 tremiscant,
2627 1502 2683 1554 et
2714 1499 2912 1555 dolore
2956 1504 3270 1558 teneantur
3301 1500 3385 1572 [h.
3417 1502 3866 1559 contremiscant

2226 1581 2286 1639 in
2318 1590 2633 1657 conspectu
2666 1589 2812 1659 tuo].
2843 1588 2971 1644 Misi
3004 1605 3140 1662 ergo
3185 1590 3427 1647 nuntios
3458 1591 3527 1647 de
3555 1590 3862 1648 solitudine

2224 1673 2537 1731 Cademoth
2573 1676 2643 1731 ad
2679 1677 2829 1733 Seon
2860 1695 3051 1749 regem
3102 1678 3331 1736 Esebon
3362 1680 3554 1736 verbis
3586 1680 3859 1753 paciﬁcis,

2223 1762 2459 1819 dicens:
2513 1765 2619 1837 [h.]
2671 1766 2959 1823 Transibo
3010 1784 3112 1839 per
3156 1773 3371 1825 terram
3414 1774 3601 1840 tuam,
3633 1768 3862 1842 publica

2222 1852 2455 1922 gradiar
2484 1853 2616 1910 via:
2670 1871 2785 1910 non
2834 1856 3140 1913 declinabo
3191 1874 3381 1931 neque
3424 1860 3496 1915 ad
3540 1860 3857 1931 dexteram,

2221 1957 2411 2013 neque
2443 1944 2510 1998 ad
2548 1944 2874 2001 sinistram.
2929 1947 3222 2004 Alimenta
3274 1949 3458 2019 pretio
3489 1950 3672 2006 vende
3704 1950 3865 2021 mihi,

2221 2036 2286 2086 ut
2316 2048 2552 2088 vescar:
2605 2050 2821 2105 aquam
2871 2036 3121 2107 pecunia
3168 2036 3383 2110 tribue,
3432 2043 3489 2095 et
3527 2038 3612 2095 sic
3641 2038 3859 2096 bibam.

2218 2121 2475 2177 Tantum
2527 2127 2636 2193 est,
2691 2129 2754 2179 ut
2802 2124 2948 2180 mihi
2998 2127 3282 2183 concedas
3325 2129 3666 2199 transitum,
3713 2130 3863 2187 sicut

2219 2210 2481 2266 fecerunt
2503 2211 2608 2267 ﬁlii
2633 2213 2808 2282 Esau,
2832 2214 2931 2285 qui
2955 2214 3226 2271 habitant
3246 2217 3301 2271 in
3328 2216 3473 2287 Seir,
3492 2222 3550 2273 et
3576 2218 3857 2287 Moabitae,

2218 2300 2317 2371 qui
2354 2306 2659 2357 morantur
2687 2303 2744 2357 in
2777 2308 2892 2359 Ar:
2928 2305 3110 2361 donec
3152 2305 3384 2361 veniam
3418 2307 3490 2361 ad
3520 2307 3859 2376 Jordanem,

2217 2394 2275 2446 et
2305 2396 2599 2447 transeam
2630 2392 2689 2448 in
2716 2397 2933 2450 terram
2965 2411 3142 2465 quam
3164 2395 3454 2451 Dominus
3478 2402 3633 2453 Deus
3665 2403 3863 2454 noster

2215 2480 2462 2537 daturus
2527 2490 2613 2537 est
2672 2483 2864 2540 nobis.
2926 2484 3245 2557 Noluitque
3300 2489 3447 2541 Seon
3507 2502 3607 2541 rex
3636 2487 3859 2544 Esebon

2213 2570 2352 2625 dare
2385 2570 2556 2627 nobis
2586 2574 2902 2629 transitum
2930 2590 2942 2628 :
2986 2574 3127 2646 quia
3173 2575 3549 2632 induraverat
3575 2576 3859 2633 Dominus

2212 2658 2367 2714 Deus
2388 2664 2528 2715 tuus
2551 2662 2823 2732 spiritum
2849 2664 2998 2733 ejus,
3023 2668 3081 2719 et
3110 2664 3524 2720 oblirmaverat
3544 2681 3643 2721 cor
3673 2665 3857 2738 illius,

2212 2752 2277 2803 ut
2307 2749 2637 2805 traderetur
2684 2751 2741 2806 in
2795 2768 3011 2808 manus
3064 2758 3215 2819 tuas,
3268 2754 3422 2810 sicut
3467 2772 3623 2811 nunc
3670 2754 3854 2812 vides.

2209 2837 2484 2909 Dixitque
2521 2841 2810 2897 Dominus
2853 2842 2923 2896 ad
2958 2858 3090 2899 me:
3126 2843 3270 2899 Ecce
3308 2844 3450 2915 coepi
3483 2846 3713 2902 tradere
3749 2845 3857 2901 tibi

2210 2926 2459 2995 Seon,et
2490 2934 2702 2985 terram
2735 2931 2883 3001 ejus,
2908 2931 3101 3004 incipe
3132 2932 3432 3004 possidere
3460 2951 3610 2991 eam.
3645 2939 3855 3005 Egres-

2207 3032 2428 3089 susque
2460 3024 2549 3075 est
2577 3022 2722 3075 Seon
2774 3020 3003 3076 obviam
3056 3021 3227 3078 nobis
3277 3038 3411 3078 cum
3444 3024 3605 3081 omni
3637 3023 3853 3097 populo

2206 3122 2313 3161 suo
2347 3108 2417 3161 ad
2444 3106 2707 3178 praelium
2742 3109 2798 3164 in
2830 3109 2984 3167 Jesa.
3019 3110 3088 3165 Et
3125 3112 3367 3168 tradidit
3397 3128 3532 3168 eum
3568 3114 3853 3171 Dominus

2206 3199 2359 3251 Deus
2393 3200 2588 3252 noster
2615 3198 2785 3254 nobis
2811 3214 2823 3253 :
2854 3200 3377 3273 pereussimusque
3396 3217 3531 3257 eum
3554 3218 3688 3257 cum
3713 3202 3854 3259 ﬁliis

2204 3284 2330 3340 suis
2380 3290 2437 3340 et
2485 3287 2645 3342 omni
2695 3288 2909 3360 populo
2958 3305 3088 3345 suo.
3149 3294 3517 3364 Cunctasque
3567 3292 3746 3348 urbes
3792 3293 3853 3349 in

2202 3377 2465 3446 tempore
2519 3375 2618 3446 illo
2675 3378 2962 3449 cepimus,
3023 3380 3342 3435 interfectis
3416 3380 3854 3439 habitatoribus

2203 3478 2427 3531 earum,
2461 3463 2599 3521 viris
2650 3482 2716 3521 ac
2763 3466 3113 3525 mulieribus
3162 3474 3218 3524 et
3243 3470 3523 3541 parvulis.
3556 3470 3681 3526 Non
3714 3471 3856 3529 reli-

2202 3552 2443 3623 quimus
2474 3553 2535 3610 in
2583 3555 2668 3611 eis
2721 3557 3065 3628 quidquam,
3115 3558 3339 3631 absque
3369 3559 3683 3631 jumentis,
3718 3576 3851 3631 quae

2200 3639 2257 3695 in
2292 3648 2515 3713 partem
2546 3660 2752 3701 venere
2805 3647 3218 3717 praedantium,
3265 3652 3322 3704 et
3370 3648 3575 3721 spoliis
3611 3649 3855 3705 urbium

2197 3747 2342 3801 quas
2374 3732 2640 3805 cepimus
2676 3734 2747 3789 ab
2782 3740 2981 3807 Aroer,
3029 3752 3158 3808 quae
3188 3741 3277 3793 est
3306 3754 3484 3811 super
3507 3739 3689 3810 ripam
3724 3743 3856 3795 tor-

2197 3820 2380 3876 rentis
2412 3826 2631 3891 Arnon,
2677 3828 2736 3879 et
2784 3824 3000 3896 oppido
3049 3826 3205 3897 quod
3252 3825 3312 3881 in
3344 3826 3490 3883 valle
3520 3827 3699 3882 situm
3735 3832 3852 3895 est,

2197 3926 2385 3981 usque
2416 3910 2657 3967 Galaad.
2709 3912 2836 3969 Non
2886 3914 2998 3970 fuit
3027 3915 3193 3971 vicus
3239 3920 3295 3973 et
3322 3916 3548 3986 civitas,
3581 3933 3710 3988 quae
3744 3935 3855 3973 no-

2194 4003 2348 4054 stras
2381 4002 2660 4073 effugeret
2704 4019 2958 4059 manus:
3011 4020 3217 4062 omnes
3265 4005 3510 4061 tradidit
3558 4006 3854 4063 Dominus

2192 4087 2347 4145 Deus
2374 4094 2569 4146 noster
2613 4091 2802 4161 nobis,
2837 4093 3061 4165 absque
3092 4098 3247 4150 terra
3277 4094 3532 4151 ﬁliorum
3565 4099 3852 4166 Ammon,

2191 4179 2264 4233 ad
2297 4194 2473 4250 quam
2498 4197 2611 4236 non
2647 4183 3025 4251 accessimus,
3055 4188 3111 4239 et
3142 4185 3373 4242 cunctis
3412 4202 3539 4258 qua
3572 4186 3856 4256 adjacent

2191 4270 2433 4324 torrenti
2458 4270 2773 4341 Jebboc,et
2802 4272 3050 4328 urbibus
3082 4274 3399 4345 montanis,
3433 4275 3854 4348 universisque

2188 4355 2332 4413 locis
2363 4376 2396 4414 a
2426 4358 2643 4431 quibus
2695 4377 2802 4417 nos
2856 4362 3161 4434 prohibuit
3210 4363 3496 4420 Dominus
3547 4365 3702 4421 Deus
3735 4382 3854 4422 no-

2190 4450 2329 4502 ster.

428 4565 619 4621 minos
643 4566 832 4636 Moab,
867 4538 1065 4622 urbem
1098 4564 1337 4622 nomine
1364 4567 1462 4633 Ar,
1496 4570 1553 4622 et
1584 4566 1867 4621 accedens
1900 4566 1957 4620 in
1986 4566 2073 4621 vi-
2101 4538 2148 4605 D
2256 4573 2410 4645 [ϐαρ.
2444 4573 2564 4646 ΙΙΙ.]
2597 4578 2797 4646 Itaque
2852 4577 3112 4633 conversi
3167 4579 3543 4635 ascendimus
3593 4595 3695 4651 per
3725 4581 3849 4638 iter

426 4655 556 4711 cina
587 4655 840 4711 ﬁliorum
874 4661 1148 4724 Ammon,
1184 4672 1321 4712 eave
1355 4673 1425 4711 ne
1458 4672 1683 4727 pugnes
1713 4659 1914 4711 contra
1946 4671 2067 4724 eos,

425 4762 496 4801 ne
525 4746 811 4802 movearis
843 4747 911 4802 ad
965 4746 1268 4819 prmlium:
1323 4762 1436 4801 non
1488 4745 1642 4801 enim
1678 4746 1828 4800 dabo
1859 4744 1965 4800 tibi
1999 4745 2070 4800 de

423 4838 579 4891 terra
611 4835 865 4891 ﬁliorum
897 4837 1165 4905 Ammon,
1198 4835 1336 4906 quia
1367 4833 1504 4890 ﬁliis
1551 4835 1655 4890 Lot
1686 4834 1814 4890 dedi
1848 4850 1975 4890 eam
2008 4834 2067 4890 in

422 4924 877 4994 possessionem.
912 4925 1088 4980 Terra
1115 4924 1418 4996 gigantum
1470 4928 1738 4995 reputata
1769 4928 1889 4979 est:
1920 4927 1979 4979 et
2006 4922 2067 4978 in

418 5012 549 5087 ipsa
580 5014 720 5070 olim
767 5014 1179 5070 habitaverunt
1221 5014 1505 5086 gigantes,
1540 5030 1689 5087 quos
1721 5013 2065 5069 Ammanitae

416 5108 630 5160 vocant
658 5104 1079 5175 Zomzommin,
1128 5103 1382 5176 populus
1429 5118 1701 5175 magnus,
1734 5107 1791 5158 et
1821 5102 2063 5171 mullus,

414 5207 471 5260 et
502 5219 753 5274 procera:
805 5201 1214 5274 longitudinis,
1265 5202 1421 5257 sicut
1465 5201 1731 5268 Enacim,
1773 5216 1919 5271 quos
1960 5201 2065 5256 de-

414 5292 551 5349 levit
584 5291 867 5349 Dominus
907 5308 941 5348 a
963 5290 1107 5347 facie
1141 5307 1368 5359 eorum,
1400 5294 1457 5347 et
1491 5289 1623 5346 fecit
1648 5288 1778 5345 illos
1799 5288 2063 5344 habitare

413 5400 517 5454 pro
550 5382 653 5454 eis,
704 5382 860 5438 sicut
904 5381 1117 5437 fecerat
1164 5379 1302 5436 ﬁliis
1350 5380 1525 5450 Esau,
1560 5378 1662 5450 qui
1700 5378 1969 5435 habitant
2000 5377 2060 5434 in

412 5472 561 5541 Seir,
593 5472 795 5528 delens
849 5471 1135 5539 Horraaos,
1185 5475 1244 5527 et
1294 5474 1509 5525 terram
1558 5483 1760 5525 eorum
1794 5466 1912 5523 illis
1941 5471 2059 5523 tra-

412 5561 579 5631 dens,
628 5578 803 5633 quam
853 5560 1161 5634 possident
1209 5574 1399 5632 usque
1447 5558 1505 5613 in
1551 5573 1826 5630 praesens.
1861 5556 2059 5613 Evaeos

410 5664 665 5721 quoque,
698 5649 800 5723 qui
848 5647 1197 5708 habitabant
1244 5648 1305 5705 in
1342 5645 1571 5705 Aserim
1602 5661 1788 5719 usque
1818 5644 2053 5720 Gazam,

2180 4660 2367 4716 Basan
2393 4678 2407 4717 :
2441 4679 2832 4735 egressusque
2868 4670 2956 4722 est
2985 4665 3068 4737 Og
3096 4683 3194 4722 rex
3230 4667 3412 4724 Basan
3438 4668 3495 4723 in
3518 4684 3845 4726 occursum

2181 4750 2351 4806 nobis
2383 4767 2516 4806 cum
2550 4751 2767 4825 populo
2799 4770 2928 4810 suo.
2965 4754 3048 4823 [h.
3095 4771 3229 4811 cum
3263 4756 3422 4812 omni
3454 4757 3671 4829 populo
3702 4760 3843 4830 suo]

2179 4839 2250 4894 ad
2284 4839 2627 4898 bellandum
2656 4843 2714 4897 in
2746 4843 2942 4899 Edrai.
2975 4843 3252 4917 Dixitque
3280 4846 3563 4901 Dominus
3584 4846 3658 4902 ad
3694 4864 3795 4903 me
3828 4865 3845 4904 :

2177 4927 2260 4983 Ne
2290 4928 2499 4985 timeas
2528 4946 2700 4987 eum:
2728 4933 2867 5004 quia
2890 4932 2947 4987 in
2972 4950 3151 4989 manu
3176 4938 3278 4989 tua
3300 4934 3557 4992 traditus
3580 4940 3671 4992 est
3694 4953 3845 4993 cum

2176 5018 2336 5073 omni
2398 5018 2614 5090 populo
2672 5037 2740 5075 ac
2797 5024 2950 5078 terra
3002 5039 3150 5078 sua:
3211 5023 3505 5095 faciesque
3562 5024 3615 5079 ei
3675 5026 3851 5084 sicut

2175 5107 2361 5163 fecisti
2392 5108 2541 5163 Seon
2576 5110 2697 5182 regi
2744 5112 3238 5181 Amorrbaaorum,
3292 5113 3392 5185 qui
3436 5112 3725 5171 habitavit
3774 5116 3845 5172 in

2172 5195 2424 5251 Esebon.
2478 5198 2742 5255 Tradidit
2788 5216 2924 5273 ergo
2975 5200 3256 5257 Dominus
3317 5202 3467 5257 Deus
3524 5208 3727 5261 noster
3774 5204 3844 5260 in

2174 5284 2452 5341 manibus
2485 5287 2705 5343 nostris
2754 5288 2930 5346 etiam
2980 5290 3067 5362 0g
3114 5306 3309 5363 regem
3360 5290 3568 5359 Basan,
3600 5297 3659 5348 et
3690 5294 3845 5348 uni-

2170 5390 2404 5431 versum
2438 5375 2723 5448 populum
2753 5378 2918 5449 ejus:
2954 5379 3471 5452 percussimusque
3507 5396 3606 5436 eos
3635 5398 3846 5453 usque

2172 5465 2240 5520 ad
2269 5464 2752 5535 internecionem,
2778 5472 3077 5525 vastantes
3108 5473 3351 5526 cunctas
3373 5468 3639 5527 civitates
3666 5470 3846 5529 illius

2170 5568 2289 5609 uno
2312 5557 2577 5627 tempore
2598 5555 2747 5627 [h.in
2773 5556 2878 5615 illo
2901 5562 3206 5631 tempore].
3231 5558 3358 5615 Non
3383 5556 3496 5615 fuit
3515 5558 3842 5631 oppidum,

2168 5642 2323 5715 quod
2356 5659 2465 5703 nos
2513 5645 2794 5719 effugeret
2826 5661 2841 5704 :
2890 5646 3197 5720 sexaginta
3234 5646 3433 5718 urbes,
3464 5662 3705 5707 omnem
3738 5665 3844 5708 re-
