4068 6172
261 313 343 369 457

257 437 441 509 gionem
463 434 654 506 Argob
688 433 849 507 regni
881 435 964 505 Og
1010 435 1071 490 in
1123 435 1332 490 Basan.
1388 434 1621 490 Cunctae
1670 433 1846 488 urbes
1881 433 1930 498 Α

258 529 386 580 erant
411 523 636 579 munitae
668 523 852 579 muris
884 513 1208 591 altissimis,
1243 523 1548 595 portisque
1579 527 1637 577 et
1679 519 1851 577 vecti-

256 614 360 680 bus,
385 613 594 684 absque
622 612 857 684 oppidis
888 611 1234 682 innumeris,
1258 629 1386 682 quas
1413 628 1530 667 nou
1560 610 1853 666 habebant

259 718 435 759 muros.
463 702 530 757 Et
579 701 904 758 delevimus
953 719 1074 770 eos,
1123 701 1278 757 sicut
1326 702 1652 756 feceramus
1700 699 1850 755 Seon

256 792 612 864 regiEsebon,
646 792 1058 864 disperdentes
1109 807 1345 847 omnem
1401 791 1717 853 civitatem,
1767 789 1852 843 vi-

257 898 424 952 rosque
449 898 511 936 ac
560 879 834 937 mulieres
877 885 936 937 et
982 879 1290 952 parvulos;
1331 881 1606 950 jumenta
1655 883 1851 934 autem

259 975 302 1026 et
324 969 484 1042 spolia
513 969 750 1025 urbium
784 970 1158 1041 diripuimus.
1204 968 1597 1039 Tulimusque
1642 966 1743 1022 illo
1794 966 1851 1021 in

254 1065 470 1131 tempore
501 1063 717 1115 terram
750 1059 822 1116 de
868 1075 1047 1114 manu
1098 1058 1350 1113 duorum
1399 1073 1603 1127 regum
1649 1057 1855 1109 Amor-

256 1149 523 1217 rbeorum,
553 1149 654 1220 qui
687 1153 854 1204 erant
882 1152 1046 1204 trans
1073 1147 1392 1203 Jordanem
1424 1145 1505 1218 [h.
1531 1145 1631 1217 qui
1664 1148 1853 1211 erant,

253 1239 297 1293 in
324 1237 546 1294 transitu
575 1237 877 1307 Jordanis]
911 1253 925 1292 :
963 1253 996 1292 a
1026 1240 1282 1293 torrente
1310 1237 1506 1291 Arnon
1548 1251 1736 1305 usque
1782 1234 1854 1289 ad

255 1331 470 1383 montem
497 1331 781 1393 Hermon,
814 1341 989 1398 quem
1019 1325 1242 1381 Sidonii
1273 1324 1480 1380 Sarion
1531 1330 1757 1392 vocant,
1801 1328 1859 1378 et

250 1415 532 1472 Amorrbssi
563 1415 741 1471 Sanir
772 1429 787 1471 :
821 1431 1027 1471 omnes
1057 1413 1340 1480 civitates,
1374 1429 1500 1485 quae
1550 1412 1677 1468 sitae
1720 1415 1859 1466 sunt

251 1504 296 1558 in
323 1503 564 1576 planitie,
594 1507 652 1559 et
677 1503 1011 1560 universam
1044 1507 1260 1558 terram
1289 1501 1505 1557 Galaad
1555 1505 1613 1556 et
1666 1499 1857 1554 Basan

250 1610 404 1664 usque
429 1593 633 1649 Selcha
663 1596 721 1648 et
751 1593 919 1648 Edrai
953 1592 1218 1648 civitates
1250 1591 1414 1662 regni
1441 1591 1528 1662 Og
1556 1589 1614 1644 in
1647 1589 1858 1644 Basan.

249 1682 392 1738 Solus
437 1683 654 1754 quippe
703 1681 789 1753 Og
835 1697 935 1738 rex
983 1683 1170 1737 Basan
1218 1681 1512 1737 restiterat
1562 1679 1632 1734 de
1680 1678 1861 1748 stirpe

246 1770 545 1843 gigantum.

304 1860 359 1931 [Β
385 1861 494 1932 VL]
525 1863 885 1918 Monstratur
917 1859 1100 1916 lectus
1144 1859 1274 1928 ejus
1330 1858 1574 1926 ferreus,
1626 1856 1727 1928 qui
1775 1860 1865 1912 est

244 1950 289 2005 in
335 1951 589 2007 Rabbath
643 1950 726 2021 [h.
777 1966 906 2006 ecce
957 1949 1141 2004 lectus
1189 1948 1340 2018 ejus,
1391 1947 1615 2002 ferreus
1666 1949 1757 2000 est
1805 1946 1863 1998 in

247 2041 500 2112 Rabbath]
536 2039 792 2096 ﬁliorum
825 2042 1095 2103 Ammon,
1128 2054 1336 2093 novem
1368 2036 1596 2092 cubitos
1639 2035 1865 2090 habens

242 2128 625 2202 longitudinis,
659 2133 716 2184 et
746 2131 1000 2199 quatuor
1028 2126 1360 2182 latitudinis
1406 2126 1477 2180 ad
1525 2141 1862 2180 mensuram

243 2218 396 2274 cubiti
423 2218 613 2274 virilis
643 2233 856 2273 manus
888 2217 969 2287 [h.
1005 2217 1077 2272 ad
1107 2215 1371 2273 cubitum
1404 2214 1552 2285 viri].
1595 2215 1862 2268 Terram-

242 2323 334 2378 que
359 2308 729 2379 possedimus
769 2305 850 2377 [h.
902 2309 1065 2361 Hanc
1114 2320 1348 2375 quoque
1395 2308 1634 2374 terram,
1685 2317 1861 2373 quam

240 2397 611 2467 possedimus]
662 2395 724 2450 in
775 2403 1034 2466 tempore
1081 2393 1181 2450 illo
1229 2394 1301 2448 ab
1351 2397 1554 2460 Aroer,
1600 2409 1728 2464 quae
1773 2395 1863 2446 est

238 2501 390 2557 super
417 2487 611 2557 ripam
643 2484 924 2540 torrentis
977 2489 1196 2553 Arnon,
1242 2499 1430 2554 usque
1483 2482 1551 2537 ad
1604 2481 1860 2536 mediam

235 2579 434 2644 partem
504 2574 732 2631 montis
794 2573 1033 2640 Galaad,
1087 2576 1145 2628 et
1191 2572 1454 2628 civitates
1509 2570 1669 2625 illius
1726 2568 1860 2624 dedi

239 2661 436 2729 Ruben,
467 2670 524 2720 et
554 2663 709 2719 Gad.
745 2662 1049 2734 Reliquam
1099 2665 1295 2717 autem
1345 2663 1571 2732 partem
1623 2658 1859 2727 Galaad,

234 2756 281 2806 et
305 2769 529 2809 omnem
562 2757 757 2808 Basan
807 2751 971 2822 regni
1023 2751 1128 2822 0g.
1181 2749 1399 2804 tradidi
1451 2747 1708 2803 dimidiae
1757 2745 1863 2802 tri-

234 2839 320 2894 bui
369 2841 666 2910 Manasse,
716 2856 949 2896 omnem
1001 2839 1294 2910 regionem
1345 2839 1533 2910 Argob
1585 2853 1598 2892 :
1649 2840 1862 2892 088018

229 2929 397 2986 Β8888
426 2937 678 2987 vocatur
706 2935 860 2985 terra
888 2929 1225 3000 Gigantum.
1255 2927 1285 2982 J
1294 2928 1381 2982 air
1408 2926 1569 2982 ﬁlius
1595 2927 1862 2982 Mauasse

230 3019 467 3088 possedit
497 3035 739 3076 omnem
773 3017 1068 3090 regionem
1097 3017 1295 3088 Argob
1320 3031 1504 3086 usque
1535 3016 1607 3070 ad
1657 3013 1859 3070 termi-

228 3123 319 3163 nos
346 3108 554 3164 Gesuri
595 3111 655 3163 et
683 3106 1359 3176 Machathi.Nocavitque
1389 3121 1456 3160 ex
1487 3103 1722 3160 nomine
1753 3120 1858 3158 suo

227 3194 414 3261 Basan,
445 3197 645 3254 Avoth
677 3195 819 3261 Jair,
851 3195 910 3250 id
940 3198 1051 3261 est,
1081 3174 1421 3250 Villae—Jair
1451 3192 1531 3265 [h.
1587 3209 1701 3246 non
1754 3191 1859 3247 ha-
1889 3174 1932 3241 C

224 3284 321 3353 bet,
349 3285 403 3340 id
435 3291 552 3351 est,
581 3284 757 3341 villas
781 3283 948 3355 Jair],
982 3299 1170 3355 usque
1202 3283 1261 3338 in
1295 3286 1640 3353 praesentem
1682 3281 1860 3336 diem.

223 3374 419 3430 11801111·
447 3391 699 3446 quoque
729 3373 862 3428 dedi
895 3372 1136 3429 Galaad.
1171 3373 1241 3427 Et
1269 3371 1540 3426 tribubus
1573 3371 1774 3426 Ruben
1809 3373 1866 3424 et

223 3461 322 3518 Gad
350 3465 484 3519 dedi
530 3466 614 3520 de
663 3468 821 3518 terra
869 3462 951 3531 [h.
993 3477 1122 3528 _non
1171 3459 1368 3527 habet,
1421 3459 1598 3531 terra]
1648 3458 1865 3514 Galaad

228 3567 389 3623 usque
418 3554 492 3609 ad
527 3557 860 3609 torrentem
903 3553 1100 3606 Arnon
1151 3549 1410 3604 medium
1464 3548 1761 3616 torrentis,
1811 3550 1868 3602 et

225 3639 529 3697 confinium
563 3645 579 3677 ί
626 3657 815 3711 usque
864 3640 935 3695 ad
980 3643 1298 3695 torrentem
1343 3637 1585 3706 Jebboc,
1635 3636 1732 3707 qui
1778 3639 1868 3691 est

226 3731 494 3787 terminus
525 3729 795 3786 ﬁliorum
827 3733 1164 3794 Ammon,et
1186 3727 1487 3799 planitiem
1509 3725 1868 3789 solitudinis,

226 3820 380 3890 atque
405 3819 765 3887 Jordanem,
797 3821 855 3873 et
883 3816 1166 3873 terminos
1197 3815 1522 3873 Chenereth
1554 3815 1637 3886 [h.
1671 3819 1728 3869 et
1770 3831 1866 3870 so-

224 3903 514 3964 litudinem
551 3912 737 3978 atque
764 3907 1165 3974 Jordanem,et
1195 3903 1515 3960 terminum
1549 3904 1620 3959 de
1647 3903 1866 3960 011888-

224 3994 356 4070 reth]
388 4013 586 4070 usque
616 3997 690 4052 ad
726 4011 883 4050 mare
905 3993 1300 4064 deserti,quod
1324 3997 1415 4048 est
1443 3991 1863 4055 salsissimum,

223 4084 282 4137 ad
312 4086 539 4142 radices
579 4084 804 4140 montis
842 4082 1068 4154 Phasga
1115 4086 1318 4138 contra
1365 4081 1670 4137 orientem.
1721 4081 1866 4136 Prte-

222 4173 443 4246 cepique
474 4174 654 4231 vobis
704 4172 764 4227 in
814 4176 1075 4243 tempore
1117 4169 1221 4226 illo
1265 4169 1466 4228 dicens
1517 4186 1530 4224 :
1586 4169 1868 4225 Dominus

221 4264 359 4318 Deus
388 4269 592 4320 vester
625 4264 731 4317 dat
758 4261 921 4316 vobis
951 4265 1164 4316 terram
1190 4259 1340 4315 hanc
1363 4260 1421 4316 in
1445 4259 1867 4324 hareditatem,

223 4353 452 4422 expediti
481 4350 808 4424 praecedite
831 4349 1037 4405 fratres
1051 4352 1274 4405 vestros
1296 4348 1448 4404 filios
1466 4348 1643 4405 Israel
1666 4363 1871 4404 omnes

223 4439 315 4493 viri
347 4442 608 4510 robusti,
649 4440 874 4510 absque
906 4438 1212 4503 uxoribus,
1246 4441 1303 4493 et
1333 4437 1611 4510 parvulis,
1661 4453 1727 4492 ac
1772 4437 1874 4508 ju-

1494 311 1707 367 LIBEB
1744 309 2312 368 DBUTERONOMII.

3505 317 3609 373 458

1963 433 2238 491 omnibus
2269 435 2486 506 regnis,
2520 438 2591 492 ad
2625 453 2749 509 quae
2780 438 3136 494 transiturus
3168 456 3250 496 es.
3283 447 3363 497 Ne
3396 441 3610 499 timeas

1961 522 2042 592 [h.
2077 524 2159 578 Ne
2187 524 2466 595 timentis]
2509 542 2630 582 eos.
2678 527 2965 584 Dominus
3009 527 3165 584 enim
3217 529 3370 586 Deus
3419 535 3611 587 voster

1963 612 2249 683 pugnabit
2278 630 2380 684 pro
2410 613 2590 669 vobis.
2618 614 3008 688 Precatusque
3038 633 3172 674 sum
3205 617 3516 676 Dominum
3548 621 3608 676 in

1963 703 2224 770 tempore
2256 700 2378 768 illo,
2423 702 2623 759 dicens
2658 720 2670 758 :
2704 704 2947 762 Domine
3003 708 3150 763 Deus
3200 707 3281 778 [h.
3338 709 3606 778 Domine,

1964 787 2250 859 Domine],
2287 796 2347 844 tu
2382 791 2610 862 ccepisti
2642 794 2947 850 ostendere
2979 812 3145 851 sorvo
3177 800 3277 852 tuo
3311 799 3608 869 magnitu-

1965 877 2160 932 dinem
2190 883 2372 949 tuam,
2406 896 2769 952 manumque
2796 882 3198 939 fortissimam.
3223 885 3420 957 Neque
3449 887 3607 942 enim

1963 970 2052 1021 est
2084 966 2238 1022 alius
2270 972 2445 1037 Deus,
2477 969 2563 1025 vel
2597 970 2652 1025 in
2687 970 2848 1039 ocelo,
2883 971 2970 1027 vel
3003 972 3060 1026 in
3092 977 3265 1044 terra,
3297 975 3394 1045 qui
3426 976 3612 1046 possit

1965 1057 2152 1111 facere
2209 1074 2386 1130 opera
2435 1064 2558 1127 tua,
2608 1065 2667 1116 et
2713 1061 3042 1133 comparari
3090 1062 3423 1118 fortitudini
3473 1068 3606 1121 tuas.

1963 1145 2250 1200 Transibo
2284 1146 2363 1216 [h.
2397 1148 2739 1216 Transeam,
2775 1149 3038 1221 obsecro]
3071 1150 3271 1222 igitur,
3302 1157 3359 1208 et
3405 1153 3610 1211 videbo

1964 1236 2179 1290 terram
2213 1235 2361 1292 hanc
2392 1235 2674 1308 optimam
2707 1243 2866 1294 trans
2895 1240 3233 1311 Jordanem,
3265 1244 3322 1296 et
3352 1247 3611 1298 montem

1967 1322 2146 1378 istum
2176 1324 2499 1396 egregium,
2534 1330 2590 1381 et
2622 1326 2925 1385 Libanum.
2961 1330 3268 1401 [ratusque
3298 1333 3388 1384 est
3412 1329 3615 1386 Domi-

1970 1429 2082 1466 nus
2113 1413 2256 1467 mihi
2288 1418 2521 1486 propter
2551 1432 2677 1484 vos,
2712 1433 2817 1472 nec
2849 1417 3142 1472 exaudivit
3174 1433 3286 1489 me,
3320 1419 3418 1474 sed
3471 1419 3618 1475 dixit

1970 1500 2115 1555 mihi
2145 1519 2158 1556 :
2193 1502 2422 1558 Sufficit
2451 1503 2558 1559 tibi
2591 1521 2604 1560 :
2636 1521 3008 1578 nequaquam
3041 1505 3194 1562 ultra
3232 1505 3496 1580 loquaris
3544 1511 3616 1566 de

1971 1590 2078 1645 hac
2110 1607 2171 1646 re
2201 1591 2271 1646 ad
2306 1608 2418 1647 me.
2458 1595 2719 1649 Asconde
2771 1611 3052 1651 cacumen
3104 1595 3367 1668 Pbasgae,
3413 1597 3615 1656 oculos

1969 1684 2101 1736 tuos
2133 1680 2443 1737 circumfer
2473 1683 2543 1737 ad
2576 1683 2963 1754 occidentem,
2996 1689 3053 1740 et
3100 1685 3458 1756 aquilonem,
3510 1705 3614 1743 au-

1972 1774 2280 1840 strumque
2311 1775 2367 1825 et
2398 1771 2704 1838 orientem,
2738 1777 2794 1827 et
2825 1772 3020 1844 aspice
3055 1790 3068 1828 :
3103 1791 3208 1830 nec
3233 1774 3386 1830 enim
3419 1779 3616 1832 trans-

1971 1857 2082 1913 ibis
2111 1859 2425 1914 Jordanem
2456 1859 2659 1914 istum.
2694 1862 2950 1933 Przecipe
2975 1861 3174 1930 Josue,
3209 1866 3266 1917 et
3305 1864 3619 1920 corrobora

1972 1952 2308 2018 eum,atque
2338 1948 2602 2004 conforta
2639 1967 2652 2004 :
2687 1950 2824 2021 quia
2855 1949 2980 2022 ipse
3007 1952 3292 2022 praecedet
3332 1953 3617 2025 populum

1970 2037 2174 2106 istum,
2194 2043 2249 2092 et
2273 2037 2492 2092 dividet
2522 2037 2606 2093 eis
2637 2042 2849 2095 terram
2881 2055 3058 2111 quam
3088 2039 3322 2096 visurus
3353 2057 3436 2097 es.
3457 2044 3618 2098 Man-

1973 2128 2282 2197 simusque
2314 2126 2371 2182 in
2407 2125 2550 2182 valle
2583 2133 2785 2183 contra
2817 2129 3018 2184 l'anum
3054 2128 3302 2184 Phohor.

2045 2217 2127 2286 ['I‘.
2164 2218 2261 2282 ΙΙΙ,
2292 2221 2348 2272 Β.
2379 2215 2472 2284 ΙΧ,
2505 2217 2566 2272 C.
2601 2218 2731 2283 XII,
2765 2217 2894 2288 Cap.
2932 2217 3047 2289 IV.]
3076 2217 3145 2273 Et
3178 2235 3354 2285 nunc,-
3411 2219 3616 2286 Israel,

1972 2305 2110 2361 audi
2141 2309 2432 2376 praecepta
2461 2309 2519 2361 et
2544 2305 2793 2376 judicia,
2828 2323 2952 2377 quas
2983 2323 3090 2378 ego
3123 2307 3302 2363 doceo
3335 2311 3389 2364 te
3410 2325 3422 2363 :
3446 2313 3510 2364 ut
3538 2309 3620 2365 fa-

1969 2395 2131 2450 ciens
2161 2410 2249 2462 ea,
2303 2395 2486 2463 vivas,
2537 2399 2595 2450 et
2643 2394 2979 2466 ingrediens
3029 2396 3336 2467 possideas
3385 2403 3622 2468 terram,

1971 2501 2148 2555 quam
2171 2484 2453 2538 Dominus
2473 2483 2628 2539 Deus
2653 2489 2886 2555 patrum
2911 2490 3240 2540 vestrorum
3265 2485 3512 2542 daturus
3535 2490 3625 2544 est

1969 2573 2152 2628 vobis.
2170 2571 2290 2627 Non
2317 2572 2547 2628 addetis
2568 2573 2639 2627 ad
2664 2574 2909 2628 verbum
2933 2574 3088 2644 quod
3111 2573 3278 2630 vobis
3300 2573 3512 2646 loquor
3531 2575 3616 2648 [h.

1970 2663 2123 2734 quod
2146 2677 2248 2731 ego
2275 2661 2544 2732 praecipio
2567 2660 2776 2732 vobis],
2796 2677 2986 2732 neque
3008 2662 3283 2717 auferetis
3315 2679 3385 2717 ex
3404 2680 3470 2718 eo
3491 2679 3619 2718 :cu-

1971 2751 2184 2807 stodite
2208 2750 2483 2804 mandata
2505 2749 2736 2804 Domini
2757 2750 2854 2804 Dei
2880 2749 3210 2822 vestri,quze
3223 2767 3327 2822 ego
3343 2750 3611 2823 praecipio

1969 2839 2318 2896 vobis.0culi
2335 2839 2509 2894 vestri
2525 2838 2798 2894 viderunt
2813 2839 3072 2910 omnia,q
3085 2856 3170 2894 uas
3183 2839 3317 2895 fecit
3330 2839 3612 2896 Dominus

1969 2934 2172 2985 contra
2193 2928 2575 3000 BeelPhegor,
2611 2929 2902 2998 quomodo
2924 2928 3256 2984 contriverit
3276 2945 3476 2985 omnes
3503 2929 3621 2984 cul-

1967 3023 2125 3073 tores
2146 3018 2274 3088 ejus
2299 3017 2368 3071 de
2400 3017 2589 3072 medio
2612 3017 2931 3072 vestri.Vos
2955 3023 3148 3072 autem
3178 3019 3277 3088 qui
3301 3017 3614 3074 adhaeretis

1971 3109 2216 3163 Domino
2249 3107 2362 3162 Deo
2394 3112 2608 3174 vestro,
2639 3105 2834 3163 vivitis
2866 3107 3121 3164 universi
3154 3123 3340 3179 usque
3371 3108 3430 3164 in
3464 3125 3614 3181 pras-

1972 3202 2196 3254 sentem
2229 3197 2408 3252 diem.
2439 3196 2610 3252 Scitis
2644 3197 2794 3268 quod
2829 3197 3130 3252 docuerim
3180 3214 3281 3254 vos
3328 3201 3616 3270 precepts

1971 3291 2146 3358 atque
2167 3284 2614 3355 justitias,sicut
2645 3285 2943 3341 mandavit
2969 3285 3111 3341 mihi
3143 3286 3428 3342 Dominus
3460 3286 3615 3342 Deus

1973 3374 2251 3431 meus:sic
2272 3374 2494 3429 facietis
2517 3390 2584 3429 ea
2608 3375 2663 3428 in
2689 3379 3048 3446 terra,quam
3073 3375 3400 3445 possessuri
3423 3377 3565 3431 estis
3599 3391 3613 3430 :

1972 3469 2029 3520 et
2059 3464 2445 3519 observabitis
2471 3469 2526 3518 et
2576 3463 2898 3535 implebitis
2947 3481 3118 3535 opere
3170 3465 3247 3532 [h.
3299 3470 3477 3537 atque
3518 3465 3616 3536 ju-

1972 3553 2147 3619 dicia,
2178 3553 2261 3607 sic
2295 3558 2360 3607 ut
2388 3551 2660 3624 priscedit
2705 3552 2847 3606 mihi
2897 3552 3182 3609 Dominus
3233 3555 3384 3609 Deus
3429 3571 3618 3624 meus,

1975 3647 2041 3698 ut
2088 3642 2313 3697 faciatis
2361 3659 2430 3697 ca
2475 3639 2535 3696 in
2587 3646 2742 3696 terra
2810 3659 2988 3712 quam
3056 3644 3388 3714 possessuri
3454 3642 3618 3710 estis,

1975 3735 2033 3786 et
2081 3731 2402 3787 observetis
2451 3735 2507 3785 et
2557 3729 2850 3800 impleatis
2902 3731 3092 3801 Opere]
3147 3731 3268 3786 hac
3315 3735 3406 3787 est
3461 3730 3616 3786 enim

1975 3825 2165 3876 vestra
2196 3820 2486 3890 sapientia
2514 3823 2572 3873 et
2618 3819 2952 3874 intellectus
3001 3836 3196 3874 coram
3249 3819 3501 3890 populis,
3558 3823 3621 3874 ut

1974 3909 2279 3964 audientes
2312 3908 2584 3962 universa
2616 3913 2900 3978 praecepta
2926 3909 3068 3977 hazc,
3102 3909 3300 3963 dicant
3333 3925 3344 3962 :
3379 3909 3462 3962 En
3515 3923 3620 3979 po-

1975 3998 2149 4070 pulus
2181 3997 2416 4068 sapiens
2447 4001 2503 4051 et
2534 3995 2890 4067 intelligens,
2923 4013 3064 4067 gens
3094 4013 3306 4066 magna
3345 3996 3429 4067 [11.
3477 4013 3619 4066 gens

1977 4103 2193 4158 magna
2218 4086 2381 4155 haec].
2411 4085 2525 4139 Nec
2556 4090 2646 4138 est
2675 4085 2791 4138 alia
2820 4084 2976 4138 natio
3015 4089 3137 4139 tam
3187 4085 3444 4154 grandis,
3491 4100 3622 4156 quas

1977 4175 2191 4230 habeat
2219 4175 2359 4229 deos
2389 4172 2925 4244 appropinquantes
2957 4173 3091 4240 sibi,
3136 4174 3290 4228 sicut
3337 4173 3624 4230 Dominus

1980 4263 2167 4334 [Vulg.
2202 4270 2305 4315 tac.
2329 4259 2635 4330 Dominus]
2670 4264 2819 4315 Deus
2853 4267 3053 4315 noster
3083 4262 3248 4316 adest
3271 4261 3502 4318 cunctis
3531 4261 3629 4317 ob-

1980 4348 2408 4406 secrationibus
2442 4349 2682 4403 nostris.
2716 4352 2850 4414 Quae
2882 4353 2972 4404 est
2995 4349 3151 4404 enim
3186 4350 3301 4405 alia
3345 4367 3492 4421 gens
3543 4350 3628 4406 sic

1981 4439 2220 4510 inclyta,
2255 4443 2317 4493 ut
2348 4437 2562 4492 habeat
2592 4438 2991 4507 caeremonias,
3017 4438 3300 4510 justaque
3323 4439 3634 4510 judicia,et

224 4529 440 4585 mentis.
477 4529 639 4586 Novi
669 4527 826 4584 enim
859 4528 1017 4598 quod
1049 4527 1220 4599 plura
1248 4527 1515 4583 habeatis
1547 4543 1775 4598 pecora,
1819 4529 1870 4581 et
1905 4544 1951 4608 υ
1985 4529 2316 4584 universam
2347 4526 2534 4598 legem
2570 4526 2834 4597 [h.juxta
2867 4528 3197 4584 universam
3224 4528 3632 4600 legem],quam

222 4616 272 4670 in
304 4620 550 4675 urbibus
585 4633 898 4674 remanere
925 4617 1244 4684 debebunt,
1267 4633 1414 4687 quas
1445 4615 1658 4671 tradidi
1683 4615 1869 4680 vobis,

223 4703 389 4761 donec
420 4706 698 4778 requiem
732 4705 956 4760 tribuat
989 4704 1269 4759 Dominus
1309 4703 1589 4758 fratribus
1640 4701 1870 4770 vestris,

223 4794 361 4850 sicut
389 4797 568 4852 vobis
603 4793 900 4858 tribuit,et
924 4793 1261 4864 possideant
1290 4793 1465 4846 etiam
1500 4792 1612 4861 ipsi
1634 4796 1873 4855 terram,

224 4897 384 4952 quam
420 4885 691 4940 daturus
720 4887 810 4938 est
839 4882 924 4938 eis
956 4889 1118 4937 trans
1146 4881 1650 4936 Jordanemztuno
1681 4895 1875 4935 rever-

220 4974 365 5028 tetur
391 4972 830 5044 unusquisque
861 4971 920 5026 in
965 4970 1400 5040 possessionem
1451 4985 1642 5039 suam,
1696 4983 1877 5039 quam

223 5059 341 5116 dedi
371 5063 569 5118 vobis.
610 5060 708 5128 [Β.
742 5060 892 5130 VII.]
924 5059 1104 5115 Josue
1135 5075 1368 5130 quoque
1394 5059 1452 5113 in
1479 5063 1740 5128 tempore
1779 5057 1878 5112 illo

221 5153 480 5224 praecepi,
515 5151 738 5206 dicens
770 5166 784 5204 :
817 5148 980 5204 Oculi
1009 5149 1095 5204 tui
1125 5148 1396 5203 viderunt
1427 5163 1553 5218 quae
1586 5147 1721 5202 fecit
1768 5146 1880 5201 Do-

224 5240 402 5297 minus
425 5247 602 5298 Deus
635 5244 830 5295 vester
859 5238 1090 5294 duobus
1120 5238 1214 5293 bis
1266 5235 1504 5309 regibus
1533 5254 1545 5292 :
1579 5235 1663 5292 sic
1717 5235 1885 5292 faciet

286 5420 302 5454 ¹
334 5420 459 5475 Non
492 5416 836 5486 conﬁnium,
872 5417 973 5472 sed
1004 5417 1205 5486 ﬁnium
1249 5415 1500 5470 habetur
1544 5413 1604 5468 in
1655 5413 1887 5486 Canone

225 5494 273 5546 et
300 5491 427 5548 aliis
460 5485 621 5547 mss.
663 5488 1119 5560 antiquioribus,
1147 5487 1256 5560 qui
1289 5487 1490 5557 legunt
1520 5486 1624 5554 sic,
1647 5485 1890 5541 medium

226 5567 476 5620 torrentis
509 5571 567 5618 ει
596 5559 854 5632 ﬁnium:
887 5560 946 5616 id
976 5577 1111 5617 vero
1141 5559 1202 5615 in
1233 5561 1507 5616 eumdem
1539 5574 1774 5614 sensum
1806 5575 1894 5614 re-

237 5634 388 5694 cidit.
418 5636 624 5695 ΜΑιιτ.

546 5756 827 5815 ΡΑτισι..
873 5751 1140 5814 XXVIII.

1983 4634 2089 4689 ego
2123 4632 2442 4688 proponam
2479 4614 2649 4670 hodie
2683 4620 2817 4670 ante
2848 4615 3049 4671 oculos
3088 4621 3312 4672 vestros
3362 4618 3444 4689 [11.
3500 4623 3636 4672 ante

1984 4709 2365 4777 conspectum
2389 4705 2707 4774 vestrum]?
2725 4704 2813 4775 [Β.
2837 4704 2933 4775 Χ.]
2951 4705 3191 4761 Custodi
3218 4705 3397 4776 igitur
3421 4710 3632 4762 temet-

1984 4795 2203 4866 ipsum,
2238 4799 2294 4848 et
2325 4792 2581 4847 animam
2612 4797 2774 4847 tuam
2825 4792 3091 4849 sollicite.
3142 4793 3223 4849 Ne
3269 4794 3634 4850 obliviscaris

1989 4883 2319 4951 verborum,
2351 4898 2478 4952 qua:
2508 4881 2776 4936 viderunt
2806 4880 2958 4936 oculi
2985 4881 3091 4951 tui,
3141 4886 3198 4937 et
3246 4900 3318 4938 ne
3368 4884 3637 4938 excidant

1988 4973 2059 5026 de
2091 4972 2263 5026 corde
2295 4975 2396 5025 tuo
2430 4970 2659 5025 cunctis
2691 4969 2900 5025 diebus
2929 4970 3058 5026 vitae
3091 4975 3225 5026 tuae.
3275 4972 3519 5027 Docebis
3568 4986 3636 5024 ea

1990 5061 2143 5116 ﬁlios
2172 5076 2238 5115 ac
2268 5063 2506 5131 nepotes
2534 5058 2846 5114 tuoszdiem
2873 5059 3110 5130 [Vulg.a
3140 5060 3253 5132 die]
3285 5060 3343 5115 in
3377 5077 3486 5130 quo
3526 5063 3639 5114 ste-

1991 5151 2037 5206 ti
2068 5165 2263 5205 coram
2297 5148 2543 5203 Domino
2581 5150 2690 5203 Deo
2722 5151 2822 5203 tuo
2852 5147 2910 5201 in
2946 5147 3409 5220 Horeb,quando
3445 5146 3638 5202 Domi-

1995 5255 2107 5294 nus
2138 5236 2370 5293 locutus
2409 5243 2499 5293 est
2545 5236 2712 5308 mihi,
2761 5237 2963 5292 dicens
3015 5254 3028 5291 :
3080 5237 3381 5308 Congrega
3429 5236 3502 5292 ad
3551 5249 3644 5289 me

2070 5445 2139 5455 —-
2170 5418 2274 5470 Ms.
2308 5414 2583 5481 Urbinas,
2617 5414 2772 5470 dedit
2802 5418 3010 5469 terram
3041 5412 3274 5468 Galaad.
3311 5413 3439 5469 Mox
3467 5411 3649 5466 Palat.

1999 5486 2225 5615 plliibqut:
2252 5502 2428 5558 penes
2459 5487 2729 5542 Martian.
2764 5502 2934 5557 mss.,
2965 5484 3166 5555 ﬁnium
3196 5500 3298 5556 pro
3347 5485 3652 5555 conﬁnium

2047 5575 2079 5614 a
2124 5573 2195 5614 88
2231 5599 2243 5611 .

3257 5747 3333 5808 15
