4068 6172
384 365 489 472 4ξ9

1418 364 1478 418 8.
1519 361 1928 420 HIRRONYMI
1964 363 2219 418 DIVINA
2257 361 2757 418 BIBLIOTHECA.

3691 358 3797 416 460

383 493 688 566 populum,
722 495 788 547 ut
819 490 1062 546 audiant
1092 503 1394 544 sermones
1427 493 1675 555 ineos,et
1699 489 1930 545 discant
1963 489 2029 544 ti-
2055 491 2108 556 Α
2143 504 2272 544 men
2305 492 2425 545 toto
2456 488 2629 544 corde
2660 485 2985 560 quaesieris,
3017 491 3074 544 ct
3102 491 3224 544 tota
3281 485 3659 543 tribulatione
3712 486 3796 558 [h.

385 600 541 639 mere
573 598 666 638 me
697 579 856 637 omni
892 584 1152 650 tempore
1183 594 1298 649 quo
1347 578 1554 633 vivunt
1599 577 1658 633 in
1708 583 1884 646 terra,
1935 579 2041 634 do-

389 677 670 742 ceantque
699 670 850 724 ﬁlios
881 668 1116 723 suos.Et
1147 667 1481 723 accessistis
1509 668 1591 737 [h.
1610 668 1679 722 Et
1708 667 2044 724 accessistis

393 766 449 818 et
482 758 748 829 stetistis]
780 759 851 814 ad
873 757 1098 813 radices
1128 756 1473 828 montis,qui
1497 757 1734 812 ardebat
1761 773 1950 828 usque
1971 755 2042 812 ad

397 848 608 905 coelum
643 865 656 901 :
690 851 974 917 erantque
1001 845 1058 901 in
1091 861 1154 900 eo
1187 846 1465 914 tenebrae,
1497 845 1706 913 nubes,
1738 851 1794 900 et
1833 845 2042 916 caligo.

403 939 769 1008 Locutusque
801 941 888 991 est
919 936 1204 990 Dominus
1234 935 1303 990 ad
1355 951 1455 990 vos
1506 935 1578 990 de
1628 935 1818 990 medio
1868 933 2044 1005 ignis.

399 1027 615 1082 Vocem
645 1027 954 1082 verborum
987 1026 1115 1096 ejus
1145 1024 1420 1092 audistis,
1447 1029 1504 1080 et
1537 1025 1783 1080 formam
1815 1023 2048 1095 penitus

405 1135 517 1173 non
551 1115 804 1172 vidistis.
837 1116 908 1170 Et
937 1113 1194 1170 ostendit
1224 1114 1302 1185 [h.
1337 1114 1403 1168 Et
1445 1111 1835 1176 annuntiavit]
1880 1113 2050 1168 vobis

405 1210 642 1278 pactum
677 1221 876 1270 suum,
909 1203 1062 1274 quod
1095 1201 1385 1274 praecepit,
1421 1206 1486 1256 ut
1526 1201 1810 1268 faceretis,
1862 1205 1919 1256 et
1965 1200 2045 1272 [h.

405 1312 516 1350 non
543 1290 832 1362 babet,et]
857 1293 1057 1347 decem
1090 1291 1284 1358 verba,
1304 1307 1431 1362 quae
1465 1291 1697 1362 scripsit
1731 1291 1787 1344 in
1822 1291 2052 1345 duabus

404 1382 623 1439 tabulis
654 1380 1192 1454 lapideis.Mihique
1218 1380 1520 1434 mandavit
1551 1380 1610 1434 in
1641 1378 1741 1433 illo
1770 1383 2049 1450 tempore,

405 1477 471 1528 ut
496 1473 764 1527 docerem
794 1486 892 1525 vos
923 1469 1304 1524 caeremonias
1336 1472 1391 1524 et
1413 1468 1657 1539 judicia,
1691 1485 1817 1539 quae
1867 1468 2054 1524 facere

406 1560 696 1618 deberetis
723 1559 782 1613 in
816 1564 972 1614 terra
1022 1575 1199 1630 quam
1249 1557 1577 1629 possessuri
1629 1557 1790 1614 estis.
1842 1557 2052 1613 Custo-

408 1651 525 1705 dite
556 1649 738 1721 igitur
767 1647 1020 1704 sollicite
1050 1646 1282 1702 animas
1312 1651 1553 1701 vestras.
1575 1641 1857 1709 [B.XI,C.
1892 1642 2056 1713 XIII.J

407 1739 531 1794 Non
560 1737 789 1792 vidistis
822 1735 1080 1808 aliquam
1114 1735 1586 1800 similitudinem,
1620 1736 1678 1790 in
1710 1734 1803 1790 die
1834 1751 1951 1806 qua
1980 1733 2056 1788 lo-

409 1832 583 1883 cutus
614 1829 703 1882 est
732 1825 896 1880 vobis
927 1825 1214 1880 Dominus
1242 1824 1301 1880 in
1334 1825 1524 1879 Horeb
1557 1824 1626 1878 de
1651 1824 1837 1880 medio
1869 1821 2055 1895 ignis:

412 1934 477 1972 ne
509 1917 654 1971 forte
685 1913 907 1986 decepti
936 1913 1163 1969 faciatis
1193 1913 1357 1969 vobis
1386 1913 1678 1985 sculptam
1715 1911 2055 1968 similitudi-

409 2021 567 2073 nem,
602 2008 704 2059 aut
734 2002 1054 2074 imaginem
1089 2001 1330 2057 masculi
1362 2002 1449 2057 vel
1490 2001 1717 2057 feminae
1768 2002 1848 2072 [h.
1901 2001 2058 2057 scul-

408 2099 566 2166 ptam
603 2091 1054 2148 similitudinem
1090 2090 1253 2160 idoli,
1287 2089 1604 2162 imaginem
1658 2090 1925 2157 masculi,
1983 2087 2062 2144 vel

412 2181 686 2248 femina:[,
723 2178 1169 2235 similitudinem
1205 2179 1468 2233 omnium
1492 2179 1897 2249 jumentorum
1937 2193 2063 2248 quae

411 2275 552 2326 sunt
582 2285 760 2340 super
787 2272 1027 2336 terram,
1054 2269 1144 2322 vel
1177 2267 1374 2322 avium
1406 2269 1518 2322 sub
1550 2266 1691 2322 crnlo
1716 2266 2068 2335 volantium,

415 2365 589 2430 atque
621 2355 915 2429 repiilium
951 2373 1081 2428 quae
1114 2361 1420 2412 moventur
1449 2357 1508 2411 in
1558 2361 1734 2426 terra,
1790 2357 1909 2411 sive
1949 2355 2068 2427 pis-

421 2448 599 2514 cium,
634 2446 734 2517 qui
766 2445 876 2500 sub
906 2449 1063 2500 terra
1096 2449 1399 2500 morantur
1437 2445 1495 2500 in
1547 2445 1738 2517 aquis.
1789 2447 1875 2516 [Β.
1926 2440 2071 2508 ΧΙΙ.]

425 2537 507 2593 Ne
541 2537 685 2590 forte
715 2535 795 2606 [h.
829 2535 897 2588 Et
928 2549 999 2588 ne
1031 2534 1193 2601 forte)
1227 2533 1465 2589 elevatis
1497 2533 1684 2590 oeulis
1716 2535 1787 2589 ad
1837 2532 2071 2599 caelum,

429 2624 626 2680 videas
657 2622 832 2679 solem
865 2627 922 2678 et
944 2621 1231 2689 lunam,et
1251 2621 1449 2678 omnia
1471 2628 1627 2678 astra
1649 2623 1863 2690 caali,et
1882 2635 2075 2677 errore

432 2716 715 2786 deceptus
745 2713 951 2768 adores
983 2727 1068 2780 ea,
1102 2717 1160 2767 et
1190 2711 1346 2767 colas
1377 2729 1504 2784 qua
1537 2712 1753 2767 creavit
1791 2712 2076 2767 Dominus

434 2802 584 2856 Deus
605 2805 744 2854 tuus
767 2800 823 2853 in
849 2799 1242 2854 ministerium
1267 2799 1494 2854 cunctis
1515 2799 1945 2871 gentibusque:
1967 2798 2078 2854 sub

433 2889 577 2946 cmlo
601 2893 739 2944 sunt
761 2886 978 2961 [h.quae
999 2887 1196 2944 divisit
1225 2889 1484 2944 Dominus
1519 2893 1663 2944 Deus
1690 2893 1828 2944 tuus
1859 2887 2080 2944 cunctis

430 2979 690 3051 gentibus
721 2992 846 3049 quae
875 2977 986 3032 sub
1017 2975 1160 3030 caelo
1193 2973 1491 3040 sunt].Vos
1514 2983 1709 3034 autem
1732 2976 1870 3033 tulit
1889 2977 2083 3032 Domi-

428 3071 642 3134 nus,et
671 3065 872 3121 eduxit
902 3067 972 3120 de
1005 3065 1238 3120 fornace
1268 3066 1454 3122 ferrea
1484 3068 1814 3139 Egypti,ut
1846 3067 2086 3123 haberet

430 3155 709 3228 pupulum
745 3152 1205 3219 hiereditarium,
1239 3153 1390 3209 sicut
1419 3159 1509 3210 est
1534 3155 1593 3210 in
1644 3156 1918 3228 praesenti
1966 3155 2081 3210 die.

429 3213 524 3316 EB:
549 3243 695 3312 XIII,
728 3243 788 3299 C.
820 3242 992 3308 XIV]
1047 3213 1356 3315 Iratusque
1406 3249 1498 3299 est
1545 3213 1830 3300 Dominus
1879 3248 2085 3300 contra
2114 3213 2156 3278 ὓ

433 3351 526 3389 me
548 3350 650 3405 pro
661 3337 784 3404 pter
807 3347 1108 3387 sermones
1128 3337 1440 3399 vestros,et
1454 3334 1678 3404 juravit
1694 3338 1881 3389 utnon
1899 3337 2087 3389 trans-

427 3422 573 3478 irem
603 3421 946 3488 Jordanem,
974 3437 1081 3475 nec
1113 3421 1459 3492 ingrederer
1506 3427 1722 3478 terram
1776 3422 2084 3494 optimam,

430 3527 605 3582 quam
634 3511 882 3565 daturus
913 3514 1002 3564 est
1033 3508 1194 3566 vobis
1225 3510 1318 3580 [h,
1348 3511 1513 3566 vobis
1545 3510 1603 3564 in
1640 3509 2083 3577 haereditatem].

438 3601 582 3656 Ecce
615 3599 834 3654 morior
863 3598 920 3653 in
954 3598 1059 3653 hac
1088 3597 1417 3669 humo,non
1451 3601 1714 3656 transibo
1742 3600 2081 3657 Jordanem:

436 3707 540 3745 vos
572 3687 920 3750 transibitis.
973 3693 1028 3742 et
1079 3687 1457 3759 possidebitis
1506 3696 1718 3744 terram
1768 3689 2082 3761 egregiam.

341 3776 351 3787 “
440 3780 585 3836 Cave
617 3778 926 3848 nequando
964 3775 1329 3832 obliviscaris
1378 3777 1532 3849 pacti
1580 3777 1810 3833 Domini
1842 3779 1943 3835 Dei
1974 3779 2083 3845 tui,

438 3867 593 3940 quod
628 3866 847 3938 pepigit
878 3869 1071 3921 tecum
1103 3882 1116 3920 :
1151 3869 1208 3921 et
1241 3866 1418 3920 facias
1450 3867 1554 3922 tibi
1587 3866 1876 3939 sculptam
1911 3867 2082 3922 simi-

434 3955 748 4010 litudinem
808 3969 1010 4008 eorum
1062 3969 1190 4024 quae
1240 3952 1364 4008 ﬁeri
1414 3953 1702 4010 Dominus
1733 3955 2081 4026 prohibuit:

434 4044 574 4114 quia
595 4042 873 4097 Dominus
888 4042 1039 4096 Deus
1057 4046 1196 4096 tuus
1216 4042 1370 4113 ignis
1395 4058 1748 4100 consumens
1788 4051 1896 4111 est,
1931 4044 2085 4100 Deus

435 4131 758 4188 aemulator.
792 4125 873 4192 [Β.
909 4129 1076 4200 XlV.]
1107 4131 1166 4185 Si
1199 4132 1519 4202 genueritis
1551 4127 1631 4194 [h.
1677 4134 1815 4188 Cum
1869 4150 2089 4205 genue-

438 4220 589 4286 ritis]
621 4219 773 4275 filios
804 4235 869 4273 ac
901 4226 1163 4291 nepotes,
1197 4224 1254 4275 et
1286 4221 1495 4276 morati
1533 4221 1762 4278 fueritis
1805 4223 1861 4277 in
1917 4228 2086 4291 terra,

439 4306 783 4378 deceptique
816 4308 1068 4363 feceritis
1098 4309 1261 4364 vobis
1302 4308 1560 4380 aliquam
1614 4310 2088 4379 similitudinem,

439 4401 737 4468 patrantes
777 4395 992 4450 malum
1050 4413 1244 4452 coram
1293 4397 1542 4454 Domino
1595 4400 1708 4455 Deo
1762 4405 1978 4469 vestro,
2027 4405 2093 4456 ut

434 4501 571 4541 eum
597 4487 665 4540 ad
699 4485 1064 4540 iracundiam
1099 4487 1425 4557 provocetis
1447 4492 1656 4543 :tcsles
1686 4488 1888 4543 invoco
1920 4488 2095 4545 hodie

2153 578 2209 634 Si
2245 583 2440 634 tamen
2473 582 2596 634 toto
2624 579 2786 634 corde
2810 585 2863 634 et
2885 580 3076 634 animo
3107 576 3411 650 quaesieris
3450 593 3640 633 eum...
3691 577 3802 632 tri-

2153 666 2377 723 bulatio
2409 661 2542 728 h...[
2570 666 2780 722 animae
2810 671 2946 722 tuas.
2997 667 3318 737 Postquam
3365 670 3424 721 te
3474 664 3804 722 invenerint

2155 754 2352 810 omnia
2379 772 2506 826 quae
2538 757 2814 827 praedicta
2845 760 3007 824 sunt,
3039 755 3361 811 novissimo
3395 759 3660 826 tempore
3709 770 3803 810 re-

2154 843 2395 900 verteris
2426 845 2496 900 ad
2536 844 2842 900 Dominum
2868 843 3050 900 Deum
3085 848 3337 912 tuum,et
3364 843 3569 900 audies
3602 859 3800 898 vocem

2156 932 2460 1004 ejus.Quia
2486 937 2636 988 Deus
2657 932 3013 1001 misericors,
3048 931 3331 988 Dominus
3362 932 3517 988 Deus
3539 936 3800 988 tuusest:

2159 1038 2274 1077 non
2306 1020 2566 1076 dimittet
2594 1025 2670 1092 te,
2706 1038 2810 1077 nec
2841 1021 3081 1077 omnino
3132 1020 3368 1087 delebit,
3417 1036 3610 1092 neque
3657 1019 3803 1075 obli-

2158 1109 2413 1165 viseetur
2471 1109 2648 1181 pacti,
2699 1110 2753 1165 in
2803 1126 2915 1180 quo
2957 1111 3180 1182 juravit
3224 1108 3306 1175 [h.
3357 1110 3513 1180 quod
3568 1108 3805 1180 juravit]

2159 1199 2426 1271 patribus
2457 1199 2600 1255 tuis.
2627 1195 2712 1262 [Β.
2747 1198 2888 1267 XVI,
2921 1201 2980 1256 C.
3009 1197 3150 1264 XV.[
3171 1203 3470 1271 Interroga
3498 1199 3570 1254 de
3599 1198 3809 1254 diebus

2161 1286 2440 1359 antiquis,
2475 1287 2576 1360 qui
2611 1287 2847 1344 fuerunt
2876 1293 3010 1344 ante
3061 1295 3116 1344 te
3167 1305 3235 1344 ex
3283 1288 3378 1343 die
3426 1304 3541 1359 quo
3591 1287 3810 1343 creavit

2160 1376 2317 1433 Deus
2347 1375 2644 1431 hominem
2677 1393 2856 1448 super
2886 1382 3165 1444 terram,a
3194 1392 3428 1432 summo
3459 1374 3588 1432 eceli
3622 1391 3813 1448 usque

2162 1465 2232 1521 ad
2266 1482 2568 1521 summum
2600 1466 2749 1536 ejus,
2784 1465 2834 1521 si
2867 1466 3015 1522 facta
3044 1470 3134 1522 est
3164 1465 3484 1538 aliquando
3529 1465 3813 1536 hujusce-

2165 1554 2323 1610 modi
2356 1559 2578 1623 res,aut
2609 1571 2869 1627 unquam
2899 1554 3199 1626 cognitum
3231 1559 3414 1623 est,ut
3444 1554 3675 1610 audiret
3707 1571 3814 1626 po-

2165 1643 2336 1714 pulus
2370 1659 2564 1699 vocem
2599 1643 2694 1698 Dei
2729 1642 3022 1715 loquentis
3070 1644 3142 1701 de
3190 1643 3384 1700 medio
3433 1642 3609 1715 ignis,
3661 1645 3819 1698 sicut

2165 1739 2224 1788 tu
2257 1733 2473 1788 audisti
2507 1739 2564 1788 et
2593 1733 2788 1789 vixisti
2819 1731 2902 1796 [h.
2937 1738 2995 1788 et
3024 1732 3186 1804 vixit]
3219 1749 3232 1787 ε
3268 1733 3318 1788 si
3371 1733 3501 1788 fecit
3546 1738 3702 1789 Deus
3756 1739 3820 1788 ut

2167 1822 2595 1894 ingrederetur,
2629 1827 2687 1878 et
2717 1821 2944 1878 tolleret
2975 1821 3088 1878 sibi
3121 1826 3354 1894 gentem
3383 1821 3455 1878 de
3480 1821 3672 1878 medio
3713 1837 3816 1876 na-

2172 1912 2424 1981 tionum,
2475 1926 2577 1984 per
2625 1911 3000 1979 tentationes,
3050 1910 3242 1982 signa,
3293 1915 3469 1982 atque
3525 1915 3820 1982 portenta,

2172 2016 2276 2070 per
2303 2015 2586 2072 pugnam,
2623 2004 2682 2056 et
2733 2000 3036 2056 robustam
3088 2016 3350 2070 manum,
3399 2003 3822 2071 extentumque

2175 2089 2500 2156 brachium,
2534 2094 2591 2144 et
2619 2087 2930 2144 horribiles
2959 2087 3235 2156 visiones,
3259 2089 3429 2160 juxta
3458 2088 3654 2144 omnia
3694 2105 3822 2160 qua:

2176 2176 2313 2233 fecit
2344 2193 2448 2248 pro
2478 2177 2644 2233 vobis
2675 2177 2960 2234 Dominus
3006 2183 3162 2234 Deus
3212 2183 3401 2234 vester
3447 2177 3509 2234 in
3553 2178 3822 2250 Egypto,

2175 2267 2508 2322 videntibus
2531 2266 2716 2323 oculis
2741 2267 2858 2323 tuis
2888 2284 2901 2321 ι
2935 2270 2999 2322 ut
3019 2266 3202 2323 scires
3231 2266 3508 2337 quoniam
3540 2267 3827 2325 Dominus

2178 2356 2304 2428 ipse
2334 2360 2423 2411 est
2455 2361 2625 2426 Deus,
2658 2360 2713 2412 et
2739 2372 2854 2412 non
2885 2360 2971 2412 est
3003 2355 3154 2411 alius
3185 2361 3392 2428 prater
3440 2373 3620 2412 unum
3675 2360 3692 2393 ί
3742 2357 3825 2432 [h.

2181 2448 2392 2516 praeter
2419 2445 2597 2510 eum].
2633 2445 2710 2500 De
2739 2445 2881 2501 caelo
2914 2452 2965 2500 te
2995 2445 3130 2501 fecit
3158 2445 3361 2500 audire
3393 2461 3587 2501 vocem
3629 2462 3826 2515 suam,

2185 2539 2250 2589 ut
2281 2534 2513 2588 doceret
2542 2539 2618 2590 te:
2638 2539 2695 2589 et
2723 2534 2782 2588 in
2815 2539 2968 2589 terra
2999 2533 3254 2589 ostendit
3282 2534 3388 2590 tibi
3420 2535 3618 2605 ignem
3651 2552 3824 2590 suum

2185 2622 2533 2691 maximum,
2563 2628 2619 2678 et
2648 2623 2866 2678 audisti
2897 2623 3072 2678 verba
3103 2622 3261 2678 illius
3293 2625 3364 2679 de
3407 2624 3599 2679 medio
3647 2625 3827 2696 ignis,

2186 2711 2326 2782 quia
2346 2711 2546 2765 dilexit
2568 2716 2759 2783 patres
2782 2716 2938 2780 tuos,
2961 2717 3017 2766 et
3041 2711 3216 2784 elegit
3236 2728 3436 2767 semen
3459 2729 3663 2768 eorum
3697 2718 3833 2784 post

2187 2816 2308 2856 eos.
2343 2801 2668 2871 Eduxitque
2695 2805 2751 2856 te
2785 2801 3113 2872 praecedens
3143 2800 3202 2855 in
3235 2802 3446 2857 virtute
3476 2819 3584 2857 sua
3617 2817 3838 2874 magna

2189 2905 2256 2945 ex
2287 2893 2552 2962 Egypto,
2588 2895 2650 2944 ut
2681 2889 2897 2945 deleret
2929 2890 3194 2945 nationes
3228 2890 3512 2946 maximas
3541 2896 3597 2946 et
3630 2890 3838 2946 fortio-

2192 2993 2286 3033 res
2317 2983 2371 3033 te
2402 2978 2459 3033 in
2489 2976 2731 3033 introitu
2765 2982 2864 3034 tuo
2898 2993 2911 3031 :
2949 2982 3006 3033 et
3035 2977 3428 3033 introduceret
3458 2983 3534 3047 te,
3554 2978 3843 3050 daretque

2193 3066 2300 3122 tibi
2335 3070 2550 3122 terram
2582 3082 2784 3122 earum
2833 3066 2892 3121 in
2939 3067 3394 3138 possessionem,
3445 3067 3599 3122 sicut
3647 3067 3844 3123 cernis

2193 3153 2253 3210 in
2283 3155 2554 3227 praesenti
2583 3155 2700 3211 die.
2742 3155 2897 3210 Scito
2937 3171 3074 3227 ergo
3124 3155 3318 3222 hodie,
3369 3159 3426 3211 et
3475 3154 3733 3227 cogitato
3782 3155 3843 3212 in

2195 3245 2368 3300 corde
2399 3249 2521 3314 tuo,
2555 3243 2706 3315 quod
2752 3245 3034 3300 Dominus
3086 3243 3212 3316 ipse
3260 3245 3338 3300 sit
3384 3249 3542 3300 Deus
3589 3244 3649 3300 in
3697 3244 3845 3301 calo

2194 3349 2456 3402 sursum,
2490 3337 2545 3388 et
2577 3333 2636 3387 in
2666 3337 2821 3388 terra
2851 3332 3150 3403 deorsum,
3181 3337 3240 3388 et
3272 3349 3387 3388 non
3417 3333 3494 3389 sit
3523 3332 3702 3390 alius.
3735 3333 3850 3390 Cu-

2197 3421 2352 3478 stodi
2387 3425 2673 3494 praecepta
2699 3421 2826 3492 ejus
2858 3425 3035 3493 atque
3065 3421 3362 3490 mandata,
3397 3437 3525 3492 quae
3556 3437 3661 3493 ego
3693 3439 3841 3494 prae-

2196 3510 2344 3582 cipio
2375 3510 2478 3565 tibi
2518 3526 2530 3566 :
2566 3516 2630 3566 ut
2653 3510 2796 3565 bene
2829 3510 2906 3567 sit
2935 3510 3042 3565 tibi
3073 3511 3158 3583 [h.
3193 3510 3458 3582 praecipio
3490 3510 3596 3566 tibi
3635 3509 3841 3576 hodie].

2195 3605 2253 3655 et
2279 3599 2417 3654 ﬁliis
2447 3599 2567 3654 tuis
2599 3603 2729 3671 post
2759 3603 2832 3667 te,
2862 3603 2920 3654 et
2951 3615 3295 3670 permaneas
3343 3599 3531 3655 multo
3579 3604 3845 3670 tempore

2195 3706 2373 3760 super
2404 3694 2639 3756 terram,
2675 3704 2852 3759 quam
2886 3687 3170 3744 Dominus
3210 3692 3361 3745 Deus
3411 3693 3552 3745 tuus
3593 3689 3844 3746 daturus

2194 3782 2284 3833 est
2315 3777 2439 3832 tibi.

2265 3865 2355 3937 [Β.
2393 3866 2577 3931 XVII,
2608 3865 2669 3922 C.
2711 3861 2886 3928 XVI.[
2936 3865 3099 3921 Tunc
3147 3867 3440 3938 separavit
3484 3870 3672 3924 Moses
3722 3872 3844 3924 tres

2194 3954 2460 4010 civitates
2491 3959 2653 4009 trans
2683 3954 2999 4010 Jordancm
3030 3949 3109 4016 [h.
3144 3954 3204 4010 in
3243 3959 3494 4010 transitu
3541 3954 3845 4022 Jordauis]

2194 4043 2262 4099 ad
2301 4042 2657 4098 Orientalem
2707 4043 2958 4114 plagam,
3011 4049 3076 4098 ut
3124 4044 3423 4115 confugiat
3470 4045 3542 4100 ad
3591 4061 3691 4101 eas
3740 4047 3847 4118 qui

2195 4131 2475 4187 occiderit
2507 4129 2711 4186 nolens
2742 4131 3075 4203 proximum
3107 4148 3417 4200 suum,nec
3449 4132 3623 4188 fuerit
3651 4135 3703 4189 ei
3736 4135 3850 4190 ini-

2199 4221 2385 4276 micus
2417 4225 2551 4275 ante
2585 4236 2762 4274 unum
2797 4225 2853 4275 et
2881 4220 3129 4277 alterum
3161 4221 3317 4276 diem
3350 4220 3558 4293 [h.nec
3587 4223 3767 4279 fuerit
3791 4224 3849 4279 ei

2197 4309 2476 4364 inimicus
2508 4308 2580 4364 ab
2613 4309 2738 4364 heri
2769 4313 2827 4366 et
2857 4309 3076 4366 nudius
3105 4309 3355 4377 tertius],
3405 4316 3462 4367 et
3511 4311 3580 4366 ad
3632 4312 3849 4369 harum

2199 4397 2454 4469 aliquam
2485 4398 2722 4453 urbium
2755 4398 2944 4471 possit
2973 4400 3217 4456 evadere
3250 4417 3263 4455 :
3298 4400 3480 4456 Bosor
3526 4402 3586 4456 in
3635 4402 3850 4457 solitu-

2199 4486 2356 4554 dine,
2389 4503 2516 4559 quze
2547 4487 2658 4543 sita
2689 4491 2779 4542 est
2803 4487 2862 4542 in
2896 4492 3054 4543 terra
3077 4490 3390 4560 campestri
3423 4489 3494 4545 de
3527 4489 3682 4545 tribu
3729 4490 3850 4546 Bu-

437 4574 648 4629 ceelum
679 4580 735 4629 et
763 4579 1004 4638 terram,
1038 4576 1150 4630 cito
1182 4575 1473 4646 perituros
1505 4593 1603 4632 vos
1635 4592 1762 4632 esse
1794 4578 1865 4633 de
1914 4589 2084 4646 terra,
2121 4577 2164 4642 D
2197 4575 2393 4631 benzet
2424 4575 2669 4632 Ramoth
2703 4576 2761 4631 in
2793 4574 3028 4644 Calaad,
3061 4593 3191 4648 qua:
3221 4583 3312 4633 est
3341 4577 3400 4632 in
3444 4577 3604 4633 tribu
3650 4580 3776 4634 Gad
3831 4595 3848 4636 :

439 4663 900 4733 quam,transito
923 4663 1200 4731 Jordane,
1229 4664 1555 4734 possessuri
1575 4664 1736 4720 estis.
1765 4665 1888 4722 Non
1911 4666 2084 4722 habi—

438 4751 638 4806 tabitis
671 4752 727 4805 in
762 4767 827 4806 ea
857 4750 1032 4823 longo
1064 4756 1346 4823 tempore,
1380 4753 1479 4807 sed
1515 4752 1730 4809 delebit
1759 4771 1860 4810 vos
1893 4754 2088 4811 Domi-

439 4856 575 4904 nus,
608 4843 784 4909 atque
815 4839 1110 4911 disperget
1137 4840 1194 4893 in
1229 4857 1432 4895 omnes
1460 4849 1682 4914 gentes,
1715 4847 1772 4897 et
1820 4859 2086 4900 remane-

438 4927 580 4984 bitis
615 4928 783 4999 pauci
815 4943 1059 4983 numero
1089 4927 1264 5000 [ναις.
1300 4940 1406 4986 (ac.
1443 4927 1709 4994 numero]
1742 4932 1798 4986 in
1833 4933 2086 4988 nationi-

436 5017 569 5084 bus,
605 5017 675 5071 ad
710 5033 858 5089 quas
905 5033 1006 5072 vos
1055 5019 1340 5074 ducturus
1389 5023 1478 5073 est
1525 5019 1830 5076 Dominus.
1883 5021 2086 5093 Ibique

434 5105 700 5163 servietis
733 5105 871 5174 diis,
905 5105 1004 5176 qui
1037 5105 1343 5162 hominum
1382 5125 1558 5162 manu
1609 5109 1874 5165 fabricati
1923 5117 2084 5177 sunt,

431 5193 593 5267 ligno
620 5199 678 5250 et
720 5193 924 5266 lapidi,
954 5194 1055 5265 qui
1086 5210 1202 5250 non
1235 5195 1454 5265 vident,
1489 5213 1603 5251 non
1646 5197 1917 5266 audiunt,
1968 5214 2085 5254 non

432 5283 895 5352 comedunt,non
927 5281 1511 5348 odorantur.[B.XV.]
1542 5286 1805 5357 Cumque
1836 5288 2083 5357 quaesie-

433 5370 514 5428 ris
546 5371 627 5428 ibi
659 5371 974 5428 Dominum
1005 5375 1187 5427 Deum
1218 5376 1410 5442 tuum,
1436 5370 1696 5429 invenies
1728 5375 1960 5431 eumzsi
1993 5381 2080 5432 ta-

505 5605 526 5678 ἦ
546 5608 945 5678 Ρτοτιεναηωη
959 5603 1183 5678 habent
1194 5618 1356 5658 exem
1365 5603 1729 5678 plariaquaad
1739 5621 1831 5661 am
1846 5609 2080 5678 mss.;in

432 5673 565 5734 aliis
586 5676 804 5749 legitur
817 5677 987 5749 juxta
1001 5673 1262 5734 scholion
1279 5673 1502 5749 margin
1512 5673 1599 5734 ale
1611 5673 2079 5742 Canonis.Maar.

2194 4669 2252 4720 et
2282 4665 2462 4722 Golan
2491 4665 2551 4720 in
2578 4666 2782 4732 Busan,
2815 4682 2943 4737 quae
2973 4669 3062 4721 est
3091 4667 3150 4721 in
3202 4665 3358 4721 tribu
3410 4666 3701 4723 Manasse.
3749 4670 3842 4740 [Ο.

2195 4753 2390 4828 XVII]
2426 4755 2541 4810 Ista
2571 4759 2661 4810 est
2688 4753 2800 4818 lex,
2828 4771 3004 4825 quam
3050 4754 3359 4827 proposuit
3403 4758 3592 4812 Moses
3641 4771 3850 4812 coram

2194 4841 2332 4899 filiis
2361 4843 2562 4912 Israel,
2592 4849 2648 4900 et
2679 4844 2796 4899 hinc
2826 4843 3165 4900 testimonia
3194 4849 3250 4899 et
3279 4843 3634 4901 caeremoniis
3665 4851 3850 4915 atque

2185 4932 2414 5002 judicia
2445 4949 2572 5004 quae
2613 4931 2840 4988 locutus
2889 4937 2977 4988 est
3025 4933 3097 4988 ad
3149 4931 3299 4989 ﬁlios
3349 4931 3550 4999 Israel,
3605 4935 3848 5004 quando

2193 5020 2414 5094 egressi
2440 5027 2581 5077 sunt
2627 5022 2699 5077 de
2747 5021 3012 5094 Egypto,
3063 5026 3226 5078 trans
3276 5022 3590 5079 Jordanem
3640 5018 3726 5085 [h.
3782 5022 3848 5078 in

2193 5109 2442 5165 transitu
2476 5108 2771 5174 Jordanis]
2806 5110 2860 5165 in
2893 5109 3039 5165 valle
3071 5115 3270 5166 contra
3301 5110 3501 5166 fanum
3527 5110 3758 5167 Phobor
3784 5112 3851 5167 in

2191 5203 2347 5254 terra
2376 5198 2525 5254 Seon
2558 5198 2713 5270 regis
2743 5199 3087 5267 Amorrhaai,
3117 5199 3214 5270 qui
3263 5199 3548 5256 habitavit
3594 5199 3655 5256 in
3707 5199 3856 5258 Esc-

2193 5287 2510 5357 bon,quem
2544 5288 2836 5360 percussit
2859 5289 3068 5357 Moses,
3100 5287 3324 5360 ﬁliique
3354 5287 3533 5345 Israel
3564 5289 3586 5324 ³
3625 5288 3859 5362 egressi

2193 5393 2260 5432 ex
2291 5376 2561 5449 Egypto.
2606 5376 3115 5448 Possederuntque
3144 5383 3358 5434 terram
3385 5378 3598 5450 ejus,et
3627 5383 3856 5436 terram

2260 5611 2282 5644 ²
2311 5607 2474 5665 Alius
2505 5613 2596 5683 est
2624 5626 2838 5683 sensus
2867 5614 2924 5683 et
2956 5610 3351 5683 interpunctio
3377 5609 3642 5683 ineditis
3672 5615 3860 5683 atque

2189 5682 2248 5738 in
2284 5698 2424 5738 mes.
2457 5681 2779 5741 codicibus.
2813 5681 2986 5740 Solus
3012 5681 3208 5741 Canon
3234 5682 3498 5742 veritatis
3524 5681 3857 5753 ΗΘΜ-αἰῶ,
