4068 6172
254 335 333 391 461
1293 373 1295 375 ι
1491 332 1706 387 LIBER
1741 332 1872 388 DEI

1987 331 2315 388 RONOMII.
3510 335 3618 390 462

247 455 956 532 OgregisBasan,dnornm
982 470 1180 528 regem
1203 455 1693 524 Amorrbaeorum,
1741 455 1843 526 qui
1875 461 1926 528 Α
1959 456 2083 510 Non
2125 457 2373 512 occides.
2430 458 2505 528 (‘7.
2569 458 2658 529 P.)
2710 458 2912 530 Neque
2970 459 3389 515 ’mrechaberis.
3425 460 3478 530 (8
3526 461 3618 532 P.)

249 552 543 606 eranttrans
572 546 654 619 (b.
688 547 748 602 in
781 545 1058 616 transitu)
1079 546 1396 602 Jordanem
1435 546 1508 600 ad
1567 544 1710 602 solis
1761 561 1854 600 or-
1967 545 2329 617 Furtumque
2352 563 2464 601 non
2497 547 2694 603 facies.
2737 547 2793 619 (9
2823 550 2910 618 P.)
2943 548 3060 605 Nec
3099 548 3360 621 loqueris
3414 553 3622 605 contra

252 644 380 694 tum:
407 636 472 692 ab
493 640 693 704 Aroer,
717 652 844 708 quis
876 635 989 692 sita
1017 639 1107 691 est
1137 651 1316 708 super
1378 635 1567 706 ripam
1624 638 1854 690 torren-
1965 634 2296 704 proximum
2328 639 2492 690 tuum
2541 634 2756 692 falsum
2790 637 3216 694 testimonium.
3250 640 3341 703 (10
3367 639 3452 710 Ρ.)
3491 643 3615 694 Non

252 727 310 784 tis
332 730 527 795 Arnon,
560 741 750 797 usque
779 725 851 781 ad
885 729 1141 781 montem
1173 724 1336 794 Sion,
1361 724 1458 796 qui
1493 726 1584 780 est
1610 727 1667 779 et
1715 723 1854 779 Her-
1964 722 2345 794 concupisces
2398 740 2636 780 uxorem
2687 725 2935 796 proximi
3009 726 3134 782 tui:
3199 745 3312 783 non
3345 728 3612 794 domum,

251 833 374 885 mon,
393 828 616 872 omnem
635 814 943 885 planitiem
958 818 1124 870 trans
1149 813 1466 870 Jordanem
1493 813 1564 868 ad
1598 811 1853 868 orienta-
1964 828 2078 866 non
2113 828 2342 884 agrum,
2375 830 2487 868 non
2523 831 2781 881 servum,
2807 832 2920 871 non
2977 815 3275 883 ancillam,
3336 833 3449 872 non
3507 817 3614 871 bo-

247 905 336 960 lem
361 904 601 976 plagam,
637 919 826 976 usque
856 904 927 960 ad
964 919 1122 958 mare
1155 901 1516 972 solitudinis,
1549 904 1608 957 et
1667 917 1854 973 usque
1962 915 2111 968 vem,
2147 918 2261 957 non
2297 902 2532 958 asinum
2566 907 2624 958 et
2657 903 2935 960 universa
2965 921 3091 978 quae
3142 905 3301 961 illius
3341 910 3497 962 sunt.
3530 909 3616 976 (C.

249 995 303 1050 ad
325 993 524 1049 radices
561 993 786 1049 montis
814 993 1069 1065 Phasga.
1960 989 2190 1062 XVIII.)
2222 995 2351 1046 Haec
2379 992 2554 1047 verba
2583 991 2814 1048 locutus
2845 997 2934 1050 est
2961 993 3251 1050 Dominus
3276 995 3345 1050 ad
3380 1010 3617 1050 omnem

302 1081 634 1155 Vocavitque
664 1082 856 1139 Moses
913 1097 1147 1138 omnem
1199 1079 1496 1148 Israelem,
1528 1084 1586 1136 et
1613 1079 1757 1135 dixit
1779 1079 1850 1134 ad
1961 1077 2403 1136 multitudinem
2439 1084 2693 1136 vestram
2726 1081 2784 1136 in
2820 1087 3079 1138 montem
3111 1083 3183 1138 de
3215 1084 3406 1139 medio
3461 1084 3615 1156 ignis

249 1188 355 1228 eum
384 1172 456 1243 (b.
487 1172 558 1228 ad
592 1175 716 1240 eos)
747 1189 760 1227 :
800 1171 974 1238 Audi,
1008 1170 1210 1239 Israel,
1239 1169 1617 1227 caeremonias
1677 1173 1851 1240 atque
1960 1173 2015 1224 et
2049 1168 2240 1236 nubis,
2276 1171 2333 1225 et
2364 1168 2653 1240 caliginis,
2703 1187 2840 1227 voce
2891 1187 3123 1244 magna,
3196 1172 3340 1227 nihil
3393 1174 3615 1229 addens

239 1261 446 1331 judicia,
473 1277 605 1333 qum
637 1277 743 1332 ego
783 1260 994 1334 loquor
1022 1259 1082 1316 in
1116 1259 1357 1316 auribus
1387 1258 1598 1315 vestris
1635 1257 1807 1313 hodie
1837 1271 1850 1311 :
1963 1256 2241 1330 amplius,
2271 1261 2328 1313 et
2359 1258 2600 1331 scripsit
2630 1276 2700 1316 ea
2729 1260 2789 1314 in
2825 1261 3058 1316 duabus
3098 1260 3316 1317 tabulis
3347 1260 3615 1334 lapideis,

245 1349 416 1406 discite
434 1364 519 1417 ea,
551 1354 610 1406 et
639 1365 812 1422 opere
838 1348 1141 1422 complete.
1162 1349 1447 1405 Dominus
1475 1347 1629 1403 Deus
1657 1353 1854 1402 noster
1963 1363 2110 1418 quas
2142 1347 2386 1403 tradidit
2416 1348 2582 1404 mihi.
2616 1348 2732 1404 Vos
2763 1355 2959 1405 autem
2994 1353 3305 1423 postquam
3367 1351 3620 1407 audistis

242 1439 426 1511 pepigit
451 1438 760 1495 nobiscum
791 1438 980 1495 foedus
1011 1438 1070 1495 in
1107 1438 1309 1494 Iloreb.
1343 1437 1467 1493 Non
1505 1453 1641 1492 cum
1672 1435 1856 1508 patrio
1964 1451 2161 1492 vocem
2195 1437 2266 1491 de
2299 1437 2490 1492 medio
2539 1439 2937 1508 tenebrarum,
2985 1444 3042 1494 et
3099 1444 3356 1495 montem
3416 1440 3620 1495 ardere

243 1528 332 1583 bus
355 1528 557 1584 nostris
588 1527 722 1584 iniit
746 1532 982 1600 pactum
1009 1528 1091 1601 (h.
1125 1531 1364 1600 pactum
1396 1527 1550 1598 hoc),
1601 1525 1702 1580 sed
1755 1540 1855 1579 no-
1963 1524 2217 1596 vidistis,
2251 1527 2581 1582 accessistis
2613 1528 2684 1581 ad
2759 1544 2851 1584 me
2908 1543 3114 1584 omnes
3171 1528 3466 1601 principes
3515 1527 3620 1584 tri-

241 1615 434 1672 biscum
460 1617 562 1688 qui
609 1616 1136 1689 impraasentiarum
1188 1633 1412 1683 sumus,
1471 1619 1528 1670 et
1584 1615 1854 1669 vivimus.
1969 1615 2174 1682 buum,
2199 1620 2256 1669 et
2287 1615 2536 1685 majores
2570 1620 2930 1687 natu,atque
2953 1616 3226 1672 dixistis:
3264 1618 3406 1672 Ecce
3429 1621 3622 1672 osten-

244 1706 379 1760 Facie
409 1707 474 1761 ad
520 1706 731 1762 faciem
773 1706 1006 1761 locutus
1055 1709 1145 1761 est
1197 1705 1368 1760 nobis
1429 1705 1484 1759 in
1549 1707 1745 1759 monte
1788 1704 1860 1758 de
1969 1703 2053 1758 dit
2083 1704 2254 1759 nobis
2286 1704 2572 1760 Dominus
2608 1709 2757 1761 Deus
2788 1709 2988 1761 noster
3008 1708 3380 1776 majestatem
3406 1710 3462 1761 et
3493 1723 3621 1762 ma-

247 1795 410 1850 medio
459 1795 638 1867 ignis.
679 1795 798 1867 Ego
842 1798 1148 1867 sequester
1175 1799 1235 1850 et
1284 1793 1510 1850 medius
1567 1793 1650 1848 fui
1708 1793 1861 1848 inter
1891 1837 1935 1902 Β
1971 1793 2340 1864 gnitudinem
2361 1794 2777 1850 suam.Vocem
2813 1796 2943 1866 ejus
2966 1795 3302 1853 audivimus
3333 1798 3404 1852 de
3426 1797 3620 1853 medio

241 1883 515 1940 Dominum
549 1889 612 1940 et
639 1900 740 1940 vos
772 1885 832 1940 in
872 1889 1137 1956 tempore
1177 1883 1300 1955 illo,
1334 1889 1398 1939 ut
1441 1883 1854 1939 annuntiarem
1891 1882 1935 1902 υ
1967 1882 2143 1953 ignis,
2176 1887 2232 1937 et
2262 1883 2640 1955 probavimus
2658 1884 2830 1940 hodie
2849 1885 3026 1956 quod,
3050 1885 3324 1957 loquente
3344 1893 3463 1942 Deo
3481 1901 3616 1942 cum

239 1972 375 2029 vobis
405 1974 578 2029 verba
608 1974 757 2045 ejus.
789 1973 1096 2028 Timuistis
1127 1973 1284 2029 enim
1346 1971 1566 2043 ignem,
1625 1974 1683 2026 et
1740 1986 1854 2026 non
1965 1969 2224 2038 homine,
2261 1972 2465 2027 vixerit
2493 1972 2692 2029 homo.
2724 1973 2842 2028 Cur
2872 1990 3009 2046 ergo
3042 1974 3386 2041 moriemur,
3429 1979 3486 2031 et
3517 1976 3614 2031 de-

239 2062 560 2118 ascendistis
592 2062 649 2117 in
685 2068 966 2133 montem,
1000 2066 1055 2118 et
1084 2062 1164 2117 ait
1187 2079 1200 2116 :
1225 2062 1313 2134 (B.
1339 2060 1564 2133 XVIII.)
1598 2061 1715 2133 Ego
1741 2060 1856 2115 Do-
1964 2059 2191 2114 vorabit
2221 2076 2327 2115 nos
2359 2060 2513 2132 ignis
2535 2059 2630 2116 hic
2657 2062 2953 2118 maximus
2983 2067 3006 2118 ξ’
3035 2063 3094 2117 Si
3151 2064 3308 2119 enim
3367 2063 3618 2120 audieri-

238 2151 408 2208 minus
436 2152 594 2208 Deus
628 2157 786 2221 tuus,
819 2152 920 2224 qui
951 2151 1125 2208 eduxi
1159 2156 1216 2207 te
1264 2152 1334 2206 de
1391 2156 1547 2206 terra
1602 2149 1854 2222 Egypti,
1967 2164 2099 2204 mus
2132 2149 2284 2203 ultra
2329 2165 2526 2204 vocem
2587 2150 2821 2207 Domini
2876 2152 2975 2207 Dei
3035 2153 3242 2224 nostri,
3275 2153 3613 2210 moriemur.

238 2241 295 2296 de
321 2242 479 2298 domo
525 2242 850 2298 servitutis.
879 2241 930 2312 (1
994 2242 1144 2297 Prmc
1174 2241 1192 2313 )
1237 2240 1361 2296 Non
1422 2239 1665 2296 habebis
1717 2241 1856 2295 deos
1967 2236 2114 2304 Quid
2144 2242 2234 2293 est
2262 2237 2455 2293 omnis
2483 2255 2639 2310 caro,
2673 2244 2736 2294 ut
2766 2239 2968 2297 audiat
2997 2257 3200 2298 vocem
3231 2243 3330 2298 Dei
3365 2242 3445 2315 (h.
3482 2243 3616 2306 Quae

237 2327 429 2386 alienos
451 2331 506 2386 in
541 2335 860 2402 conspectu
895 2346 1044 2386 meo.
1079 2330 1135 2402 (2
1166 2329 1364 2400 Pravc.)
1395 2334 1520 2384 Non
1553 2327 1727 2384 facies
1750 2325 1856 2383 tibi
1965 2331 2055 2382 est
2085 2327 2275 2382 omnis
2302 2343 2435 2382 caro
2467 2343 2592 2398 quae
2623 2329 2850 2385 audivit
2874 2346 3071 2386 vocem
3117 2332 3374 2404 Domini)
3425 2331 3617 2388 viven-

237 2417 499 2490 sculptile,
564 2434 673 2475 nec
703 2420 784 2491 (h.
831 2435 946 2475 non
987 2419 1166 2475 habet
1220 2423 1349 2486 nec)
1405 2417 1856 2474 similitudinem
1964 2415 2062 2482 tis,
2097 2415 2196 2487 qui
2228 2416 2296 2471 de
2327 2417 2520 2472 medio
2551 2417 2706 2490 ignis
2737 2418 3004 2490 loquitur
3034 2420 3190 2476 sicut
3235 2437 3342 2477 nos
3398 2421 3622 2477 audivi-

235 2509 488 2578 omnium,
523 2525 658 2580 quae
690 2507 748 2563 in
773 2507 917 2565 cmlo
947 2511 1089 2564 sunt
1107 2509 1381 2580 desuper,
1404 2512 1459 2562 et
1481 2524 1609 2578 quze
1630 2507 1860 2561 interra
1970 2521 2123 2574 mus,
2152 2509 2208 2560 et
2241 2505 2426 2576 possit
2452 2505 2638 2562 vivere
2659 2507 2686 2562 ‘I
2719 2509 2805 2562 Tu
2853 2509 3045 2582 magis
3097 2511 3324 2579 accede,
3371 2515 3427 2566 et
3483 2511 3622 2566 audi

229 2596 499 2665 deorsum,
531 2603 596 2654 et
626 2614 754 2670 quas
784 2601 1101 2654 versantur
1128 2597 1189 2652 in
1212 2596 1380 2669 aquis
1402 2597 1512 2653 sub
1537 2596 1855 2652 terra.Non
1967 2599 2177 2650 cuncta
2205 2611 2330 2665 qua:
2363 2595 2571 2649 dixerit
2595 2595 2883 2652 Dominus
2919 2599 3068 2654 Deus
3102 2607 3296 2655 noster
3340 2599 3483 2654 tibi:
3534 2598 3622 2655 lo-

232 2686 478 2744 adorabis
508 2704 603 2757 ea,
628 2695 682 2743 et
714 2703 827 2743 non
861 2687 1038 2743 coles.
1075 2687 1190 2759 Ego
1222 2686 1379 2742 enim
1413 2702 1544 2741 sum
1575 2685 1857 2741 Dominus
1968 2683 2287 2755 querisque
2319 2684 2386 2738 ad
2426 2700 2553 2754 nos,
2588 2689 2644 2740 et
2701 2701 2810 2740 nos
2841 2687 3144 2744 audientes
3198 2688 3482 2744 faciemus
3534 2703 3622 2744 ea.

234 2775 363 2831 Deus
392 2781 530 2833 tuus
568 2794 584 2832 :
620 2775 771 2831 Deus
801 2775 1126 2844 aemulator,
1178 2775 1426 2832 reddens
1484 2774 1856 2846 iniquitatem
1969 2771 2052 2843 (C..
2089 2771 2265 2840 XIX.)
2296 2773 2453 2838 Quod
2486 2789 2617 2827 cum
2643 2775 2908 2830 audisset
2937 2775 3244 2845 Dominus,
3278 2777 3360 2833 ait
3388 2779 3459 2832 ad
3495 2792 3620 2832 me:

232 2869 438 2933 patrum
471 2880 657 2938 super
686 2864 840 2920 filios
872 2865 930 2920 in
964 2865 1196 2920 tertiam
1230 2871 1283 2920 et
1313 2868 1586 2937 quartam
1615 2879 1860 2935 genera-
1966 2861 2174 2916 Audivi
2206 2877 2405 2916 vocem
2440 2861 2747 2917 verborum
2781 2864 2978 2935 populi
3024 2864 3227 2937 hujus,
3263 2882 3388 2938 qua)
3437 2865 3622 2921 locuti

231 2951 429 3008 tionem
460 2954 557 3010 his
591 2953 697 3026 qui
729 2953 981 3009 oderunt
1009 2969 1122 3025 me,
1158 2957 1215 3009 et
1247 2954 1467 3010 faciens
1526 2953 1856 3008 misericor-
1968 2955 2108 3006 sunt
2139 2950 2244 3004 tibi
2279 2967 2294 3005 :
2330 2951 2476 3006 bene
2507 2951 2705 3006 omnia
2745 2957 2886 3007 sunt
2917 2953 3116 3010 locuti.
3151 2954 3293 3023 Quis
3323 2957 3419 3012 det
3453 2956 3624 3013 talem

234 3041 370 3098 diam
400 3043 456 3099 in
493 3042 693 3100 multa
722 3043 804 3114 (b.
855 3043 980 3099 Non
1032 3042 1210 3098 habet
1254 3042 1459 3112 multa)
1515 3041 1703 3097 millia
1732 3039 1859 3095 dili-
1969 3055 2068 3094 eos
2091 3039 2305 3094 habere
2337 3044 2620 3110 mentem,
2652 3045 2716 3096 ut
2759 3041 3007 3098 timeant
3037 3061 3151 3110 mc,
3184 3049 3240 3101 et
3288 3046 3627 3103 custodiant

228 3131 482 3201 gentibus
539 3147 658 3200 me,
709 3136 767 3188 et
835 3131 1303 3188 custodientibus
1362 3135 1650 3203 praecepta
1709 3147 1856 3186 mea.
1894 3189 1932 3206 η
1971 3127 2245 3184 universa
2269 3130 2546 3184 mandata
2578 3146 2707 3185 mea
2737 3130 2794 3186 in
2830 3132 2987 3187 omni
3021 3137 3282 3206 tempore
3339 3135 3418 3201 (h.
3480 3153 3624 3192 cun-

231 3189 292 3288 ῖ3.
321 3221 521 3293 Prae.)
553 3189 687 3276 Νοό
720 3220 1038 3295 usurpabis
1073 3237 1285 3277 nomen
1329 3189 1566 3276 Domini
1612 3219 1711 3275 Dei
1771 3219 1856 3274 tui
1891 3189 1934 3254 C
1977 3217 2089 3272 ctis
2120 3217 2368 3288 diebus),
2405 3223 2467 3273 ut
2493 3218 2642 3274 bene
2673 3219 2752 3274 sit
2782 3220 2886 3288 eis,
2920 3225 2977 3277 et
2998 3189 3358 3280 filiiseorum
3473 3189 3624 3281 sem-

227 3308 425 3365 frustra
455 3310 539 3380 (h.
576 3327 697 3365 non
729 3327 999 3368 assumes
1021 3326 1230 3366 nomen
1261 3309 1493 3366 Domini
1527 3309 1628 3365 Dei
1679 3309 1765 3364 tui
1807 3309 1865 3364 in
1977 3306 2317 3378 piternum?
2344 3306 2524 3374 Vade,
2557 3311 2614 3362 et
2642 3307 2734 3363 dic
2765 3309 2850 3364 eis
2881 3327 2894 3366 ;
2930 3311 3306 3368 Revertimini
3338 3317 3396 3370 in
3428 3319 3623 3372 tento-

228 3405 484 3468 vanum):
525 3399 678 3472 quia
721 3416 838 3456 non
893 3400 1002 3457 erit
1049 3400 1382 3472 impunitus
1421 3399 1520 3470 qui
1573 3415 1750 3468 super
1804 3415 1866 3454 re
1976 3393 2063 3449 ria
2095 3396 2426 3450 vestra.’l‘u
2461 3411 2593 3451 vero
2627 3395 2722 3452 hic
2755 3402 2845 3453 sta
2877 3415 3132 3472 mecum,
3165 3406 3222 3456 et
3273 3401 3483 3474 loquar
3538 3403 3621 3459 tib

227 3501 358 3543 vana
387 3505 612 3545 nomen
643 3491 772 3560 ejus
805 3487 1210 3561 assumpserit.
1245 3489 1318 3560 (4.
1353 3490 1555 3558 Pravo.)
1613 3487 1866 3543 Observa

227 3575 360 3632 diem
393 3579 665 3646 sabbati,
693 3581 758 3633 ut
788 3577 1119 3635 sanctifices
1173 3593 1331 3648 eum,
1381 3577 1535 3634 sicut
1592 3577 1865 3649 praecepit

226 3663 316 3720 tibi
344 3669 649 3723 Dominus
682 3671 835 3723 Deus
860 3672 1019 3723 tuus.
1049 3667 1160 3723 Sex
1181 3667 1390 3723 diebus
1419 3665 1776 3738 operaberis,
1809 3673 1862 3721 et

222 3752 376 3811 facies
406 3758 620 3813 omnia
648 3773 828 3829 Opera
857 3763 980 3813 tua.
1012 3756 1312 3829 Septimus
1343 3756 1470 3813 dies
1492 3755 1724 3812 sabbati
1750 3760 1857 3826 est,

221 3839 269 3896 id
295 3849 402 3911 est,
432 3847 683 3918 requies
712 3846 946 3902 Domini
981 3846 1075 3902 Dei
1126 3845 1214 3901 tui
1245 3846 1328 3918 (h.
1377 3846 1675 3918 Septimus
1736 3844 1859 3902 dies

223 3929 440 3990 Sabbati
487 3940 588 3992 est
620 3934 856 3991 Domini
915 3935 1016 3992 Dei
1075 3934 1203 4007 tui).
1266 3935 1393 3993 Non
1451 3935 1628 3991 facies
1694 3936 1751 3991 in
1803 3951 1866 3992 eo

221 4019 527 4095 quidquam
563 4026 766 4096 operis
795 4029 881 4096 tu,
913 4029 971 4080 et
1001 4024 1157 4080 filius
1187 4028 1348 4095 tuus,
1379 4028 1437 4080 et
1476 4024 1616 4092 filia,
1663 4041 1865 4080 servus

220 4113 268 4162 et
294 4112 527 4181 ancilla,
565 4120 629 4169 et
661 4114 790 4180 bos,
825 4118 882 4170 et
931 4115 1156 4184 asinus,
1190 4117 1248 4169 et
1305 4128 1477 4169 omne
1525 4113 1865 4186 jumentum

219 4198 392 4266 tuum,
425 4205 485 4257 et
518 4199 880 4274 peregrinus
911 4201 1012 4272 qui
1044 4205 1134 4256 est
1165 4201 1321 4256 intra
1351 4204 1548 4273 portas
1589 4204 1744 4270 tuas,
1803 4204 1870 4256 ut

218 4289 536 4358 requiescat
571 4305 781 4346 servus
804 4295 964 4358 tuus,
987 4294 1043 4346 et
1073 4288 1294 4345 ancilla
1334 4294 1458 4356 tua,
1490 4290 1644 4345 sicut
1673 4294 1729 4346 et
1783 4293 1868 4346 tu.

220 4373 492 4435 Memento
519 4379 687 4451 quod
721 4384 780 4435 et
810 4379 937 4452 ipse
968 4378 1322 4435 servierisin
1343 4379 1610 4452 Egypto,
1656 4383 1712 4434 et
1729 4379 1872 4435 edu-

217 4466 350 4522 xerit
376 4472 433 4523 te
468 4469 619 4526 inde
656 4468 938 4525 Dominus
969 4469 1124 4524 Deus
1173 4471 1312 4524 tuus
1358 4468 1419 4522 in
1477 4484 1656 4523 manu
1715 4467 1871 4538 forti,

1975 3485 2484 3554 omniamandata,
2517 3490 2574 3540 et
2604 3489 2978 3544 caeremonias
3010 3494 3186 3561 atque
3208 3490 3434 3562 judicia
3456 3509 3468 3546 :
3493 3510 3620 3564 quae

1974 3573 2210 3628 docebis
2241 3590 2359 3641 eos,
2397 3578 2460 3629 ut
2487 3575 2702 3630 faciant
2731 3592 2797 3631 ea
2827 3575 2888 3631 in
2920 3583 3076 3634 terra
3107 3596 3285 3651 quam
3318 3581 3468 3638 dabo
3500 3582 3620 3638 illis

1971 3662 2031 3717 in
2066 3662 2519 3734 possessionem.
2555 3663 2858 3721 Custodite
2907 3667 3109 3738 igitur,
3163 3674 3218 3724 et
3278 3669 3448 3726 facite
3497 3687 3627 3742 qua

1974 3752 2244 3824 precepit
2273 3752 2558 3808 Dominus
2605 3753 2758 3808 Deus
2816 3755 3014 3812 vobis:
3071 3774 3186 3812 non
3245 3758 3626 3817 declinabitis

1972 3858 2166 3914 neque
2195 3841 2265 3896 ad
2299 3842 2620 3911 dexteram,
2664 3859 2851 3914 neque
2883 3845 2955 3899 ad
2989 3845 3290 3902 sinistram
3320 3863 3332 3903 :
3377 3849 3476 3904 sed
3531 3865 3634 3921 per

1974 3931 2150 3998 viam,
2181 3946 2356 4001 quam
2391 3933 2666 4002 praecepit
2699 3931 2984 3988 Dominus
3013 3934 3163 3990 Deus
3187 3940 3396 4003 vester,
3421 3938 3630 3993 ambu-

1973 4019 2193 4076 labitis.
2230 4019 2302 4074 Ut
2332 4019 2558 4090 vivatis,
2587 4025 2644 4074 et
2674 4021 2818 4076 bene
2850 4023 2929 4076 sit
2958 4023 3141 4092 vobis,
3176 4029 3232 4079 et
3262 4025 3625 4097 protelentur

1977 4109 2100 4165 dies
2128 4109 2185 4163 in
2212 4113 2366 4163 terra
2397 4109 2782 4178 possessionis
2808 4115 3031 4168 vestrae.

2054 4201 2134 4260 (B.
2167 4195 2286 4264 XX,
2314 4199 2447 4267 Cap.
2483 4197 2602 4267 VI.)
2638 4201 2766 4254 Haec
2799 4204 2939 4255 sunt
2988 4207 3294 4275 prmcepta,
3349 4208 3406 4259 et
3453 4219 3626 4261 czere-

1978 4285 2207 4352 monize,
2262 4289 2436 4356 atque
2481 4286 2730 4356 judicia,
2794 4305 2921 4360 quae
2982 4292 3284 4348 mandavit
3345 4295 3628 4351 Dominus

1981 4381 2132 4430 Deus
2165 4377 2353 4429 vester
2382 4378 2447 4428 ut
2477 4375 2746 4431 docerem
2778 4394 2899 4445 vos,
2933 4383 2989 4433 et
3021 4379 3249 4437 faciatis
3270 4399 3338 4439 ea
3366 4382 3426 4438 in
3456 4388 3629 4451 terra,

1983 4466 2053 4520 ad
2086 4480 2259 4535 quam
2291 4465 2768 4534 transgredimini
2821 4469 3257 4539 possidendam,
3322 4479 3386 4528 ut
3424 4474 3632 4530 timeas

217 4557 265 4607 et
282 4554 518 4614 brachio
552 4562 819 4613 extento.
853 4558 1074 4614 Idcirco
1135 4557 1407 4630 precepit
1465 4556 1574 4612 tibi
1625 4555 1706 4628 (h.
1771 4557 1867 4611 Id-
1900 4560 1944 4628 υ
1981 4553 2289 4609 Dominum
2318 4552 2504 4608 Deum
2529 4559 2788 4622 tuum,et
2808 4558 3106 4615 custodias
3136 4561 3335 4616 omnia
3359 4563 3635 4619 mandata

215 4641 354 4700 circo
385 4646 680 4718 praecepit
703 4646 807 4702 tibi
840 4647 1127 4702 Dominus
1162 4645 1514 4718 Deustuus),
1550 4649 1614 4701 ut
1670 4645 1873 4701 obsero

214 4745 364 4788 vares
394 4735 560 4791 diem
590 4735 848 4791 sabbati.
885 4736 962 4807 (5.
995 4735 1442 4808 Prwc.)Honora
1458 4738 1681 4804 patrem
1701 4738 1869 4790 tuum

214 4825 260 4874 et
287 4829 564 4890 matrem,
603 4823 762 4880 sicut
794 4824 1056 4897 praecipit
1083 4824 1188 4880 tibi
1222 4823 1511 4880 Dominus
1537 4828 1688 4878 Deus
1712 4827 1874 4889 tuus,

218 4909 464 4985 utlongo
495 4913 676 4969 vivas
707 4916 988 4985 tempore,
1024 4917 1081 4969 et
1111 4913 1256 4968 bene
1278 4912 1356 4968 sit
1386 4911 1489 4968 tibi
1525 4911 1582 4966 in
1633 4916 1877 4978 terram,

216 5013 376 5068 quam
411 5002 722 5060 Dominus
756 5003 907 5060 Deus
929 5006 1064 5059 tuus
1082 5003 1330 5058 daturus
1344 5005 1432 5058 est
1453 5000 1579 5057 tibi.
1602 5001 1658 5073 (6
1680 5000 1879 5072 Prae.)

221 5153 397 5215 istoin
434 5158 598 5226 loco,
620 5162 787 5215 velut
811 5160 868 5214 in
893 5158 1025 5215 aliis
1047 5159 1358 5226 sexcentis,
1386 5158 1562 5215 fontis
1603 5159 1693 5214 sui
1748 5175 1882 5214 sen-

224 5245 342 5285 sum
377 5232 658 5287 fideliter
689 5232 899 5287 reddit.
931 5235 1116 5286 MART.

287 5331 349 5386 -τ
400 5303 618 5386 Nostri
656 5319 800 5360 mss.
857 5304 990 5358 Filii
1040 5319 1253 5376 quoque
1301 5302 1495 5371 Israel,
1557 5305 1693 5368 etc.,
1747 5319 1882 5357 cum

226 5369 516 5527 γῳῗζῗὲξξ
556 5460 702 5500 cum
733 5443 955 5516 aliquot
990 5445 1438 5527 recentioribus
1470 5459 1611 5500 mss.
1661 5444 1888 5500 addunt

229 5511 332 5573 bene
362 5511 573 5588 verba,
611 5531 738 5589 quae
790 5511 1078 5589 praecepit
1109 5517 1212 5573 tibi
1277 5519 1581 5572 Dominus:
1643 5532 1884 5589 sensum

228 5602 453 5662 quoque
479 5587 1000 5662 ejusdemversus
1032 5587 1201 5644 aliter
1228 5590 1567 5662 exprimunt
1592 5604 1604 5642 :
1630 5588 1727 5642 sed
1764 5587 1886 5662 pla-

231 5657 465 5719 nior'est
489 5657 565 5718 ac
597 5657 918 5718 dilucidior
944 5659 1006 5718 in
1035 5664 1264 5718 Canone
1292 5657 1351 5718 et
1374 5659 1506 5718 aliis
1536 5675 1681 5717 mss.
1731 5657 1890 5732 opti-

1986 4646 2044 4698 et
2073 4646 2358 4712 praecepta
2386 4642 2533 4713 ejus,
2567 4659 2694 4714 quae
2727 4659 2831 4715 ego
2864 4646 3135 4718 praecipio
3156 4648 3284 4714 tibi,
3309 4654 3368 4706 et
3398 4650 3638 4718 filiis,ac

1987 4730 2300 4802 nepotibus
2333 4730 2477 4798 tuis,
2513 4731 2746 4787 cunctis
2777 4733 2986 4790 diebus
3009 4735 3132 4791 vitae
3159 4741 3292 4804 tum,
3321 4739 3637 4810 utprolon-

1987 4823 2202 4892 gentur
2234 4819 2360 4874 dies
2391 4817 2499 4872 tui.
2533 4819 2702 4890 Audi,
2727 4820 2924 4888 Israel,
2949 4827 3005 4877 et
3026 4825 3269 4882 observa
3299 4831 3364 4882 ut
3393 4829 3634 4897 facias‘;

1988 4913 2046 4963 et
2069 4908 2215 4964 bene
2237 4907 2311 4962 sit
2344 4907 2476 4974 tibi,
2508 4911 2565 4962 et
2596 4908 3006 4980 multipliceris
3036 4913 3296 4986 amplius
3318 4915 3639 4988 (sicutpol-

1988 4996 2184 5052 licitus
2213 4998 2299 5052 est
2329 4994 2618 5052 Dominus
2654 5001 2805 5052 Deus
2836 5005 3068 5070 patrum
3103 5006 3338 5059 tuorum
3375 5005 3479 5061 tibi
3533 5005 3554 5039 ²
3580 5005 3638 5060 in

1993 5172 2104 5234 ruas
2134 5159 2299 5234 notae.
2337 5154 2519 5234 Arabs
2554 5156 2846 5234 Interpres
2897 5159 3046 5216 favet
3095 5161 3327 5218 lectioni
3377 5169 3590 5219 nostras
3625 5189 3640 5234 ;

1983 5227 2169 5284 habet
2200 5226 2380 5292 enim,
2433 5229 2496 5281 in
2551 5226 2777 5296 regione
2831 5241 3094 5288 manante
3151 5235 3293 5289 lacte
3340 5241 3393 5290 et
3453 5226 3638 5293 melle:

1997 5301 2296 5445 MII‘errum
2321 5367 2453 5438 plus
2489 5367 2706 5426 habent
2736 5372 3152 5445 cumgVulgata
3209 5375 3454 5432 lectione
3499 5395 3645 5434 mss.

1996 5439 2207 5507 nostri,
2241 5440 2468 5494 observa
2498 5456 2624 5513 quae
2648 5443 2914 5515 praecepit
2943 5439 3050 5499 (ibi
3076 5445 3364 5518 Dominus,
3410 5457 3460 5504 et
3491 5449 3646 5519 bene,

1997 5519 2369 5657 etg‘Urbinas
2396 5597 2566 5652 mss.,
2602 5585 2742 5657 Deus
2791 5594 3024 5657 patrum
3072 5591 3314 5656 tuorum,
3367 5589 3504 5648 dare
3550 5593 3656 5650 tibi

1999 5659 2211 5713 terram
2271 5654 2411 5709 lacte
2457 5658 2509 5709 et
2566 5656 2735 5712 melle
2788 5654 3126 5716 manantem.
3183 5654 3313 5717 Mox
3360 5661 3654 5724 Palatin.:
