4068 6172
258 345 350 402 465

1547 334 1763 388 LIBER
1800 333 2374 390 DEUTERONOMII.

3529 333 3634 389 466

257 470 389 528 xeris
417 470 472 524 in
504 466 674 524 corde
703 469 842 521 tuo:
875 462 1079 519 Plures
1111 465 1252 518 sunt
1287 463 1489 534 gentes
1533 459 1658 514 istae
1689 473 1863 528 quam
1893 458 1948 525 Α
1978 459 2250 514 comedes
2309 475 2516 530 panem
2571 462 2760 522 tuum,
2806 463 2864 514 et
2906 474 3100 514 rerum
3147 458 3410 514 omnium
3443 461 3631 516 abun-

261 577 352 632 ego
385 557 666 630 quomodo
717 558 916 628 potero
970 552 1164 608 delere
1192 551 1276 619 (h.
1312 549 1542 621 ejicere)
1575 565 1673 604 eas
1698 546 1725 600 ‘?
1757 545 1874 601 noli

1987 548 2187 603 dantia
2219 548 2536 618 perfrueris
2565 565 2578 613 ;
2603 549 2772 618 cujus
2805 548 3031 620 lapides
3056 549 3270 602 ferrum
3298 558 3457 616 sunt,
3481 555 3536 604 et
3557 551 3628 606 de

258 653 514 712 metuere,
544 645 643 701 sed
676 643 981 699 recordare
1011 658 1138 712 quae
1176 639 1376 695 fecerit
1407 638 1692 694 Dominus
1729 638 1877 691 Deus
1986 638 2288 692 montibus
2315 638 2442 707 ejus
2473 637 2601 692 aeris
2634 637 2870 692 metalla
2902 636 3242 692 fodiuntur:
3272 643 3333 692 ut
3365 655 3494 694 cum
3527 656 3620 694 co-

255 744 374 795 tuus
402 734 702 804 Pharaoni,
726 737 783 788 et
812 731 1042 788 cunctis
1061 729 1368 802 .IEgyptiis,
1393 727 1595 800 plagas
1626 726 1714 795 (h.
1758 733 1878 780 ten-

253 827 496 894 tationaS)
532 823 840 888 maximas,
865 837 1011 892 quas
1033 819 1304 874 viderunt
1324 815 1473 872 oculi
1497 817 1604 882 tui,
1627 820 1684 870 et
1706 816 1875 884 signa

250 921 402 986 atque
441 917 731 985 portenta,
773 924 1135 980 manumque
1171 907 1872 972 robustam,etextentum

246 1003 552 1070 brachium,
586 1006 648 1057 ut
679 1000 953 1055 educeret
984 1003 1040 1054 te
1072 997 1352 1052 Dominus
1384 995 1534 1051 Deus
1586 1000 1744 1049 tuus.
1777 993 1868 1047 Sic

245 1094 397 1149 faciet
450 1090 680 1146 cunctis
711 1086 967 1161 populis,
1000 1103 1148 1158 quos
1205 1084 1440 1141 metuis.
1474 1085 1557 1155 (B.
1592 1081 1867 1149 XXVIII.)

239 1184 463 1250 Insuper
484 1181 542 1234 et
560 1178 875 1234 crabrones
906 1176 1104 1230 mittet
1129 1173 1421 1230 Dominus
1455 1173 1604 1227 Deus
1639 1177 1777 1226 tuus
1808 1169 1867 1223 in

239 1285 342 1333 eos,
375 1269 555 1322 donec
595 1265 786 1322 deleat
830 1279 1058 1332 omnes,
1092 1266 1266 1332 atque
1318 1261 1621 1332 disperdat
1664 1258 1761 1329 qui
1812 1261 1867 1312 te

237 1357 486 1425 fugerint,
513 1361 571 1411 et
601 1354 779 1410 latere
810 1353 1126 1424 potuerint.
1151 1352 1272 1407 Non
1306 1350 1544 1406 timebis
1577 1365 1698 1415 eos,
1725 1346 1866 1418 quia

233 1447 492 1504 Dominus
545 1445 701 1500 Deus
731 1448 871 1498 tuus
901 1442 961 1496 in
992 1441 1183 1496 medio
1239 1440 1325 1494 tui
1357 1443 1466 1494 est.
1502 1439 1590 1510 (B.
1624 1437 1859 1506 XXIX.)

243 1537 378 1591 Dens
407 1549 658 1604 magnus
687 1535 746 1586 et
775 1529 1060 1586 terribilis
1084 1546 1097 1584 :
1122 1529 1250 1601 ipse
1272 1531 1580 1584 consumet
1600 1527 1865 1581 nationes

234 1626 326 1680 has
356 1623 413 1678 in
445 1625 763 1692 conspectu
795 1623 897 1674 tuo
929 1617 1213 1690 paulatim
1267 1622 1444 1687 atque
1489 1632 1593 1686 per
1644 1618 1859 1685 partes.

232 1713 342 1768 Non
373 1711 590 1784 poteris
620 1710 810 1765 delere
840 1724 940 1764 eas
995 1706 1247 1778 pariter:
1283 1722 1355 1760 ne
1387 1705 1532 1760 forte
1583 1702 1864 1772 multipli-

232 1807 418 1858 centur
445 1803 650 1856 contra
696 1803 749 1852 te
799 1799 999 1853 bestiae
1051 1801 1220 1851 terra
1250 1794 1334 1854 (h.
1370 1793 1536 1864 agri).
1570 1791 1858 1862 Dabitque

231 1907 316 1946 eos
340 1889 628 1946 Dominus
660 1887 813 1942 Deus
841 1891 981 1940 tuus
1010 1884 1071 1939 in
1102 1888 1418 1955 conspectu
1441 1887 1563 1952 tuo,
1586 1886 1642 1936 et
1671 1881 1857 1936 inter-

231 1978 366 2035 ﬁciet
395 1978 529 2035 illos
560 1978 745 2032 donec
798 1975 1034 2046 penitus
1065 1973 1392 2029 deleantur.
1427 1971 1636 2026 Tradet
1692 1985 1858 2040 reges

230 2085 408 2125 eorum
440 2068 499 2122 in
534 2082 751 2121 manus
780 2068 936 2131 tuas,
961 2067 1019 2118 et
1047 2062 1352 2133 disperdes
1383 2051 1624 2114 nomina
1655 2074 1856 2113 eorum

229 2158 324 2214 sub
352 2155 490 2213 casio
518 2172 530 2210 :
570 2153 774 2210 nullus
823 2152 1038 2224 poterit
1068 2150 1340 2207 resistere
1371 2149 1476 2204 tibi
1511 2148 1592 2218 (h.
1625 2147 1682 2202 id
1717 2163 1859 2203 con-

231 2253 406 2315 spectu
439 2245 584 2316 tuo),
615 2243 798 2298 donec
842 2245 1109 2296 conteras
1157 2255 1278 2294 eos.
1312 2236 1614 2308 Sculptilia
1663 2251 1861 2291 eorum

233 2334 299 2404 (h.
320 2332 627 2406 Sculptilia
655 2329 1038 2401 dearum)igne
1069 2329 1380 2384 combures
1403 2329 1488 2396 (B.
1515 2324 1715 2392 XXX.)
1735 2325 1860 2379 Non

234 2423 596 2494 concupisces
628 2425 937 2491 argentum
967 2423 1024 2473 et
1057 2433 1291 2482 aurum,
1322 2415 1394 2470 de
1446 2415 1662 2485 quibus
1712 2414 1865 2468 facta

237 2517 375 2577 sunt,
422 2525 620 2581 neque
679 2523 946 2564 assumes
1003 2522 1074 2562 ex
1130 2505 1214 2560 eis
1272 2503 1379 2558 tibi
1413 2503 1758 2573 quidquam,
1793 2516 1862 2557 ne

237 2600 495 2665 oiI‘endas,
513 2601 828 2670 propterea
848 2596 987 2667 quia
1007 2592 1368 2650 abominatio
1392 2598 1482 2647 est
1503 2591 1734 2647 Domini
1763 2590 1862 2645 Dei

236 2689 329 2742 tui.
347 2688 456 2743 Nec
487 2687 710 2742 inferas
735 2684 1040 2756 quidpiam
1065 2699 1132 2738 ex
1159 2680 1313 2736 idolo
1335 2681 1392 2735 in
1412 2680 1652 2734 domum
1674 2683 1862 2746 tuam,

235 2793 294 2831 ne
322 2777 422 2832 ﬁas
452 2775 797 2840 anathema,
827 2773 980 2828 sicut
1010 2771 1153 2827 illud
1180 2775 1287 2826 est.
1321 2768 1497 2835 Quasi
1519 2767 1862 2840 spurcitiam

235 2865 626 2934 debestaberis,
661 2867 719 2919 et
763 2861 923 2917 velut
970 2861 1480 2932 inquinamentum
1537 2873 1603 2912 ac
1659 2857 1862 2913 sordes

234 2953 644 3010 abominationi
677 2951 939 3020 habebis,
973 2951 1073 3021 qui
1102 2948 1415 3004 anathema
1445 2951 1550 3002 est.

290 3044 366 3113 (B.
398 3043 596 3098 XXXI.
630 3044 692 3098 C.
723 3040 937 3110 XXVII,
963 3039 1102 3111 Cap.
1151 3037 1328 3100 VIII.)
1378 3037 1560 3092 Omne
1619 3035 1861 3090 manda-

232 3138 361 3200 tum,
389 3131 544 3204 quod
585 3146 690 3203 ego
723 3128 990 3201 pracipio
1022 3128 1126 3182 tibi
1150 3126 1344 3192 hodie,
1369 3141 1504 3180 cave
1553 3123 1862 3194 diligenter

233 3226 288 3275 ut
313 3201 508 3290 facias,
547 3201 886 3290 utvpossitis
915 3218 1129 3284 vivere,
1160 3220 1218 3270 et
1251 3213 1747 3285 multiplicamini,
1782 3213 1866 3267 in-
1896 3201 1937 3267 C

235 3311 523 3382 gressique
559 3309 1142 3381 possideatisterram
1174 3321 1276 3376 pro
1299 3303 1652 3374 quajuravit
1674 3301 1872 3357 Domi-

237 3416 334 3454 nus
355 3400 628 3471 patribus
647 3396 882 3452 vestris.
902 3396 972 3451 Et
989 3393 1387 3450 recordaberis
1407 3393 1596 3447 cuncti
1621 3390 1868 3457 itineris,

240 3504 327 3558 per
342 3489 494 3560 quod
519 3486 768 3544 adduxit
787 3490 843 3541 te
868 3484 1150 3541 Dominus
1175 3483 1328 3538 Deus
1352 3487 1490 3536 tuus
1510 3479 1868 3551 quadragin-

237 3578 286 3627 ta
305 3575 467 3631 annis
498 3575 590 3646 (h.
618 3589 750 3628 ecce
782 3571 1173 3644 quadraginta
1201 3569 1394 3640 annis)
1425 3585 1525 3640 per
1545 3569 1864 3634 desertum,

228 3667 280 3718 ut
305 3664 594 3737 afﬂigeret
639 3667 697 3717 te
731 3666 906 3731 atque
950 3663 1225 3729 tentaret,
1268 3663 1324 3714 et
1347 3664 1485 3712 nota
1512 3658 1717 3711 tierent
1739 3673 1866 3726 qua:

230 3751 279 3806 in
309 3758 402 3810 tuo
433 3753 644 3808 animo
675 3750 1081 3814 versabantur,
1107 3753 1303 3804 utrum
1347 3746 1671 3802 eustodires
1699 3761 1864 3800 man-

229 3840 346 3897 data
375 3841 566 3910 illius,
600 3857 676 3896 an
703 3854 839 3895 non.
872 3839 957 3909 (B.
991 3837 1242 3903 XXXII.,
1277 3836 1490 3891 Afﬂixit
1537 3839 1592 3889 te
1619 3835 1865 3905 penuria

229 3929 297 3996 (h.
325 3931 546 3987 Afflixit
579 3933 635 3985 te
666 3933 726 3984 et
755 3927 972 3984 esurire
1002 3931 1058 3981 te
1106 3925 1282 3997 fecit),
1315 3929 1370 3979 et
1415 3923 1576 3980 dedit
1622 3923 1726 3977 tibi
1777 3921 1860 3976 ci-

231 4017 350 4074 bum
381 4033 629 4084 manna,
663 4016 819 4089 quod
853 4015 1161 4088 ignorabas
1193 4018 1278 4080 tu,
1311 4016 1367 4067 et
1410 4015 1605 4083 patres
1634 4009 1721 4064 tui
1749 4027 1760 4066 :
1796 4014 1862 4065 ut

226 4111 540 4164 ostenderet
575 4106 682 4162 tibi
720 4105 874 4176 quod
907 4120 1022 4159 non
1056 4103 1112 4158 in
1147 4101 1270 4158 solo
1303 4117 1449 4172 pane
1480 4099 1632 4156 vivat
1662 4099 1856 4167 homo,

226 4198 310 4252 sed
341 4198 400 4252 in
431 4196 600 4254 omni
633 4195 805 4250 verbo
835 4193 990 4265 quod
1025 4192 1321 4264 egreditur
1349 4206 1418 4246 ex
1449 4205 1548 4244 ore
1580 4187 1851 4243 Domini'.

225 4286 293 4353 (B.
323 4286 617 4355 XXXIII.)
649 4283 1078 4340 Vestimentum
1114 4286 1304 4348 tuum,
1331 4296 1444 4351 quo
1475 4277 1855 4350 operiebaris,

228 4390 582 4448 nequaquam
615 4377 906 4430 vetustate
937 4370 1164 4440 defecit,
1199 4375 1254 4424 et
1286 4385 1386 4440 pes
1419 4376 1554 4423 tuus
1602 4382 1716 4422 non
1769 4372 1856 4421 est

229 4465 520 4532 subtritus,
558 4480 629 4520 en
663 4460 1151 4534 quadragesimus
1183 4474 1372 4514 annus
1403 4461 1510 4512 est.
1535 4455 1608 4511 Ut
1631 4454 1851 4526 recogi-

1987 726 2238 781 mederis
2268 731 2325 781 et
2373 726 2620 781 satiatus
2654 725 2851 792 fueris,
2883 726 3198 781 benedicas
3228 727 3475 781 Domino
3508 728 3621 783 Deo

1984 818 2084 869 tuo
2115 831 2212 882 pro
2239 818 2392 868 terra
2423 813 2667 885 optima,
2700 830 2876 884 quam
2911 813 3074 868 dedit
3103 815 3229 870 tibi.
3263 816 3347 883 (B.
3380 816 3616 872 XXXIV.

1981 909 2037 957 Ο.
2072 903 2370 973 XXXVII.)
2394 902 2647 957 Observa
2678 908 2735 956 et
2766 919 2899 957 cave
2932 904 3237 970 nequando
3259 904 3621 961 obliviscaris

1982 992 2214 1048 Domini
2253 991 2347 1045 Dei
2405 991 2515 1056 tui,
2549 995 2605 1046 et
2636 990 2897 1063 negligas
2957 994 3231 1048 mandata
3259 993 3388 1062 ejus
3447 999 3620 1066 atque

1975 1082 2200 1152 judicia
2232 1086 2289 1135 et
2311 1079 2863 1150 caeremonias,quas
2884 1097 2989 1153 ego
3014 1081 3277 1152 praecipio
3301 1083 3404 1137 tibi
3422 1083 3616 1148 hodie,

1979 1187 2051 1226 ne
2084 1174 2394 1241 postquam
2443 1169 2768 1225 comederis
2800 1174 2856 1223 et
2886 1171 3136 1225 satiatus
3192 1171 3369 1226 fueris
3415 1173 3618 1229 domos

1977 1259 2254 1331 pulchras
2285 1258 2682 1327 tediﬁcaveris,
2707 1266 2764 1313 et
2793 1259 3147 1314 habitaveris
3179 1260 3236 1314 in
3268 1261 3372 1328 eis,
3396 1261 3620 1316 habue-

1977 1348 2176 1420 risque
2227 1353 2490 1404 armenta
2539 1348 2740 1417 boum,
2785 1355 2843 1403 et
2892 1348 3088 1404 ovium
3139 1365 3358 1420 greges,
3393 1352 3616 1421 argenti

1977 1442 2033 1493 et
2065 1439 2214 1504 auri,
2239 1442 2705 1507 cunctarumque
2736 1453 2932 1492 rerum
2971 1437 3222 1509 cupiam,
3243 1439 3498 1494 elevatur
3521 1457 3620 1495 cor

1973 1531 2164 1592 tuum,
2189 1531 2380 1581 etnon
2406 1525 2806 1580 reminiscaris
2834 1525 3058 1581 Domini
3084 1526 3185 1582 Dei
3208 1527 3314 1596 tui,
3345 1529 3442 1599 qui
3469 1529 3614 1584 edu-

1970 1615 2053 1670 xit
2087 1622 2141 1669 le
2172 1615 2240 1669 de
2273 1618 2426 1668 terra
2449 1613 2699 1684 Egypti,
2736 1615 2803 1668 de
2836 1615 3008 1669 domo
3039 1614 3360 1682 servitutis,
3385 1622 3442 1671 et
3473 1617 3612 1671 duc-

1970 1709 2061 1760 tor
2093 1709 2229 1758 tuus
2267 1702 2449 1758 fuitin
2471 1703 2788 1757 solitudine
2812 1719 3024 1773 magna
3052 1708 3226 1775 atque
3261 1705 3524 1775 terribili,
3550 1707 3606 1760 in

1971 1810 2087 1865 qua
2126 1799 2250 1848 erat
2307 1808 2544 1861 serpens
2602 1792 2741 1847 flatu
2801 1792 3075 1858 adurens,
3109 1794 3336 1864 scorpio
3395 1811 3460 1850 ac
3518 1797 3606 1850 (li-

1966 1899 2124 1954 psas,
2172 1886 2228 1936 et
2258 1881 2430 1936 DUllEB
2463 1881 2699 1936 omnino
2733 1897 2934 1952 aquae:
2973 1883 3070 1953 qui
3104 1883 3305 1938 eduxit
3338 1883 3489 1939 rivos
3519 1886 3602 1957 (h.

1965 1971 2202 2042 aquam)
2226 1971 2296 2026 de
2326 1975 2488 2040 petra
2518 1969 2858 2038 durissima,
2883 1974 2939 2025 et
2967 1971 3180 2026 cibavit
3215 1977 3266 2028 te
3297 1989 3513 2029 manna
3545 1975 3602 2028 in

1966 2061 2302 2127 solitudine,
2325 2061 2479 2131 quod
2505 2060 2840 2114 nescierunt
2864 2065 3055 2131 patres
3079 2063 3182 2116 tui.
3204 2063 3271 2116 Et
3291 2068 3602 2135 postquam

1968 2149 2174 2204 afﬂixit
2204 2168 2270 2204 ac
2304 2149 2583 2220 probavit,
2619 2149 2689 2204 ad
2721 2154 3046 2204 extremum
3077 2151 3354 2207 misertus
3385 2159 3468 2207 est
3497 2154 3605 2208 tui.

1968 2243 2052 2308 (C.
2086 2238 2371 2302 XXVIII.)
2405 2238 2484 2294 Ne
2516 2239 2740 2294 diceres
2792 2239 2850 2293 in
2904 2239 3075 2294 corde
3132 2245 3272 2295 tuo:
3311 2241 3608 2298 Fortitudo

1972 2344 2098 2384 mea
2127 2332 2184 2382 et
2215 2328 2393 2383 robur
2425 2344 2636 2382 manus
2667 2343 2829 2394 metu,
2866 2329 2985 2382 haec
3035 2328 3180 2383 mihi
3225 2330 3421 2385 omnia
3468 2348 3610 2401 prte-

1972 2418 2286 2473 stilerunt:
2321 2418 2420 2472 sed
2485 2418 2806 2472 recorderis
2866 2417 3099 2472 Domini
3158 2418 3276 2488 Dei,
3302 2416 3455 2490 quod
3489 2422 3613 2492 ipse

1971 2507 2078 2562 tibi
2109 2506 2259 2561 vires
2314 2506 2645 2576 praebuerit,
2683 2511 2747 2560 ut
2804 2506 3078 2576 impleret
3120 2515 3353 2578 pactum
3413 2526 3615 2576 suum,

1973 2611 2150 2666 super
2181 2611 2292 2665 quo
2311 2595 2533 2664 juravit
2554 2595 2820 2666 patribus
2844 2594 2984 2659 tuis,
3008 2595 3159 2650 sicut
3185 2613 3440 2667 praesens
3460 2597 3613 2654 indi-

1973 2690 2065 2741 cat
2086 2684 2231 2739 dies.
2256 2685 2356 2739 Sin
2391 2689 2584 2738 autem
2617 2682 2832 2739 oblitus
2857 2683 3088 2739 Domini
3121 2685 3217 2740 Dei
3245 2687 3350 2750 tui,
3372 2694 3610 2744 secutus

1973 2774 2152 2830 fueris
2184 2774 2324 2828 deos
2347 2773 2590 2838 alienos,
2614 2772 2982 2844 coluerisque
3004 2773 3135 2828 illos
3158 2778 3213 2827 et
3236 2775 3605 2833 adoraveris:

1970 2880 2101 2920 ecce
2134 2879 2288 2917 nunc
2320 2862 2569 2933 prendico
2601 2861 2704 2916 tibi
2736 2862 2890 2932 quod
2924 2862 3161 2916 omnino
3193 2862 3608 2933 dispereas.Si-

1971 2957 2070 3008 cut
2101 2956 2324 3022 gentes,
2354 2967 2499 3021 quas
2528 2950 2737 3005 delevit
2781 2950 3066 3006 Dominus
3097 2951 3154 3005 in
3206 2953 3444 3008 introitu
3479 2959 3600 3024 tuo,

1970 3043 2052 3097 ita
2081 3047 2137 3096 et
2184 3058 2285 3096 vos
2318 3039 2601 3111 peribitis,
2632 3039 2679 3094 si
2738 3039 3138 3096 inobedientes
3193 3041 3420 3097 fueritis
3477 3045 3603 3100 voci

1979 3129 2204 3186 Domini
2242 3129 2336 3183 Dei
2369 3129 2568 3183 vestri.

2048 3219 2136 3279 (Τ.
2186 3217 2278 3284 Vl,
2331 3217 2388 3272 C.
2445 3217 2639 3272 XXIX.
2695 3216 2824 3287 Cap.
2876 3218 2989 3286 IX.)
3051 3218 3216 3287 Audi,
3269 3221 3481 3276 Israel:
3533 3223 3615 3277 Tu

1987 3307 2413 3378 transgrederis
2443 3307 2626 3379 (Vulg.
2664 3306 3129 3378 lransgredieris)
3185 3307 3356 3364 hodie
3410 3311 3623 3366 Jorda-

1982 3413 2137 3463 nem,
2174 3399 2237 3450 ut
2272 3395 2572 3466 possideas
2605 3396 2875 3450 nationes
2923 3396 3208 3452 maximas
3259 3401 3314 3452 et
3362 3398 3628 3456 fortiores

1979 3485 2338 3552 te,civitates
2357 3484 2626 3555 ingentes
2644 3489 2699 3539 et
2718 3484 2985 3554 ingentes
3004 3490 3057 3539 et
3073 3486 3141 3539 ad
3163 3502 3349 3557 usque
3368 3494 3630 3546 muratas

1980 3576 2264 3647 populum
2300 3590 2579 3645 magnum
2613 3579 2786 3645 atque
2818 3574 3158 3641 sublimem,
3184 3575 3335 3632 ﬁlios
3367 3577 3626 3646 Enacim,

1978 3680 2122 3734 quos
2144 3664 2273 3734 ipse
2295 3663 2514 3728 vidisti,
2542 3667 2598 3717 et
2620 3663 2861 3732 audisti,
2885 3664 3100 3734 quibus
3124 3664 3324 3719 nullus
3351 3672 3536 3737 potest
3557 3685 3624 3724 ex

1974 3753 2216 3808 adverso
2250 3752 2521 3806 resistere
2553 3751 2633 3822 [h.
2662 3754 2803 3816 Quos
2830 3761 2886 3806 tu
2908 3752 3116 3806 novisti
3140 3757 3196 3807 et
3224 3754 3462 3808 audisti.
3491 3756 3621 3822 Quis

1973 3841 2148 3895 stabit
2199 3856 2393 3895 eorum
2427 3839 2569 3910 ﬁliis
2600 3840 2821 3912 Ense?)
2856 3842 2938 3909 [Β.
2975 3843 3232 3908 XXXV.]
3269 3842 3428 3897 Scies
3477 3861 3614 3915 ergo

1971 3929 2143 3984 hodie
2174 3929 2328 3999 quod
2364 3927 2642 3983 Dominus
2677 3933 2824 3983 Deus
2856 3934 2993 3984 tuus
3023 3930 3148 4000 ipse
3175 3930 3450 3985 transibit
3480 3937 3613 3987 ante

1970 4022 2046 4087 te,
2079 4018 2548 4089 ignis-devorans
2592 4022 2768 4089 atque
2799 4035 3154 4073 consumens
3186 4018 3266 4089 [h.
3299 4036 3409 4074 non
3453 4021 3613 4076 habet

1969 4111 2147 4178 atque
2170 4106 2569 4176 consumens],
2594 4106 2693 4176 qui
2723 4111 2986 4161 conterat
3008 4123 3126 4173 eos,
3146 4112 3202 4162 et
3225 4107 3413 4163 deleat
3433 4114 3609 4180 atque

1966 4194 2268 4266 disperdat
2299 4198 2431 4248 ante
2463 4194 2667 4248 faciem
2691 4198 2855 4248 tuam
2887 4194 3181 4260 velociter,
3205 4196 3355 4250 sicut
3377 4195 3611 4253 loeutus

1965 4288 2054 4338 est
2096 4282 2222 4336 tibi.
2259 4282 2343 4353 [Β.
2382 4282 2652 4348 .XXXVI,
2687 4282 2745 4338 Ο.
2783 4283 2974 4354 XXX.)
3010 4283 3089 4338 Ne
3137 4283 3297 4339 dicas
3329 4285 3388 4340 in
3437 4287 3610 4341 corde

1963 4376 2063 4426 tuo
2112 4387 2248 4426 cum
2310 4370 2587 4425 deleverit
2638 4387 2737 4426 eos
2800 4371 3078 4427 Dominus
3136 4373 3291 4429 Deus
3347 4377 3488 4431 tuus
3547 4375 3604 4430 in

1963 4463 2276 4529 conspectu
2295 4463 2395 4513 tuo
2413 4459 2568 4530 [cum
2588 4475 2652 4513 ex
2663 4460 2785 4529 putt
2803 4459 2873 4514 rit
2889 4476 2988 4515 eos
3004 4461 3290 4517 Dominus
3306 4463 3448 4518 Deus
3470 4468 3604 4519 tuus

229 4555 305 4607 tes
345 4553 401 4608 in
458 4553 638 4609 corde
694 4555 819 4620 tuo,
851 4548 990 4620 quia
1035 4547 1188 4603 sicut
1215 4546 1408 4603 erudit
1439 4545 1608 4601 homo
1667 4544 1851 4600 ﬁlium
1884 4551 1934 4614 υ
1965 4554 2098 4604 ante
2129 4558 2503 4620 conspectum
2545 4550 2736 4620 tuum]
2763 4555 3024 4621 :propter
3061 4551 3358 4620 justitiam
3411 4569 3601 4609 meum

227 4657 404 4710 suum,
427 4643 515 4698 sic
537 4639 822 4698 Dominus
849 4643 1006 4693 Deus
1028 4641 1166 4692 tuus
1188 4635 1439 4691 erudivit
1457 4639 1533 4698 te,
1561 4639 1624 4689 ut
1653 4639 1847 4689 custo-

227 4728 338 4785 dias
367 4731 650 4786 maudata
680 4727 911 4783 Domini
943 4725 1046 4781 Dei
1078 4725 1188 4790 tui,
1219 4729 1276 4778 et
1323 4723 1586 4779 ambules
1633 4723 1689 4778 in
1740 4722 1849 4778 viis

224 4819 355 4888 ejus,
386 4825 445 4875 et
475 4821 693 4874 timeas
724 4832 879 4872 eum.
905 4814 1188 4871 Dominus
1218 4813 1373 4868 enim
1403 4817 1554 4868 Deus
1588 4816 1724 4867 tuus
1757 4811 1846 4866 in-

222 4909 470 4964 troducet
502 4913 560 4963 te
588 4907 648 4961 in
697 4911 914 4962 terram
948 4904 1183 4973 bonam,
1212 4907 1428 4958 terram
1474 4901 1729 4956 rivorum
1765 4901 1846 4972 (h.

222 4997 579 5067 torrentium)
640 5009 1044 5067 aquarumque
1103 4996 1162 5046 et
1218 4991 1509 5047 fontium:
1558 4990 1616 5045 in
1679 4991 1850 5061 cujus

223 5086 429 5157 eampis
459 5091 518 5142 et
567 5083 868 5140 montibus
898 5084 1215 5153 erumpunt
1245 5079 1577 5135 ﬂluviorum
1611 5080 1806 5152 abyssi
1834 5095 1846 5135 :

223 5176 417 5231 teriam
441 5173 750 5240 frumenti,
776 5171 1002 5241 hordei,
1029 5187 1094 5226 ac
1117 5170 1438 5239 vinearum,
1459 5168 1518 5224 in
1541 5184 1657 5238 qua
1681 5169 1850 5239 ficus,

225 5267 272 5315 et
309 5264 459 5319 mala
502 5268 691 5336 grata,
724 5267 780 5318 et
826 5261 1035 5318 oliveta
1083 5264 1440 5316 nascuntur:
1473 5265 1691 5315 terram
1740 5259 1850 5315 olei

225 5365 279 5406 ac
308 5353 516 5409 mellis.
558 5353 663 5409 Ubi
722 5353 940 5423 absque
1000 5349 1121 5406 ulla
1177 5350 1422 5422 penuria
1450 5350 1533 5422 (h.
1568 5349 1848 5420 egestate)

228 5582 238 5594 .
287 5513 434 5594 ’IIic
463 5530 701 5594 quoque
730 5512 934 5594 legunt
965 5511 1102 5594 editi
1155 5527 1238 5594 ac
1277 5510 1671 5594 mss..aliquot
1714 5509 1847 5592 libri

220 5582 370 5658 juxta
391 5582 549 5656 quod
571 5582 853 5658 scriptum
877 5585 1164 5658 reperitur
1186 5582 1439 5658 Matthmi
1462 5588 1666 5658 quarto
1691 5583 1847 5652 capi-

225 5659 293 5710 te.
319 5654 603 5715 Caeterum
632 5654 962 5715 in'Hebraeo
991 5659 1049 5713 et
1086 5655 1448 5713 Samaritana
1493 5654 1669 5711 habet
1694 5663 1846 5723 mm,

1960 4638 2284 4694 introduxit
2313 4654 2405 4693 me
2425 4638 2707 4693 Dominus
2727 4646 2787 4693 ut
2807 4644 3016 4694 terram
3038 4639 3188 4694 hanc
3213 4641 3595 4710 possiderem,

1958 4745 2090 4783 cum
2125 4731 2359 4799 propter
2381 4727 2713 4799 impietates
2735 4745 2874 4782 suas
2899 4729 3021 4783 ista:
3045 4728 3246 4784 deletae
3269 4729 3387 4785 sint
3409 4733 3598 4786 natio-

1960 4834 2081 4872 nes.
2102 4817 2301 4889 Neque
2319 4817 2470 4871 enim
2493 4818 3000 4888 propterjustitias
3020 4823 3242 4883 tuas,et
3265 4820 3594 4891 aequitatem

1957 4906 2150 4962 cordis
2172 4904 2611 4978 tui,ingrederis
2634 4909 2695 4959 ut
2717 4905 3020 4976 possideas
3042 4912 3222 4963 terras
3243 4925 3471 4965 earum:
3499 4910 3598 4965 sed

1960 4994 2097 5065 quia
2123 4993 2236 5048 illa:
2265 4999 2510 5066 egerunt
2539 4993 2737 5066 impie,
2767 4995 3059 5051 intreunte
3101 5000 3174 5062 te,
3209 4998 3411 5053 deletae
3440 5005 3596 5053 sunt:

1959 5088 2015 5140 et
2045 5088 2110 5138 ut
2140 5082 2460 5154 compleret
2489 5083 2726 5138 verbum
2762 5100 2935 5138 suum
2969 5085 3272 5156 Dominus,
3305 5087 3456 5157 quod
3491 5088 3600 5141 sub

1953 5175 2289 5244 juramento
2323 5171 2614 5244 pollicitus
2664 5177 2752 5227 est
2799 5173 3064 5244 patribus
3112 5174 3253 5241 tuis,
3284 5173 3601 5241 Abraham,

1962 5262 2120 5316 Isaac
2152 5266 2209 5316 et
2235 5261 2435 5316 Jacob.
2471 5261 2625 5316 Scito
2665 5261 2845 5333 igitur
2875 5263 3028 5332 quod
3086 5280 3195 5317 non
3231 5267 3466 5333 propter
3505 5264 3605 5332 ju-

1963 5351 2152 5407 stitias
2184 5355 2316 5406 tuas
2351 5350 2631 5406 Dominus
2663 5350 2817 5406 Deus
2848 5355 2985 5406 tuus
3016 5351 3237 5405 dederit
3261 5349 3364 5404 tibi
3386 5355 3600 5406 terram

1959 5511 2190 5576 Adonei,
2226 5510 2345 5567 sive
2392 5511 2649 5581 Jehovah,
2685 5510 2838 5582 quod
2891 5510 3308 5580 interpretatur
3355 5512 3596 5583 Domini,

1961 5599 2074 5638 non
2106 5584 2226 5640 Dei.
2259 5584 2443 5639 MART.

2031 5686 2098 5696 --
2131 5655 2239 5712 Ms.
2273 5655 2518 5712 Urbinas
2548 5670 2617 5712 ex
2641 5669 2735 5710 ore
2767 5654 2863 5709 Dei
2893 5668 3027 5709 eum
3058 5651 3327 5724 vulgatis.
