  <div class='ocr_page' id='page_1' title='image "/cluster/home/n/w/nwhite01/storage/ocr_20150623/28/hvd.32044052824265/277.png"; bbox 0 0 4068 6172; ppageno 0'>
   <div class='ocr_carea' id='block_1_1' title="bbox 358 348 465 403">
    <p class='ocr_par' dir='ltr' id='par_1_1' title="bbox 358 348 465 403">
     <span class='ocr_line' id='line_1_1' title="bbox 358 348 465 403; baseline -0.009 0"><span class='ocrx_word' id='word_1_1' title='bbox 358 348 465 403; x_wconf 83' lang='grc'>467</span> 
     </span>
    </p>
   </div>
   <div class='ocr_carea' id='block_1_2' title="bbox 1403 347 2769 404">
    <p class='ocr_par' dir='ltr' id='par_1_2' title="bbox 1403 347 2769 404">
     <span class='ocr_line' id='line_1_2' title="bbox 1403 347 2769 404; baseline -0.001 -2"><span class='ocrx_word' id='word_1_2' title='bbox 1403 351 1463 403; x_wconf 85' lang='lat' dir='ltr'><strong>S.</strong></span> <span class='ocrx_word' id='word_1_3' title='bbox 1506 347 1941 403; x_wconf 76' lang='lat' dir='ltr'>HIERONYMII</span> <span class='ocrx_word' id='word_1_4' title='bbox 1978 347 2238 401; x_wconf 79' lang='lat' dir='ltr'><strong>DIXINA</strong></span> <span class='ocrx_word' id='word_1_5' title='bbox 2274 348 2769 404; x_wconf 81' lang='lat' dir='ltr'>BIBLIOTHECA.</span> 
     </span>
    </p>
   </div>
   <div class='ocr_carea' id='block_1_3' title="bbox 3666 347 3770 403">
    <p class='ocr_par' dir='ltr' id='par_1_3' title="bbox 3666 347 3770 403">
     <span class='ocr_line' id='line_1_3' title="bbox 3666 347 3770 403; baseline 0.01 -1"><span class='ocrx_word' id='word_1_6' title='bbox 3666 347 3770 403; x_wconf 74' lang='lat'>468</span> 
     </span>
    </p>
   </div>
   <div class='ocr_carea' id='block_1_4' title="bbox 357 469 3770 545">
    <p class='ocr_par' dir='ltr' id='par_1_4' title="bbox 357 469 3770 545">
     <span class='ocr_line' id='line_1_4' title="bbox 357 469 3770 545; baseline 0 -17"><span class='ocrx_word' id='word_1_7' title='bbox 357 473 507 528; x_wconf 91' lang='lat' dir='ltr'>hanc</span> <span class='ocrx_word' id='word_1_8' title='bbox 530 473 815 545; x_wconf 81' lang='lat' dir='ltr'>optimam</span> <span class='ocrx_word' id='word_1_9' title='bbox 835 473 894 528; x_wconf 89' lang='lat' dir='ltr'>in</span> <span class='ocrx_word' id='word_1_10' title='bbox 914 471 1520 544; x_wconf 86' lang='lat' dir='ltr'>possessionem,cum</span> <span class='ocrx_word' id='word_1_11' title='bbox 1536 470 1866 526; x_wconf 68' lang='lat' dir='ltr'>durissimas</span> <span class='ocrx_word' id='word_1_12' title='bbox 1882 484 2004 525; x_wconf 89' lang='lat' dir='ltr'>cer-</span> <span class='ocrx_word' id='word_1_13' title='bbox 2033 471 2088 536; x_wconf 70' lang='grc' dir='ltr'><strong>Α</strong></span> <span class='ocrx_word' id='word_1_14' title='bbox 2118 485 2216 525; x_wconf 88' lang='lat' dir='ltr'>vos</span> <span class='ocrx_word' id='word_1_15' title='bbox 2246 470 2415 541; x_wconf 63' lang='lat' dir='ltr'>cepi.</span> <span class='ocrx_word' id='word_1_16' title='bbox 2448 469 2533 539; x_wconf 91' lang='lat' dir='ltr'>(C.</span> <span class='ocrx_word' id='word_1_17' title='bbox 2569 470 2708 543; x_wconf 90' lang='lat' dir='ltr'>XL.)</span> <span class='ocrx_word' id='word_1_18' title='bbox 2728 471 2796 526; x_wconf 88' lang='lat' dir='ltr'>Et</span> <span class='ocrx_word' id='word_1_19' title='bbox 2817 470 2981 542; x_wconf 89' lang='lat' dir='ltr'>jacui</span> <span class='ocrx_word' id='word_1_20' title='bbox 3009 482 3206 528; x_wconf 85' lang='lat' dir='ltr'>coram</span> <span class='ocrx_word' id='word_1_21' title='bbox 3236 470 3485 528; x_wconf 87' lang='lat' dir='ltr'>Domino</span> <span class='ocrx_word' id='word_1_22' title='bbox 3510 473 3770 544; x_wconf 88' lang='lat' dir='ltr'>quadra-</span> 
     </span>
    </p>
   </div>
   <div class='ocr_carea' id='block_1_5' title="bbox 365 555 2009 632">
    <p class='ocr_par' dir='ltr' id='par_1_5' title="bbox 365 555 2009 632">
     <span class='ocr_line' id='line_1_5' title="bbox 365 555 2009 632; baseline -0.003 -17"><span class='ocrx_word' id='word_1_23' title='bbox 365 561 509 615; x_wconf 90' lang='lat' dir='ltr'>vicis</span> <span class='ocrx_word' id='word_1_24' title='bbox 540 559 621 616; x_wconf 89' lang='lat' dir='ltr'>sis</span> <span class='ocrx_word' id='word_1_25' title='bbox 652 559 926 632; x_wconf 90' lang='lat' dir='ltr'>populus.</span> <span class='ocrx_word' id='word_1_26' title='bbox 953 561 1035 630; x_wconf 90' lang='lat' dir='ltr'>[C.</span> <span class='ocrx_word' id='word_1_27' title='bbox 1067 559 1287 630; x_wconf 75' lang='lat' dir='ltr'><strong>XXXI.)</strong></span> <span class='ocrx_word' id='word_1_28' title='bbox 1321 560 1638 629; x_wconf 86' lang='lat' dir='ltr'>Memento,</span> <span class='ocrx_word' id='word_1_29' title='bbox 1668 561 1726 614; x_wconf 90' lang='lat' dir='ltr'>et</span> <span class='ocrx_word' id='word_1_30' title='bbox 1758 574 1829 612; x_wconf 89' lang='lat' dir='ltr'>ne</span> <span class='ocrx_word' id='word_1_31' title='bbox 1859 555 2009 612; x_wconf 52' lang='lat' dir='ltr'>oblio</span> 
     </span>
    </p>
   </div>
   <div class='ocr_carea' id='block_1_6' title="bbox 366 645 2012 720">
    <p class='ocr_par' dir='ltr' id='par_1_6' title="bbox 366 645 2012 720">
     <span class='ocr_line' id='line_1_6' title="bbox 366 645 2012 720; baseline -0.002 -18"><span class='ocrx_word' id='word_1_32' title='bbox 366 648 632 719; x_wconf 82' lang='lat' dir='ltr'>visceris,</span> <span class='ocrx_word' id='word_1_33' title='bbox 693 649 986 720; x_wconf 91' lang='lat' dir='ltr'>quomodo</span> <span class='ocrx_word' id='word_1_34' title='bbox 1051 649 1122 703; x_wconf 90' lang='lat' dir='ltr'>ad</span> <span class='ocrx_word' id='word_1_35' title='bbox 1184 649 1547 704; x_wconf 82' lang='lat' dir='ltr'>iracundiam</span> <span class='ocrx_word' id='word_1_36' title='bbox 1607 645 2012 718; x_wconf 87' lang='lat' dir='ltr'>provocaveris</span> 
     </span>
    </p>
   </div>
   <div class='ocr_carea' id='block_1_7' title="bbox 370 735 2012 803">
    <p class='ocr_par' dir='ltr' id='par_1_7' title="bbox 370 735 2012 803">
     <span class='ocr_line' id='line_1_7' title="bbox 370 735 2012 803; baseline -0.004 -9"><span class='ocrx_word' id='word_1_37' title='bbox 370 737 685 794; x_wconf 89' lang='lat' dir='ltr'>Dominum</span> <span class='ocrx_word' id='word_1_38' title='bbox 720 739 899 792; x_wconf 91' lang='lat' dir='ltr'>Deum</span> <span class='ocrx_word' id='word_1_39' title='bbox 924 741 1095 792; x_wconf 91' lang='lat' dir='ltr'>tuum</span> <span class='ocrx_word' id='word_1_40' title='bbox 1117 737 1176 792; x_wconf 91' lang='lat' dir='ltr'>in</span> <span class='ocrx_word' id='word_1_41' title='bbox 1209 737 1544 793; x_wconf 77' lang='lat' dir='ltr'>solitudine.</span> <span class='ocrx_word' id='word_1_42' title='bbox 1570 737 1648 791; x_wconf 88' lang='lat' dir='ltr'><strong>Ex</strong></span> <span class='ocrx_word' id='word_1_43' title='bbox 1669 751 1736 791; x_wconf 91' lang='lat' dir='ltr'>eo</span> <span class='ocrx_word' id='word_1_44' title='bbox 1759 735 1874 800; x_wconf 88' lang='lat' dir='ltr'>die,</span> <span class='ocrx_word' id='word_1_45' title='bbox 1899 749 2012 803; x_wconf 93' lang='lat' dir='ltr'>quo</span> 
     </span>
    </p>
   </div>
   <div class='ocr_carea' id='block_1_8' title="bbox 362 825 2011 898">
    <p class='ocr_par' dir='ltr' id='par_1_8' title="bbox 362 825 2011 898">
     <span class='ocr_line' id='line_1_8' title="bbox 362 825 2011 898; baseline -0.004 -14"><span class='ocrx_word' id='word_1_46' title='bbox 362 845 424 884; x_wconf 89' lang='lat' dir='ltr'>es</span> <span class='ocrx_word' id='word_1_47' title='bbox 452 843 722 896; x_wconf 87' lang='lat' dir='ltr'>egressus</span> <span class='ocrx_word' id='word_1_48' title='bbox 749 843 819 882; x_wconf 87' lang='lat' dir='ltr'>ex</span> <span class='ocrx_word' id='word_1_49' title='bbox 840 827 1081 898; x_wconf 65' lang='lat' dir='ltr'>ngypto</span> <span class='ocrx_word' id='word_1_50' title='bbox 1105 843 1294 898; x_wconf 90' lang='lat' dir='ltr'>usque</span> <span class='ocrx_word' id='word_1_51' title='bbox 1317 827 1386 881; x_wconf 89' lang='lat' dir='ltr'>ad</span> <span class='ocrx_word' id='word_1_52' title='bbox 1409 825 1605 881; x_wconf 91' lang='lat' dir='ltr'>locum</span> <span class='ocrx_word' id='word_1_53' title='bbox 1630 825 1832 892; x_wconf 90' lang='lat' dir='ltr'>istum,</span> <span class='ocrx_word' id='word_1_54' title='bbox 1857 839 2011 878; x_wconf 85' lang='lat' dir='ltr'>sem-</span> 
     </span>
    </p>
   </div>
   <div class='ocr_carea' id='block_1_9' title="bbox 367 911 2009 988">
    <p class='ocr_par' dir='ltr' id='par_1_9' title="bbox 367 911 2009 988">
     <span class='ocr_line' id='line_1_9' title="bbox 367 911 2009 988; baseline -0.003 -17"><span class='ocrx_word' id='word_1_55' title='bbox 367 932 472 988; x_wconf 97' lang='lat' dir='ltr'>per</span> <span class='ocrx_word' id='word_1_56' title='bbox 510 917 820 970; x_wconf 89' lang='lat' dir='ltr'>adversum</span> <span class='ocrx_word' id='word_1_57' title='bbox 873 916 1186 970; x_wconf 90' lang='lat' dir='ltr'>Dominum</span> <span class='ocrx_word' id='word_1_58' title='bbox 1235 914 1609 970; x_wconf 88' lang='lat' dir='ltr'>contendisti.</span> <span class='ocrx_word' id='word_1_59' title='bbox 1642 913 1725 982; x_wconf 95' lang='lat' dir='ltr'>[C.</span> <span class='ocrx_word' id='word_1_60' title='bbox 1759 911 2009 977; x_wconf 74' lang='lat' dir='ltr'><strong>XXXIIJ</strong></span> 
     </span>
    </p>
   </div>
   <div class='ocr_carea' id='block_1_10' title="bbox 367 1000 2016 1074">
    <p class='ocr_par' dir='ltr' id='par_1_10' title="bbox 367 1000 2016 1074">
     <span class='ocr_line' id='line_1_10' title="bbox 367 1000 2016 1074; baseline -0.003 -14"><span class='ocrx_word' id='word_1_61' title='bbox 367 1004 516 1060; x_wconf 87' lang='lat' dir='ltr'>Nam</span> <span class='ocrx_word' id='word_1_62' title='bbox 549 1009 607 1058; x_wconf 89' lang='lat' dir='ltr'>et</span> <span class='ocrx_word' id='word_1_63' title='bbox 635 1003 694 1059; x_wconf 92' lang='lat' dir='ltr'>in</span> <span class='ocrx_word' id='word_1_64' title='bbox 725 1004 916 1059; x_wconf 83' lang='lat' dir='ltr'>Horeb</span> <span class='ocrx_word' id='word_1_65' title='bbox 952 1003 1278 1074; x_wconf 90' lang='lat' dir='ltr'>provocasti</span> <span class='ocrx_word' id='word_1_66' title='bbox 1309 1020 1465 1069; x_wconf 89' lang='lat' dir='ltr'>eum,</span> <span class='ocrx_word' id='word_1_67' title='bbox 1500 1009 1558 1058; x_wconf 90' lang='lat' dir='ltr'>et</span> <span class='ocrx_word' id='word_1_68' title='bbox 1588 1002 1774 1057; x_wconf 89' lang='lat' dir='ltr'>iratus</span> <span class='ocrx_word' id='word_1_69' title='bbox 1823 1000 2016 1056; x_wconf 90' lang='lat' dir='ltr'>delere</span> 
     </span>
    </p>
   </div>
   <div class='ocr_carea' id='block_1_11' title="bbox 364 1090 2015 1163">
    <p class='ocr_par' dir='ltr' id='par_1_11' title="bbox 364 1090 2015 1163">
     <span class='ocr_line' id='line_1_11' title="bbox 364 1090 2015 1163; baseline -0.003 -14"><span class='ocrx_word' id='word_1_70' title='bbox 364 1097 422 1149; x_wconf 91' lang='lat' dir='ltr'>te</span> <span class='ocrx_word' id='word_1_71' title='bbox 450 1093 660 1162; x_wconf 87' lang='lat' dir='ltr'>voluit,</span> <span class='ocrx_word' id='word_1_72' title='bbox 686 1093 923 1163; x_wconf 79' lang='lat' dir='ltr'>quando</span> <span class='ocrx_word' id='word_1_73' title='bbox 945 1092 1182 1147; x_wconf 77' lang='lat' dir='ltr'>escendi</span> <span class='ocrx_word' id='word_1_74' title='bbox 1213 1091 1273 1146; x_wconf 90' lang='lat' dir='ltr'>in</span> <span class='ocrx_word' id='word_1_75' title='bbox 1299 1097 1582 1160; x_wconf 85' lang='lat' dir='ltr'>montem,</span> <span class='ocrx_word' id='word_1_76' title='bbox 1608 1097 1672 1146; x_wconf 92' lang='lat' dir='ltr'>ut</span> <span class='ocrx_word' id='word_1_77' title='bbox 1695 1090 2015 1160; x_wconf 83' lang='lat' dir='ltr'>acciperem</span> 
     </span>
    </p>
   </div>
   <div class='ocr_carea' id='block_1_12' title="bbox 367 1179 2014 1253">
    <p class='ocr_par' dir='ltr' id='par_1_12' title="bbox 367 1179 2014 1253">
     <span class='ocr_line' id='line_1_12' title="bbox 367 1179 2014 1253; baseline -0.002 -16"><span class='ocrx_word' id='word_1_78' title='bbox 367 1181 602 1238; x_wconf 88' lang='lat' dir='ltr'>tabulas</span> <span class='ocrx_word' id='word_1_79' title='bbox 632 1183 916 1253; x_wconf 88' lang='lat' dir='ltr'>lapideas,</span> <span class='ocrx_word' id='word_1_80' title='bbox 941 1181 1174 1236; x_wconf 86' lang='lat' dir='ltr'>tabulas</span> <span class='ocrx_word' id='word_1_81' title='bbox 1207 1183 1356 1253; x_wconf 80' lang='lat' dir='ltr'>pacti</span> <span class='ocrx_word' id='word_1_82' title='bbox 1381 1181 1535 1252; x_wconf 92' lang='lat' dir='ltr'>quod</span> <span class='ocrx_word' id='word_1_83' title='bbox 1571 1179 1792 1251; x_wconf 84' lang='lat' dir='ltr'>pepigit</span> <span class='ocrx_word' id='word_1_84' title='bbox 1823 1179 2014 1234; x_wconf 87' lang='lat' dir='ltr'>vobis-</span> 
     </span>
    </p>
   </div>
   <div class='ocr_carea' id='block_1_13' title="bbox 363 1268 2016 1342">
    <p class='ocr_par' dir='ltr' id='par_1_13' title="bbox 363 1268 2016 1342">
     <span class='ocr_line' id='line_1_13' title="bbox 363 1268 2016 1342; baseline -0.004 -15"><span class='ocrx_word' id='word_1_85' title='bbox 363 1287 498 1327; x_wconf 86' lang='lat' dir='ltr'>cum</span> <span class='ocrx_word' id='word_1_86' title='bbox 528 1271 831 1337; x_wconf 86' lang='lat' dir='ltr'>Dominus,</span> <span class='ocrx_word' id='word_1_87' title='bbox 850 1275 908 1326; x_wconf 89' lang='lat' dir='ltr'>et</span> <span class='ocrx_word' id='word_1_88' title='bbox 929 1270 1289 1342; x_wconf 79' lang='lat' dir='ltr'>perseveravi</span> <span class='ocrx_word' id='word_1_89' title='bbox 1313 1270 1391 1341; x_wconf 90' lang='lat' dir='ltr'>[h.</span> <span class='ocrx_word' id='word_1_90' title='bbox 1414 1268 1556 1339; x_wconf 84' lang='lat' dir='ltr'>sedi]</span> <span class='ocrx_word' id='word_1_91' title='bbox 1583 1270 1637 1322; x_wconf 91' lang='lat' dir='ltr'>in</span> <span class='ocrx_word' id='word_1_92' title='bbox 1659 1271 1854 1323; x_wconf 90' lang='lat' dir='ltr'>monte</span> <span class='ocrx_word' id='word_1_93' title='bbox 1879 1283 2016 1338; x_wconf 90' lang='lat' dir='ltr'>qua-</span> 
     </span>
    </p>
   </div>
   <div class='ocr_carea' id='block_1_14' title="bbox 368 1357 2018 1431">
    <p class='ocr_par' dir='ltr' id='par_1_14' title="bbox 368 1357 2018 1431">
     <span class='ocr_line' id='line_1_14' title="bbox 368 1357 2018 1431; baseline -0.003 -16"><span class='ocrx_word' id='word_1_94' title='bbox 368 1358 640 1431; x_wconf 88' lang='lat' dir='ltr'>draginta</span> <span class='ocrx_word' id='word_1_95' title='bbox 655 1359 864 1414; x_wconf 90' lang='lat' dir='ltr'>diebus</span> <span class='ocrx_word' id='word_1_96' title='bbox 877 1376 943 1416; x_wconf 93' lang='lat' dir='ltr'>ac</span> <span class='ocrx_word' id='word_1_97' title='bbox 960 1359 1465 1429; x_wconf 90' lang='lat' dir='ltr'>noctibus,panem</span> <span class='ocrx_word' id='word_1_98' title='bbox 1493 1375 1607 1413; x_wconf 88' lang='lat' dir='ltr'>non</span> <span class='ocrx_word' id='word_1_99' title='bbox 1620 1357 2018 1423; x_wconf 83' lang='lat' dir='ltr'>comedens,et</span> 
     </span>
    </p>
   </div>
   <div class='ocr_carea' id='block_1_15' title="bbox 364 1447 2017 1521">
    <p class='ocr_par' dir='ltr' id='par_1_15' title="bbox 364 1447 2017 1521">
     <span class='ocr_line' id='line_1_15' title="bbox 364 1447 2017 1521; baseline -0.004 -16"><span class='ocrx_word' id='word_1_100' title='bbox 364 1465 579 1521; x_wconf 90' lang='lat' dir='ltr'>aquam</span> <span class='ocrx_word' id='word_1_101' title='bbox 596 1465 712 1504; x_wconf 90' lang='lat' dir='ltr'>non</span> <span class='ocrx_word' id='word_1_102' title='bbox 733 1448 1259 1520; x_wconf 88' lang='lat' dir='ltr'>bibens.Deditque</span> <span class='ocrx_word' id='word_1_103' title='bbox 1282 1447 1428 1502; x_wconf 90' lang='lat' dir='ltr'>mihi</span> <span class='ocrx_word' id='word_1_104' title='bbox 1458 1447 1738 1502; x_wconf 85' lang='lat' dir='ltr'>Dominus</span> <span class='ocrx_word' id='word_1_105' title='bbox 1761 1447 1908 1500; x_wconf 91' lang='lat' dir='ltr'>duas</span> <span class='ocrx_word' id='word_1_106' title='bbox 1929 1449 2017 1500; x_wconf 87' lang='lat' dir='ltr'>ta—</span> 
     </span>
    </p>
   </div>
   <div class='ocr_carea' id='block_1_16' title="bbox 375 1534 2018 1609">
    <p class='ocr_par' dir='ltr' id='par_1_16' title="bbox 375 1534 2018 1609">
     <span class='ocr_line' id='line_1_16' title="bbox 375 1534 2018 1609; baseline -0.003 -16"><span class='ocrx_word' id='word_1_107' title='bbox 375 1537 829 1609; x_wconf 88' lang='lat' dir='ltr'>buluslapideas</span> <span class='ocrx_word' id='word_1_108' title='bbox 848 1537 1097 1608; x_wconf 84' lang='lat' dir='ltr'>scriptas</span> <span class='ocrx_word' id='word_1_109' title='bbox 1115 1536 1296 1609; x_wconf 77' lang='lat' dir='ltr'>digito</span> <span class='ocrx_word' id='word_1_110' title='bbox 1318 1537 1442 1605; x_wconf 88' lang='lat' dir='ltr'>Dei,</span> <span class='ocrx_word' id='word_1_111' title='bbox 1457 1534 1886 1591; x_wconf 88' lang='lat' dir='ltr'>etcontinentes</span> <span class='ocrx_word' id='word_1_112' title='bbox 1901 1549 2018 1590; x_wconf 91' lang='lat' dir='ltr'>om-</span> 
     </span>
    </p>
   </div>
   <div class='ocr_carea' id='block_1_17' title="bbox 376 1623 2016 1698">
    <p class='ocr_par' dir='ltr' id='par_1_17' title="bbox 376 1623 2016 1698">
     <span class='ocr_line' id='line_1_17' title="bbox 376 1623 2016 1698; baseline -0.004 -14"><span class='ocrx_word' id='word_1_113' title='bbox 376 1628 473 1684; x_wconf 90' lang='lat' dir='ltr'>nia</span> <span class='ocrx_word' id='word_1_114' title='bbox 503 1627 699 1695; x_wconf 87' lang='lat' dir='ltr'>verba,</span> <span class='ocrx_word' id='word_1_115' title='bbox 720 1643 850 1698; x_wconf 67' lang='lat' dir='ltr'>quae</span> <span class='ocrx_word' id='word_1_116' title='bbox 882 1626 1046 1682; x_wconf 84' lang='lat' dir='ltr'>vobis</span> <span class='ocrx_word' id='word_1_117' title='bbox 1071 1627 1127 1681; x_wconf 93' lang='lat' dir='ltr'>in</span> <span class='ocrx_word' id='word_1_118' title='bbox 1153 1631 1348 1682; x_wconf 90' lang='lat' dir='ltr'>monte</span> <span class='ocrx_word' id='word_1_119' title='bbox 1374 1624 1605 1681; x_wconf 89' lang='lat' dir='ltr'>locutus</span> <span class='ocrx_word' id='word_1_120' title='bbox 1627 1629 1717 1680; x_wconf 92' lang='lat' dir='ltr'>est</span> <span class='ocrx_word' id='word_1_121' title='bbox 1732 1625 1802 1679; x_wconf 92' lang='lat' dir='ltr'>de</span> <span class='ocrx_word' id='word_1_122' title='bbox 1823 1623 2016 1679; x_wconf 89' lang='lat' dir='ltr'>medio</span> 
     </span>
    </p>
   </div>
   <div class='ocr_carea' id='block_1_18' title="bbox 369 1711 2011 1788">
    <p class='ocr_par' dir='ltr' id='par_1_18' title="bbox 369 1711 2011 1788">
     <span class='ocr_line' id='line_1_18' title="bbox 369 1711 2011 1788; baseline -0.004 -17"><span class='ocrx_word' id='word_1_123' title='bbox 369 1716 541 1786; x_wconf 86' lang='lat' dir='ltr'>ignis,</span> <span class='ocrx_word' id='word_1_124' title='bbox 583 1716 819 1788; x_wconf 81' lang='lat' dir='ltr'>quando</span> <span class='ocrx_word' id='word_1_125' title='bbox 872 1714 1073 1771; x_wconf 90' lang='lat' dir='ltr'>concio</span> <span class='ocrx_word' id='word_1_126' title='bbox 1128 1714 1328 1787; x_wconf 89' lang='lat' dir='ltr'>populi</span> <span class='ocrx_word' id='word_1_127' title='bbox 1378 1718 1728 1786; x_wconf 88' lang='lat' dir='ltr'>congregata</span> <span class='ocrx_word' id='word_1_128' title='bbox 1788 1715 1894 1767; x_wconf 89' lang='lat' dir='ltr'>est.</span> <span class='ocrx_word' id='word_1_129' title='bbox 1928 1711 2011 1782; x_wconf 86' lang='grc' dir='ltr'>[Β.</span> 
     </span>
    </p>
   </div>
   <div class='ocr_carea' id='block_1_19' title="bbox 362 1801 2092 1890">
    <p class='ocr_par' dir='ltr' id='par_1_19' title="bbox 362 1801 2092 1890">
     <span class='ocr_line' id='line_1_19' title="bbox 362 1801 2092 1890; baseline -0.004 -30"><span class='ocrx_word' id='word_1_130' title='bbox 362 1805 922 1879; x_wconf 88' lang='lat' dir='ltr'><strong>XXXVII.]Cumque</strong></span> <span class='ocrx_word' id='word_1_131' title='bbox 935 1804 1291 1859; x_wconf 80' lang='lat' dir='ltr'>transissent</span> <span class='ocrx_word' id='word_1_132' title='bbox 1303 1803 1693 1875; x_wconf 86' lang='lat' dir='ltr'>quadraginta</span> <span class='ocrx_word' id='word_1_133' title='bbox 1707 1801 1914 1890; x_wconf 82' lang='lat' dir='ltr'>dies,et</span> <span class='ocrx_word' id='word_1_134' title='bbox 1930 1804 2014 1890; x_wconf 87' lang='lat' dir='ltr'>to-</span> <span class='ocrx_word' id='word_1_135' title='bbox 2045 1826 2092 1890; x_wconf 79' lang='grc' dir='ltr'><strong>Β</strong></span> 
     </span>
    </p>
   </div>
   <div class='ocr_carea' id='block_1_20' title="bbox 367 1887 2007 1965">
    <p class='ocr_par' dir='ltr' id='par_1_20' title="bbox 367 1887 2007 1965">
     <span class='ocr_line' id='line_1_20' title="bbox 367 1887 2007 1965; baseline -0.005 -15"><span class='ocrx_word' id='word_1_136' title='bbox 367 1895 545 1951; x_wconf 91' lang='lat' dir='ltr'>tidem</span> <span class='ocrx_word' id='word_1_137' title='bbox 564 1892 1416 1965; x_wconf 89' lang='lat' dir='ltr'>noctes,deditmihiDominus</span> <span class='ocrx_word' id='word_1_138' title='bbox 1439 1894 1585 1947; x_wconf 91' lang='lat' dir='ltr'>duas</span> <span class='ocrx_word' id='word_1_139' title='bbox 1607 1890 1842 1946; x_wconf 89' lang='lat' dir='ltr'>tabulas</span> <span class='ocrx_word' id='word_1_140' title='bbox 1858 1887 2007 1959; x_wconf 24' lang='lat' dir='ltr'>lapit-</span> 
     </span>
    </p>
   </div>
   <div class='ocr_carea' id='block_1_21' title="bbox 372 1976 2010 2054">
    <p class='ocr_par' dir='ltr' id='par_1_21' title="bbox 372 1976 2010 2054">
     <span class='ocr_line' id='line_1_21' title="bbox 372 1976 2010 2054; baseline -0.005 -15"><span class='ocrx_word' id='word_1_141' title='bbox 372 1982 788 2054; x_wconf 89' lang='lat' dir='ltr'>deas,tabulas</span> <span class='ocrx_word' id='word_1_142' title='bbox 818 1981 1072 2037; x_wconf 75' lang='lat' dir='ltr'>fmderis.</span> <span class='ocrx_word' id='word_1_143' title='bbox 1099 1981 1182 2050; x_wconf 93' lang='lat' dir='ltr'>[C.</span> <span class='ocrx_word' id='word_1_144' title='bbox 1215 1980 1500 2051; x_wconf 86' lang='lat' dir='ltr'><strong>XXXIII.]</strong></span> <span class='ocrx_word' id='word_1_145' title='bbox 1524 1979 1790 2049; x_wconf 75' lang='lat' dir='ltr'>Dixitque</span> <span class='ocrx_word' id='word_1_146' title='bbox 1821 1976 1966 2032; x_wconf 91' lang='lat' dir='ltr'>mihi</span> <span class='ocrx_word' id='word_1_147' title='bbox 1993 1994 2010 2029; x_wconf 89' lang='lat'><strong><em>:</em></strong></span> 
     </span>
    </p>
   </div>
   <div class='ocr_carea' id='block_1_22' title="bbox 360 2068 2010 2144">
    <p class='ocr_par' dir='ltr' id='par_1_22' title="bbox 360 2068 2010 2144">
     <span class='ocr_line' id='line_1_22' title="bbox 360 2068 2010 2144; baseline -0.005 -16"><span class='ocrx_word' id='word_1_148' title='bbox 360 2077 627 2144; x_wconf 89' lang='lat' dir='ltr'>Surge,et</span> <span class='ocrx_word' id='word_1_149' title='bbox 649 2072 934 2126; x_wconf 88' lang='lat' dir='ltr'>descende</span> <span class='ocrx_word' id='word_1_150' title='bbox 954 2070 1090 2126; x_wconf 90' lang='lat' dir='ltr'>hinc</span> <span class='ocrx_word' id='word_1_151' title='bbox 1108 2070 1388 2141; x_wconf 86' lang='lat' dir='ltr'>cito,quia</span> <span class='ocrx_word' id='word_1_152' title='bbox 1402 2068 1657 2141; x_wconf 86' lang='lat' dir='ltr'>populus</span> <span class='ocrx_word' id='word_1_153' title='bbox 1671 2073 2010 2138; x_wconf 89' lang='lat' dir='ltr'>tuus,quem</span> 
     </span>
    </p>
   </div>
   <div class='ocr_carea' id='block_1_23' title="bbox 365 2155 2013 2231">
    <p class='ocr_par' dir='ltr' id='par_1_23' title="bbox 365 2155 2013 2231">
     <span class='ocr_line' id='line_1_23' title="bbox 365 2155 2013 2231; baseline -0.005 -13"><span class='ocrx_word' id='word_1_154' title='bbox 365 2160 618 2218; x_wconf 88' lang='lat' dir='ltr'>eduxisti</span> <span class='ocrx_word' id='word_1_155' title='bbox 632 2161 702 2215; x_wconf 91' lang='lat' dir='ltr'>de</span> <span class='ocrx_word' id='word_1_156' title='bbox 715 2157 1656 2231; x_wconf 64' lang='lat' dir='ltr'>Egypto,deserueruntvelociter</span> <span class='ocrx_word' id='word_1_157' title='bbox 1668 2155 1820 2212; x_wconf 89' lang='lat' dir='ltr'>viam</span> <span class='ocrx_word' id='word_1_158' title='bbox 1834 2170 2013 2226; x_wconf 89' lang='lat' dir='ltr'>quam</span> 
     </span>
    </p>
   </div>
   <div class='ocr_carea' id='block_1_24' title="bbox 368 2245 2017 2319">
    <p class='ocr_par' dir='ltr' id='par_1_24' title="bbox 368 2245 2017 2319">
     <span class='ocr_line' id='line_1_24' title="bbox 368 2245 2017 2319; baseline -0.005 -14"><span class='ocrx_word' id='word_1_159' title='bbox 368 2249 784 2305; x_wconf 82' lang='lat' dir='ltr'>demonstrasti</span> <span class='ocrx_word' id='word_1_160' title='bbox 801 2249 877 2316; x_wconf 90' lang='lat' dir='ltr'>[h.</span> <span class='ocrx_word' id='word_1_161' title='bbox 905 2264 1080 2318; x_wconf 89' lang='lat' dir='ltr'>quam</span> <span class='ocrx_word' id='word_1_162' title='bbox 1101 2246 1449 2319; x_wconf 72' lang='lat' dir='ltr'>praecepisti]</span> <span class='ocrx_word' id='word_1_163' title='bbox 1467 2245 1550 2301; x_wconf 82' lang='lat' dir='ltr'>eis</span> <span class='ocrx_word' id='word_1_164' title='bbox 1575 2248 1614 2312; x_wconf 85' lang='grc' dir='ltr'>ί,</span> <span class='ocrx_word' id='word_1_165' title='bbox 1639 2245 2017 2314; x_wconf 88' lang='lat' dir='ltr'>feceruntque</span> 
     </span>
    </p>
   </div>
   <div class='ocr_carea' id='block_1_25' title="bbox 365 2332 2017 2408">
    <p class='ocr_par' dir='ltr' id='par_1_25' title="bbox 365 2332 2017 2408">
     <span class='ocr_line' id='line_1_25' title="bbox 365 2332 2017 2408; baseline -0.005 -14"><span class='ocrx_word' id='word_1_166' title='bbox 365 2339 478 2394; x_wconf 89' lang='lat' dir='ltr'>sibi</span> <span class='ocrx_word' id='word_1_167' title='bbox 498 2335 810 2393; x_wconf 87' lang='lat' dir='ltr'>conﬂatile.</span> <span class='ocrx_word' id='word_1_168' title='bbox 828 2337 1203 2408; x_wconf 85' lang='lat' dir='ltr'>Rursumque</span> <span class='ocrx_word' id='word_1_169' title='bbox 1218 2335 1594 2390; x_wconf 87' lang='lat' dir='ltr'>aitDominus</span> <span class='ocrx_word' id='word_1_170' title='bbox 1611 2335 1676 2389; x_wconf 87' lang='lat' dir='ltr'>ad</span> <span class='ocrx_word' id='word_1_171' title='bbox 1697 2349 1785 2388; x_wconf 91' lang='lat' dir='ltr'>me</span> <span class='ocrx_word' id='word_1_172' title='bbox 1803 2351 1815 2388; x_wconf 87' lang='lat'><strong>:</strong></span> <span class='ocrx_word' id='word_1_173' title='bbox 1832 2332 2017 2387; x_wconf 86' lang='lat' dir='ltr'>Cerno</span> 
     </span>
    </p>
   </div>
   <div class='ocr_carea' id='block_1_26' title="bbox 371 2421 2021 2500">
    <p class='ocr_par' dir='ltr' id='par_1_26' title="bbox 371 2421 2021 2500">
     <span class='ocr_line' id='line_1_26' title="bbox 371 2421 2021 2500; baseline -0.005 -17"><span class='ocrx_word' id='word_1_174' title='bbox 371 2427 529 2500; x_wconf 91' lang='lat' dir='ltr'>quod</span> <span class='ocrx_word' id='word_1_175' title='bbox 564 2424 816 2498; x_wconf 89' lang='lat' dir='ltr'>populus</span> <span class='ocrx_word' id='word_1_176' title='bbox 843 2426 952 2480; x_wconf 88' lang='lat' dir='ltr'>iste</span> <span class='ocrx_word' id='word_1_177' title='bbox 982 2425 1140 2479; x_wconf 65' lang='lat' dir='ltr'>durae</span> <span class='ocrx_word' id='word_1_178' title='bbox 1167 2425 1407 2480; x_wconf 88' lang='lat' dir='ltr'>cervicis</span> <span class='ocrx_word' id='word_1_179' title='bbox 1441 2424 1519 2479; x_wconf 89' lang='lat' dir='ltr'>sit</span> <span class='ocrx_word' id='word_1_180' title='bbox 1547 2439 1559 2478; x_wconf 92' lang='lat'>:</span> <span class='ocrx_word' id='word_1_181' title='bbox 1586 2421 1813 2477; x_wconf 85' lang='lat' dir='ltr'>dimitte</span> <span class='ocrx_word' id='word_1_182' title='bbox 1840 2436 1931 2475; x_wconf 91' lang='lat' dir='ltr'>me</span> <span class='ocrx_word' id='word_1_183' title='bbox 1959 2423 2021 2475; x_wconf 92' lang='lat' dir='ltr'>ut</span> 
     </span>
    </p>
   </div>
   <div class='ocr_carea' id='block_1_27' title="bbox 375 2509 2020 2582">
    <p class='ocr_par' dir='ltr' id='par_1_27' title="bbox 375 2509 2020 2582">
     <span class='ocr_line' id='line_1_27' title="bbox 375 2509 2020 2582; baseline -0.005 -10"><span class='ocrx_word' id='word_1_184' title='bbox 375 2525 676 2572; x_wconf 84' lang='lat' dir='ltr'>conteram</span> <span class='ocrx_word' id='word_1_185' title='bbox 709 2530 866 2580; x_wconf 90' lang='lat' dir='ltr'>eum,</span> <span class='ocrx_word' id='word_1_186' title='bbox 892 2518 948 2568; x_wconf 89' lang='lat' dir='ltr'>et</span> <span class='ocrx_word' id='word_1_187' title='bbox 978 2513 1200 2569; x_wconf 84' lang='lat' dir='ltr'>deleam</span> <span class='ocrx_word' id='word_1_188' title='bbox 1229 2529 1439 2568; x_wconf 90' lang='lat' dir='ltr'>nomen</span> <span class='ocrx_word' id='word_1_189' title='bbox 1472 2513 1600 2582; x_wconf 88' lang='lat' dir='ltr'>ejus</span> <span class='ocrx_word' id='word_1_190' title='bbox 1632 2513 1702 2566; x_wconf 89' lang='lat' dir='ltr'>de</span> <span class='ocrx_word' id='word_1_191' title='bbox 1723 2511 1833 2566; x_wconf 90' lang='lat' dir='ltr'>sub</span> <span class='ocrx_word' id='word_1_192' title='bbox 1854 2509 2020 2574; x_wconf 64' lang='lat' dir='ltr'>caelo,</span> 
     </span>
    </p>
   </div>
   <div class='ocr_carea' id='block_1_28' title="bbox 380 2597 2022 2674">
    <p class='ocr_par' dir='ltr' id='par_1_28' title="bbox 380 2597 2022 2674">
     <span class='ocr_line' id='line_1_28' title="bbox 380 2597 2022 2674; baseline -0.007 -12"><span class='ocrx_word' id='word_1_193' title='bbox 380 2609 439 2662; x_wconf 91' lang='lat' dir='ltr'>et</span> <span class='ocrx_word' id='word_1_194' title='bbox 469 2603 826 2660; x_wconf 84' lang='lat' dir='ltr'>constituam</span> <span class='ocrx_word' id='word_1_195' title='bbox 858 2608 913 2657; x_wconf 92' lang='lat' dir='ltr'>te</span> <span class='ocrx_word' id='word_1_196' title='bbox 946 2619 1124 2674; x_wconf 88' lang='lat' dir='ltr'>super</span> <span class='ocrx_word' id='word_1_197' title='bbox 1154 2606 1386 2674; x_wconf 83' lang='lat' dir='ltr'>gentem</span> <span class='ocrx_word' id='word_1_198' title='bbox 1419 2600 1498 2672; x_wconf 87' lang='lat' dir='ltr'>[h.</span> <span class='ocrx_word' id='word_1_199' title='bbox 1533 2601 1604 2655; x_wconf 88' lang='lat' dir='ltr'>Et</span> <span class='ocrx_word' id='word_1_200' title='bbox 1633 2599 1844 2654; x_wconf 89' lang='lat' dir='ltr'>faciam</span> <span class='ocrx_word' id='word_1_201' title='bbox 1877 2603 1934 2652; x_wconf 92' lang='lat' dir='ltr'>te</span> <span class='ocrx_word' id='word_1_202' title='bbox 1963 2597 2022 2651; x_wconf 90' lang='lat' dir='ltr'>in</span> 
     </span>
    </p>
   </div>
   <div class='ocr_carea' id='block_1_29' title="bbox 378 2685 2021 2765">
    <p class='ocr_par' dir='ltr' id='par_1_29' title="bbox 378 2685 2021 2765">
     <span class='ocr_line' id='line_1_29' title="bbox 378 2685 2021 2765; baseline -0.007 -16"><span class='ocrx_word' id='word_1_203' title='bbox 378 2692 658 2765; x_wconf 86' lang='lat' dir='ltr'>gentem],</span> <span class='ocrx_word' id='word_1_204' title='bbox 678 2708 808 2764; x_wconf 64' lang='lat' dir='ltr'>quas</span> <span class='ocrx_word' id='word_1_205' title='bbox 839 2691 948 2746; x_wconf 91' lang='lat' dir='ltr'>hac</span> <span class='ocrx_word' id='word_1_206' title='bbox 983 2691 1170 2761; x_wconf 87' lang='lat' dir='ltr'>major</span> <span class='ocrx_word' id='word_1_207' title='bbox 1201 2694 1258 2745; x_wconf 91' lang='lat' dir='ltr'>et</span> <span class='ocrx_word' id='word_1_208' title='bbox 1288 2689 1492 2745; x_wconf 82' lang='lat' dir='ltr'>fortior</span> <span class='ocrx_word' id='word_1_209' title='bbox 1521 2689 1598 2745; x_wconf 85' lang='lat' dir='ltr'>sit</span> <span class='ocrx_word' id='word_1_210' title='bbox 1627 2688 1716 2760; x_wconf 91' lang='lat' dir='ltr'>[C.</span> <span class='ocrx_word' id='word_1_211' title='bbox 1746 2685 2021 2752; x_wconf 68' lang='lat' dir='ltr'><strong>XXXIVJ</strong></span> 
     </span>
    </p>
   </div>
   <div class='ocr_carea' id='block_1_30' title="bbox 375 2776 2025 2853">
    <p class='ocr_par' dir='ltr' id='par_1_30' title="bbox 375 2776 2025 2853">
     <span class='ocr_line' id='line_1_30' title="bbox 375 2776 2025 2853; baseline -0.006 -15"><span class='ocrx_word' id='word_1_212' title='bbox 375 2783 641 2853; x_wconf 90' lang='lat' dir='ltr'>Cumque</span> <span class='ocrx_word' id='word_1_213' title='bbox 672 2781 744 2836; x_wconf 90' lang='lat' dir='ltr'>de</span> <span class='ocrx_word' id='word_1_214' title='bbox 775 2785 971 2836; x_wconf 91' lang='lat' dir='ltr'>monte</span> <span class='ocrx_word' id='word_1_215' title='bbox 1009 2780 1251 2835; x_wconf 90' lang='lat' dir='ltr'>ardente</span> <span class='ocrx_word' id='word_1_216' title='bbox 1298 2777 1738 2844; x_wconf 87' lang='lat' dir='ltr'>descenderem,</span> <span class='ocrx_word' id='word_1_217' title='bbox 1771 2781 1828 2832; x_wconf 90' lang='lat' dir='ltr'>et</span> <span class='ocrx_word' id='word_1_218' title='bbox 1876 2776 2025 2830; x_wconf 89' lang='lat' dir='ltr'>duas</span> 
     </span>
    </p>
   </div>
   <div class='ocr_carea' id='block_1_31' title="bbox 373 2864 2027 2940">
    <p class='ocr_par' dir='ltr' id='par_1_31' title="bbox 373 2864 2027 2940">
     <span class='ocr_line' id='line_1_31' title="bbox 373 2864 2027 2940; baseline -0.007 -12"><span class='ocrx_word' id='word_1_219' title='bbox 373 2871 608 2928; x_wconf 86' lang='lat' dir='ltr'>tabulas</span> <span class='ocrx_word' id='word_1_220' title='bbox 624 2870 858 2925; x_wconf 75' lang='lat' dir='ltr'>fcederis</span> <span class='ocrx_word' id='word_1_221' title='bbox 877 2873 1395 2940; x_wconf 89' lang='lat' dir='ltr'>utraquetenerem</span> <span class='ocrx_word' id='word_1_222' title='bbox 1413 2884 1614 2934; x_wconf 90' lang='lat' dir='ltr'>manu,</span> <span class='ocrx_word' id='word_1_223' title='bbox 1628 2864 2027 2934; x_wconf 88' lang='lat' dir='ltr'>vidissemquc</span> 
     </span>
    </p>
   </div>
   <div class='ocr_carea' id='block_1_32' title="bbox 374 2950 2025 3034">
    <p class='ocr_par' dir='ltr' id='par_1_32' title="bbox 374 2950 2025 3034">
     <span class='ocr_line' id='line_1_32' title="bbox 374 2950 2025 3034; baseline -0.007 -16"><span class='ocrx_word' id='word_1_224' title='bbox 374 2979 475 3018; x_wconf 89' lang='lat' dir='ltr'>vos</span> <span class='ocrx_word' id='word_1_225' title='bbox 507 2976 778 3034; x_wconf 86' lang='lat' dir='ltr'>peccasse</span> <span class='ocrx_word' id='word_1_226' title='bbox 806 2959 1054 3016; x_wconf 92' lang='lat' dir='ltr'>Domino</span> <span class='ocrx_word' id='word_1_227' title='bbox 1077 2963 1189 3014; x_wconf 89' lang='lat' dir='ltr'>Deo</span> <span class='ocrx_word' id='word_1_228' title='bbox 1214 2962 1425 3025; x_wconf 89' lang='lat' dir='ltr'>vestro,</span> <span class='ocrx_word' id='word_1_229' title='bbox 1444 2962 1501 3012; x_wconf 88' lang='lat' dir='ltr'>et</span> <span class='ocrx_word' id='word_1_230' title='bbox 1523 2955 1726 3012; x_wconf 89' lang='lat' dir='ltr'>fecisse</span> <span class='ocrx_word' id='word_1_231' title='bbox 1753 2954 1917 3009; x_wconf 85' lang='lat' dir='ltr'>vobis</span> <span class='ocrx_word' id='word_1_232' title='bbox 1940 2950 2025 3006; x_wconf 90' lang='lat' dir='ltr'>vi-</span> 
     </span>
    </p>
   </div>
   <div class='ocr_carea' id='block_1_33' title="bbox 373 3048 2024 3122">
    <p class='ocr_par' dir='ltr' id='par_1_33' title="bbox 373 3048 2024 3122">
     <span class='ocr_line' id='line_1_33' title="bbox 373 3048 2024 3122; baseline -0.007 -12"><span class='ocrx_word' id='word_1_233' title='bbox 373 3055 564 3110; x_wconf 91' lang='lat' dir='ltr'>tulum</span> <span class='ocrx_word' id='word_1_234' title='bbox 585 3052 1037 3122; x_wconf 82' lang='lat' dir='ltr'>conflatilem,ac</span> <span class='ocrx_word' id='word_1_235' title='bbox 1059 3051 1388 3108; x_wconf 84' lang='lat' dir='ltr'>deseruisse</span> <span class='ocrx_word' id='word_1_236' title='bbox 1407 3049 1678 3106; x_wconf 88' lang='lat' dir='ltr'>velociter</span> <span class='ocrx_word' id='word_1_237' title='bbox 1698 3050 1846 3104; x_wconf 84' lang='lat' dir='ltr'>viam</span> <span class='ocrx_word' id='word_1_238' title='bbox 1872 3048 2024 3118; x_wconf 87' lang='lat' dir='ltr'>ejus,</span> 
     </span>
    </p>
   </div>
   <div class='ocr_carea' id='block_1_34' title="bbox 371 3136 2024 3216">
    <p class='ocr_par' dir='ltr' id='par_1_34' title="bbox 371 3136 2024 3216">
     <span class='ocr_line' id='line_1_34' title="bbox 371 3136 2024 3216; baseline -0.007 -17"><span class='ocrx_word' id='word_1_239' title='bbox 371 3159 550 3216; x_wconf 87' lang='lat' dir='ltr'>quam</span> <span class='ocrx_word' id='word_1_240' title='bbox 571 3141 734 3198; x_wconf 89' lang='lat' dir='ltr'>vobis</span> <span class='ocrx_word' id='word_1_241' title='bbox 757 3142 1093 3197; x_wconf 88' lang='lat' dir='ltr'>ostenderat</span> <span class='ocrx_word' id='word_1_242' title='bbox 1116 3139 1596 3212; x_wconf 63' lang='lat' dir='ltr'>[h.presceperat]:</span> <span class='ocrx_word' id='word_1_243' title='bbox 1622 3137 1830 3210; x_wconf 86' lang='lat' dir='ltr'>projeci</span> <span class='ocrx_word' id='word_1_244' title='bbox 1853 3136 2024 3190; x_wconf 87' lang='lat' dir='ltr'>tabu-</span> 
     </span>
    </p>
   </div>
   <div class='ocr_carea' id='block_1_35' title="bbox 373 3228 2021 3298">
    <p class='ocr_par' dir='ltr' id='par_1_35' title="bbox 373 3228 2021 3298">
     <span class='ocr_line' id='line_1_35' title="bbox 373 3228 2021 3298; baseline -0.006 -11"><span class='ocrx_word' id='word_1_245' title='bbox 373 3231 467 3287; x_wconf 86' lang='lat' dir='ltr'>las</span> <span class='ocrx_word' id='word_1_246' title='bbox 493 3233 564 3286; x_wconf 91' lang='lat' dir='ltr'>de</span> <span class='ocrx_word' id='word_1_247' title='bbox 588 3230 860 3284; x_wconf 87' lang='lat' dir='ltr'>manibus</span> <span class='ocrx_word' id='word_1_248' title='bbox 885 3230 1054 3294; x_wconf 91' lang='lat' dir='ltr'>meis,</span> <span class='ocrx_word' id='word_1_249' title='bbox 1107 3228 1480 3298; x_wconf 84' lang='lat' dir='ltr'>confregique</span> <span class='ocrx_word' id='word_1_250' title='bbox 1503 3244 1602 3282; x_wconf 90' lang='lat' dir='ltr'>eas</span> <span class='ocrx_word' id='word_1_251' title='bbox 1623 3228 1682 3281; x_wconf 93' lang='lat' dir='ltr'>in</span> <span class='ocrx_word' id='word_1_252' title='bbox 1705 3229 2021 3294; x_wconf 89' lang='lat' dir='ltr'>conspectu</span> 
     </span>
    </p>
   </div>
   <div class='ocr_carea' id='block_1_36' title="bbox 373 3311 2030 3387">
    <p class='ocr_par' dir='ltr' id='par_1_36' title="bbox 373 3311 2030 3387">
     <span class='ocr_line' id='line_1_36' title="bbox 373 3311 2030 3387; baseline -0.004 -14"><span class='ocrx_word' id='word_1_253' title='bbox 373 3325 570 3374; x_wconf 88' lang='lat' dir='ltr'>vestro</span> <span class='ocrx_word' id='word_1_254' title='bbox 632 3319 715 3387; x_wconf 91' lang='lat' dir='ltr'>[h.</span> <span class='ocrx_word' id='word_1_255' title='bbox 763 3323 898 3373; x_wconf 88' lang='lat' dir='ltr'>ante</span> <span class='ocrx_word' id='word_1_256' title='bbox 945 3316 1146 3372; x_wconf 92' lang='lat' dir='ltr'>oculos</span> <span class='ocrx_word' id='word_1_257' title='bbox 1198 3315 1469 3386; x_wconf 90' lang='lat' dir='ltr'>vestros].</span> <span class='ocrx_word' id='word_1_258' title='bbox 1503 3315 1589 3386; x_wconf 91' lang='grc' dir='ltr'>[Β.</span> <span class='ocrx_word' id='word_1_259' title='bbox 1622 3313 1935 3382; x_wconf 83' lang='lat' dir='ltr'>XXXVIII,</span> <span class='ocrx_word' id='word_1_260' title='bbox 1964 3311 2030 3366; x_wconf 95' lang='lat' dir='ltr'>C.</span> 
     </span>
    </p>
   </div>
   <div class='ocr_carea' id='block_1_37' title="bbox 376 3401 2032 3477">
    <p class='ocr_par' dir='ltr' id='par_1_37' title="bbox 376 3401 2032 3477">
     <span class='ocr_line' id='line_1_37' title="bbox 376 3401 2032 3477; baseline -0.002 -15"><span class='ocrx_word' id='word_1_261' title='bbox 376 3407 641 3477; x_wconf 89' lang='lat' dir='ltr'><strong>XXXV.]</strong></span> <span class='ocrx_word' id='word_1_262' title='bbox 697 3407 766 3461; x_wconf 85' lang='lat' dir='ltr'>Et</span> <span class='ocrx_word' id='word_1_263' title='bbox 821 3406 1040 3477; x_wconf 92' lang='lat' dir='ltr'>procidi</span> <span class='ocrx_word' id='word_1_264' title='bbox 1101 3409 1234 3460; x_wconf 88' lang='lat' dir='ltr'>ante</span> <span class='ocrx_word' id='word_1_265' title='bbox 1288 3405 1604 3460; x_wconf 90' lang='lat' dir='ltr'>Dominum</span> <span class='ocrx_word' id='word_1_266' title='bbox 1662 3403 1811 3458; x_wconf 88' lang='lat' dir='ltr'>sicut</span> <span class='ocrx_word' id='word_1_267' title='bbox 1869 3401 2032 3474; x_wconf 86' lang='lat' dir='ltr'>prius</span> 
     </span>
    </p>
   </div>
   <div class='ocr_carea' id='block_1_38' title="bbox 383 3491 2032 3566">
    <p class='ocr_par' dir='ltr' id='par_1_38' title="bbox 383 3491 2032 3566">
     <span class='ocr_line' id='line_1_38' title="bbox 383 3491 2032 3566; baseline -0.002 -16"><span class='ocrx_word' id='word_1_268' title='bbox 383 3495 774 3566; x_wconf 80' lang='lat' dir='ltr'>quadraginta</span> <span class='ocrx_word' id='word_1_269' title='bbox 806 3495 1012 3549; x_wconf 91' lang='lat' dir='ltr'>diebus</span> <span class='ocrx_word' id='word_1_270' title='bbox 1043 3499 1101 3548; x_wconf 92' lang='lat' dir='ltr'>et</span> <span class='ocrx_word' id='word_1_271' title='bbox 1125 3491 1396 3548; x_wconf 82' lang='lat' dir='ltr'>noctibus</span> <span class='ocrx_word' id='word_1_272' title='bbox 1430 3509 1643 3564; x_wconf 85' lang='lat' dir='ltr'>panem</span> <span class='ocrx_word' id='word_1_273' title='bbox 1676 3509 1790 3548; x_wconf 89' lang='lat' dir='ltr'>non</span> <span class='ocrx_word' id='word_1_274' title='bbox 1841 3507 2032 3546; x_wconf 88' lang='lat' dir='ltr'>come-</span> 
     </span>
    </p>
   </div>
   <div class='ocr_carea' id='block_1_39' title="bbox 387 3581 2037 3654">
    <p class='ocr_par' dir='ltr' id='par_1_39' title="bbox 387 3581 2037 3654">
     <span class='ocr_line' id='line_1_39' title="bbox 387 3581 2037 3654; baseline -0.002 -14"><span class='ocrx_word' id='word_1_275' title='bbox 387 3586 553 3652; x_wconf 83' lang='lat' dir='ltr'>dens,</span> <span class='ocrx_word' id='word_1_276' title='bbox 576 3587 633 3639; x_wconf 90' lang='lat' dir='ltr'>et</span> <span class='ocrx_word' id='word_1_277' title='bbox 662 3599 875 3654; x_wconf 90' lang='lat' dir='ltr'>aquam</span> <span class='ocrx_word' id='word_1_278' title='bbox 910 3599 1024 3638; x_wconf 91' lang='lat' dir='ltr'>non</span> <span class='ocrx_word' id='word_1_279' title='bbox 1049 3582 1281 3651; x_wconf 87' lang='lat' dir='ltr'>bibens,</span> <span class='ocrx_word' id='word_1_280' title='bbox 1308 3586 1546 3653; x_wconf 87' lang='lat' dir='ltr'>propter</span> <span class='ocrx_word' id='word_1_281' title='bbox 1570 3581 1770 3637; x_wconf 81' lang='lat' dir='ltr'>omnia</span> <span class='ocrx_word' id='word_1_282' title='bbox 1801 3585 2037 3651; x_wconf 90' lang='lat' dir='ltr'>peccata</span> 
     </span>
    </p>
   </div>
   <div class='ocr_carea' id='block_1_40' title="bbox 393 3670 2032 3745">
    <p class='ocr_par' dir='ltr' id='par_1_40' title="bbox 393 3670 2032 3745">
     <span class='ocr_line' id='line_1_40' title="bbox 393 3670 2032 3745; baseline -0.002 -18"><span class='ocrx_word' id='word_1_283' title='bbox 393 3679 587 3729; x_wconf 91' lang='lat' dir='ltr'>vestra</span> <span class='ocrx_word' id='word_1_284' title='bbox 613 3689 741 3745; x_wconf 69' lang='lat' dir='ltr'>qua:</span> <span class='ocrx_word' id='word_1_285' title='bbox 773 3672 1039 3743; x_wconf 83' lang='lat' dir='ltr'>gessistis</span> <span class='ocrx_word' id='word_1_286' title='bbox 1071 3675 1273 3727; x_wconf 90' lang='lat' dir='ltr'>contra</span> <span class='ocrx_word' id='word_1_287' title='bbox 1301 3671 1638 3741; x_wconf 89' lang='lat' dir='ltr'>Dominum,</span> <span class='ocrx_word' id='word_1_288' title='bbox 1673 3675 1730 3726; x_wconf 89' lang='lat' dir='ltr'>et</span> <span class='ocrx_word' id='word_1_289' title='bbox 1772 3686 1906 3724; x_wconf 90' lang='lat' dir='ltr'>eum</span> <span class='ocrx_word' id='word_1_290' title='bbox 1961 3670 2032 3724; x_wconf 93' lang='lat' dir='ltr'>ad</span> 
     </span>
    </p>
   </div>
   <div class='ocr_carea' id='block_1_41' title="bbox 375 3759 2034 3833">
    <p class='ocr_par' dir='ltr' id='par_1_41' title="bbox 375 3759 2034 3833">
     <span class='ocr_line' id='line_1_41' title="bbox 375 3759 2034 3833; baseline -0.003 -15"><span class='ocrx_word' id='word_1_291' title='bbox 375 3763 745 3820; x_wconf 89' lang='lat' dir='ltr'>iracundiam</span> <span class='ocrx_word' id='word_1_292' title='bbox 765 3761 1153 3833; x_wconf 88' lang='lat' dir='ltr'>provocastis:</span> <span class='ocrx_word' id='word_1_293' title='bbox 1181 3760 1346 3816; x_wconf 88' lang='lat' dir='ltr'>timui</span> <span class='ocrx_word' id='word_1_294' title='bbox 1369 3759 1525 3815; x_wconf 91' lang='lat' dir='ltr'>enim</span> <span class='ocrx_word' id='word_1_295' title='bbox 1550 3759 2034 3828; x_wconf 74' lang='lat' dir='ltr'>indignationem.</span> 
     </span>
    </p>
   </div>
   <div class='ocr_carea' id='block_1_42' title="bbox 386 3848 2031 3921">
    <p class='ocr_par' dir='ltr' id='par_1_42' title="bbox 386 3848 2031 3921">
     <span class='ocr_line' id='line_1_42' title="bbox 386 3848 2031 3921; baseline -0.003 -14"><span class='ocrx_word' id='word_1_296' title='bbox 386 3859 443 3908; x_wconf 91' lang='lat' dir='ltr'>et</span> <span class='ocrx_word' id='word_1_297' title='bbox 468 3852 616 3907; x_wconf 87' lang='lat' dir='ltr'>iram</span> <span class='ocrx_word' id='word_1_298' title='bbox 638 3850 819 3920; x_wconf 91' lang='lat' dir='ltr'>illius,</span> <span class='ocrx_word' id='word_1_299' title='bbox 844 3867 961 3921; x_wconf 92' lang='lat' dir='ltr'>qua</span> <span class='ocrx_word' id='word_1_300' title='bbox 984 3850 1296 3904; x_wconf 88' lang='lat' dir='ltr'>adversum</span> <span class='ocrx_word' id='word_1_301' title='bbox 1321 3867 1420 3906; x_wconf 89' lang='lat' dir='ltr'>vos</span> <span class='ocrx_word' id='word_1_302' title='bbox 1445 3850 1791 3915; x_wconf 91' lang='lat' dir='ltr'>concitatus,</span> <span class='ocrx_word' id='word_1_303' title='bbox 1817 3848 2031 3904; x_wconf 83' lang='lat' dir='ltr'>delere-</span> 
     </span>
    </p>
   </div>
   <div class='ocr_carea' id='block_1_43' title="bbox 379 3935 2036 3997">
    <p class='ocr_par' dir='ltr' id='par_1_43' title="bbox 379 3935 2036 3997">
     <span class='ocr_line' id='line_1_43' title="bbox 379 3935 2036 3997; baseline -0.003 -1"><span class='ocrx_word' id='word_1_304' title='bbox 379 3959 483 3997; x_wconf 88' lang='lat' dir='ltr'>vos</span> <span class='ocrx_word' id='word_1_305' title='bbox 508 3935 712 3996; x_wconf 82' lang='lat' dir='ltr'>voluit.</span> <span class='ocrx_word' id='word_1_306' title='bbox 730 3939 1112 3995; x_wconf 86' lang='lat' dir='ltr'>Etexaudivit</span> <span class='ocrx_word' id='word_1_307' title='bbox 1133 3955 1224 3994; x_wconf 87' lang='lat' dir='ltr'>me</span> <span class='ocrx_word' id='word_1_308' title='bbox 1247 3938 1528 3994; x_wconf 86' lang='lat' dir='ltr'>Dominus</span> <span class='ocrx_word' id='word_1_309' title='bbox 1549 3939 1725 3994; x_wconf 88' lang='lat' dir='ltr'>etiam</span> <span class='ocrx_word' id='word_1_310' title='bbox 1751 3937 1858 3993; x_wconf 90' lang='lat' dir='ltr'>hac</span> <span class='ocrx_word' id='word_1_311' title='bbox 1882 3939 2036 3993; x_wconf 89' lang='lat' dir='ltr'>vicer</span> 
     </span>
    </p>
   </div>
   <div class='ocr_carea' id='block_1_44' title="bbox 389 4027 2035 4099">
    <p class='ocr_par' dir='ltr' id='par_1_44' title="bbox 389 4027 2035 4099">
     <span class='ocr_line' id='line_1_44' title="bbox 389 4027 2035 4099; baseline -0.004 -12"><span class='ocrx_word' id='word_1_312' title='bbox 389 4031 472 4099; x_wconf 91' lang='lat' dir='ltr'>[C.</span> <span class='ocrx_word' id='word_1_313' title='bbox 505 4029 784 4099; x_wconf 79' lang='lat' dir='ltr'><strong>XXXVI.]</strong></span> <span class='ocrx_word' id='word_1_314' title='bbox 818 4029 1146 4083; x_wconf 81' lang='lat' dir='ltr'>Adversum</span> <span class='ocrx_word' id='word_1_315' title='bbox 1186 4032 1381 4082; x_wconf 85' lang='lat' dir='ltr'>Aaron</span> <span class='ocrx_word' id='word_1_316' title='bbox 1420 4043 1655 4098; x_wconf 87' lang='lat' dir='ltr'>quoque</span> <span class='ocrx_word' id='word_1_317' title='bbox 1693 4027 2035 4083; x_wconf 85' lang='lat' dir='ltr'>vehemente</span> 
     </span>
    </p>
   </div>
   <div class='ocr_carea' id='block_1_45' title="bbox 378 4114 2033 4187">
    <p class='ocr_par' dir='ltr' id='par_1_45' title="bbox 378 4114 2033 4187">
     <span class='ocr_line' id='line_1_45' title="bbox 378 4114 2033 4187; baseline -0.003 -13"><span class='ocrx_word' id='word_1_318' title='bbox 378 4120 590 4184; x_wconf 90' lang='lat' dir='ltr'>iratus,</span> <span class='ocrx_word' id='word_1_319' title='bbox 623 4117 808 4173; x_wconf 89' lang='lat' dir='ltr'>voluit</span> <span class='ocrx_word' id='word_1_320' title='bbox 837 4133 970 4173; x_wconf 90' lang='lat' dir='ltr'>eum</span> <span class='ocrx_word' id='word_1_321' title='bbox 1018 4119 1334 4184; x_wconf 86' lang='lat' dir='ltr'>conterere,</span> <span class='ocrx_word' id='word_1_322' title='bbox 1367 4119 1423 4170; x_wconf 90' lang='lat' dir='ltr'>et</span> <span class='ocrx_word' id='word_1_323' title='bbox 1469 4132 1570 4187; x_wconf 92' lang='lat' dir='ltr'>pro</span> <span class='ocrx_word' id='word_1_324' title='bbox 1614 4114 1713 4170; x_wconf 92' lang='lat' dir='ltr'>illo</span> <span class='ocrx_word' id='word_1_325' title='bbox 1761 4115 2033 4171; x_wconf 89' lang='lat' dir='ltr'>similiter</span> 
     </span>
    </p>
   </div>
   <div class='ocr_carea' id='block_1_46' title="bbox 385 4204 2028 4279">
    <p class='ocr_par' dir='ltr' id='par_1_46' title="bbox 385 4204 2028 4279">
     <span class='ocr_line' id='line_1_46' title="bbox 385 4204 2028 4279; baseline -0.002 -16"><span class='ocrx_word' id='word_1_326' title='bbox 385 4211 734 4279; x_wconf 88' lang='lat' dir='ltr'>deprecatus</span> <span class='ocrx_word' id='word_1_327' title='bbox 757 4222 890 4262; x_wconf 89' lang='lat' dir='ltr'>sum</span> <span class='ocrx_word' id='word_1_328' title='bbox 911 4205 991 4277; x_wconf 81' lang='lat' dir='ltr'>[h.</span> <span class='ocrx_word' id='word_1_329' title='bbox 1011 4206 1358 4276; x_wconf 89' lang='lat' dir='ltr'>deprecatus</span> <span class='ocrx_word' id='word_1_330' title='bbox 1373 4220 1502 4260; x_wconf 90' lang='lat' dir='ltr'>sum</span> <span class='ocrx_word' id='word_1_331' title='bbox 1523 4205 1580 4260; x_wconf 91' lang='lat' dir='ltr'>in</span> <span class='ocrx_word' id='word_1_332' title='bbox 1606 4210 1862 4276; x_wconf 88' lang='lat' dir='ltr'>tempore</span> <span class='ocrx_word' id='word_1_333' title='bbox 1885 4204 2028 4276; x_wconf 85' lang='lat' dir='ltr'>illu.]</span> 
     </span>
    </p>
   </div>
   <div class='ocr_carea' id='block_1_47' title="bbox 385 4293 2032 4368">
    <p class='ocr_par' dir='ltr' id='par_1_47' title="bbox 385 4293 2032 4368">
     <span class='ocr_line' id='line_1_47' title="bbox 385 4293 2032 4368; baseline -0.002 -17"><span class='ocrx_word' id='word_1_334' title='bbox 385 4296 710 4368; x_wconf 74' lang='lat' dir='ltr'><strong>[XXXVII&#39;]</strong></span> <span class='ocrx_word' id='word_1_335' title='bbox 733 4295 1039 4351; x_wconf 89' lang='lat' dir='ltr'>Peccatum</span> <span class='ocrx_word' id='word_1_336' title='bbox 1074 4299 1269 4349; x_wconf 90' lang='lat' dir='ltr'>autem</span> <span class='ocrx_word' id='word_1_337' title='bbox 1299 4300 1558 4350; x_wconf 88' lang='lat' dir='ltr'>vestrum</span> <span class='ocrx_word' id='word_1_338' title='bbox 1591 4294 1743 4364; x_wconf 90' lang='lat' dir='ltr'>quod</span> <span class='ocrx_word' id='word_1_339' title='bbox 1767 4293 2032 4349; x_wconf 88' lang='lat' dir='ltr'>feceratis</span> 
     </span>
    </p>
   </div>
   <div class='ocr_carea' id='block_1_48' title="bbox 386 4382 2030 4455">
    <p class='ocr_par' dir='ltr' id='par_1_48' title="bbox 386 4382 2030 4455">
     <span class='ocr_line' id='line_1_48' title="bbox 386 4382 2030 4455; baseline -0.001 -16"><span class='ocrx_word' id='word_1_340' title='bbox 386 4386 442 4440; x_wconf 92' lang='lat' dir='ltr'>id</span> <span class='ocrx_word' id='word_1_341' title='bbox 469 4390 559 4440; x_wconf 90' lang='lat' dir='ltr'>est</span> <span class='ocrx_word' id='word_1_342' title='bbox 581 4384 850 4453; x_wconf 89' lang='lat' dir='ltr'>vitulum,</span> <span class='ocrx_word' id='word_1_343' title='bbox 867 4383 1178 4455; x_wconf 88' lang='lat' dir='ltr'>arripiens,</span> <span class='ocrx_word' id='word_1_344' title='bbox 1194 4383 1328 4454; x_wconf 86' lang='lat' dir='ltr'>igne</span> <span class='ocrx_word' id='word_1_345' title='bbox 1351 4383 1744 4452; x_wconf 89' lang='lat' dir='ltr'>combussi,et</span> <span class='ocrx_word' id='word_1_346' title='bbox 1765 4382 1820 4437; x_wconf 90' lang='lat' dir='ltr'>in</span> <span class='ocrx_word' id='word_1_347' title='bbox 1847 4384 2030 4438; x_wconf 90' lang='lat' dir='ltr'>frusta</span> 
     </span>
    </p>
   </div>
   <div class='ocr_carea' id='block_1_49' title="bbox 377 4471 2024 4543">
    <p class='ocr_par' dir='ltr' id='par_1_49' title="bbox 377 4471 2024 4543">
     <span class='ocr_line' id='line_1_49' title="bbox 377 4471 2024 4543; baseline -0.002 -12"><span class='ocrx_word' id='word_1_348' title='bbox 377 4488 834 4539; x_wconf 89' lang='lat' dir='ltr'>communuens,</span> <span class='ocrx_word' id='word_1_349' title='bbox 877 4471 1235 4543; x_wconf 91' lang='lat' dir='ltr'>omninoque</span> <span class='ocrx_word' id='word_1_350' title='bbox 1288 4472 1346 4526; x_wconf 90' lang='lat' dir='ltr'>in</span> <span class='ocrx_word' id='word_1_351' title='bbox 1393 4471 1686 4543; x_wconf 89' lang='lat' dir='ltr'>pulverem</span> <span class='ocrx_word' id='word_1_352' title='bbox 1734 4471 2024 4543; x_wconf 88' lang='lat' dir='ltr'>redigens,</span> 
     </span>
    </p>
   </div>
   <div class='ocr_carea' id='block_1_50' title="bbox 2120 558 3775 634">
    <p class='ocr_par' dir='ltr' id='par_1_50' title="bbox 2120 558 3775 634">
     <span class='ocr_line' id='line_1_50' title="bbox 2120 558 3775 634; baseline 0.004 -22"><span class='ocrx_word' id='word_1_353' title='bbox 2120 558 2284 630; x_wconf 86' lang='lat' dir='ltr'>ginta</span> <span class='ocrx_word' id='word_1_354' title='bbox 2313 558 2522 615; x_wconf 91' lang='lat' dir='ltr'>diebus</span> <span class='ocrx_word' id='word_1_355' title='bbox 2553 576 2620 615; x_wconf 92' lang='lat' dir='ltr'>ac</span> <span class='ocrx_word' id='word_1_356' title='bbox 2651 559 2945 626; x_wconf 86' lang='lat' dir='ltr'>noctibus,</span> <span class='ocrx_word' id='word_1_357' title='bbox 2981 561 3202 632; x_wconf 88' lang='lat' dir='ltr'>quibus</span> <span class='ocrx_word' id='word_1_358' title='bbox 3240 576 3376 616; x_wconf 91' lang='lat' dir='ltr'>eum</span> <span class='ocrx_word' id='word_1_359' title='bbox 3426 561 3775 634; x_wconf 87' lang='lat' dir='ltr'>suppliciter</span> 
     </span>
    </p>
   </div>
   <div class='ocr_carea' id='block_1_51' title="bbox 2121 647 3776 718">
    <p class='ocr_par' dir='ltr' id='par_1_51' title="bbox 2121 647 3776 718">
     <span class='ocr_line' id='line_1_51' title="bbox 2121 647 3776 718; baseline 0.003 -16"><span class='ocrx_word' id='word_1_360' title='bbox 2121 647 2476 718; x_wconf 85' lang='lat' dir='ltr'>deprecabar</span> <span class='ocrx_word' id='word_1_361' title='bbox 2505 664 2578 704; x_wconf 91' lang='lat' dir='ltr'>ne</span> <span class='ocrx_word' id='word_1_362' title='bbox 2609 649 2830 706; x_wconf 88' lang='lat' dir='ltr'>deleret</span> <span class='ocrx_word' id='word_1_363' title='bbox 2868 666 2993 716; x_wconf 87' lang='lat' dir='ltr'>vos,</span> <span class='ocrx_word' id='word_1_364' title='bbox 3027 657 3088 704; x_wconf 91' lang='lat' dir='ltr'>ut</span> <span class='ocrx_word' id='word_1_365' title='bbox 3121 651 3308 707; x_wconf 80' lang='lat' dir='ltr'>fuerat</span> <span class='ocrx_word' id='word_1_366' title='bbox 3336 652 3776 718; x_wconf 86' lang='lat' dir='ltr'>comminatus;</span> 
     </span>
    </p>
   </div>
   <div class='ocr_carea' id='block_1_52' title="bbox 2121 737 3778 807">
    <p class='ocr_par' dir='ltr' id='par_1_52' title="bbox 2121 737 3778 807">
     <span class='ocr_line' id='line_1_52' title="bbox 2121 737 3778 807; baseline 0.002 -16"><span class='ocrx_word' id='word_1_367' title='bbox 2121 740 2178 791; x_wconf 88' lang='lat' dir='ltr'>et</span> <span class='ocrx_word' id='word_1_368' title='bbox 2207 752 2383 793; x_wconf 89' lang='lat' dir='ltr'>orans</span> <span class='ocrx_word' id='word_1_369' title='bbox 2413 737 2529 792; x_wconf 83' lang='lat' dir='ltr'>dixi</span> <span class='ocrx_word' id='word_1_370' title='bbox 2555 754 2567 791; x_wconf 92' lang='lat'><strong>:</strong></span> <span class='ocrx_word' id='word_1_371' title='bbox 2601 738 2846 794; x_wconf 92' lang='lat' dir='ltr'>Domine</span> <span class='ocrx_word' id='word_1_372' title='bbox 2877 745 3032 794; x_wconf 88' lang='lat' dir='ltr'>Deus</span> <span class='ocrx_word' id='word_1_373' title='bbox 3065 739 3143 807; x_wconf 83' lang='lat' dir='ltr'>(h.</span> <span class='ocrx_word' id='word_1_374' title='bbox 3175 744 3232 795; x_wconf 89' lang='lat' dir='ltr'>et</span> <span class='ocrx_word' id='word_1_375' title='bbox 3260 756 3437 796; x_wconf 90' lang='lat' dir='ltr'>orans</span> <span class='ocrx_word' id='word_1_376' title='bbox 3466 741 3539 796; x_wconf 93' lang='lat' dir='ltr'>ad</span> <span class='ocrx_word' id='word_1_377' title='bbox 3570 741 3778 797; x_wconf 86' lang='lat' dir='ltr'>Domi-</span> 
     </span>
    </p>
   </div>
   <div class='ocr_carea' id='block_1_53' title="bbox 2125 825 3773 901">
    <p class='ocr_par' dir='ltr' id='par_1_53' title="bbox 2125 825 3773 901">
     <span class='ocr_line' id='line_1_53' title="bbox 2125 825 3773 901; baseline 0.003 -22"><span class='ocrx_word' id='word_1_378' title='bbox 2125 841 2264 879; x_wconf 93' lang='lat' dir='ltr'>num</span> <span class='ocrx_word' id='word_1_379' title='bbox 2297 825 2414 880; x_wconf 86' lang='lat' dir='ltr'>dixi</span> <span class='ocrx_word' id='word_1_380' title='bbox 2437 843 2450 882; x_wconf 91' lang='lat'><strong>:</strong></span> <span class='ocrx_word' id='word_1_381' title='bbox 2473 825 2743 895; x_wconf 91' lang='lat' dir='ltr'>Domine,</span> <span class='ocrx_word' id='word_1_382' title='bbox 2762 827 3052 900; x_wconf 90' lang='lat' dir='ltr'>Domine),</span> <span class='ocrx_word' id='word_1_383' title='bbox 3067 844 3141 883; x_wconf 87' lang='lat' dir='ltr'>ne</span> <span class='ocrx_word' id='word_1_384' title='bbox 3157 829 3468 900; x_wconf 86' lang='lat' dir='ltr'>disperdas</span> <span class='ocrx_word' id='word_1_385' title='bbox 3489 827 3773 901; x_wconf 89' lang='lat' dir='ltr'>populum</span> 
     </span>
    </p>
   </div>
   <div class='ocr_carea' id='block_1_54' title="bbox 2123 914 3774 988">
    <p class='ocr_par' dir='ltr' id='par_1_54' title="bbox 2123 914 3774 988">
     <span class='ocr_line' id='line_1_54' title="bbox 2123 914 3774 988; baseline 0.004 -20"><span class='ocrx_word' id='word_1_386' title='bbox 2123 916 2322 981; x_wconf 91' lang='lat' dir='ltr'>tuum,</span> <span class='ocrx_word' id='word_1_387' title='bbox 2355 919 2413 970; x_wconf 89' lang='lat' dir='ltr'>et</span> <span class='ocrx_word' id='word_1_388' title='bbox 2461 914 2861 972; x_wconf 70' lang='lat' dir='ltr'>haereditatem</span> <span class='ocrx_word' id='word_1_389' title='bbox 2909 921 3098 988; x_wconf 89' lang='lat' dir='ltr'>tuam,</span> <span class='ocrx_word' id='word_1_390' title='bbox 3132 934 3309 988; x_wconf 88' lang='lat' dir='ltr'>quam</span> <span class='ocrx_word' id='word_1_391' title='bbox 3361 917 3663 974; x_wconf 88' lang='lat' dir='ltr'>redemisti</span> <span class='ocrx_word' id='word_1_392' title='bbox 3713 917 3774 974; x_wconf 92' lang='lat' dir='ltr'>in</span> 
     </span>
    </p>
   </div>
   <div class='ocr_carea' id='block_1_55' title="bbox 2124 1003 3776 1079">
    <p class='ocr_par' dir='ltr' id='par_1_55' title="bbox 2124 1003 3776 1079">
     <span class='ocr_line' id='line_1_55' title="bbox 2124 1003 3776 1079; baseline 0.004 -23"><span class='ocrx_word' id='word_1_393' title='bbox 2124 1003 2531 1074; x_wconf 88' lang='lat' dir='ltr'>magnitudine</span> <span class='ocrx_word' id='word_1_394' title='bbox 2555 1010 2681 1074; x_wconf 90' lang='lat' dir='ltr'>tua,</span> <span class='ocrx_word' id='word_1_395' title='bbox 2701 1019 2851 1076; x_wconf 91' lang='lat' dir='ltr'>quos</span> <span class='ocrx_word' id='word_1_396' title='bbox 2877 1005 3132 1060; x_wconf 85' lang='lat' dir='ltr'>eduxisti</span> <span class='ocrx_word' id='word_1_397' title='bbox 3155 1006 3226 1062; x_wconf 89' lang='lat' dir='ltr'>de</span> <span class='ocrx_word' id='word_1_398' title='bbox 3242 1006 3488 1079; x_wconf 68' lang='lat' dir='ltr'>[Egypto</span> <span class='ocrx_word' id='word_1_399' title='bbox 3508 1007 3567 1061; x_wconf 91' lang='lat' dir='ltr'>in</span> <span class='ocrx_word' id='word_1_400' title='bbox 3593 1003 3776 1062; x_wconf 85' lang='lat' dir='ltr'>manu</span> 
     </span>
    </p>
   </div>
   <div class='ocr_carea' id='block_1_56' title="bbox 2123 1091 3775 1165">
    <p class='ocr_par' dir='ltr' id='par_1_56' title="bbox 2123 1091 3775 1165">
     <span class='ocr_line' id='line_1_56' title="bbox 2123 1091 3775 1165; baseline 0.005 -21"><span class='ocrx_word' id='word_1_401' title='bbox 2123 1091 2278 1146; x_wconf 87' lang='lat' dir='ltr'>forti.</span> <span class='ocrx_word' id='word_1_402' title='bbox 2301 1093 2621 1148; x_wconf 82' lang='lat' dir='ltr'>Recordare</span> <span class='ocrx_word' id='word_1_403' title='bbox 2642 1110 2942 1149; x_wconf 89' lang='lat' dir='ltr'>servorum</span> <span class='ocrx_word' id='word_1_404' title='bbox 2963 1098 3225 1160; x_wconf 81' lang='lat' dir='ltr'>tuorum,</span> <span class='ocrx_word' id='word_1_405' title='bbox 3245 1095 3567 1163; x_wconf 81' lang='lat' dir='ltr'>Abraham,</span> <span class='ocrx_word' id='word_1_406' title='bbox 3590 1096 3775 1165; x_wconf 85' lang='lat' dir='ltr'>Isaac,</span> 
     </span>
    </p>
   </div>
   <div class='ocr_carea' id='block_1_57' title="bbox 2124 1182 3777 1257">
    <p class='ocr_par' dir='ltr' id='par_1_57' title="bbox 2124 1182 3777 1257">
     <span class='ocr_line' id='line_1_57' title="bbox 2124 1182 3777 1257; baseline 0.004 -23"><span class='ocrx_word' id='word_1_407' title='bbox 2124 1183 2181 1235; x_wconf 90' lang='lat' dir='ltr'>et</span> <span class='ocrx_word' id='word_1_408' title='bbox 2210 1182 2385 1237; x_wconf 88' lang='lat' dir='ltr'>Jacob</span> <span class='ocrx_word' id='word_1_409' title='bbox 2415 1199 2520 1250; x_wconf 88' lang='lat' dir='ltr'>;ne</span> <span class='ocrx_word' id='word_1_410' title='bbox 2550 1182 2803 1254; x_wconf 82' lang='lat' dir='ltr'>aspicias</span> <span class='ocrx_word' id='word_1_411' title='bbox 2830 1183 3110 1240; x_wconf 86' lang='lat' dir='ltr'>duritiam</span> <span class='ocrx_word' id='word_1_412' title='bbox 3134 1183 3335 1257; x_wconf 90' lang='lat' dir='ltr'>populi</span> <span class='ocrx_word' id='word_1_413' title='bbox 3358 1185 3559 1256; x_wconf 82' lang='lat' dir='ltr'>hujus,</span> <span class='ocrx_word' id='word_1_414' title='bbox 3581 1188 3641 1241; x_wconf 89' lang='lat' dir='ltr'>et</span> <span class='ocrx_word' id='word_1_415' title='bbox 3661 1185 3777 1240; x_wconf 92' lang='lat' dir='ltr'>im-</span> 
     </span>
    </p>
   </div>
   <div class='ocr_carea' id='block_1_58' title="bbox 2126 1269 3779 1343">
    <p class='ocr_par' dir='ltr' id='par_1_58' title="bbox 2126 1269 3779 1343">
     <span class='ocr_line' id='line_1_58' title="bbox 2126 1269 3779 1343; baseline 0.004 -20"><span class='ocrx_word' id='word_1_416' title='bbox 2126 1269 2400 1341; x_wconf 89' lang='lat' dir='ltr'>pietatem</span> <span class='ocrx_word' id='word_1_417' title='bbox 2421 1275 2598 1343; x_wconf 89' lang='lat' dir='ltr'>atque</span> <span class='ocrx_word' id='word_1_418' title='bbox 2624 1275 2928 1342; x_wconf 89' lang='lat' dir='ltr'>peccatum</span> <span class='ocrx_word' id='word_1_419' title='bbox 2957 1289 2970 1327; x_wconf 91' lang='lat'>:</span> <span class='ocrx_word' id='word_1_420' title='bbox 2994 1289 3066 1328; x_wconf 88' lang='lat' dir='ltr'>ne</span> <span class='ocrx_word' id='word_1_421' title='bbox 3096 1273 3243 1329; x_wconf 83' lang='lat' dir='ltr'>forte</span> <span class='ocrx_word' id='word_1_422' title='bbox 3263 1273 3464 1328; x_wconf 89' lang='lat' dir='ltr'>dicant</span> <span class='ocrx_word' id='word_1_423' title='bbox 3483 1274 3779 1330; x_wconf 85' lang='lat' dir='ltr'>habitato-</span> 
     </span>
    </p>
   </div>
   <div class='ocr_carea' id='block_1_59' title="bbox 2127 1360 3777 1434">
    <p class='ocr_par' dir='ltr' id='par_1_59' title="bbox 2127 1360 3777 1434">
     <span class='ocr_line' id='line_1_59' title="bbox 2127 1360 3777 1434; baseline 0.004 -22"><span class='ocrx_word' id='word_1_424' title='bbox 2127 1374 2219 1413; x_wconf 88' lang='lat' dir='ltr'>res</span> <span class='ocrx_word' id='word_1_425' title='bbox 2249 1365 2440 1425; x_wconf 72' lang='lat' dir='ltr'>terrae,</span> <span class='ocrx_word' id='word_1_426' title='bbox 2464 1360 2534 1415; x_wconf 93' lang='lat' dir='ltr'>de</span> <span class='ocrx_word' id='word_1_427' title='bbox 2564 1377 2684 1431; x_wconf 92' lang='lat' dir='ltr'>qua</span> <span class='ocrx_word' id='word_1_428' title='bbox 2714 1361 2968 1417; x_wconf 89' lang='lat' dir='ltr'>eduxisti</span> <span class='ocrx_word' id='word_1_429' title='bbox 2991 1378 3134 1417; x_wconf 90' lang='lat' dir='ltr'>nos:</span> <span class='ocrx_word' id='word_1_430' title='bbox 3166 1362 3289 1417; x_wconf 91' lang='lat' dir='ltr'>Non</span> <span class='ocrx_word' id='word_1_431' title='bbox 3323 1367 3549 1434; x_wconf 88' lang='lat' dir='ltr'>poterat</span> <span class='ocrx_word' id='word_1_432' title='bbox 3582 1363 3777 1419; x_wconf 84' lang='lat' dir='ltr'>Domi-</span> 
     </span>
    </p>
   </div>
   <div class='ocr_carea' id='block_1_60' title="bbox 2125 1448 3779 1524">
    <p class='ocr_par' dir='ltr' id='par_1_60' title="bbox 2125 1448 3779 1524">
     <span class='ocr_line' id='line_1_60' title="bbox 2125 1448 3779 1524; baseline 0.002 -21"><span class='ocrx_word' id='word_1_433' title='bbox 2125 1465 2239 1504; x_wconf 89' lang='lat' dir='ltr'>nus</span> <span class='ocrx_word' id='word_1_434' title='bbox 2273 1448 2638 1504; x_wconf 88' lang='lat' dir='ltr'>introducere</span> <span class='ocrx_word' id='word_1_435' title='bbox 2668 1466 2768 1506; x_wconf 89' lang='lat' dir='ltr'>eos</span> <span class='ocrx_word' id='word_1_436' title='bbox 2799 1449 2859 1505; x_wconf 91' lang='lat' dir='ltr'>in</span> <span class='ocrx_word' id='word_1_437' title='bbox 2889 1455 3126 1522; x_wconf 89' lang='lat' dir='ltr'>terram,</span> <span class='ocrx_word' id='word_1_438' title='bbox 3154 1467 3331 1522; x_wconf 90' lang='lat' dir='ltr'>quam</span> <span class='ocrx_word' id='word_1_439' title='bbox 3365 1451 3662 1524; x_wconf 87' lang='lat' dir='ltr'>pollicitus</span> <span class='ocrx_word' id='word_1_440' title='bbox 3688 1455 3779 1507; x_wconf 88' lang='lat' dir='ltr'>est</span> 
     </span>
    </p>
   </div>
   <div class='ocr_carea' id='block_1_61' title="bbox 2125 1535 3779 1607">
    <p class='ocr_par' dir='ltr' id='par_1_61' title="bbox 2125 1535 3779 1607">
     <span class='ocr_line' id='line_1_61' title="bbox 2125 1535 3779 1607; baseline 0.002 -15"><span class='ocrx_word' id='word_1_441' title='bbox 2125 1535 2230 1603; x_wconf 87' lang='lat' dir='ltr'>eis,</span> <span class='ocrx_word' id='word_1_442' title='bbox 2266 1541 2326 1591; x_wconf 91' lang='lat' dir='ltr'>et</span> <span class='ocrx_word' id='word_1_443' title='bbox 2350 1537 2554 1593; x_wconf 88' lang='lat' dir='ltr'>oderat</span> <span class='ocrx_word' id='word_1_444' title='bbox 2583 1536 2753 1594; x_wconf 87' lang='lat' dir='ltr'>illos:</span> <span class='ocrx_word' id='word_1_445' title='bbox 2787 1537 3004 1594; x_wconf 91' lang='lat' dir='ltr'>idcirco</span> <span class='ocrx_word' id='word_1_446' title='bbox 3053 1538 3276 1607; x_wconf 86' lang='lat' dir='ltr'>eduxit,</span> <span class='ocrx_word' id='word_1_447' title='bbox 3311 1545 3377 1595; x_wconf 91' lang='lat' dir='ltr'>ut</span> <span class='ocrx_word' id='word_1_448' title='bbox 3421 1539 3779 1596; x_wconf 82' lang='lat' dir='ltr'>interficeret</span> 
     </span>
    </p>
   </div>
   <div class='ocr_carea' id='block_1_62' title="bbox 2125 1625 3776 1700">
    <p class='ocr_par' dir='ltr' id='par_1_62' title="bbox 2125 1625 3776 1700">
     <span class='ocr_line' id='line_1_62' title="bbox 2125 1625 3776 1700; baseline 0.003 -20"><span class='ocrx_word' id='word_1_449' title='bbox 2125 1641 2224 1681; x_wconf 89' lang='lat' dir='ltr'>eos</span> <span class='ocrx_word' id='word_1_450' title='bbox 2248 1625 2306 1680; x_wconf 92' lang='lat' dir='ltr'>in</span> <span class='ocrx_word' id='word_1_451' title='bbox 2325 1625 2661 1682; x_wconf 87' lang='lat' dir='ltr'>solitudine.</span> <span class='ocrx_word' id='word_1_452' title='bbox 2679 1626 2786 1694; x_wconf 85' lang='lat' dir='ltr'>Qui</span> <span class='ocrx_word' id='word_1_453' title='bbox 2805 1632 2946 1683; x_wconf 91' lang='lat' dir='ltr'>sunt</span> <span class='ocrx_word' id='word_1_454' title='bbox 2965 1627 3221 1700; x_wconf 89' lang='lat' dir='ltr'>populus</span> <span class='ocrx_word' id='word_1_455' title='bbox 3237 1633 3378 1685; x_wconf 90' lang='lat' dir='ltr'>tuus</span> <span class='ocrx_word' id='word_1_456' title='bbox 3396 1633 3453 1684; x_wconf 91' lang='lat' dir='ltr'>et</span> <span class='ocrx_word' id='word_1_457' title='bbox 3467 1628 3776 1685; x_wconf 66' lang='lat' dir='ltr'>hereditas</span> 
     </span>
    </p>
   </div>
   <div class='ocr_carea' id='block_1_63' title="bbox 2127 1715 3772 1790">
    <p class='ocr_par' dir='ltr' id='par_1_63' title="bbox 2127 1715 3772 1790">
     <span class='ocr_line' id='line_1_63' title="bbox 2127 1715 3772 1790; baseline 0.002 -20"><span class='ocrx_word' id='word_1_458' title='bbox 2127 1719 2244 1782; x_wconf 90' lang='lat' dir='ltr'>tua,</span> <span class='ocrx_word' id='word_1_459' title='bbox 2278 1731 2423 1784; x_wconf 91' lang='lat' dir='ltr'>quos</span> <span class='ocrx_word' id='word_1_460' title='bbox 2457 1715 2712 1772; x_wconf 86' lang='lat' dir='ltr'>eduxisti</span> <span class='ocrx_word' id='word_1_461' title='bbox 2741 1715 2802 1771; x_wconf 91' lang='lat' dir='ltr'>in</span> <span class='ocrx_word' id='word_1_462' title='bbox 2833 1716 3178 1773; x_wconf 81' lang='lat' dir='ltr'>fortitudine</span> <span class='ocrx_word' id='word_1_463' title='bbox 3207 1722 3310 1773; x_wconf 88' lang='lat' dir='ltr'>tua</span> <span class='ocrx_word' id='word_1_464' title='bbox 3341 1732 3579 1790; x_wconf 88' lang='lat' dir='ltr'>magna,</span> <span class='ocrx_word' id='word_1_465' title='bbox 3610 1723 3671 1774; x_wconf 90' lang='lat' dir='ltr'>et</span> <span class='ocrx_word' id='word_1_466' title='bbox 3711 1717 3772 1774; x_wconf 90' lang='lat' dir='ltr'>in</span> 
     </span>
    </p>
   </div>
   <div class='ocr_carea' id='block_1_64' title="bbox 2124 1802 2774 1861">
    <p class='ocr_par' dir='ltr' id='par_1_64' title="bbox 2124 1802 2774 1861">
     <span class='ocr_line' id='line_1_64' title="bbox 2124 1802 2774 1861; baseline 0.003 -4"><span class='ocrx_word' id='word_1_467' title='bbox 2124 1802 2362 1858; x_wconf 80' lang='lat' dir='ltr'>brachio</span> <span class='ocrx_word' id='word_1_468' title='bbox 2394 1809 2493 1859; x_wconf 90' lang='lat' dir='ltr'>tuo</span> <span class='ocrx_word' id='word_1_469' title='bbox 2523 1809 2774 1861; x_wconf 89' lang='lat' dir='ltr'>extento.</span> 
     </span>
    </p>
   </div>
   <div class='ocr_carea' id='block_1_65' title="bbox 2194 1891 3778 1967">
    <p class='ocr_par' dir='ltr' id='par_1_65' title="bbox 2194 1891 3778 1967">
     <span class='ocr_line' id='line_1_65' title="bbox 2194 1891 3778 1967; baseline 0.003 -21"><span class='ocrx_word' id='word_1_470' title='bbox 2194 1892 2280 1962; x_wconf 91' lang='lat' dir='ltr'>(B.</span> <span class='ocrx_word' id='word_1_471' title='bbox 2327 1891 2582 1958; x_wconf 82' lang='lat' dir='ltr'><strong>XXXIX,</strong></span> <span class='ocrx_word' id='word_1_472' title='bbox 2629 1898 2688 1948; x_wconf 79' lang='lat' dir='ltr'>G.</span> <span class='ocrx_word' id='word_1_473' title='bbox 2740 1891 2882 1948; x_wconf 88' lang='lat' dir='ltr'><strong>XLI.</strong></span> <span class='ocrx_word' id='word_1_474' title='bbox 2919 1892 3048 1965; x_wconf 86' lang='lat' dir='ltr'>Cap.</span> <span class='ocrx_word' id='word_1_475' title='bbox 3082 1893 3186 1966; x_wconf 85' lang='lat' dir='ltr'>X.)</span> <span class='ocrx_word' id='word_1_476' title='bbox 3234 1894 3300 1950; x_wconf 92' lang='lat' dir='ltr'><strong>In</strong></span> <span class='ocrx_word' id='word_1_477' title='bbox 3357 1898 3620 1967; x_wconf 88' lang='lat' dir='ltr'>tempore</span> <span class='ocrx_word' id='word_1_478' title='bbox 3676 1893 3778 1951; x_wconf 89' lang='lat' dir='ltr'>illo</span> 
     </span>
    </p>
   </div>
   <div class='ocr_carea' id='block_1_66' title="bbox 2122 1979 3776 2039">
    <p class='ocr_par' dir='ltr' id='par_1_66' title="bbox 2122 1979 3776 2039">
     <span class='ocr_line' id='line_1_66' title="bbox 2122 1979 3776 2039; baseline 0.004 -6"><span class='ocrx_word' id='word_1_479' title='bbox 2122 1979 2268 2034; x_wconf 88' lang='lat' dir='ltr'>dixit</span> <span class='ocrx_word' id='word_1_480' title='bbox 2298 1980 2585 2037; x_wconf 87' lang='lat' dir='ltr'>Dominus</span> <span class='ocrx_word' id='word_1_481' title='bbox 2627 1982 2700 2037; x_wconf 90' lang='lat' dir='ltr'>ad</span> <span class='ocrx_word' id='word_1_482' title='bbox 2733 1998 2827 2038; x_wconf 91' lang='lat' dir='ltr'>me</span> <span class='ocrx_word' id='word_1_483' title='bbox 2848 2001 2867 2036; x_wconf 89' lang='lat'><strong><em>:</em></strong></span> <span class='ocrx_word' id='word_1_484' title='bbox 2897 1982 3042 2038; x_wconf 91' lang='lat' dir='ltr'>DoIa</span> <span class='ocrx_word' id='word_1_485' title='bbox 3076 1982 3181 2038; x_wconf 90' lang='lat' dir='ltr'>tibi</span> <span class='ocrx_word' id='word_1_486' title='bbox 3231 1985 3377 2039; x_wconf 86' lang='lat' dir='ltr'>duas</span> <span class='ocrx_word' id='word_1_487' title='bbox 3425 1981 3660 2039; x_wconf 86' lang='lat' dir='ltr'>tabulas</span> <span class='ocrx_word' id='word_1_488' title='bbox 3686 1982 3776 2039; x_wconf 81' lang='lat' dir='ltr'>la-</span> 
     </span>
    </p>
   </div>
   <div class='ocr_carea' id='block_1_67' title="bbox 2123 2069 3790 2152">
    <p class='ocr_par' dir='ltr' id='par_1_67' title="bbox 2123 2069 3790 2152">
     <span class='ocr_line' id='line_1_67' title="bbox 2123 2069 3790 2152; baseline 0.003 -30"><span class='ocrx_word' id='word_1_489' title='bbox 2123 2069 2354 2152; x_wconf 88' lang='lat' dir='ltr'>pideas,</span> <span class='ocrx_word' id='word_1_490' title='bbox 2402 2070 2556 2125; x_wconf 88' lang='lat' dir='ltr'>sicut</span> <span class='ocrx_word' id='word_1_491' title='bbox 2604 2071 2827 2142; x_wconf 89' lang='lat' dir='ltr'>priores</span> <span class='ocrx_word' id='word_1_492' title='bbox 2875 2072 3135 2139; x_wconf 85' lang='lat' dir='ltr'>fuerunt,</span> <span class='ocrx_word' id='word_1_493' title='bbox 3168 2076 3226 2128; x_wconf 87' lang='lat' dir='ltr'>et</span> <span class='ocrx_word' id='word_1_494' title='bbox 3271 2073 3520 2128; x_wconf 87' lang='lat' dir='ltr'>ascende</span> <span class='ocrx_word' id='word_1_495' title='bbox 3566 2073 3640 2128; x_wconf 87' lang='lat' dir='ltr'>ad</span> <span class='ocrx_word' id='word_1_496' title='bbox 3693 2087 3790 2128; x_wconf 89' lang='lat' dir='ltr'>me</span> 
     </span>
    </p>
   </div>
   <div class='ocr_carea' id='block_1_68' title="bbox 2124 2158 3788 2232">
    <p class='ocr_par' dir='ltr' id='par_1_68' title="bbox 2124 2158 3788 2232">
     <span class='ocr_line' id='line_1_68' title="bbox 2124 2158 3788 2232; baseline 0.003 -20"><span class='ocrx_word' id='word_1_497' title='bbox 2124 2158 2182 2212; x_wconf 80' lang='grc' dir='ltr'>ιη</span> <span class='ocrx_word' id='word_1_498' title='bbox 2217 2163 2485 2214; x_wconf 89' lang='lat' dir='ltr'>montem</span> <span class='ocrx_word' id='word_1_499' title='bbox 2515 2176 2528 2215; x_wconf 88' lang='lat'>:</span> <span class='ocrx_word' id='word_1_500' title='bbox 2563 2160 2861 2232; x_wconf 82' lang='lat' dir='ltr'>faciesque</span> <span class='ocrx_word' id='word_1_501' title='bbox 2891 2177 3088 2216; x_wconf 90' lang='lat' dir='ltr'>arcam</span> <span class='ocrx_word' id='word_1_502' title='bbox 3119 2160 3399 2232; x_wconf 89' lang='lat' dir='ltr'>ligneam,</span> <span class='ocrx_word' id='word_1_503' title='bbox 3431 2167 3491 2217; x_wconf 90' lang='lat' dir='ltr'>et</span> <span class='ocrx_word' id='word_1_504' title='bbox 3533 2161 3788 2217; x_wconf 90' lang='lat' dir='ltr'>scribam</span> 
     </span>
    </p>
   </div>
   <div class='ocr_carea' id='block_1_69' title="bbox 2126 2246 3795 2321">
    <p class='ocr_par' dir='ltr' id='par_1_69' title="bbox 2126 2246 3795 2321">
     <span class='ocr_line' id='line_1_69' title="bbox 2126 2246 3795 2321; baseline 0.002 -21"><span class='ocrx_word' id='word_1_505' title='bbox 2126 2247 2182 2301; x_wconf 92' lang='lat' dir='ltr'>in</span> <span class='ocrx_word' id='word_1_506' title='bbox 2220 2246 2435 2302; x_wconf 91' lang='lat' dir='ltr'>tabulis</span> <span class='ocrx_word' id='word_1_507' title='bbox 2483 2248 2680 2318; x_wconf 89' lang='lat' dir='ltr'>verba,</span> <span class='ocrx_word' id='word_1_508' title='bbox 2725 2265 2852 2320; x_wconf 72' lang='lat' dir='ltr'>quae</span> <span class='ocrx_word' id='word_1_509' title='bbox 2911 2250 3151 2305; x_wconf 89' lang='lat' dir='ltr'>fuerunt</span> <span class='ocrx_word' id='word_1_510' title='bbox 3203 2249 3264 2304; x_wconf 91' lang='lat' dir='ltr'>in</span> <span class='ocrx_word' id='word_1_511' title='bbox 3321 2249 3416 2305; x_wconf 89' lang='lat' dir='ltr'>his</span> <span class='ocrx_word' id='word_1_512' title='bbox 3473 2265 3624 2321; x_wconf 87' lang='lat' dir='ltr'>quas</span> <span class='ocrx_word' id='word_1_513' title='bbox 3653 2255 3795 2305; x_wconf 88' lang='lat' dir='ltr'>ante</span> 
     </span>
    </p>
   </div>
   <div class='ocr_carea' id='block_1_70' title="bbox 2129 2334 3797 2410">
    <p class='ocr_par' dir='ltr' id='par_1_70' title="bbox 2129 2334 3797 2410">
     <span class='ocr_line' id='line_1_70' title="bbox 2129 2334 3797 2410; baseline 0.002 -21"><span class='ocrx_word' id='word_1_514' title='bbox 2129 2334 2492 2406; x_wconf 87' lang='lat' dir='ltr'>confregisti,</span> <span class='ocrx_word' id='word_1_515' title='bbox 2552 2353 2855 2408; x_wconf 90' lang='lat' dir='ltr'>ponesque</span> <span class='ocrx_word' id='word_1_516' title='bbox 2910 2353 3009 2393; x_wconf 83' lang='lat' dir='ltr'>eas</span> <span class='ocrx_word' id='word_1_517' title='bbox 3083 2337 3142 2392; x_wconf 94' lang='lat' dir='ltr'>in</span> <span class='ocrx_word' id='word_1_518' title='bbox 3199 2354 3353 2393; x_wconf 89' lang='lat' dir='ltr'>arca.</span> <span class='ocrx_word' id='word_1_519' title='bbox 3405 2337 3537 2394; x_wconf 87' lang='lat' dir='ltr'>Feci</span> <span class='ocrx_word' id='word_1_520' title='bbox 3611 2337 3797 2410; x_wconf 88' lang='lat' dir='ltr'>igitur</span> 
     </span>
    </p>
   </div>
   <div class='ocr_carea' id='block_1_71' title="bbox 2132 2424 3793 2498">
    <p class='ocr_par' dir='ltr' id='par_1_71' title="bbox 2132 2424 3793 2498">
     <span class='ocr_line' id='line_1_71' title="bbox 2132 2424 3793 2498; baseline 0.002 -20"><span class='ocrx_word' id='word_1_521' title='bbox 2132 2440 2329 2478; x_wconf 79' lang='lat' dir='ltr'>arcam</span> <span class='ocrx_word' id='word_1_522' title='bbox 2363 2424 2433 2479; x_wconf 91' lang='lat' dir='ltr'>de</span> <span class='ocrx_word' id='word_1_523' title='bbox 2457 2424 2974 2497; x_wconf 37' lang='lat' dir='ltr'>Iignis,settim.(C.</span> <span class='ocrx_word' id='word_1_524' title='bbox 3003 2427 3189 2498; x_wconf 82' lang='lat' dir='ltr'><strong>XLII.)</strong></span> <span class='ocrx_word' id='word_1_525' title='bbox 3211 2427 3475 2498; x_wconf 90' lang='lat' dir='ltr'>Cumque</span> <span class='ocrx_word' id='word_1_526' title='bbox 3495 2426 3793 2483; x_wconf 86' lang='lat' dir='ltr'>dolassem</span> 
     </span>
    </p>
   </div>
   <div class='ocr_carea' id='block_1_72' title="bbox 2137 2512 3790 2587">
    <p class='ocr_par' dir='ltr' id='par_1_72' title="bbox 2137 2512 3790 2587">
     <span class='ocr_line' id='line_1_72' title="bbox 2137 2512 3790 2587; baseline 0.002 -21"><span class='ocrx_word' id='word_1_527' title='bbox 2137 2512 2286 2567; x_wconf 87' lang='lat' dir='ltr'>duas</span> <span class='ocrx_word' id='word_1_528' title='bbox 2319 2513 2554 2568; x_wconf 90' lang='lat' dir='ltr'>tabulas</span> <span class='ocrx_word' id='word_1_529' title='bbox 2586 2513 2849 2586; x_wconf 86' lang='lat' dir='ltr'>lapideas</span> <span class='ocrx_word' id='word_1_530' title='bbox 2881 2515 3072 2571; x_wconf 90' lang='lat' dir='ltr'>instar</span> <span class='ocrx_word' id='word_1_531' title='bbox 3116 2516 3408 2587; x_wconf 91' lang='lat' dir='ltr'>priorum,</span> <span class='ocrx_word' id='word_1_532' title='bbox 3441 2515 3680 2572; x_wconf 87' lang='lat' dir='ltr'>ascendi</span> <span class='ocrx_word' id='word_1_533' title='bbox 3731 2514 3790 2570; x_wconf 89' lang='lat' dir='ltr'>in</span> 
     </span>
    </p>
   </div>
   <div class='ocr_carea' id='block_1_73' title="bbox 2136 2601 3795 2676">
    <p class='ocr_par' dir='ltr' id='par_1_73' title="bbox 2136 2601 3795 2676">
     <span class='ocr_line' id='line_1_73' title="bbox 2136 2601 3795 2676; baseline 0.002 -22"><span class='ocrx_word' id='word_1_534' title='bbox 2136 2605 2416 2672; x_wconf 90' lang='lat' dir='ltr'>montem,</span> <span class='ocrx_word' id='word_1_535' title='bbox 2441 2601 2667 2658; x_wconf 87' lang='lat' dir='ltr'>habens</span> <span class='ocrx_word' id='word_1_536' title='bbox 2698 2619 2796 2659; x_wconf 89' lang='lat' dir='ltr'>eas</span> <span class='ocrx_word' id='word_1_537' title='bbox 2826 2602 2887 2658; x_wconf 92' lang='lat' dir='ltr'>in</span> <span class='ocrx_word' id='word_1_538' title='bbox 2921 2605 3210 2659; x_wconf 87' lang='lat' dir='ltr'>manibus.</span> <span class='ocrx_word' id='word_1_539' title='bbox 3235 2603 3594 2676; x_wconf 85' lang='lat' dir='ltr'>Scripsitque</span> <span class='ocrx_word' id='word_1_540' title='bbox 3615 2603 3677 2658; x_wconf 92' lang='lat' dir='ltr'>in</span> <span class='ocrx_word' id='word_1_541' title='bbox 3705 2608 3795 2658; x_wconf 88' lang='lat' dir='ltr'>ta-</span> 
     </span>
    </p>
   </div>
   <div class='ocr_carea' id='block_1_74' title="bbox 2134 2688 3790 2765">
    <p class='ocr_par' dir='ltr' id='par_1_74' title="bbox 2134 2688 3790 2765">
     <span class='ocr_line' id='line_1_74' title="bbox 2134 2688 3790 2765; baseline 0.002 -21"><span class='ocrx_word' id='word_1_542' title='bbox 2134 2688 2495 2760; x_wconf 88' lang='lat' dir='ltr'>bulis,juxta</span> <span class='ocrx_word' id='word_1_543' title='bbox 2523 2690 2582 2745; x_wconf 83' lang='lat' dir='ltr'>id</span> <span class='ocrx_word' id='word_1_544' title='bbox 2615 2691 2771 2762; x_wconf 90' lang='lat' dir='ltr'>quod</span> <span class='ocrx_word' id='word_1_545' title='bbox 2805 2692 2968 2763; x_wconf 84' lang='lat' dir='ltr'>prius</span> <span class='ocrx_word' id='word_1_546' title='bbox 3000 2692 3336 2765; x_wconf 86' lang='lat' dir='ltr'>scripserat,</span> <span class='ocrx_word' id='word_1_547' title='bbox 3359 2693 3536 2750; x_wconf 87' lang='lat' dir='ltr'>verba</span> <span class='ocrx_word' id='word_1_548' title='bbox 3562 2693 3790 2762; x_wconf 80' lang='lat' dir='ltr'>decem,</span> 
     </span>
    </p>
   </div>
   <div class='ocr_carea' id='block_1_75' title="bbox 2134 2781 3792 2852">
    <p class='ocr_par' dir='ltr' id='par_1_75' title="bbox 2134 2781 3792 2852">
     <span class='ocr_line' id='line_1_75' title="bbox 2134 2781 3792 2852; baseline 0.002 -17"><span class='ocrx_word' id='word_1_549' title='bbox 2134 2798 2262 2852; x_wconf 82' lang='lat' dir='ltr'>quae</span> <span class='ocrx_word' id='word_1_550' title='bbox 2299 2781 2532 2839; x_wconf 89' lang='lat' dir='ltr'>locutus</span> <span class='ocrx_word' id='word_1_551' title='bbox 2562 2788 2651 2840; x_wconf 88' lang='lat' dir='ltr'>est</span> <span class='ocrx_word' id='word_1_552' title='bbox 2701 2784 2989 2841; x_wconf 89' lang='lat' dir='ltr'>Dominus</span> <span class='ocrx_word' id='word_1_553' title='bbox 3045 2785 3118 2841; x_wconf 92' lang='lat' dir='ltr'>ad</span> <span class='ocrx_word' id='word_1_554' title='bbox 3174 2800 3278 2841; x_wconf 88' lang='lat' dir='ltr'>vos</span> <span class='ocrx_word' id='word_1_555' title='bbox 3337 2784 3398 2839; x_wconf 93' lang='lat' dir='ltr'>in</span> <span class='ocrx_word' id='word_1_556' title='bbox 3457 2789 3658 2840; x_wconf 90' lang='lat' dir='ltr'>monte</span> <span class='ocrx_word' id='word_1_557' title='bbox 3717 2784 3792 2839; x_wconf 90' lang='lat' dir='ltr'>de</span> 
     </span>
    </p>
   </div>
   <div class='ocr_carea' id='block_1_76' title="bbox 2136 2871 3796 2946">
    <p class='ocr_par' dir='ltr' id='par_1_76' title="bbox 2136 2871 3796 2946">
     <span class='ocr_line' id='line_1_76' title="bbox 2136 2871 3796 2946; baseline 0.003 -23"><span class='ocrx_word' id='word_1_558' title='bbox 2136 2871 2329 2925; x_wconf 91' lang='lat' dir='ltr'>medio</span> <span class='ocrx_word' id='word_1_559' title='bbox 2350 2871 2524 2942; x_wconf 89' lang='lat' dir='ltr'>ignis,</span> <span class='ocrx_word' id='word_1_560' title='bbox 2545 2873 2780 2943; x_wconf 87' lang='lat' dir='ltr'>quando</span> <span class='ocrx_word' id='word_1_561' title='bbox 2804 2871 3058 2945; x_wconf 89' lang='lat' dir='ltr'>populus</span> <span class='ocrx_word' id='word_1_562' title='bbox 3076 2878 3467 2946; x_wconf 88' lang='lat' dir='ltr'>congregatus</span> <span class='ocrx_word' id='word_1_563' title='bbox 3484 2877 3574 2928; x_wconf 86' lang='lat' dir='ltr'>est</span> <span class='ocrx_word' id='word_1_564' title='bbox 3593 2890 3608 2940; x_wconf 88' lang='lat'><strong>;</strong></span> <span class='ocrx_word' id='word_1_565' title='bbox 3629 2871 3796 2929; x_wconf 83' lang='lat' dir='ltr'>dedit</span> 
     </span>
    </p>
   </div>
   <div class='ocr_carea' id='block_1_77' title="bbox 2135 2959 3790 3033">
    <p class='ocr_par' dir='ltr' id='par_1_77' title="bbox 2135 2959 3790 3033">
     <span class='ocr_line' id='line_1_77' title="bbox 2135 2959 3790 3033; baseline 0.002 -20"><span class='ocrx_word' id='word_1_566' title='bbox 2135 2975 2233 3014; x_wconf 87' lang='lat' dir='ltr'>eas</span> <span class='ocrx_word' id='word_1_567' title='bbox 2264 2959 2409 3014; x_wconf 92' lang='lat' dir='ltr'>mihi</span> <span class='ocrx_word' id='word_1_568' title='bbox 2443 2961 2524 3023; x_wconf 81' lang='lat' dir='ltr'>(h.</span> <span class='ocrx_word' id='word_1_569' title='bbox 2550 2960 2608 3016; x_wconf 92' lang='lat' dir='ltr'>in</span> <span class='ocrx_word' id='word_1_570' title='bbox 2639 2961 2734 3017; x_wconf 91' lang='lat' dir='ltr'>die</span> <span class='ocrx_word' id='word_1_571' title='bbox 2763 2961 3251 3033; x_wconf 79' lang='lat' dir='ltr'>congregationis,</span> <span class='ocrx_word' id='word_1_572' title='bbox 3275 2966 3334 3018; x_wconf 89' lang='lat' dir='ltr'>et</span> <span class='ocrx_word' id='word_1_573' title='bbox 3367 2962 3530 3018; x_wconf 85' lang='lat' dir='ltr'>dedit</span> <span class='ocrx_word' id='word_1_574' title='bbox 3551 2979 3652 3018; x_wconf 86' lang='lat' dir='ltr'>eas</span> <span class='ocrx_word' id='word_1_575' title='bbox 3673 2961 3790 3017; x_wconf 86' lang='lat' dir='ltr'>Do-</span> 
     </span>
    </p>
   </div>
   <div class='ocr_carea' id='block_1_78' title="bbox 2135 3047 3789 3122">
    <p class='ocr_par' dir='ltr' id='par_1_78' title="bbox 2135 3047 3789 3122">
     <span class='ocr_line' id='line_1_78' title="bbox 2135 3047 3789 3122; baseline 0.003 -21"><span class='ocrx_word' id='word_1_576' title='bbox 2135 3047 2334 3103; x_wconf 89' lang='lat' dir='ltr'>minus</span> <span class='ocrx_word' id='word_1_577' title='bbox 2391 3049 2560 3106; x_wconf 90' lang='lat' dir='ltr'>mihi.</span> <span class='ocrx_word' id='word_1_578' title='bbox 2592 3049 2677 3118; x_wconf 92' lang='lat' dir='ltr'>(C.</span> <span class='ocrx_word' id='word_1_579' title='bbox 2710 3051 2912 3120; x_wconf 84' lang='lat' dir='ltr'><strong>XLII.)</strong></span> <span class='ocrx_word' id='word_1_580' title='bbox 2964 3051 3373 3122; x_wconf 82' lang='lat' dir='ltr'>Reversusque</span> <span class='ocrx_word' id='word_1_581' title='bbox 3428 3052 3500 3107; x_wconf 88' lang='lat' dir='ltr'>de</span> <span class='ocrx_word' id='word_1_582' title='bbox 3563 3056 3789 3121; x_wconf 89' lang='lat' dir='ltr'>monte,</span> 
     </span>
    </p>
   </div>
   <div class='ocr_carea' id='block_1_79' title="bbox 2136 3136 3789 3211">
    <p class='ocr_par' dir='ltr' id='par_1_79' title="bbox 2136 3136 3789 3211">
     <span class='ocr_line' id='line_1_79' title="bbox 2136 3136 3789 3211; baseline 0.003 -21"><span class='ocrx_word' id='word_1_583' title='bbox 2136 3136 2411 3193; x_wconf 85' lang='lat' dir='ltr'>descendi</span> <span class='ocrx_word' id='word_1_584' title='bbox 2443 3144 2500 3194; x_wconf 88' lang='lat' dir='ltr'>et</span> <span class='ocrx_word' id='word_1_585' title='bbox 2528 3145 2699 3210; x_wconf 87' lang='lat' dir='ltr'>posui</span> <span class='ocrx_word' id='word_1_586' title='bbox 2725 3139 2956 3196; x_wconf 82' lang='lat' dir='ltr'>tabulas</span> <span class='ocrx_word' id='word_1_587' title='bbox 2989 3141 3048 3195; x_wconf 90' lang='lat' dir='ltr'>in</span> <span class='ocrx_word' id='word_1_588' title='bbox 3075 3156 3269 3196; x_wconf 89' lang='lat' dir='ltr'>arcam</span> <span class='ocrx_word' id='word_1_589' title='bbox 3291 3157 3471 3211; x_wconf 89' lang='lat' dir='ltr'>quam</span> <span class='ocrx_word' id='word_1_590' title='bbox 3503 3139 3789 3204; x_wconf 81' lang='lat' dir='ltr'>feceram,</span> 
     </span>
    </p>
   </div>
   <div class='ocr_carea' id='block_1_80' title="bbox 2139 3225 3796 3301">
    <p class='ocr_par' dir='ltr' id='par_1_80' title="bbox 2139 3225 3796 3301">
     <span class='ocr_line' id='line_1_80' title="bbox 2139 3225 3796 3301; baseline 0.002 -22"><span class='ocrx_word' id='word_1_591' title='bbox 2139 3242 2266 3296; x_wconf 64' lang='lat' dir='ltr'>quas</span> <span class='ocrx_word' id='word_1_592' title='bbox 2293 3225 2601 3299; x_wconf 88' lang='lat' dir='ltr'>hucusque</span> <span class='ocrx_word' id='word_1_593' title='bbox 2631 3227 2710 3283; x_wconf 91' lang='lat' dir='ltr'>ibi</span> <span class='ocrx_word' id='word_1_594' title='bbox 2742 3233 2902 3300; x_wconf 89' lang='lat' dir='ltr'>sunt,</span> <span class='ocrx_word' id='word_1_595' title='bbox 2928 3229 3082 3284; x_wconf 91' lang='lat' dir='ltr'>sicut</span> <span class='ocrx_word' id='word_1_596' title='bbox 3115 3228 3261 3285; x_wconf 92' lang='lat' dir='ltr'>mihi</span> <span class='ocrx_word' id='word_1_597' title='bbox 3287 3229 3562 3301; x_wconf 71' lang='lat' dir='ltr'>praecepit</span> <span class='ocrx_word' id='word_1_598' title='bbox 3594 3228 3796 3285; x_wconf 86' lang='lat' dir='ltr'>Domi-</span> 
     </span>
    </p>
   </div>
   <div class='ocr_carea' id='block_1_81' title="bbox 2143 3314 3791 3375">
    <p class='ocr_par' dir='ltr' id='par_1_81' title="bbox 2143 3314 3791 3375">
     <span class='ocr_line' id='line_1_81' title="bbox 2143 3314 3791 3375; baseline 0.002 -6"><span class='ocrx_word' id='word_1_599' title='bbox 2143 3331 2274 3370; x_wconf 86' lang='lat' dir='ltr'>nus.</span> <span class='ocrx_word' id='word_1_600' title='bbox 2311 3314 2438 3370; x_wconf 87' lang='lat' dir='ltr'>Filii</span> <span class='ocrx_word' id='word_1_601' title='bbox 2469 3321 2664 3372; x_wconf 82' lang='lat' dir='ltr'>autem</span> <span class='ocrx_word' id='word_1_602' title='bbox 2697 3316 2877 3373; x_wconf 89' lang='lat' dir='ltr'>Israel</span> <span class='ocrx_word' id='word_1_603' title='bbox 2909 3322 3216 3374; x_wconf 88' lang='lat' dir='ltr'>moverunt</span> <span class='ocrx_word' id='word_1_604' title='bbox 3253 3323 3448 3374; x_wconf 90' lang='lat' dir='ltr'>castra</span> <span class='ocrx_word' id='word_1_605' title='bbox 3475 3335 3544 3375; x_wconf 84' lang='lat' dir='ltr'>ex</span> <span class='ocrx_word' id='word_1_606' title='bbox 3573 3317 3791 3374; x_wconf 89' lang='lat' dir='ltr'>Beroth</span> 
     </span>
    </p>
   </div>
   <div class='ocr_carea' id='block_1_82' title="bbox 2142 3401 3796 3474">
    <p class='ocr_par' dir='ltr' id='par_1_82' title="bbox 2142 3401 3796 3474">
     <span class='ocr_line' id='line_1_82' title="bbox 2142 3401 3796 3474; baseline 0.003 -17"><span class='ocrx_word' id='word_1_607' title='bbox 2142 3401 2399 3460; x_wconf 84' lang='lat' dir='ltr'>filiorum</span> <span class='ocrx_word' id='word_1_608' title='bbox 2427 3408 2608 3461; x_wconf 87' lang='lat' dir='ltr'>Jacan</span> <span class='ocrx_word' id='word_1_609' title='bbox 2643 3405 2703 3461; x_wconf 93' lang='lat' dir='ltr'>in</span> <span class='ocrx_word' id='word_1_610' title='bbox 2737 3406 2985 3474; x_wconf 89' lang='lat' dir='ltr'>Mosera,</span> <span class='ocrx_word' id='word_1_611' title='bbox 3020 3407 3122 3462; x_wconf 90' lang='lat' dir='ltr'>ubi</span> <span class='ocrx_word' id='word_1_612' title='bbox 3177 3409 3368 3463; x_wconf 87' lang='lat' dir='ltr'>Aaron</span> <span class='ocrx_word' id='word_1_613' title='bbox 3425 3411 3695 3463; x_wconf 88' lang='lat' dir='ltr'>mortuus</span> <span class='ocrx_word' id='word_1_614' title='bbox 3726 3423 3796 3462; x_wconf 90' lang='lat' dir='ltr'>ac</span> 
     </span>
    </p>
   </div>
   <div class='ocr_carea' id='block_1_83' title="bbox 2139 3491 3796 3567">
    <p class='ocr_par' dir='ltr' id='par_1_83' title="bbox 2139 3491 3796 3567">
     <span class='ocr_line' id='line_1_83' title="bbox 2139 3491 3796 3567; baseline 0.003 -21"><span class='ocrx_word' id='word_1_615' title='bbox 2139 3491 2410 3562; x_wconf 91' lang='lat' dir='ltr'>sepultus</span> <span class='ocrx_word' id='word_1_616' title='bbox 2425 3499 2534 3562; x_wconf 88' lang='lat' dir='ltr'>est,</span> <span class='ocrx_word' id='word_1_617' title='bbox 2550 3511 2776 3567; x_wconf 91' lang='lat' dir='ltr'>proquo</span> <span class='ocrx_word' id='word_1_618' title='bbox 2790 3495 3116 3551; x_wconf 90' lang='lat' dir='ltr'>sacerdotio</span> <span class='ocrx_word' id='word_1_619' title='bbox 3131 3495 3371 3551; x_wconf 87' lang='lat' dir='ltr'>functus</span> <span class='ocrx_word' id='word_1_620' title='bbox 3386 3500 3476 3551; x_wconf 88' lang='lat' dir='ltr'>est</span> <span class='ocrx_word' id='word_1_621' title='bbox 3490 3495 3650 3552; x_wconf 84' lang='lat' dir='ltr'>filius</span> <span class='ocrx_word' id='word_1_622' title='bbox 3663 3496 3796 3566; x_wconf 90' lang='lat' dir='ltr'>ejus</span> 
     </span>
    </p>
   </div>
   <div class='ocr_carea' id='block_1_84' title="bbox 2142 3579 3792 3656">
    <p class='ocr_par' dir='ltr' id='par_1_84' title="bbox 2142 3579 3792 3656">
     <span class='ocr_line' id='line_1_84' title="bbox 2142 3579 3792 3656; baseline 0.002 -21"><span class='ocrx_word' id='word_1_623' title='bbox 2142 3579 2393 3638; x_wconf 87' lang='lat' dir='ltr'>Eleazar.</span> <span class='ocrx_word' id='word_1_624' title='bbox 2420 3583 2560 3639; x_wconf 92' lang='lat' dir='ltr'>Inde</span> <span class='ocrx_word' id='word_1_625' title='bbox 2593 3589 2876 3640; x_wconf 88' lang='lat' dir='ltr'>venerunt</span> <span class='ocrx_word' id='word_1_626' title='bbox 2904 3583 2964 3639; x_wconf 92' lang='lat' dir='ltr'>in</span> <span class='ocrx_word' id='word_1_627' title='bbox 2996 3583 3236 3656; x_wconf 88' lang='lat' dir='ltr'>Gadgad</span> <span class='ocrx_word' id='word_1_628' title='bbox 3259 3585 3342 3656; x_wconf 91' lang='lat' dir='ltr'>(h.</span> <span class='ocrx_word' id='word_1_629' title='bbox 3367 3585 3428 3640; x_wconf 90' lang='lat' dir='ltr'>in</span> <span class='ocrx_word' id='word_1_630' title='bbox 3461 3584 3792 3656; x_wconf 89' lang='lat' dir='ltr'>Gud-god.)</span> 
     </span>
    </p>
   </div>
   <div class='ocr_carea' id='block_1_85' title="bbox 2142 3670 3796 3744">
    <p class='ocr_par' dir='ltr' id='par_1_85' title="bbox 2142 3670 3796 3744">
     <span class='ocr_line' id='line_1_85' title="bbox 2142 3670 3796 3744; baseline 0.002 -20"><span class='ocrx_word' id='word_1_631' title='bbox 2142 3670 2213 3724; x_wconf 91' lang='lat' dir='ltr'>de</span> <span class='ocrx_word' id='word_1_632' title='bbox 2231 3687 2346 3741; x_wconf 91' lang='lat' dir='ltr'>quo</span> <span class='ocrx_word' id='word_1_633' title='bbox 2367 3670 2493 3727; x_wconf 93' lang='lat' dir='ltr'>loco</span> <span class='ocrx_word' id='word_1_634' title='bbox 2516 3671 2777 3744; x_wconf 85' lang='lat' dir='ltr'>profecti,</span> <span class='ocrx_word' id='word_1_635' title='bbox 2795 3673 3194 3728; x_wconf 87' lang='lat' dir='ltr'>castrametati</span> <span class='ocrx_word' id='word_1_636' title='bbox 3213 3677 3354 3728; x_wconf 90' lang='lat' dir='ltr'>sunt</span> <span class='ocrx_word' id='word_1_637' title='bbox 3370 3671 3431 3728; x_wconf 91' lang='lat' dir='ltr'>in</span> <span class='ocrx_word' id='word_1_638' title='bbox 3453 3672 3796 3741; x_wconf 83' lang='lat' dir='ltr'>Jetabatha,</span> 
     </span>
    </p>
   </div>
   <div class='ocr_carea' id='block_1_86' title="bbox 2142 3758 3796 3834">
    <p class='ocr_par' dir='ltr' id='par_1_86' title="bbox 2142 3758 3796 3834">
     <span class='ocr_line' id='line_1_86' title="bbox 2142 3758 3796 3834; baseline 0.002 -21"><span class='ocrx_word' id='word_1_639' title='bbox 2142 3758 2202 3813; x_wconf 91' lang='lat' dir='ltr'>in</span> <span class='ocrx_word' id='word_1_640' title='bbox 2231 3763 2385 3815; x_wconf 88' lang='lat' dir='ltr'>terra</span> <span class='ocrx_word' id='word_1_641' title='bbox 2413 3778 2697 3834; x_wconf 87' lang='lat' dir='ltr'>aquarum</span> <span class='ocrx_word' id='word_1_642' title='bbox 2723 3762 2805 3833; x_wconf 88' lang='lat' dir='ltr'>(h.</span> <span class='ocrx_word' id='word_1_643' title='bbox 2834 3763 2891 3816; x_wconf 89' lang='lat' dir='ltr'>in</span> <span class='ocrx_word' id='word_1_644' title='bbox 2915 3767 3070 3818; x_wconf 90' lang='lat' dir='ltr'>terra</span> <span class='ocrx_word' id='word_1_645' title='bbox 3089 3763 3441 3818; x_wconf 85' lang='lat' dir='ltr'>torrentium</span> <span class='ocrx_word' id='word_1_646' title='bbox 3475 3761 3796 3834; x_wconf 82' lang='lat' dir='ltr'>aquarum)</span> 
     </span>
    </p>
   </div>
   <div class='ocr_carea' id='block_1_87' title="bbox 2142 3849 3794 3923">
    <p class='ocr_par' dir='ltr' id='par_1_87' title="bbox 2142 3849 3794 3923">
     <span class='ocr_line' id='line_1_87' title="bbox 2142 3849 3794 3923; baseline 0.002 -21"><span class='ocrx_word' id='word_1_647' title='bbox 2142 3852 2317 3920; x_wconf 89' lang='lat' dir='ltr'>atque</span> <span class='ocrx_word' id='word_1_648' title='bbox 2331 3851 2698 3905; x_wconf 86' lang='lat' dir='ltr'>torrentium.</span> <span class='ocrx_word' id='word_1_649' title='bbox 2716 3851 2798 3923; x_wconf 88' lang='lat' dir='ltr'>(C.</span> <span class='ocrx_word' id='word_1_650' title='bbox 2815 3849 3118 3922; x_wconf 88' lang='lat' dir='ltr'><strong>XLIV.)E0</strong></span> <span class='ocrx_word' id='word_1_651' title='bbox 3133 3855 3394 3922; x_wconf 90' lang='lat' dir='ltr'>tempore</span> <span class='ocrx_word' id='word_1_652' title='bbox 3406 3850 3794 3922; x_wconf 88' lang='lat' dir='ltr'>separavit(h.</span> 
     </span>
    </p>
   </div>
   <div class='ocr_carea' id='block_1_88' title="bbox 2141 3938 3800 4012">
    <p class='ocr_par' dir='ltr' id='par_1_88' title="bbox 2141 3938 3800 4012">
     <span class='ocr_line' id='line_1_88' title="bbox 2141 3938 3800 4012; baseline 0.002 -20"><span class='ocrx_word' id='word_1_653' title='bbox 2141 3938 2970 4011; x_wconf 87' lang='lat' dir='ltr'>separavitDominus)tribum</span> <span class='ocrx_word' id='word_1_654' title='bbox 2988 3940 3682 4012; x_wconf 87' lang='lat' dir='ltr'>Levi,utportaretarcam</span> <span class='ocrx_word' id='word_1_655' title='bbox 3699 3941 3800 3995; x_wconf 75' lang='lat' dir='ltr'>fm-</span> 
     </span>
    </p>
   </div>
   <div class='ocr_carea' id='block_1_89' title="bbox 2141 4026 3798 4096">
    <p class='ocr_par' dir='ltr' id='par_1_89' title="bbox 2141 4026 3798 4096">
     <span class='ocr_line' id='line_1_89' title="bbox 2141 4026 3798 4096; baseline 0.003 -16"><span class='ocrx_word' id='word_1_656' title='bbox 2141 4026 2298 4081; x_wconf 90' lang='lat' dir='ltr'>deris</span> <span class='ocrx_word' id='word_1_657' title='bbox 2317 4027 2564 4094; x_wconf 88' lang='lat' dir='ltr'>Domini,</span> <span class='ocrx_word' id='word_1_658' title='bbox 2589 4033 2646 4084; x_wconf 89' lang='lat' dir='ltr'>et</span> <span class='ocrx_word' id='word_1_659' title='bbox 2665 4034 2845 4084; x_wconf 91' lang='lat' dir='ltr'>staret</span> <span class='ocrx_word' id='word_1_660' title='bbox 2865 4045 3060 4084; x_wconf 89' lang='lat' dir='ltr'>coram</span> <span class='ocrx_word' id='word_1_661' title='bbox 3083 4045 3148 4084; x_wconf 90' lang='lat' dir='ltr'>eo</span> <span class='ocrx_word' id='word_1_662' title='bbox 3167 4027 3226 4083; x_wconf 91' lang='lat' dir='ltr'>in</span> <span class='ocrx_word' id='word_1_663' title='bbox 3243 4027 3590 4096; x_wconf 88' lang='lat' dir='ltr'>ministerio,</span> <span class='ocrx_word' id='word_1_664' title='bbox 3607 4044 3673 4084; x_wconf 85' lang='lat' dir='ltr'>ac</span> <span class='ocrx_word' id='word_1_665' title='bbox 3694 4029 3798 4085; x_wconf 87' lang='lat' dir='ltr'>be-</span> 
     </span>
    </p>
   </div>
   <div class='ocr_carea' id='block_1_90' title="bbox 2142 4116 3797 4189">
    <p class='ocr_par' dir='ltr' id='par_1_90' title="bbox 2142 4116 3797 4189">
     <span class='ocr_line' id='line_1_90' title="bbox 2142 4116 3797 4189; baseline 0.002 -19"><span class='ocrx_word' id='word_1_666' title='bbox 2142 4116 2438 4172; x_wconf 85' lang='lat' dir='ltr'>nediceret</span> <span class='ocrx_word' id='word_1_667' title='bbox 2459 4116 2515 4170; x_wconf 92' lang='lat' dir='ltr'>in</span> <span class='ocrx_word' id='word_1_668' title='bbox 2538 4117 2776 4172; x_wconf 88' lang='lat' dir='ltr'>nomine</span> <span class='ocrx_word' id='word_1_669' title='bbox 2793 4116 2956 4172; x_wconf 89' lang='lat' dir='ltr'>illius</span> <span class='ocrx_word' id='word_1_670' title='bbox 2978 4133 3164 4189; x_wconf 91' lang='lat' dir='ltr'>usque</span> <span class='ocrx_word' id='word_1_671' title='bbox 3189 4117 3247 4173; x_wconf 92' lang='lat' dir='ltr'>in</span> <span class='ocrx_word' id='word_1_672' title='bbox 3271 4122 3618 4189; x_wconf 67' lang='lat' dir='ltr'>praesentem</span> <span class='ocrx_word' id='word_1_673' title='bbox 3635 4116 3797 4174; x_wconf 91' lang='lat' dir='ltr'>diem</span> 
     </span>
    </p>
   </div>
   <div class='ocr_carea' id='block_1_91' title="bbox 2141 4205 3799 4277">
    <p class='ocr_par' dir='ltr' id='par_1_91' title="bbox 2141 4205 3799 4277">
     <span class='ocr_line' id='line_1_91' title="bbox 2141 4205 3799 4277; baseline 0.001 -18"><span class='ocrx_word' id='word_1_674' title='bbox 2141 4206 2324 4270; x_wconf 87' lang='lat' dir='ltr'>Quam</span> <span class='ocrx_word' id='word_1_675' title='bbox 2358 4205 2430 4260; x_wconf 91' lang='lat' dir='ltr'>ob</span> <span class='ocrx_word' id='word_1_676' title='bbox 2461 4222 2581 4261; x_wconf 88' lang='lat' dir='ltr'>rem</span> <span class='ocrx_word' id='word_1_677' title='bbox 2617 4222 2731 4261; x_wconf 91' lang='lat' dir='ltr'>non</span> <span class='ocrx_word' id='word_1_678' title='bbox 2767 4206 2974 4260; x_wconf 83' lang='lat' dir='ltr'>habuit-</span> <span class='ocrx_word' id='word_1_679' title='bbox 3002 4205 3132 4260; x_wconf 91' lang='lat' dir='ltr'>Levi</span> <span class='ocrx_word' id='word_1_680' title='bbox 3166 4209 3414 4277; x_wconf 87' lang='lat' dir='ltr'>partem,</span> <span class='ocrx_word' id='word_1_681' title='bbox 3441 4220 3630 4276; x_wconf 89' lang='lat' dir='ltr'>neque</span> <span class='ocrx_word' id='word_1_682' title='bbox 3658 4221 3799 4277; x_wconf 86' lang='lat' dir='ltr'>pos-</span> 
     </span>
    </p>
   </div>
   <div class='ocr_carea' id='block_1_92' title="bbox 2139 4293 3794 4365">
    <p class='ocr_par' dir='ltr' id='par_1_92' title="bbox 2139 4293 3794 4365">
     <span class='ocr_line' id='line_1_92' title="bbox 2139 4293 3794 4365; baseline 0.001 -17"><span class='ocrx_word' id='word_1_683' title='bbox 2139 4293 2461 4348; x_wconf 90' lang='lat' dir='ltr'>sessionem</span> <span class='ocrx_word' id='word_1_684' title='bbox 2514 4311 2646 4350; x_wconf 91' lang='lat' dir='ltr'>cum</span> <span class='ocrx_word' id='word_1_685' title='bbox 2699 4293 2981 4350; x_wconf 87' lang='lat' dir='ltr'>fratribus</span> <span class='ocrx_word' id='word_1_686' title='bbox 3035 4295 3218 4365; x_wconf 80' lang='lat' dir='ltr'>(Vulg.</span> <span class='ocrx_word' id='word_1_687' title='bbox 3285 4293 3598 4363; x_wconf 87' lang='lat' dir='ltr'>fructibus)</span> <span class='ocrx_word' id='word_1_688' title='bbox 3625 4295 3794 4361; x_wconf 88' lang='lat' dir='ltr'>suis;</span> 
     </span>
    </p>
   </div>
   <div class='ocr_carea' id='block_1_93' title="bbox 2139 4381 3796 4454">
    <p class='ocr_par' dir='ltr' id='par_1_93' title="bbox 2139 4381 3796 4454">
     <span class='ocr_line' id='line_1_93' title="bbox 2139 4381 3796 4454; baseline 0.001 -17"><span class='ocrx_word' id='word_1_689' title='bbox 2139 4383 2277 4454; x_wconf 89' lang='lat' dir='ltr'>quia</span> <span class='ocrx_word' id='word_1_690' title='bbox 2307 4382 2433 4454; x_wconf 90' lang='lat' dir='ltr'>ipse</span> <span class='ocrx_word' id='word_1_691' title='bbox 2465 4383 2749 4439; x_wconf 87' lang='lat' dir='ltr'>Dominus</span> <span class='ocrx_word' id='word_1_692' title='bbox 2804 4381 3103 4454; x_wconf 88' lang='lat' dir='ltr'>possessio</span> <span class='ocrx_word' id='word_1_693' title='bbox 3134 4384 3265 4452; x_wconf 86' lang='lat' dir='ltr'>ejus</span> <span class='ocrx_word' id='word_1_694' title='bbox 3315 4385 3423 4452; x_wconf 89' lang='lat' dir='ltr'>est,</span> <span class='ocrx_word' id='word_1_695' title='bbox 3457 4383 3610 4439; x_wconf 89' lang='lat' dir='ltr'>sicut</span> <span class='ocrx_word' id='word_1_696' title='bbox 3657 4399 3796 4453; x_wconf 89' lang='lat' dir='ltr'>pro-</span> 
     </span>
    </p>
   </div>
   <div class='ocr_carea' id='block_1_94' title="bbox 2139 4470 3794 4543">
    <p class='ocr_par' dir='ltr' id='par_1_94' title="bbox 2139 4470 3794 4543">
     <span class='ocr_line' id='line_1_94' title="bbox 2139 4470 3794 4543; baseline 0.002 -18"><span class='ocrx_word' id='word_1_697' title='bbox 2139 4471 2300 4528; x_wconf 90' lang='lat' dir='ltr'>misit</span> <span class='ocrx_word' id='word_1_698' title='bbox 2333 4473 2384 4527; x_wconf 89' lang='lat' dir='ltr'>ei</span> <span class='ocrx_word' id='word_1_699' title='bbox 2417 4473 2703 4528; x_wconf 89' lang='lat' dir='ltr'>Dominus</span> <span class='ocrx_word' id='word_1_700' title='bbox 2733 4472 2818 4541; x_wconf 89' lang='lat' dir='ltr'>(h.</span> <span class='ocrx_word' id='word_1_701' title='bbox 2844 4472 3001 4528; x_wconf 89' lang='lat' dir='ltr'>sicut</span> <span class='ocrx_word' id='word_1_702' title='bbox 3028 4470 3262 4527; x_wconf 89' lang='lat' dir='ltr'>locutus</span> <span class='ocrx_word' id='word_1_703' title='bbox 3283 4475 3373 4527; x_wconf 91' lang='lat' dir='ltr'>est</span> <span class='ocrx_word' id='word_1_704' title='bbox 3402 4471 3453 4527; x_wconf 90' lang='lat' dir='ltr'>ei</span> <span class='ocrx_word' id='word_1_705' title='bbox 3477 4471 3794 4543; x_wconf 85' lang='lat' dir='ltr'>Dominus)</span> 
     </span>
    </p>
   </div>
   <div class='ocr_carea' id='block_1_95' title="bbox 379 4558 3792 4635">
    <p class='ocr_par' dir='ltr' id='par_1_95' title="bbox 379 4558 3792 4635">
     <span class='ocr_line' id='line_1_95' title="bbox 379 4558 3792 4635; baseline -0 -19"><span class='ocrx_word' id='word_1_706' title='bbox 379 4562 596 4635; x_wconf 85' lang='lat' dir='ltr'>projeci</span> <span class='ocrx_word' id='word_1_707' title='bbox 657 4561 714 4616; x_wconf 90' lang='lat' dir='ltr'>in</span> <span class='ocrx_word' id='word_1_708' title='bbox 777 4565 1117 4631; x_wconf 85' lang='lat' dir='ltr'>torrentem,</span> <span class='ocrx_word' id='word_1_709' title='bbox 1169 4561 1265 4632; x_wconf 93' lang='lat' dir='ltr'>qui</span> <span class='ocrx_word' id='word_1_710' title='bbox 1325 4567 1395 4615; x_wconf 90' lang='lat' dir='ltr'>de</span> <span class='ocrx_word' id='word_1_711' title='bbox 1453 4565 1648 4616; x_wconf 90' lang='lat' dir='ltr'>monte</span> <span class='ocrx_word' id='word_1_712' title='bbox 1705 4560 2025 4616; x_wconf 88' lang='lat' dir='ltr'>descendit.</span> <span class='ocrx_word' id='word_1_713' title='bbox 2058 4558 2106 4622; x_wconf 91' lang='lat' dir='ltr'>D</span> <span class='ocrx_word' id='word_1_714' title='bbox 2139 4560 2292 4617; x_wconf 91' lang='lat' dir='ltr'>Deus</span> <span class='ocrx_word' id='word_1_715' title='bbox 2324 4566 2480 4617; x_wconf 87' lang='lat' dir='ltr'>tuus.</span> <span class='ocrx_word' id='word_1_716' title='bbox 2515 4567 2630 4633; x_wconf 82' lang='lat' dir='ltr'>Ego</span> <span class='ocrx_word' id='word_1_717' title='bbox 2662 4565 2858 4616; x_wconf 90' lang='lat' dir='ltr'>autem</span> <span class='ocrx_word' id='word_1_718' title='bbox 2892 4561 3026 4615; x_wconf 90' lang='lat' dir='ltr'>steti</span> <span class='ocrx_word' id='word_1_719' title='bbox 3071 4560 3128 4614; x_wconf 88' lang='lat' dir='ltr'>in</span> <span class='ocrx_word' id='word_1_720' title='bbox 3163 4565 3383 4626; x_wconf 89' lang='lat' dir='ltr'>monte,</span> <span class='ocrx_word' id='word_1_721' title='bbox 3417 4561 3571 4616; x_wconf 89' lang='lat' dir='ltr'>sicut</span> <span class='ocrx_word' id='word_1_722' title='bbox 3600 4561 3792 4630; x_wconf 86' lang='lat' dir='ltr'>prius,</span> 
     </span>
    </p>
   </div>
   <div class='ocr_carea' id='block_1_96' title="bbox 385 4649 2028 4723">
    <p class='ocr_par' dir='ltr' id='par_1_96' title="bbox 385 4649 2028 4723">
     <span class='ocr_line' id='line_1_96' title="bbox 385 4649 2028 4723; baseline -0.001 -17"><span class='ocrx_word' id='word_1_723' title='bbox 385 4651 470 4721; x_wconf 66' lang='lat' dir='ltr'><strong>IC.</strong></span> <span class='ocrx_word' id='word_1_724' title='bbox 499 4649 838 4723; x_wconf 81' lang='lat' dir='ltr'><strong>XXXVIII.)</strong></span> <span class='ocrx_word' id='word_1_725' title='bbox 862 4652 923 4705; x_wconf 91' lang='lat' dir='ltr'><strong>In</strong></span> <span class='ocrx_word' id='word_1_726' title='bbox 956 4649 1226 4705; x_wconf 91' lang='lat' dir='ltr'>incendio</span> <span class='ocrx_word' id='word_1_727' title='bbox 1258 4666 1491 4721; x_wconf 89' lang='lat' dir='ltr'>quoque</span> <span class='ocrx_word' id='word_1_728' title='bbox 1520 4656 1576 4704; x_wconf 92' lang='lat' dir='ltr'>et</span> <span class='ocrx_word' id='word_1_729' title='bbox 1602 4649 1663 4704; x_wconf 89' lang='lat' dir='ltr'>in</span> <span class='ocrx_word' id='word_1_730' title='bbox 1689 4650 2028 4716; x_wconf 86' lang='lat' dir='ltr'>tentatione,</span> 
     </span>
    </p>
   </div>
   <div class='ocr_carea' id='block_1_97' title="bbox 382 4738 2027 4812">
    <p class='ocr_par' dir='ltr' id='par_1_97' title="bbox 382 4738 2027 4812">
     <span class='ocr_line' id='line_1_97' title="bbox 382 4738 2027 4812; baseline -0.002 -16"><span class='ocrx_word' id='word_1_731' title='bbox 382 4746 439 4796; x_wconf 92' lang='lat' dir='ltr'>et</span> <span class='ocrx_word' id='word_1_732' title='bbox 452 4740 507 4794; x_wconf 89' lang='lat' dir='ltr'>in</span> <span class='ocrx_word' id='word_1_733' title='bbox 524 4739 811 4812; x_wconf 86' lang='lat' dir='ltr'>sepulcris</span> <span class='ocrx_word' id='word_1_734' title='bbox 826 4738 1307 4811; x_wconf 80' lang='lat' dir='ltr'>concupiscentiae</span> <span class='ocrx_word' id='word_1_735' title='bbox 1324 4739 1680 4810; x_wconf 85' lang='lat' dir='ltr'>provocastis</span> <span class='ocrx_word' id='word_1_736' title='bbox 1692 4739 2027 4794; x_wconf 90' lang='lat' dir='ltr'>Dominum.</span> 
     </span>
    </p>
   </div>
   <div class='ocr_carea' id='block_1_98' title="bbox 383 4827 2028 4901">
    <p class='ocr_par' dir='ltr' id='par_1_98' title="bbox 383 4827 2028 4901">
     <span class='ocr_line' id='line_1_98' title="bbox 383 4827 2028 4901; baseline -0.001 -17"><span class='ocrx_word' id='word_1_737' title='bbox 383 4831 467 4901; x_wconf 80' lang='grc' dir='ltr'>(Ο.</span> <span class='ocrx_word' id='word_1_738' title='bbox 497 4828 788 4898; x_wconf 86' lang='lat' dir='ltr'><strong>XXXIX.)</strong></span> <span class='ocrx_word' id='word_1_739' title='bbox 819 4833 891 4884; x_wconf 84' lang='lat' dir='ltr'>Et</span> <span class='ocrx_word' id='word_1_740' title='bbox 921 4830 1156 4900; x_wconf 88' lang='lat' dir='ltr'>quando</span> <span class='ocrx_word' id='word_1_741' title='bbox 1185 4829 1345 4882; x_wconf 88' lang='lat' dir='ltr'>misit</span> <span class='ocrx_word' id='word_1_742' title='bbox 1375 4844 1475 4882; x_wconf 87' lang='lat' dir='ltr'>vos</span> <span class='ocrx_word' id='word_1_743' title='bbox 1508 4828 1575 4882; x_wconf 90' lang='lat' dir='ltr'>de</span> <span class='ocrx_word' id='word_1_744' title='bbox 1602 4827 2028 4897; x_wconf 85' lang='lat' dir='ltr'>Cades-Barne,</span> 
     </span>
    </p>
   </div>
   <div class='ocr_carea' id='block_1_99' title="bbox 385 4917 2026 4988">
    <p class='ocr_par' dir='ltr' id='par_1_99' title="bbox 385 4917 2026 4988">
     <span class='ocr_line' id='line_1_99' title="bbox 385 4917 2026 4988; baseline -0.001 -15"><span class='ocrx_word' id='word_1_745' title='bbox 385 4918 588 4974; x_wconf 89' lang='lat' dir='ltr'>dicens</span> <span class='ocrx_word' id='word_1_746' title='bbox 614 4936 627 4973; x_wconf 88' lang='lat'><strong>:</strong></span> <span class='ocrx_word' id='word_1_747' title='bbox 659 4918 968 4974; x_wconf 83' lang='lat' dir='ltr'>Ascendite</span> <span class='ocrx_word' id='word_1_748' title='bbox 997 4923 1055 4973; x_wconf 85' lang='lat' dir='ltr'>et</span> <span class='ocrx_word' id='word_1_749' title='bbox 1081 4918 1375 4988; x_wconf 87' lang='lat' dir='ltr'>possidete</span> <span class='ocrx_word' id='word_1_750' title='bbox 1407 4921 1645 4983; x_wconf 87' lang='lat' dir='ltr'>terram,</span> <span class='ocrx_word' id='word_1_751' title='bbox 1677 4934 1853 4988; x_wconf 91' lang='lat' dir='ltr'>quam</span> <span class='ocrx_word' id='word_1_752' title='bbox 1895 4917 2026 4972; x_wconf 91' lang='lat' dir='ltr'>dedi</span> 
     </span>
    </p>
   </div>
   <div class='ocr_carea' id='block_1_100' title="bbox 389 5005 2024 5078">
    <p class='ocr_par' dir='ltr' id='par_1_100' title="bbox 389 5005 2024 5078">
     <span class='ocr_line' id='line_1_100' title="bbox 389 5005 2024 5078; baseline -0.002 -14"><span class='ocrx_word' id='word_1_753' title='bbox 389 5006 582 5077; x_wconf 89' lang='lat' dir='ltr'>vobis,</span> <span class='ocrx_word' id='word_1_754' title='bbox 635 5007 1077 5077; x_wconf 89' lang='lat' dir='ltr'>contempsistis</span> <span class='ocrx_word' id='word_1_755' title='bbox 1111 5006 1419 5078; x_wconf 90' lang='lat' dir='ltr'>imperium</span> <span class='ocrx_word' id='word_1_756' title='bbox 1441 5005 1669 5062; x_wconf 90' lang='lat' dir='ltr'>Domini</span> <span class='ocrx_word' id='word_1_757' title='bbox 1693 5006 1792 5062; x_wconf 87' lang='lat' dir='ltr'>Dei</span> <span class='ocrx_word' id='word_1_758' title='bbox 1826 5006 2024 5077; x_wconf 90' lang='lat' dir='ltr'>vestri,</span> 
     </span>
    </p>
   </div>
   <div class='ocr_carea' id='block_1_101' title="bbox 385 5095 2025 5166">
    <p class='ocr_par' dir='ltr' id='par_1_101' title="bbox 385 5095 2025 5166">
     <span class='ocr_line' id='line_1_101' title="bbox 385 5095 2025 5166; baseline -0.001 -14"><span class='ocrx_word' id='word_1_759' title='bbox 385 5102 442 5152; x_wconf 93' lang='lat' dir='ltr'>et</span> <span class='ocrx_word' id='word_1_760' title='bbox 489 5113 604 5152; x_wconf 91' lang='lat' dir='ltr'>non</span> <span class='ocrx_word' id='word_1_761' title='bbox 658 5095 992 5152; x_wconf 89' lang='lat' dir='ltr'>credidistis</span> <span class='ocrx_word' id='word_1_762' title='bbox 1039 5098 1112 5164; x_wconf 87' lang='lat' dir='ltr'>ei,</span> <span class='ocrx_word' id='word_1_763' title='bbox 1147 5110 1332 5165; x_wconf 80' lang='lat' dir='ltr'>neque</span> <span class='ocrx_word' id='word_1_764' title='bbox 1391 5111 1585 5150; x_wconf 89' lang='lat' dir='ltr'>vocem</span> <span class='ocrx_word' id='word_1_765' title='bbox 1645 5096 1772 5166; x_wconf 86' lang='lat' dir='ltr'>ejus</span> <span class='ocrx_word' id='word_1_766' title='bbox 1822 5095 2025 5150; x_wconf 88' lang='lat' dir='ltr'>audire</span> 
     </span>
    </p>
   </div>
   <div class='ocr_carea' id='block_1_102' title="bbox 375 5183 2024 5256">
    <p class='ocr_par' dir='ltr' id='par_1_102' title="bbox 375 5183 2024 5256">
     <span class='ocr_line' id='line_1_102' title="bbox 375 5183 2024 5256; baseline -0.001 -12"><span class='ocrx_word' id='word_1_767' title='bbox 375 5185 778 5254; x_wconf 84' lang='lat' dir='ltr'>voluistis,sed</span> <span class='ocrx_word' id='word_1_768' title='bbox 807 5199 1040 5255; x_wconf 90' lang='lat' dir='ltr'>semper</span> <span class='ocrx_word' id='word_1_769' title='bbox 1064 5183 1257 5240; x_wconf 91' lang='lat' dir='ltr'>fuistis</span> <span class='ocrx_word' id='word_1_770' title='bbox 1281 5183 1526 5240; x_wconf 90' lang='lat' dir='ltr'>rebelles</span> <span class='ocrx_word' id='word_1_771' title='bbox 1547 5201 1579 5239; x_wconf 95' lang='lat' dir='ltr'>a</span> <span class='ocrx_word' id='word_1_772' title='bbox 1600 5184 1691 5240; x_wconf 90' lang='lat' dir='ltr'>die</span> <span class='ocrx_word' id='word_1_773' title='bbox 1713 5201 1829 5256; x_wconf 91' lang='lat' dir='ltr'>qua</span> <span class='ocrx_word' id='word_1_774' title='bbox 1851 5201 2024 5242; x_wconf 87' lang='lat' dir='ltr'>nosse</span> 
     </span>
    </p>
   </div>
   <div class='ocr_carea' id='block_1_103' title="bbox 449 5308 2020 5381">
    <p class='ocr_par' dir='ltr' id='par_1_103' title="bbox 449 5308 2020 5381">
     <span class='ocr_line' id='line_1_103' title="bbox 449 5308 2020 5381; baseline 0 -15"><span class='ocrx_word' id='word_1_775' title='bbox 449 5313 463 5346; x_wconf 84' lang='grc'>¹</span> <span class='ocrx_word' id='word_1_776' title='bbox 500 5309 777 5366; x_wconf 70' lang='lat' dir='ltr'>Hebraeus</span> <span class='ocrx_word' id='word_1_777' title='bbox 807 5309 1129 5364; x_wconf 88' lang='lat' dir='ltr'>hodiernus</span> <span class='ocrx_word' id='word_1_778' title='bbox 1158 5308 1603 5381; x_wconf 80' lang='lat' dir='ltr'>habetverbum</span> <span class='ocrx_word' id='word_1_779' title='bbox 1636 5309 1837 5379; x_wconf 67' lang='lat' dir='ltr'>prima:</span> <span class='ocrx_word' id='word_1_780' title='bbox 1890 5327 2020 5381; x_wconf 88' lang='lat' dir='ltr'>per-</span> 
     </span>
    </p>
   </div>
   <div class='ocr_carea' id='block_1_104' title="bbox 377 5379 2018 5450">
    <p class='ocr_par' dir='ltr' id='par_1_104' title="bbox 377 5379 2018 5450">
     <span class='ocr_line' id='line_1_104' title="bbox 377 5379 2018 5450; baseline 0 -12"><span class='ocrx_word' id='word_1_781' title='bbox 377 5398 553 5446; x_wconf 79' lang='lat' dir='ltr'>sonae,</span> <span class='ocrx_word' id='word_1_782' title='bbox 586 5382 637 5436; x_wconf 87' lang='lat' dir='ltr'>si</span> <span class='ocrx_word' id='word_1_783' title='bbox 668 5380 1166 5437; x_wconf 87' lang='lat' dir='ltr'>Massoretbarum</span> <span class='ocrx_word' id='word_1_784' title='bbox 1201 5379 1498 5435; x_wconf 90' lang='lat' dir='ltr'>vocalibus</span> <span class='ocrx_word' id='word_1_785' title='bbox 1531 5381 1763 5450; x_wconf 89' lang='lat' dir='ltr'>punctis</span> <span class='ocrx_word' id='word_1_786' title='bbox 1813 5379 2018 5438; x_wconf 81' lang='lat' dir='ltr'>creda-</span> 
     </span>
    </p>
   </div>
   <div class='ocr_carea' id='block_1_105' title="bbox 371 5451 2018 5522">
    <p class='ocr_par' dir='ltr' id='par_1_105' title="bbox 371 5451 2018 5522">
     <span class='ocr_line' id='line_1_105' title="bbox 371 5451 2018 5522; baseline 0.001 -14"><span class='ocrx_word' id='word_1_787' title='bbox 371 5471 528 5519; x_wconf 89' lang='lat' dir='ltr'>mus,</span> <span class='ocrx_word' id='word_1_788' title='bbox 560 5462 765 5520; x_wconf 63' lang='lat' dir='ltr'>nnny,</span> <span class='ocrx_word' id='word_1_789' title='bbox 789 5452 1121 5519; x_wconf 77' lang='lat' dir='ltr'>Isiuvilhim,</span> <span class='ocrx_word' id='word_1_790' title='bbox 1159 5451 1212 5505; x_wconf 90' lang='lat' dir='ltr'>id</span> <span class='ocrx_word' id='word_1_791' title='bbox 1246 5458 1355 5516; x_wconf 88' lang='lat' dir='ltr'>est,</span> <span class='ocrx_word' id='word_1_792' title='bbox 1384 5454 1629 5522; x_wconf 49' lang='lat' dir='ltr'>praecepi</span> <span class='ocrx_word' id='word_1_793' title='bbox 1648 5452 1744 5507; x_wconf 81' lang='lat' dir='ltr'>eis.</span> <span class='ocrx_word' id='word_1_794' title='bbox 1773 5455 1846 5506; x_wconf 82' lang='lat' dir='ltr'>At</span> <span class='ocrx_word' id='word_1_795' title='bbox 1882 5453 2018 5509; x_wconf 89' lang='lat' dir='ltr'><strong>LXX</strong></span> 
     </span>
    </p>
   </div>
   <div class='ocr_carea' id='block_1_106' title="bbox 370 5523 2018 5596">
    <p class='ocr_par' dir='ltr' id='par_1_106' title="bbox 370 5523 2018 5596">
     <span class='ocr_line' id='line_1_106' title="bbox 370 5523 2018 5596; baseline 0.001 -17"><span class='ocrx_word' id='word_1_796' title='bbox 370 5526 741 5596; x_wconf 85' lang='lat' dir='ltr'>interpretes,</span> <span class='ocrx_word' id='word_1_797' title='bbox 771 5523 1098 5594; x_wconf 74' lang='lat' dir='ltr'>Chaldzeus,</span> <span class='ocrx_word' id='word_1_798' title='bbox 1131 5524 1329 5596; x_wconf 81' lang='lat' dir='ltr'>Syrus,</span> <span class='ocrx_word' id='word_1_799' title='bbox 1370 5529 1428 5576; x_wconf 89' lang='lat' dir='ltr'>et</span> <span class='ocrx_word' id='word_1_800' title='bbox 1477 5523 1866 5596; x_wconf 71' lang='lat' dir='ltr'>Hieronymus</span> <span class='ocrx_word' id='word_1_801' title='bbox 1919 5543 2018 5580; x_wconf 90' lang='lat' dir='ltr'>no-</span> 
     </span>
    </p>
   </div>
   <div class='ocr_carea' id='block_1_107' title="bbox 373 5593 2020 5667">
    <p class='ocr_par' dir='ltr' id='par_1_107' title="bbox 373 5593 2020 5667">
     <span class='ocr_line' id='line_1_107' title="bbox 373 5593 2020 5667; baseline 0.002 -17"><span class='ocrx_word' id='word_1_802' title='bbox 373 5593 856 5667; x_wconf 35' lang='lat' dir='ltr'>men—legebant</span> <span class='ocrx_word' id='word_1_803' title='bbox 878 5593 1089 5667; x_wconf 62' lang='lat' dir='ltr'>army,</span> <span class='ocrx_word' id='word_1_804' title='bbox 1136 5593 1456 5659; x_wconf 74' lang='lat' dir='ltr'>siuvitham,</span> <span class='ocrx_word' id='word_1_805' title='bbox 1505 5595 1659 5664; x_wconf 90' lang='lat' dir='ltr'>quod</span> <span class='ocrx_word' id='word_1_806' title='bbox 1702 5593 2020 5667; x_wconf 81' lang='lat' dir='ltr'>significat</span> 
     </span>
    </p>
   </div>
   <div class='ocr_carea' id='block_1_108' title="bbox 372 5665 1023 5737">
    <p class='ocr_par' dir='ltr' id='par_1_108' title="bbox 372 5665 1023 5737">
     <span class='ocr_line' id='line_1_108' title="bbox 372 5665 1023 5737; baseline 0.002 -17"><span class='ocrx_word' id='word_1_807' title='bbox 372 5665 684 5737; x_wconf 52' lang='lat' dir='ltr'>praecepisti</span> <span class='ocrx_word' id='word_1_808' title='bbox 712 5668 812 5723; x_wconf 70' lang='lat' dir='ltr'>eis.</span> <span class='ocrx_word' id='word_1_809' title='bbox 841 5665 1023 5723; x_wconf 65' lang='lat' dir='ltr'>Man&#39;r.</span> 
     </span>
    </p>
   </div>
   <div class='ocr_carea' id='block_1_109' title="bbox 2141 4648 3794 4720">
    <p class='ocr_par' dir='ltr' id='par_1_109' title="bbox 2141 4648 3794 4720">
     <span class='ocr_line' id='line_1_109' title="bbox 2141 4648 3794 4720; baseline 0.001 -16"><span class='ocrx_word' id='word_1_810' title='bbox 2141 4650 2526 4720; x_wconf 79' lang='lat' dir='ltr'>quadraginta</span> <span class='ocrx_word' id='word_1_811' title='bbox 2557 4649 2765 4704; x_wconf 88' lang='lat' dir='ltr'>diebus</span> <span class='ocrx_word' id='word_1_812' title='bbox 2797 4665 2863 4704; x_wconf 90' lang='lat' dir='ltr'>ac</span> <span class='ocrx_word' id='word_1_813' title='bbox 2894 4649 3204 4703; x_wconf 74' lang='lat' dir='ltr'>noctibus:</span> <span class='ocrx_word' id='word_1_814' title='bbox 3239 4648 3651 4720; x_wconf 84' lang='lat' dir='ltr'>exaudivitque</span> <span class='ocrx_word' id='word_1_815' title='bbox 3697 4666 3794 4705; x_wconf 87' lang='lat' dir='ltr'>me</span> 
     </span>
    </p>
   </div>
   <div class='ocr_carea' id='block_1_110' title="bbox 2140 4736 3790 4808">
    <p class='ocr_par' dir='ltr' id='par_1_110' title="bbox 2140 4736 3790 4808">
     <span class='ocr_line' id='line_1_110' title="bbox 2140 4736 3790 4808; baseline 0.001 -15"><span class='ocrx_word' id='word_1_816' title='bbox 2140 4737 2424 4793; x_wconf 91' lang='lat' dir='ltr'>Dominus</span> <span class='ocrx_word' id='word_1_817' title='bbox 2473 4739 2648 4794; x_wconf 86' lang='lat' dir='ltr'>etiam</span> <span class='ocrx_word' id='word_1_818' title='bbox 2706 4737 2816 4792; x_wconf 92' lang='lat' dir='ltr'>hac</span> <span class='ocrx_word' id='word_1_819' title='bbox 2875 4736 3018 4807; x_wconf 91' lang='lat' dir='ltr'>vice,</span> <span class='ocrx_word' id='word_1_820' title='bbox 3051 4741 3110 4792; x_wconf 88' lang='lat' dir='ltr'>et</span> <span class='ocrx_word' id='word_1_821' title='bbox 3161 4741 3218 4792; x_wconf 92' lang='lat' dir='ltr'>te</span> <span class='ocrx_word' id='word_1_822' title='bbox 3275 4738 3518 4808; x_wconf 88' lang='lat' dir='ltr'>perdere</span> <span class='ocrx_word' id='word_1_823' title='bbox 3571 4736 3790 4794; x_wconf 87' lang='lat' dir='ltr'>noluit.</span> 
     </span>
    </p>
   </div>
   <div class='ocr_carea' id='block_1_111' title="bbox 2139 4825 3791 4899">
    <p class='ocr_par' dir='ltr' id='par_1_111' title="bbox 2139 4825 3791 4899">
     <span class='ocr_line' id='line_1_111' title="bbox 2139 4825 3791 4899; baseline 0.001 -18"><span class='ocrx_word' id='word_1_824' title='bbox 2139 4826 2411 4898; x_wconf 77' lang='lat' dir='ltr'>Dixitque</span> <span class='ocrx_word' id='word_1_825' title='bbox 2431 4827 2604 4882; x_wconf 91' lang='lat' dir='ltr'>mihi:</span> <span class='ocrx_word' id='word_1_826' title='bbox 2629 4827 2787 4882; x_wconf 90' lang='lat' dir='ltr'>Vade</span> <span class='ocrx_word' id='word_1_827' title='bbox 2810 4832 2868 4881; x_wconf 90' lang='lat' dir='ltr'>et</span> <span class='ocrx_word' id='word_1_828' title='bbox 2890 4825 3146 4896; x_wconf 67' lang='lat' dir='ltr'>prwcede</span> <span class='ocrx_word' id='word_1_829' title='bbox 3173 4825 3478 4898; x_wconf 88' lang='lat' dir='ltr'>populum,</span> <span class='ocrx_word' id='word_1_830' title='bbox 3506 4830 3568 4881; x_wconf 92' lang='lat' dir='ltr'>ut</span> <span class='ocrx_word' id='word_1_831' title='bbox 3588 4825 3791 4899; x_wconf 87' lang='lat' dir='ltr'>ingre-</span> 
     </span>
    </p>
   </div>
   <div class='ocr_carea' id='block_1_112' title="bbox 2135 4914 3790 4987">
    <p class='ocr_par' dir='ltr' id='par_1_112' title="bbox 2135 4914 3790 4987">
     <span class='ocr_line' id='line_1_112' title="bbox 2135 4914 3790 4987; baseline 0.001 -17"><span class='ocrx_word' id='word_1_832' title='bbox 2135 4915 2375 4970; x_wconf 88' lang='lat' dir='ltr'>diantur</span> <span class='ocrx_word' id='word_1_833' title='bbox 2399 4921 2454 4970; x_wconf 90' lang='lat' dir='ltr'>et</span> <span class='ocrx_word' id='word_1_834' title='bbox 2484 4916 2822 4986; x_wconf 88' lang='lat' dir='ltr'>possideant</span> <span class='ocrx_word' id='word_1_835' title='bbox 2868 4919 3104 4984; x_wconf 89' lang='lat' dir='ltr'>terram,</span> <span class='ocrx_word' id='word_1_836' title='bbox 3138 4930 3313 4986; x_wconf 89' lang='lat' dir='ltr'>quam</span> <span class='ocrx_word' id='word_1_837' title='bbox 3358 4914 3551 4984; x_wconf 83' lang='lat' dir='ltr'>juravi</span> <span class='ocrx_word' id='word_1_838' title='bbox 3603 4915 3790 4987; x_wconf 58' lang='lat' dir='ltr'>patria</span> 
     </span>
    </p>
   </div>
   <div class='ocr_carea' id='block_1_113' title="bbox 2136 5001 3791 5077">
    <p class='ocr_par' dir='ltr' id='par_1_113' title="bbox 2136 5001 3791 5077">
     <span class='ocr_line' id='line_1_113' title="bbox 2136 5001 3791 5077; baseline -0.001 -17"><span class='ocrx_word' id='word_1_839' title='bbox 2136 5003 2245 5060; x_wconf 86' lang='lat' dir='ltr'>bus</span> <span class='ocrx_word' id='word_1_840' title='bbox 2277 5021 2477 5060; x_wconf 91' lang='lat' dir='ltr'>eorum</span> <span class='ocrx_word' id='word_1_841' title='bbox 2500 5008 2562 5058; x_wconf 92' lang='lat' dir='ltr'>ut</span> <span class='ocrx_word' id='word_1_842' title='bbox 2593 5004 2884 5059; x_wconf 89' lang='lat' dir='ltr'>traderem</span> <span class='ocrx_word' id='word_1_843' title='bbox 2916 5003 3016 5059; x_wconf 88' lang='lat' dir='ltr'>eis.</span> <span class='ocrx_word' id='word_1_844' title='bbox 3038 5003 3121 5074; x_wconf 91' lang='lat'>(&#39;1‘.</span> <span class='ocrx_word' id='word_1_845' title='bbox 3151 5001 3266 5073; x_wconf 88' lang='lat' dir='ltr'><strong>VII,</strong></span> <span class='ocrx_word' id='word_1_846' title='bbox 3285 5002 3348 5058; x_wconf 91' lang='lat' dir='ltr'>B.</span> <span class='ocrx_word' id='word_1_847' title='bbox 3373 5003 3490 5071; x_wconf 91' lang='lat' dir='ltr'>XL,</span> <span class='ocrx_word' id='word_1_848' title='bbox 3509 5002 3569 5058; x_wconf 92' lang='lat' dir='ltr'>C.</span> <span class='ocrx_word' id='word_1_849' title='bbox 3595 5003 3791 5077; x_wconf 86' lang='lat' dir='ltr'><strong>XLV.)</strong></span> 
     </span>
    </p>
   </div>
   <div class='ocr_carea' id='block_1_114' title="bbox 2135 5090 3783 5164">
    <p class='ocr_par' dir='ltr' id='par_1_114' title="bbox 2135 5090 3783 5164">
     <span class='ocr_line' id='line_1_114' title="bbox 2135 5090 3783 5164; baseline 0 -16"><span class='ocrx_word' id='word_1_850' title='bbox 2135 5093 2204 5148; x_wconf 92' lang='lat' dir='ltr'>Et</span> <span class='ocrx_word' id='word_1_851' title='bbox 2235 5110 2410 5161; x_wconf 90' lang='lat' dir='ltr'>nunc,</span> <span class='ocrx_word' id='word_1_852' title='bbox 2437 5091 2633 5163; x_wconf 90' lang='lat' dir='ltr'>Israel,</span> <span class='ocrx_word' id='word_1_853' title='bbox 2656 5092 2798 5163; x_wconf 91' lang='lat' dir='ltr'>quid</span> <span class='ocrx_word' id='word_1_854' title='bbox 2822 5091 3111 5148; x_wconf 91' lang='lat' dir='ltr'>Dominus</span> <span class='ocrx_word' id='word_1_855' title='bbox 3134 5090 3290 5147; x_wconf 90' lang='lat' dir='ltr'>Deus</span> <span class='ocrx_word' id='word_1_856' title='bbox 3315 5096 3453 5147; x_wconf 87' lang='lat' dir='ltr'>tuus</span> <span class='ocrx_word' id='word_1_857' title='bbox 3475 5092 3680 5164; x_wconf 89' lang='lat' dir='ltr'>petita</span> <span class='ocrx_word' id='word_1_858' title='bbox 3705 5097 3783 5160; x_wconf 89' lang='lat' dir='ltr'>te,</span> 
     </span>
    </p>
   </div>
   <div class='ocr_carea' id='block_1_115' title="bbox 2136 5179 3790 5248">
    <p class='ocr_par' dir='ltr' id='par_1_115' title="bbox 2136 5179 3790 5248">
     <span class='ocr_line' id='line_1_115' title="bbox 2136 5179 3790 5248; baseline 0.002 -12"><span class='ocrx_word' id='word_1_859' title='bbox 2136 5182 2249 5238; x_wconf 90' lang='lat' dir='ltr'>nisi</span> <span class='ocrx_word' id='word_1_860' title='bbox 2281 5188 2344 5238; x_wconf 87' lang='lat' dir='ltr'>ut</span> <span class='ocrx_word' id='word_1_861' title='bbox 2391 5183 2603 5238; x_wconf 86' lang='lat' dir='ltr'>timeas</span> <span class='ocrx_word' id='word_1_862' title='bbox 2635 5179 2950 5237; x_wconf 92' lang='lat' dir='ltr'>Dominum</span> <span class='ocrx_word' id='word_1_863' title='bbox 2987 5181 3167 5236; x_wconf 90' lang='lat' dir='ltr'>Deum</span> <span class='ocrx_word' id='word_1_864' title='bbox 3197 5183 3389 5248; x_wconf 88' lang='lat' dir='ltr'>tuum,</span> <span class='ocrx_word' id='word_1_865' title='bbox 3421 5185 3480 5236; x_wconf 88' lang='lat' dir='ltr'>et</span> <span class='ocrx_word' id='word_1_866' title='bbox 3510 5180 3790 5239; x_wconf 82' lang='lat' dir='ltr'>ambules</span> 
     </span>
    </p>
   </div>
   <div class='ocr_carea' id='block_1_116' title="bbox 2203 5304 3790 5370">
    <p class='ocr_par' dir='ltr' id='par_1_116' title="bbox 2203 5304 3790 5370">
     <span class='ocr_line' id='line_1_116' title="bbox 2203 5304 3790 5370; baseline -0.001 -7"><span class='ocrx_word' id='word_1_867' title='bbox 2203 5339 2270 5349; x_wconf 90' lang='lat'>--</span> <span class='ocrx_word' id='word_1_868' title='bbox 2303 5306 2464 5370; x_wconf 86' lang='lat' dir='ltr'>Quod</span> <span class='ocrx_word' id='word_1_869' title='bbox 2500 5306 2556 5360; x_wconf 92' lang='lat' dir='ltr'>in</span> <span class='ocrx_word' id='word_1_870' title='bbox 2589 5306 2866 5362; x_wconf 83' lang='lat' dir='ltr'>Hebraico</span> <span class='ocrx_word' id='word_1_871' title='bbox 2897 5308 2986 5361; x_wconf 90' lang='lat' dir='ltr'>est</span> <span class='ocrx_word' id='word_1_872' title='bbox 3034 5304 3278 5360; x_wconf 88' lang='lat' dir='ltr'>verbum</span> <span class='ocrx_word' id='word_1_873' title='bbox 3324 5313 3504 5370; x_wconf 71' lang='lat' dir='ltr'>army</span> <span class='ocrx_word' id='word_1_874' title='bbox 3536 5304 3790 5362; x_wconf 89' lang='lat' dir='ltr'>diversis</span> 
     </span>
    </p>
   </div>
   <div class='ocr_carea' id='block_1_117' title="bbox 2133 5377 3790 5451">
    <p class='ocr_par' dir='ltr' id='par_1_117' title="bbox 2133 5377 3790 5451">
     <span class='ocr_line' id='line_1_117' title="bbox 2133 5377 3790 5451; baseline -0.001 -18"><span class='ocrx_word' id='word_1_875' title='bbox 2133 5381 2369 5451; x_wconf 89' lang='lat' dir='ltr'>punctis</span> <span class='ocrx_word' id='word_1_876' title='bbox 2413 5379 2805 5451; x_wconf 83' lang='lat' dir='ltr'>instructum,</span> <span class='ocrx_word' id='word_1_877' title='bbox 2852 5377 3197 5451; x_wconf 67' lang='lat' dir='ltr'>et__praecepi</span> <span class='ocrx_word' id='word_1_878' title='bbox 3243 5377 3320 5432; x_wconf 82' lang='lat' dir='ltr'>eis</span> <span class='ocrx_word' id='word_1_879' title='bbox 3359 5382 3424 5451; x_wconf 77' lang='lat' dir='ltr'>et</span> <span class='ocrx_word' id='word_1_880' title='bbox 3466 5379 3790 5451; x_wconf 62' lang='grc' dir='ltr'>ρνέεεερξειί</span> 
     </span>
    </p>
   </div>
   <div class='ocr_carea' id='block_1_118' title="bbox 2129 5446 3782 5520">
    <p class='ocr_par' dir='ltr' id='par_1_118' title="bbox 2129 5446 3782 5520">
     <span class='ocr_line' id='line_1_118' title="bbox 2129 5446 3782 5520; baseline -0.001 -14"><span class='ocrx_word' id='word_1_881' title='bbox 2129 5446 2226 5517; x_wconf 54' lang='lat' dir='ltr'>eis,</span> <span class='ocrx_word' id='word_1_882' title='bbox 2263 5449 2424 5506; x_wconf 90' lang='lat' dir='ltr'>reddi</span> <span class='ocrx_word' id='word_1_883' title='bbox 2460 5453 2770 5520; x_wconf 15' lang='lat' dir='ltr'>potest,iut</span> <span class='ocrx_word' id='word_1_884' title='bbox 2800 5453 2858 5520; x_wconf 82' lang='lat' dir='ltr'>et</span> <span class='ocrx_word' id='word_1_885' title='bbox 2897 5446 3272 5520; x_wconf 73' lang='lat' dir='ltr'>Martianteus</span> <span class='ocrx_word' id='word_1_886' title='bbox 3323 5446 3614 5520; x_wconf 76' lang='lat' dir='ltr'>observat.</span> <span class='ocrx_word' id='word_1_887' title='bbox 3647 5446 3782 5505; x_wconf 80' lang='lat' dir='ltr'>Bie-</span> 
     </span>
    </p>
   </div>
   <div class='ocr_carea' id='block_1_119' title="bbox 2130 5518 3784 5593">
    <p class='ocr_par' dir='ltr' id='par_1_119' title="bbox 2130 5518 3784 5593">
     <span class='ocr_line' id='line_1_119' title="bbox 2130 5518 3784 5593; baseline 0.001 -17"><span class='ocrx_word' id='word_1_888' title='bbox 2130 5539 2411 5593; x_wconf 84' lang='lat' dir='ltr'>ronymus</span> <span class='ocrx_word' id='word_1_889' title='bbox 2443 5518 2573 5592; x_wconf 80' lang='lat' dir='ltr'>post</span> <span class='ocrx_word' id='word_1_890' title='bbox 2605 5519 2754 5576; x_wconf 89' lang='lat' dir='ltr'>LXX</span> <span class='ocrx_word' id='word_1_891' title='bbox 2798 5518 2950 5593; x_wconf 86' lang='lat' dir='ltr'>hanc</span> <span class='ocrx_word' id='word_1_892' title='bbox 2978 5518 3241 5593; x_wconf 69' lang='lat' dir='ltr'>alteram</span> <span class='ocrx_word' id='word_1_893' title='bbox 3279 5518 3538 5593; x_wconf 68' lang='lat' dir='ltr'>praetulit</span> <span class='ocrx_word' id='word_1_894' title='bbox 3575 5518 3784 5578; x_wconf 83' lang='lat' dir='ltr'>lectio-</span> 
     </span>
    </p>
   </div>
   <div class='ocr_carea' id='block_1_120' title="bbox 2131 5589 3392 5664">
    <p class='ocr_par' dir='ltr' id='par_1_120' title="bbox 2131 5589 3392 5664">
     <span class='ocr_line' id='line_1_120' title="bbox 2131 5589 3392 5664; baseline -0.001 -14"><span class='ocrx_word' id='word_1_895' title='bbox 2131 5589 2287 5662; x_wconf 81' lang='lat' dir='ltr'>nem,</span> <span class='ocrx_word' id='word_1_896' title='bbox 2321 5609 2422 5650; x_wconf 90' lang='lat' dir='ltr'>seu</span> <span class='ocrx_word' id='word_1_897' title='bbox 2443 5589 2570 5664; x_wconf 56' lang='lat' dir='ltr'>&#39;qua</span> <span class='ocrx_word' id='word_1_898' title='bbox 2602 5598 2742 5649; x_wconf 89' lang='lat' dir='ltr'>tunc</span> <span class='ocrx_word' id='word_1_899' title='bbox 2773 5590 3099 5660; x_wconf 86' lang='lat' dir='ltr'>obtinebat,</span> <span class='ocrx_word' id='word_1_900' title='bbox 3133 5589 3392 5649; x_wconf 86' lang='lat' dir='ltr'>retinuit.</span> 
     </span>
    </p>
   </div>
  </div>
