4068 6172
253 303 344 362 469

246 527 328 577 tuo
355 523 406 576 in
429 526 541 578 toto
564 525 738 580 corde
759 528 880 594 tuo,
904 530 961 580 et
992 526 1049 580 in
1094 529 1214 582 tota
1273 525 1468 579 anima
1499 529 1636 578 tua:
1661 525 1857 578 custo-

244 611 450 681 diasque
504 614 782 670 mandata
835 613 1084 678 Domini,
1138 619 1196 670 et
1261 613 1642 670 caaremonias
1697 611 1850 679 ejus,

245 715 366 770 quas
410 714 510 769 ego
558 700 730 757 hodie
785 702 1056 774 praecipio
1103 701 1234 768 tibi,
1289 707 1354 757 ut
1400 703 1550 757 bene
1589 701 1668 756 sit
1708 697 1861 753 tibi?

249 787 321 854 (Β.
346 786 497 860 XLI.)
527 790 606 844 En
639 790 868 847 Domini
899 793 1001 847 Dei
1051 793 1134 847 tui
1168 782 1376 847 ccelum
1409 795 1518 857 est,
1551 794 1609 845 et
1647 786 1858 844 caelum

247 877 372 942 costi,
423 882 575 934 terra
620 885 677 935 et
723 881 922 936 omnia
969 897 1100 952 quae
1147 881 1206 936 in
1239 898 1306 937 ea
1353 885 1530 936 sunt:
1565 883 1624 934 et
1662 883 1861 932 tamen

244 964 474 1035 patribus
505 966 625 1022 tuis
654 968 1094 1040 conglutinatus
1109 974 1199 1024 est
1219 969 1526 1036 Dominus,
1559 971 1615 1022 et
1647 965 1865 1021 amavit

239 1069 340 1116 eos,
367 1053 650 1128 elegitque
699 1073 900 1113 semen
945 1075 1145 1114 eorum
1179 1062 1312 1130 post
1340 1074 1458 1124 eos,
1511 1057 1568 1111 id
1602 1059 1694 1110 est
1732 1070 1854 1122 vos,

242 1145 300 1197 de
343 1145 562 1200 cunctis
619 1147 931 1217 gentibus:
984 1147 1138 1203 sicut
1201 1147 1374 1202 hodie
1420 1145 1859 1217 comprobatur,

245 1231 313 1295 (Β.
357 1231 544 1304 XLII.)
591 1235 1008 1291 Circumcidite
1055 1235 1234 1307 igitur
1277 1233 1625 1308 prmputium
1668 1231 1860 1287 cordis

236 1321 399 1384 vestri,
430 1328 485 1377 et
513 1324 795 1380 cerlicem
839 1329 1096 1382 vestram
1128 1340 1196 1380 ne
1228 1324 1515 1379 induratis
1555 1321 1848 1392 amplius:

239 1410 352 1480 quia
374 1410 651 1467 Dominus
685 1414 835 1470 Deus
885 1417 1073 1470 vester
1117 1414 1243 1487 ipse
1272 1418 1360 1468 est
1394 1413 1546 1468 Deus
1589 1412 1854 1476 deorum,

235 1505 282 1552 et
303 1499 574 1555 Dominus
595 1502 1050 1574 dominantium,
1078 1505 1228 1558 Deus
1249 1518 1506 1574 magnus
1537 1505 1596 1556 et
1625 1504 1852 1572 potens,

239 1592 286 1642 et
309 1589 596 1658 terribilis,
618 1590 715 1660 qui
737 1608 1040 1664 personam
1069 1609 1182 1648 non
1204 1591 1438 1661 accipit,
1463 1605 1566 1645 nec
1593 1603 1858 1643 munera.

237 1677 677 1748 Fecitjudicium
709 1681 930 1753 pupillo
951 1687 1007 1737 et
1034 1681 1124 1736 vid
1137 1699 1244 1751 uae,
1277 1684 1438 1735 amat
1461 1677 1856 1750 peregrinum,

235 1765 317 1820 dat
341 1766 387 1822 ei
415 1766 492 1836 (h.
529 1773 598 1822 ut
625 1769 725 1824 det
743 1770 819 1840 ei)
849 1771 1064 1826 victum
1099 1776 1276 1842 atque
1321 1769 1619 1824 vestitum.
1656 1770 1720 1820 Et
1749 1781 1852 1820 vos

233 1871 348 1926 ergo
375 1861 565 1912 amate
597 1859 932 1930 peregrinos
981 1860 1120 1930 quia
1150 1863 1206 1914 et
1233 1858 1345 1930 ipsi
1380 1856 1572 1911 fuistis
1621 1855 1857 1909 advena

238 1943 304 2013 (h.
333 1946 643 2018 peregrini)
674 1947 732 2002 in
750 1953 908 2003 terra
931 1947 1176 2020 Egypti.
1213 1947 1297 2019 (Β.
1336 1945 1526 2010 XLIII,
1559 1943 1621 1999 Ο.
1644 1941 1860 2014 XLVI.)

236 2033 523 2089 Dominum
557 2034 741 2091 Deum
783 2040 952 2092 tuum
1005 2035 1260 2104 timebis,
1311 2039 1368 2091 et
1397 2035 1447 2090 ei
1500 2031 1679 2104 (Vulg.
1726 2029 1860 2100 add)

233 2123 345 2190 801i)
363 2125 578 2180 servies
603 2141 616 2178 :
640 2124 747 2196 ipsi
774 2125 1483 2197 adherebis,jurabisque
1524 2122 1584 2176 in
1616 2119 1855 2176 nomine

230 2208 384 2266 illius.
418 2211 547 2283 Ipse
579 2217 668 2268 est
699 2214 826 2269 laus
856 2219 980 2279 tua,
1012 2219 1068 2270 et
1097 2215 1254 2270 Deus
1275 2219 1434 2276 tuus,
1459 2210 1559 2282 qui
1587 2209 1720 2264 fecit
1749 2207 1857 2262 tibi

233 2297 333 2354 hac
363 2303 658 2371 magnalia
686 2307 743 2358 et
772 2303 1070 2371 terribilia,
1105 2320 1231 2375 quae
1260 2302 1532 2357 viderunt
1560 2297 1712 2354 oculi
1746 2298 1854 2352 tui.

233 2388 300 2457 (C.
323 2389 566 2457 XLVII.)
593 2394 657 2446 In
691 2393 1066 2465 septuaginta
1096 2391 1407 2448 animabus
1431 2389 1858 2443 descenderunt

232 2482 400 2542 patres
427 2481 515 2533 tui
540 2479 854 2552 [Egyptum
883 2495 898 2536 :
929 2485 987 2537 et
1017 2496 1146 2536 ecce
1177 2495 1333 2535 nunc
1356 2473 1769 2548 multiplicavit
1799 2477 1856 2528 te

230 2563 486 2624 Dominus
518 2574 682 2624 Deus
714 2575 853 2625 tuus
874 2569 1028 2625 sicut
1059 2577 1214 2624 astra
1265 2568 1414 2623 coeli.

283 2657 354 2723 (C.
375 2655 619 2725 XLVIII,
645 2659 773 2729 Cap.
799 2657 918 2730 XI).
943 2665 1086 2714 Ama
1104 2658 1302 2729 itaque
1322 2655 1640 2712 Dominum
1665 2658 1860 2708 Deum

225 2746 390 2816 ίσυων
422 2752 480 2802 et
509 2748 762 2804 observa
791 2755 1076 2821 precepts
1096 2749 1224 2818 ejus
1249 2752 1303 2803 et
1325 2744 1726 2812 caeremonias,
1762 2743 1862 2814 ju-

230 2832 362 2889 dicia
405 2840 591 2907 atque
619 2837 896 2892 mandata
940 2838 1100 2892 omni
1166 2841 1450 2908 tempore.
1508 2834 1596 2905 (Β.
1646 2830 1862 2900 XLIV.)

230 2920 550 2994 Cognoscite
586 2925 777 2991 hodie,
803 2942 929 2997 quis
954 2926 1228 2997 ignorant
1251 2923 1353 2978 filii
1384 2922 1584 2990 vestri,
1610 2920 1713 2992 qui
1744 2937 1860 2976 non

226 3010 472 3068 viderunt
501 3013 592 3084 (h.
617 3014 957 3086 Cognoscite
989 3013 1160 3070 hodie
1190 3015 1329 3086 quia
1360 3030 1472 3069 non
1505 3011 1710 3082 loquor
1739 3009 1860 3064 hinc

229 3098 346 3158 ﬁliis
375 3104 616 3168 vestris,
650 3105 750 3176 qui
776 3120 890 3161 non
924 3110 1321 3176 cognoverunt
1339 3107 1396 3159 et
1426 3119 1534 3159 non
1567 3097 1858 3169 viderunt)

1509 309 1724 364 LIBER
1760 308 2327 368 DEU'I‘RRONOMII.

247 432 294 488 in
321 432 414 489 viis
439 431 584 503 ejus,
615 437 674 490 et
699 433 912 508 diligas
941 451 1098 506 eum,
1123 451 1189 492 ac
1219 434 1439 493 servias
1467 433 1714 490 Domino
1745 431 1861 488 Deo
1892 433 1944 499 Α
1973 431 2221 504 pluvias.
2245 435 2428 499 Quam
2463 436 2745 494 Dominus
2778 440 2928 492 Deus
2970 440 3107 492 tuus
3138 452 3369 508 semper
3398 435 3620 507 invisit,
3726 461 3729 464 ·

3520 309 3626 367 470

1969 526 2026 576 et
2055 523 2205 577 oculi
2236 523 2398 580 illius
2431 526 2487 580 in
2521 542 2588 581 ea
2619 531 2758 581 sunt
2788 543 2820 582 a
2844 525 3130 598 principio
3163 525 3302 581 anni
3332 542 3518 597 usque
3549 527 3621 582 ad

1972 610 2145 666 ﬁnem
2179 614 2326 682 ejus.
2363 615 2446 684 (Β.
2506 615 2692 682 XLVI,
2738 615 2798 669 C.
2855 614 3047 686 XLIX)
3105 615 3154 669 si
3203 631 3340 686 ergo
3382 615 3619 672 obedie-

1971 698 2099 754 ritis
2132 702 2426 758 mandatis
2463 703 2630 773 meis,
2653 719 2778 774 quae
2801 719 2908 776 ego
2939 702 3111 758 hodie
3144 703 3412 775 pracfpio
3435 705 3620 776 vobis,

1973 792 2039 842 ut
2067 789 2331 861 diligatis
2361 790 2674 846 Dominum
2729 791 2909 847 Deum
2941 797 3219 858 vestrum,
3270 797 3327 847 et
3356 795 3622 850 servietis

1972 877 2024 933 ei
2055 879 2112 934 in
2147 885 2268 935 toto
2317 882 2490 936 corde
2532 886 2748 951 vestro,
2801 884 2860 936 et
2889 882 2947 936 in
2998 886 3119 936 tota
3167 883 3363 938 anima
3387 887 3619 939 vestra:

1973 967 2133 1022 dabit
2163 967 2422 1040 pluviam
2457 974 2620 1024 terrae
2668 973 2873 1025 νθειιδίθ
2899 973 3334 1040 tcmporaneam
3375 975 3433 1026 et
3461 987 3623 1028 sero-

1973 1056 2181 1126 tinam,
2209 1062 2271 1112 ut
2293 1057 2582 1130 colligatis
2599 1059 2980 1128 frumentum,
3005 1044 3064 1113 et
3083 1057 3307 1127 vinum,
3326 1064 3382 1115 et
3403 1059 3619 1128 oleum,

1975 1145 2172 1200 fenum
2205 1162 2273 1200 ex
2305 1147 2460 1218 agris
2493 1148 2563 1202 ad
2611 1147 2903 1219 pasconda
2952 1148 3242 1215 jumenta,
3291 1152 3348 1202 et
3399 1153 3462 1203 ut
3507 1148 3620 1220 ipsi

1973 1235 2293 1291 comedatis
2324 1253 2390 1293 ac
2439 1236 2804 1292 saturemini.
2852 1236 3056 1292 Cavete
3087 1252 3159 1292 ne
3192 1237 3334 1292 forte
3366 1237 3619 1310 decipia-

1973 1327 2068 1378 tur
2097 1340 2196 1379 cor
2226 1330 2507 1395 vestrum,
2539 1329 2595 1380 et
2618 1324 2901 1381 recedatis
2933 1342 2966 1380 a
3014 1325 3286 1393 Domino,
3319 1325 3617 1382 servistis-

1972 1427 2084 1484 que
2115 1412 2228 1467 diis
2285 1412 2514 1479 alienis,
2543 1417 2598 1468 et
2628 1412 2884 1470 adoretis
2915 1429 3051 1482 eos;
3085 1412 3390 1484 iratusque
3419 1414 3619 1469 Domi-

1972 1519 2080 1558 nus
2113 1503 2349 1560 claudat
2378 1504 2612 1573 oculum,
2663 1511 2716 1560 et
2743 1504 2947 1576 pluvia:
2981 1521 3094 1560 non
3143 1505 3503 1560 descendant
3533 1505 3616 1577 [h.

1970 1609 2085 1648 non
2114 1593 2280 1664 sint],
2315 1611 2417 1650 nec
2450 1599 2602 1649 terra
2635 1594 2731 1649 det
2755 1609 2993 1663 germen
3023 1611 3220 1660 suum,
3251 1595 3620 1665 pereatisque

1967 1681 2239 1738 velociter
2270 1683 2340 1738 de
2372 1687 2524 1738 terra
2555 1683 2796 1754 optima,
2830 1698 3008 1753 quam
3055 1681 3342 1738 Dominus
3373 1683 3620 1739 daturus

1967 1774 2056 1825 est
2085 1771 2270 1826 vobis.
2327 1772 2409 1837 [B.
2464 1770 2710 1840 XLVII.]
2766 1770 2966 1826 Ponite
3018 1771 3138 1826 haec
3169 1771 3344 1826 verba
3377 1788 3506 1827 mea
3558 1771 3618 1827 in

1968 1857 2242 1912 cordibus
2275 1863 2331 1913 et
2363 1858 2420 1912 in
2450 1857 2665 1914 animis
2695 1858 2926 1925 vestris,
2961 1862 3019 1913 et
3047 1859 3391 1930 suspendite
3421 1876 3487 1914 ca
3520 1877 3623 1930 pro

1969 1946 2137 2018 signo
2169 1946 2226 2002 in
2262 1947 2556 2016 manibus,
2590 1952 2646 2004 et
2676 1947 2828 2002 inter
2857 1947 3059 2003 oculos
3091 1952 3312 2003 vestros
3343 1947 3622 2004 collocate

1968 2034 2050 2108 [h.
2083 2042 2139 2090 et
2169 2037 2344 2107 ligate
2374 2052 2442 2092 ea
2460 2053 2562 2108 pro
2595 2037 2760 2106 signo
2783 2053 2960 2108 super
2993 2053 3232 2091 manum
3262 2040 3537 2105 vestram,
3564 2041 3622 2093 et

1966 2129 2138 2179 erunt
2169 2129 2235 2179 ut
2265 2123 2618 2196 phylacteria
2640 2128 2792 2180 inter
2806 2124 3008 2180 oculos
3039 2129 3282 2180 vestros.
3309 2124 3614 2196 Phylacte-

1966 2212 2049 2266 ria
2079 2212 2292 2278 Graece,
2328 2213 2606 2269 Hebraico
2657 2212 3034 2285 Totaphoth].
3069 2213 3154 2282 [B.
3205 2213 3474 2285 XLVIII.]
3509 2217 3615 2268 Do-

1966 2306 2090 2357 cete
2121 2301 2273 2357 filios
2303 2307 2527 2358 vestros
2559 2306 2624 2357 ut
2654 2301 2754 2356 illa
2778 2301 3412 2372 meditentur,quando
3444 2301 3609 2356 sede-

1965 2392 2047 2446 ris
2079 2392 2135 2444 in
2158 2391 2330 2446 domo
2351 2397 2474 2459 tua,
2507 2395 2565 2447 et
2587 2390 2982 2447 ambulaveris
3003 2391 3060 2445 in
3095 2390 3207 2457 via,
3241 2396 3297 2447 et
3327 2390 3610 2446 accubue-

1971 2480 2055 2535 ris
2111 2484 2284 2550 atque
2315 2480 2659 2536 surrexeris.
2711 2479 2942 2535 Scribes
2991 2496 3058 2535 ea
3107 2494 3288 2551 super
3333 2483 3530 2550 postes
3562 2482 3620 2534 et

1961 2570 2180 2641 januas
2225 2570 2436 2624 domus
2466 2573 2578 2624 tute
2609 2569 2684 2636 [h.
2723 2585 2900 2640 super
2949 2573 3146 2640 postes
3177 2571 3386 2624 domus
3418 2573 3531 2624 tuae
3563 2573 3621 2624 et

1971 2657 2028 2712 in
2055 2657 2256 2729 januis
2286 2657 2468 2728 tuis];
2501 2661 2566 2712 ut
2599 2656 3066 2728 multiplicentur
3085 2657 3211 2712 dies
3240 2656 3348 2723 tui,
3384 2661 3442 2712 et
3472 2657 3621 2711 filio-

1971 2765 2100 2802 rum
2135 2753 2396 2819 tuorum,
2431 2748 2485 2802 in
2520 2752 2697 2816 terra,
2726 2763 2901 2818 quam
2942 2747 3163 2816 juravit
3197 2746 3477 2801 Dominus
3511 2763 3614 2817 pa-

1971 2837 2162 2893 tribus
2192 2837 2334 2892 tuis:
2382 2842 2447 2892 ut
2477 2838 2640 2892 daret
2671 2835 2754 2892 eis
2808 2835 3067 2907 quandiu
3102 2834 3310 2890 cmlum
3344 2835 3614 2891 imminet

1969 2930 2134 2981 terrre
2189 2928 2273 2998 [B.
2308 2926 2502 2994 XLIX,
2535 2925 2596 2980 C.
2632 2925 2717 2995 L.]
2748 2924 2802 2978 Si
2836 2923 2991 2980 enim
3024 2922 3420 2979 custodieritis
3452 2939 3621 2979 man-

1971 3016 2106 3070 data
2159 3032 2286 3087 quae
2333 3031 2439 3086 ego
2489 3013 2760 3086 praecipio
2807 3013 2994 3078 vobis,
3027 3017 3085 3069 et
3124 3012 3375 3068 feceritis
3430 3028 3519 3079 ea,
3553 3019 3618 3068 ut

1971 3104 2227 3176 diligatis
2259 3104 2576 3160 Dominum
2609 3103 2792 3158 Deum
2815 3106 3096 3168 vestrum,
3129 3107 3186 3158 et
3217 3099 3534 3157 ambuletis
3555 3101 3614 3156 in

219 3189 569 3260 disciplinam
606 3167 838 3248 Domini
869 3193 964 3249 Dei
993 3167 1190 3258 vestri,
1216 3191 1514 3265 magnalia
1543 3191 1670 3262 ejus
1689 3167 1847 3259 ειμι.
1877 3167 1919 3237 C
1957 3167 2230 3250 omnibus
2261 3192 2369 3247 viis
2399 3193 2550 3263 ejus,
2586 3191 2950 3246 adhaerentes
2971 3190 3045 3259 ei,
3078 3167 3376 3262 disperdet
3411 3189 3606 3245 Domi-

217 3293 310 3336 non
324 3281 972 3352 habet)robustamman
983 3298 1080 3337 um
1092 3287 1527 3353 ,extentumque
1543 3277 1847 3334 brachium

216 3368 358 3440 signa
385 3377 442 3426 et
469 3388 676 3442 opera,
700 3388 827 3444 quae
852 3372 986 3428 fecit
1013 3373 1072 3427 in
1097 3371 1288 3427 medio
1313 3369 1536 3441 Egypti
1561 3365 1846 3423 Pharaoni

215 3457 393 3528 regi,et
408 3459 699 3515 universae
720 3463 884 3516 terra“:
906 3459 1057 3530 ejus,
1081 3459 1360 3530 omnique
1381 3455 1655 3513 exercitui
1677 3455 1847 3526 Egy-

221 3547 473 3616 ptiorum,
502 3554 567 3604 et
590 3550 759 3621 equis
784 3565 849 3605 ac
871 3550 1143 3604 curribus
1165 3566 1181 3604 :
1202 3547 1494 3621 quomodo
1516 3543 1850 3617 operuerint

215 3649 294 3690 eos
320 3653 477 3710 aquas
511 3637 703 3694 maris
733 3637 934 3706 Rubri,
966 3654 1100 3694 cum
1119 3654 1220 3694 vos
1250 3637 1764 3709 persequerentur.
1791 3636 1846 3686 et

213 3723 460 3781 deleverit
485 3743 594 3782 eos
617 3725 900 3782 Dominus
925 3743 1114 3800 usque
1137 3727 1193 3782 in
1230 3729 1609 3798 praessentem
1639 3723 1793 3777 diem
1831 3737 1844 3776 ε

212 3811 464 3884 vobisque
494 3829 628 3885 quae
657 3813 854 3869 fecerit
883 3814 942 3870 in
972 3808 1310 3881 solitudine,
1341 3813 1524 3866 donec
1555 3809 1835 3864 veniretis

217 3903 274 3955 ad
294 3901 440 3958 hunc
459 3902 665 3959 locum
682 3922 696 3970 ;
716 3906 772 3958 et
789 3903 1014 3960 Dathan
1033 3908 1208 3976 atque
1229 3901 1467 3956 Abiram
1493 3899 1631 3954 {iliis
1651 3899 1842 3965 Eliah,

217 3990 298 4058 qui
325 3991 431 4047 fuit
461 3992 627 4047 filius
661 3991 863 4047 Ruben
904 3993 984 4064 (h.
1027 3991 1184 4048 Filiis
1223 3991 1404 4058 Eliab,
1438 3988 1541 4044 lilii
1571 3987 1838 4056 Ruben):

214 4094 338 4147 quos
365 4087 570 4152 aperte
601 4095 703 4135 ore
732 4096 840 4135 suo
869 4086 1027 4136 terra
1055 4080 1359 4136 absorbuit
1389 4080 1468 4154 (h.
1494 4073 1845 4150 deglutivit).

216 4180 329 4222 cum
350 4169 633 4225 domibus
663 4172 721 4223 et
751 4168 1166 4236 tabernaculis,
1199 4173 1254 4223 et
1276 4169 1546 4224 universa
1573 4164 1848 4220 substan-

215 4254 283 4310 tia
305 4273 527 4327 eorum,
562 4273 746 4330 quam
770 4257 1065 4314 habebant
1093 4258 1149 4312 in
1181 4259 1373 4315 medio
1396 4255 1647 4313 Israelis.
1683 4251 1848 4308 Oculi

215 4347 463 4417 vestri(b.
485 4347 660 4403 Oculi
682 4352 875 4403 autem
919 4348 1121 4418 vestri)
1136 4348 1407 4404 viderunt
1443 4343 1643 4400 omnia
1664 4357 1841 4414 opera

220 4431 421 4490 Domini
458 4452 684 4508 magna
714 4452 837 4506 quae
871 4436 1023 4505 fecit,
1057 4442 1123 4493 ut
1153 4435 1499 4493 custodiatis
1531 4433 1610 4502 (h.
1647 4435 1848 4487 custo-

1958 3301 2070 3338 nus
2100 3299 2302 3336 omnes
2350 3290 2551 3352 gentes
2583 3280 2732 3335 istas
2781 3285 2914 3335 ante
2969 3279 3179 3335 faciam
3229 3289 3503 3344 vestram,
3551 3282 3611 3334 et

1957 3371 2334 3444 possidebitis
2379 3385 2477 3425 eas
2525 3386 2647 3441 quae
2708 3370 2958 3439 majores
3017 3372 3072 3423 et
3120 3368 3386 3424 fortiores
3446 3367 3611 3424 vobis

1958 3465 2116 3516 sunt.
2151 3459 2356 3515 Omnis
2402 3457 2586 3528 locus,
2649 3473 2825 3528 quem
2886 3455 3196 3512 calcaverit
3251 3471 3351 3527 pes
3396 3461 3610 3527 vester,

1954 3553 2146 3604 vester
2174 3548 2304 3615 erit,
2336 3553 2383 3601 A
2413 3548 2664 3616 deserto,
2699 3551 2755 3602 et
2789 3545 3029 3612 Libano,
3065 3561 3096 3600 a
3127 3544 3370 3600 flumine
3403 3560 3616 3615 magno

1957 3637 2255 3709 Euphrate
2277 3636 2357 3708 [h.
2395 3641 2440 3690 A
2467 3635 2708 3691 ﬂumine
2731 3634 2972 3690 flumine
2992 3633 3308 3704 Euphrate]
3330 3649 3519 3704 usque
3539 3633 3610 3688 ad

1957 3741 2116 3780 mare
2137 3722 2498 3779 occidentale
2516 3726 2688 3778 erunt
2708 3720 2943 3776 termini
2967 3719 3164 3774 vestri.
3198 3717 3409 3774 Nullus
3432 3718 3610 3774 stabit

1957 3818 2162 3868 contra
2189 3829 2324 3868 vos:
2360 3818 2640 3866 terrorem
2673 3816 2932 3863 vestrum
2963 3813 3021 3862 et
3043 3807 3418 3862 formidinem
3450 3804 3613 3861 dabit

1961 3902 2247 3958 Dominus
2285 3906 2433 3957 Deus
2463 3904 2657 3955 vester
2687 3915 2863 3969 super
2893 3912 3122 3952 omnem
3156 3900 3395 3965 terram,
3430 3911 3608 3965 quam

1957 3991 2235 4048 calcaturi
2266 3992 2428 4060 estis,
2481 3989 2632 4044 sicut
2662 3987 2896 4042 locutus
2927 3990 3017 4040 est
3047 3985 3230 4040 vobis.
3264 3983 3346 4055 (C.
3384 3983 3498 4054 LI.)
3526 3984 3607 4038 En

1956 4083 2039 4152 (h.
2098 4082 2263 4147 Vide,
2315 4097 2385 4136 en
2444 4090 2590 4150 ego),
2625 4093 2885 4149 pr0pono
2945 4075 3002 4130 in
3062 4077 3380 4146 conspectu
3414 4076 3606 4128 vestro

1959 4170 2132 4226 hodie
2155 4168 2618 4224 benedictionem
2643 4171 2698 4222 et
2716 4163 3185 4220 maledictionem
3213 4179 3225 4217 :
3256 4160 3608 4217 benedictio-

1958 4257 2177 4325 nem,si
2211 4256 2550 4312 obedieritis
2581 4253 2876 4309 mandatis
2899 4251 3126 4308 Domini
3147 4251 3245 4306 Dei
3266 4251 3460 4317 vestri,
3481 4266 3608 4322 quas

1960 4362 2067 4419 ego
2097 4346 2272 4402 hodie
2315 4344 2590 4418 praecipio
2637 4343 2842 4410 vobis;
2875 4339 3370 4409 maledictionem,
3413 4338 3462 4394 si
3494 4355 3610 4394 non

1958 4434 2263 4493 audieritis
2323 4433 2602 4488 mandata
2649 4431 2829 4503 (Vulg.
2890 4428 3232 4485 ohedieritis
3291 4427 3611 4498 mandatis)

219 4520 319 4578 dite
346 4528 503 4596 ergo)
538 4526 821 4581 universa
866 4527 1144 4581 mandata
1174 4525 1355 4595 illius,
1389 4542 1514 4597 que
1543 4543 1648 4599 ego
1681 4525 1852 4581 hodie
1883 4533 1929 4597 Ι)
1959 4522 2192 4581 Domini
2250 4521 2352 4578 Dei
2409 4523 2605 4592 vestri,
2641 4520 2740 4575 sed
2776 4518 3133 4574 recesseritis
3185 4517 3252 4571 de
3283 4515 3397 4583 via,
3431 4531 3609 4587 quam

215 4612 465 4684 pracipio
495 4613 693 4685 vobis,
754 4617 819 4668 ut
867 4613 1104 4687 possitis
1149 4614 1390 4669 introire
1433 4619 1490 4670 et
1548 4615 1849 4686 possidere

214 4701 430 4767 terram,
457 4703 532 4757 ad
559 4718 741 4772 quam
763 4701 1161 4774 ingredimini,
1181 4703 1485 4774 multoque
1516 4704 1574 4758 in
1607 4721 1675 4759 ea
1697 4703 1852 4758 viva-

219 4785 280 4841 tis
308 4794 614 4863 tempore:
667 4806 844 4862 quam
886 4791 996 4846 sub
1037 4793 1378 4862 juramento
1427 4791 1724 4863 pollicitus
1768 4795 1858 4847 est

222 4877 481 4935 Dominus
515 4877 788 4951 patribus
835 4877 1065 4944 vestris,
1107 4885 1164 4933 et
1193 4878 1405 4933 semini
1452 4896 1674 4949 eorum,
1706 4880 1857 4935 lacte

217 4971 262 5021 et
289 4969 453 5025 melle
484 4972 852 5024 manantem.
886 4969 972 5040 (Β.
1002 4968 1380 5038 XLV.)Terra
1400 4970 1556 5024 enim
1589 4971 1658 5026 ad
1684 4985 1856 5041 quam

221 5057 535 5128 ingrederis
589 5058 736 5129 Vulg.
797 5056 1165 5130 ingrcdieris)
1225 5058 1665 5130 possidendam,
1742 5073 1858 5113 non

223 5150 299 5202 est
344 5147 500 5204 sicut
555 5151 710 5202 terra
752 5145 1008 5219 Egypti,
1055 5146 1125 5202 de
1174 5163 1290 5218 qua
1338 5147 1529 5216 existi,
1575 5147 1672 5203 ubi
1700 5147 1858 5218 jacto

222 5237 425 5292 semine
445 5236 505 5290 in
534 5236 840 5292 hortorum
864 5251 1079 5291 morem
1107 5251 1271 5308 aquae
1288 5237 1583 5292 ducuntur
1604 5235 1857 5306 irriguis:

223 5326 306 5380 sed
325 5331 646 5383 montuosa
665 5330 756 5382 est
784 5329 839 5380 et
857 5324 1225 5398 campestris,
1250 5327 1322 5382 de
1343 5327 1485 5383 coelo
1514 5329 1860 5400 exspectans

286 5541 300 5574 ι
349 5537 763 5613 Septuaginta,
809 5533 1046 5616 πληᾳίον
1089 5544 1190 5616 τῆς
1250 5535 1410 5616 δειξὸς
1461 5541 1561 5607 τῆς
1610 5540 1860 5616 ὑψηλῆς,

228 5623 379 5682 prape
428 5610 722 5685 quercum
798 5613 1090 5667 excelsam.
1168 5610 1230 5668 In
1299 5611 1536 5669 Hebraeo
1609 5610 1860 5689 legimus

1963 4629 2064 4685 ego
2096 4627 2251 4668 nunc
2269 4610 2508 4666 ostendo
2529 4608 2718 4676 vobis,
2751 4613 2804 4662 et
2828 4604 3268 4662 ambulaveritis
3299 4608 3431 4676 post
3475 4605 3615 4660 deos

1964 4701 2206 4770 alienos,
2240 4716 2388 4772 quos
2430 4696 2734 4769 ignoratis.
2781 4697 2866 4767 (Β.
2903 4696 2989 4764 L.)
3038 4695 3180 4751 Cum
3223 4693 3616 4749 introduxerit

1964 4796 2022 4846 te
2057 4789 2336 4846 Dominus
2383 4792 2534 4842 Deus
2565 4790 2699 4840 tuus
2751 4784 2806 4838 in
2864 4787 3078 4838 terram
3107 4781 3175 4836 ad
3211 4797 3386 4852 quam
3421 4779 3616 4852 pergis

1964 4878 2369 4939 habitandam,
2403 4890 2625 4948 ponens
2656 4871 3118 4929 benedictionem
3149 4885 3326 4941 super
3354 4872 3614 4925 montem

1966 4967 2242 5036 Garizim,
2274 4962 2743 5020 maledictionem
2775 4976 2954 5032 super
2984 4962 3243 5013 montem
3275 4955 3453 5012 Hehal
3485 4956 3613 5026 :qui

1967 5061 2108 5114 sunt
2133 5060 2298 5110 trans
2326 5053 2664 5121 Jordanem,
2689 5055 2818 5122 post
2846 5049 2996 5103 viam
3014 5064 3136 5118 quae
3167 5045 3354 5117 vergit
3384 5045 3454 5099 ad
3473 5043 3618 5098 solis

1967 5145 2328 5210 occubitum,
2361 5141 2418 5196 in
2452 5146 2607 5196 terra
2636 5138 2968 5208 Chananzei,
3001 5136 3101 5208 qui
3133 5135 3358 5191 habitat
3390 5134 3446 5186 in
3484 5147 3612 5186 eam

1970 5234 2261 5308 pestribus
2311 5234 2514 5286 contra
2541 5227 2866 5300 Galgalam,
2918 5243 3044 5300 quas
3074 5229 3162 5280 est
3200 5224 3370 5294 juxta
3399 5219 3611 5276 vallem

1968 5324 2304 5381 tendentem
2339 5320 2420 5393 (h.
2454 5336 2581 5392 qua:
2613 5322 2701 5374 est
2723 5318 2893 5388 juxta
2923 5329 3180 5388 quercum
3212 5308 3620 5382 apparentem)

1970 5549 2123 5600 £1117:
2163 5548 2290 5599 ’ΠΝ
2331 5547 2475 5602 13m,
2504 5535 2636 5590 eiset
2666 5532 2816 5587 eleae
2843 5543 3011 5585 more.
3047 5527 3167 5602 Hoc
3213 5522 3386 5602 modo
3417 5521 3620 5602 legunt

1970 5593 2146 5669 etiam
2180 5593 2554 5677 Dii—maritam,
2601 5604 2882 5661 addentes
2909 5605 3104 5654 tamen
3137 5596 3252 5651 duo
3286 5595 3403 5652 hinc
3445 5593 3624 5651 verba
