4068 6172
357 274 457 331 471
1383 276 1442 328 S.
1483 272 1894 328 HIERONYMI
1930 273 2191 327 DIVINA
2227 273 2723 330 BIBLIOTHECA.
3662 267 3768 324 472

355 407 414 458 et
431 403 748 459 intrantem
769 400 991 474 procul.
1011 403 1126 457 Vos
1144 403 1297 458 enim
1318 402 1649 457 transibitis
1667 401 2008 468 Jordanem,
2037 400 2092 466 Α
2123 401 2398 458 dedittibi
2425 403 2480 458 in
2501 403 2777 460 omnibus
2791 405 2961 475 portis
2973 404 3103 459 tuis.
3129 402 3270 457 Tam
3293 402 3556 458 mundus
3588 417 3768 474 quam

357 494 424 546 ut
453 490 801 562 possideatis
831 494 1068 556 terram,
1101 505 1272 560 quam
1304 490 1588 546 Dominus
1619 491 1773 546 Deus
1815 492 2009 544 vester
2119 491 2436 546 immundus
2480 498 2789 549 vescentur
2835 510 2903 549 ex
2933 492 3056 548 eis:
3105 492 3249 547 sicut
3285 507 3486 562 caprea
3513 495 3572 548 et
3599 507 3767 547 cervo

357 580 606 635 daturus
635 583 724 635 est
753 578 936 644 vobis,
977 583 1033 632 et
1053 578 1318 634 habeatis
1350 584 1407 635 et
1438 579 1788 651 possideatis
1842 577 2004 632 illam

357 669 562 724 Videte
592 684 728 739 ergo
753 672 817 722 ut
846 666 1142 738 impleatis
1165 669 1541 723 caeremonias
1563 676 1739 740 atque
1759 667 2003 737 judicia,

362 775 488 829 qua
522 772 626 827 ego
659 755 831 810 hodie
862 771 1072 826 ponam
1101 755 1157 810 in
1193 761 1507 827 conspectu
1538 761 1747 812 vestro.

436 848 524 918 (T.
557 844 710 904 VIII.
740 846 798 900 Β.
828 848 912 914 Ll,
945 847 1006 900 Ο.
1039 845 1158 911 LII,
1187 845 1318 916 Cap.
1347 846 1499 914 XII.)
1533 847 1657 900 limo
1689 849 1828 900 sunt
1857 861 2006 916 prai-

364 939 534 1007 cepta
589 937 763 1004 atque
787 932 1032 1002 judicia,
1079 949 1204 1004 qua:
1237 934 1426 988 facere
1483 933 1708 988 debetis
1740 934 1798 987 in
1833 941 2002 998 terra,

366 1041 542 1096 quam
596 1022 885 1078 Dominus
917 1026 1068 1077 Deus
1098 1026 1328 1092 patrum
1376 1031 1608 1078 tuorum
1641 1023 1888 1077 daturus
1918 1025 2008 1077 est

365 1113 497 1180 tibi,
529 1117 587 1168 et
618 1111 920 1183 possideas
945 1127 1071 1166 eam
1103 1111 1331 1168 cunctis
1361 1113 1565 1168 diebus
1597 1113 1811 1183 quibus
1835 1128 2008 1182 super

2117 578 2364 650 absque,
2382 580 2540 651 etc.],
2563 582 2782 650 absque
2804 597 2908 637 esu
2927 581 3210 636 duntaxat
3231 579 3562 652 sanguinis,
3585 594 3764 651 quem

2117 681 2294 737 super
2314 671 2525 722 terram
2559 669 2728 740 quasi
2759 684 2970 740 aquam
2995 668 3280 724 effundes.
3310 667 3434 723 Non
3458 668 3767 740 poteris[b.

2116 755 2180 809 In
2213 760 2321 810 hoc
2370 757 2516 824 loco,
2569 757 2922 812 sacrificium
2961 756 3327 829 intelligitur]
3368 757 3674 813 comedere
3705 757 3765 811 in

2116 842 2347 914 oppidis
2369 845 2487 899 tuis
2520 844 2808 900 decimam
2841 845 3140 913 frumenti,
3174 850 3230 900 et
3257 844 3400 916 vini,
3431 850 3490 901 et
3520 845 3630 901 olei
3656 845 3768 913 tui,

2117 932 2506 1004 primogenita
2552 937 2979 998 armentorum,
3027 938 3085 989 et
3131 949 3430 1005 pecorum,
3485 939 3542 988 et
3571 933 3773 988 omnia

2119 1036 2245 1092 qua:
2271 1022 2512 1087 voveris,
2547 1027 2602 1076 et
2623 1026 2831 1094 sponte
2853 1023 3058 1077 offerre
3089 1021 3364 1086 volueris,
3398 1026 3455 1077 et
3479 1021 3780 1094 primitias

2117 1124 2400 1164 manuum
2431 1113 2668 1165 tuarum
2695 1127 2708 1164 ε
2739 1111 2839 1166 sed
2888 1127 3082 1166 coram
3117 1111 3362 1166 Domino
3393 1111 3509 1166 Deo
3539 1116 3640 1166 tuo
3680 1126 3777 1165 co-

369 1205 621 1259 humum
639 1201 949 1273 gradieris.
971 1204 1044 1254 Su
1057 1203 1299 1257 bvertite
1321 1205 1518 1257 omnia
1538 1202 1682 1264 loca,
1705 1203 1764 1257 in
1791 1203 2010 1274 quibus
2121 1198 2319 1253 medes
2342 1214 2427 1268 ea,
2445 1199 2642 1255 inloco
2665 1215 2842 1270 quem
2865 1199 3110 1272 elegerit
3132 1201 3416 1256 Dominus
3439 1200 3595 1255 Deus
3615 1205 3778 1265 tuus,

372 1291 680 1348 coluerunt
708 1294 930 1359 gentes,
962 1306 1108 1360 quas
1132 1293 1464 1362 possessuri
1510 1292 1672 1358 estis,
1705 1294 1842 1347 deos
1872 1308 2012 1346 suos
2121 1290 2181 1341 tu
2215 1291 2271 1342 et
2304 1287 2458 1342 filius
2484 1293 2622 1343 tuus
2643 1304 2710 1343 ac
2733 1288 2852 1344 filia
2875 1293 2995 1358 tua,
3020 1304 3226 1345 servus
3250 1294 3309 1344 et
3337 1288 3577 1355 famula,
3602 1293 3783 1358 atque

373 1397 551 1452 super
593 1383 822 1434 montes
851 1378 1129 1445 excelsos,
1181 1384 1236 1434 et
1263 1379 1462 1444 colles,
1511 1385 1569 1435 et
1613 1381 1814 1436 subter
1843 1395 2015 1436 omne
2125 1376 2371 1446 Levites,
2405 1376 2505 1448 qui
2538 1381 2734 1433 manet
2762 1377 2823 1432 in
2857 1378 3102 1434 urbibus
3130 1379 3281 1434 tuis:
3314 1383 3373 1433 et
3403 1376 3695 1434 laetaberis
3726 1380 3786 1431 et

369 1471 598 1542 lignum
630 1468 998 1523 frondosum.
1046 1466 1339 1539 Dissipate
1370 1486 1503 1524 aras
1533 1485 1758 1540 earum,
1790 1475 1848 1525 et
1877 1486 2018 1525 con-
2126 1466 2404 1521 reﬁciaris
2429 1483 2624 1521 coram
2648 1467 2896 1524 Domino
2917 1467 3032 1524 Deo
3053 1476 3172 1537 tuo,
3192 1469 3250 1522 in
3275 1470 3523 1535 cunctis,
3556 1467 3628 1522 ad
3652 1482 3782 1538 quas

373 1559 607 1630 fringite
629 1556 1057 1626 statuas,lucos
1079 1556 1212 1628 igne
1243 1559 1588 1621 comburite,
1611 1565 1669 1614 et
1690 1558 1844 1614 idola
1860 1575 2017 1614 com-
2128 1554 2454 1610 extenderis
2480 1571 2717 1610 manum
2750 1560 2915 1611 tuam
2948 1556 3034 1628 [Β.
3058 1556 3220 1623 LIV.)
3251 1558 3398 1610 Cave
3429 1571 3500 1610 ne
3531 1553 3786 1610 derelin-

375 1647 624 1704 minuite
650 1662 661 1699 :
692 1645 1013 1716 disperdite
1031 1645 1272 1702 nomina
1292 1663 1490 1702 eorum
1509 1647 1580 1701 de
1609 1647 1752 1703 locis
1783 1647 2016 1718 illis.(B.
2129 1657 2277 1714 quas
2309 1640 2556 1696 Levitem
2590 1643 2750 1698 omni
2789 1647 3052 1716 tempore
3081 1659 3196 1716 quo
3220 1644 3472 1699 versaris
3503 1641 3562 1697 in
3601 1647 3782 1697 terra.

378 1737 496 1802 LII,
530 1739 588 1790 C.
639 1733 801 1803 LIII.)
837 1733 959 1790 Non
1009 1734 1230 1789 facietis
1263 1735 1342 1790 ita
1389 1735 1634 1792 Domino
1665 1737 1779 1792 Deo
1811 1745 2019 1793 vestro.
2054 1767 2100 1803 ι)
2130 1730 2373 1796 Quando
2422 1730 2754 1786 dilataverit
2800 1731 3081 1788 Dominus
3132 1732 3284 1787 Deus
3329 1739 3466 1786 ίυυε
3496 1730 3788 1786 terminos

379 1827 459 1898 (C.
495 1823 658 1895 LIV.)
705 1823 813 1879 Sed
866 1823 936 1878 ad
988 1822 1205 1890 locum,
1239 1841 1413 1895 quem
1460 1824 1698 1896 elegerit
1746 1826 2027 1880 Dominus
2056 1818 2102 1833 ⁴¹¹
2135 1824 2289 1880 tuos.
2321 1820 2476 1875 sicut
2506 1820 2737 1876 locutus
2765 1826 2855 1876 est
2885 1821 3010 1888 tibi,
3045 1826 3102 1876 et
3132 1820 3388 1877 volueris
3418 1821 3568 1877 vesci
3593 1818 3789 1875 carni-

382 1915 537 1971 Deus
577 1917 766 1968 vester
812 1912 880 1967 de
912 1912 1138 1967 cunctis
1187 1914 1459 1969 tribubus
1491 1915 1724 1984 vestris,
1757 1919 1820 1969 ut
1852 1919 2029 1986 ponat
2135 1910 2268 1975 bus,
2302 1925 2448 1981 quas
2468 1910 2762 1966 desiderat
2792 1911 2992 1966 anima
3020 1915 3159 1966 tua:
3191 1912 3354 1966 locus
3385 1914 3578 1966 autem
3612 1923 3790 1980 quem

385 2019 598 2058 nomen
630 2018 805 2058 suum
835 2001 944 2067 ibi,
977 2007 1033 2056 et
1067 2001 1293 2057 habitet
1322 2003 1380 2057 in
1412 2019 1500 2067 eo,
1523 2003 1770 2058 venietis
1799 2007 1854 2058 et
1885 2003 2026 2058 offe-

389 2091 530 2147 retis
579 2089 793 2144 inloco
845 2088 943 2143 illo
975 2087 1318 2144 holocausta
1365 2093 1422 2144 et
1471 2089 1741 2145 victimas
1780 2093 2026 2146 vestras.

398 2178 628 2252 (C.LV.)
662 2177 931 2232 Decimae
963 2181 1021 2232 et
1041 2177 1333 2248 primitias
1363 2194 1645 2234 manuum
1673 2184 2028 2247 vestrarum,

391 2274 448 2324 et
476 2271 610 2322 vota
631 2271 803 2338 atque
827 2265 1088 2332 donaria,
1114 2266 1501 2336 primogenita
1520 2267 1693 2322 boum
1726 2273 1782 2322 et
1810 2268 2029 2323 ovium.

396 2357 467 2412 Et
489 2355 808 2412 comedetis
829 2353 910 2408 ibi
929 2355 984 2407 in
1007 2361 1318 2425 conspectu
1341 2355 1570 2410 Domini
1602 2356 1702 2411 Dei
1729 2356 1900 2411 vestri
1929 2373 1943 2411 :
1969 2372 2034 2411 ac

390 2443 811 2501 laetabiminiin
838 2443 1085 2498 cunctis:
1120 2444 1188 2497 ad
1215 2460 1340 2514 quae
1365 2445 1646 2500 miseritis
1668 2462 1909 2500 manum
1932 2462 2036 2500 vos

391 2539 449 2591 et
478 2535 688 2590 domus
735 2538 961 2600 vestrae,
1004 2534 1059 2586 in
1094 2531 1309 2603 quibus
1341 2533 1700 2589 benedixerit
1736 2534 1899 2590 vobis
1931 2535 2038 2590 Do-

390 2624 590 2679 minus
627 2623 775 2678 Deus
823 2625 1029 2676 vester.
1081 2621 1203 2676 Non
1253 2622 1472 2677 facietis
1517 2622 1598 2678 ibi
1649 2640 1773 2695 quae
1807 2641 1912 2678 nos
1945 2625 2038 2679 hic

391 2711 672 2768 faciemus
704 2710 897 2776 hodie,
927 2709 1146 2780 singuli
1181 2711 1334 2780 quod
1369 2711 1482 2765 sibi
1528 2718 1752 2768 rectum
1784 2712 2036 2767 videtur.

390 2801 592 2872 Neque
621 2799 777 2854 enim
811 2814 999 2870 usque
1047 2797 1106 2852 in
1140 2815 1395 2870 praesens
1423 2804 1656 2872 tempus
1683 2801 1922 2856 venistis
1967 2801 2038 2855 ad

389 2889 652 2961 requiem
666 2886 1156 2960 etpossessionem
1173 2904 1348 2958 quam
1375 2888 1658 2945 Dominus
1677 2890 1828 2945 Deus
1851 2895 2043 2946 vester

391 2979 642 3035 daturus
668 2981 756 3034 est
775 2976 959 3032 vobis.
986 2974 1341 3032 Transibitis
1364 2977 1703 3046 Jordanem,
1731 2986 1787 3034 et
1814 2979 2040 3034 habita-

392 3067 536 3123 bitis
571 3068 630 3120 in
663 3071 840 3132 terra,
874 3081 1050 3136 quam
1086 3066 1372 3121 Dominus
1403 3066 1556 3122 Deus
1579 3073 1767 3124 vester
1795 3069 2042 3124 daturus

2138 1997 2377 2069 elegerit
2404 1999 2691 2053 Dominus
2719 1999 2869 2054 Deus
2892 2003 3052 2066 tuus,
3085 2003 3150 2054 ut
3170 1999 3248 2054 sit
3276 2015 3489 2054 nomen
3519 1999 3649 2069 ejus
3682 1996 3790 2066 ibi,

2140 2089 2189 2144 si
2224 2086 2421 2159 procul
2453 2087 2648 2159 fuerit,
2681 2088 2910 2144 occides
2949 2089 3020 2144 de
3049 2089 3318 2144 armentis
3366 2093 3423 2144 et
3455 2087 3793 2160 pecoribus,

2141 2193 2266 2248 qua:
2313 2177 2614 2242 habueris,
2665 2177 2820 2232 sicut
2862 2177 3107 2249 pracepi
3159 2177 3284 2243 tibi,
3319 2181 3378 2232 et
3426 2175 3700 2232 comedes
3731 2175 3791 2230 in

2142 2265 2373 2338 oppidis
2398 2264 2536 2332 tuis,
2573 2270 2638 2319 ut
2666 2265 2770 2319 tibi
2805 2265 3011 2336 placet.
3045 2266 3207 2322 Sicut
3229 2265 3553 2321 comeditur
3581 2280 3794 2335 caprea

2142 2359 2194 2410 et
2212 2370 2437 2422 cervus,
2464 2353 2546 2409 ita
2571 2354 2821 2410 vesceris
2842 2354 2927 2410 eis
2953 2372 2965 2409 :
2997 2356 3328 2411 etmundus
3347 2359 3405 2410 et
3442 2353 3793 2410 immundus

2145 2444 2202 2498 in
2236 2458 2545 2498 commune
2568 2445 3026 2499 vescentur.[loc
3057 2443 3248 2500 solum
3272 2459 3426 2499 cave.
3453 2459 3524 2498 ne
3553 2440 3797 2515 sangui-

2145 2548 2280 2587 nem
2313 2533 2605 2588 comedas.
2630 2532 2878 2604 Sanguis
2900 2533 3058 2587 enim
3075 2549 3276 2588 eorum
3305 2549 3408 2604 pro
3439 2531 3638 2588 anima
3667 2537 3793 2588 est:

2147 2629 2204 2680 et
2231 2624 2444 2679 idcirco
2477 2641 2592 2680 non
2624 2627 2800 2681 debes
2858 2627 3116 2680 animam
3149 2625 3451 2680 comedere
3498 2640 3634 2680 cum
3665 2641 3797 2680 car-

2151 2713 2324 2768 nibus
2352 2730 2364 2768 :
2401 2713 2502 2768 sed
2526 2721 2928 2786 superterram
2946 2715 3156 2770 fundes
3178 2713 3347 2786 quasi
3370 2729 3606 2786 aquam,
3632 2719 3698 2769 ut
3721 2713 3802 2769 sit

2148 2803 2252 2858 tibi
2287 2803 2432 2857 bene
2480 2807 2538 2857 et
2568 2802 2704 2859 filiis
2754 2803 2870 2858 tuis
2925 2808 3057 2874 post
3085 2808 3160 2871 te,
3216 2819 3351 2858 cum
3405 2803 3610 2858 feceris
3640 2802 3800 2874 quod

2152 2892 2339 2966 placet
2367 2893 2425 2947 in
2450 2898 2767 2965 conspectu
2799 2894 3047 2949 Domini.
3083 2893 3216 2957 Quas
3239 2897 3433 2948 autem
3467 2892 3802 2948 sanctiﬁca-

2149 2982 2324 3050 veris,
2355 2986 2412 3037 et
2440 2982 2665 3037 voveris
2696 2983 2958 3053 Domino,
2989 2981 3158 3038 tolles
3179 2986 3236 3038 et
3259 2981 3456 3038 venies
3488 2981 3556 3035 ad
3581 2980 3804 3050 locum,

2153 3087 2329 3142 quem
2356 3070 2593 3142 elegerit
2618 3071 2902 3127 Dominus
2927 3088 2940 3126 :
2973 3075 3032 3127 et
3077 3072 3284 3127 offeres
3314 3070 3638 3126 oblationes
3668 3075 3806 3124 tuas

392 3159 484 3212 est
531 3155 718 3225 vobis,
753 3131 836 3209 uti
863 3131 1244 3225 requiescatis
1276 3171 1310 3209 a
1357 3156 1586 3210 cunctis
1635 3156 1906 3212 hostibus
1940 3173 2042 3230 per
2071 3131 2114 3198 Ο
2153 3131 2386 3216 carnem
2418 3131 2477 3216 et
2503 3160 2852 3232 sanguinem
2873 3177 3050 3231 super
3069 3161 3253 3215 altare
3283 3159 3517 3215 Domini
3552 3159 3647 3214 Dei
3672 3159 3756 3213 tui
3791 3175 3805 3212 :

393 3244 740 3300 circuitum:
774 3249 832 3297 et
877 3245 1099 3314 absque
1131 3241 1249 3298 ullo
1301 3244 1509 3298 timore
1559 3244 1849 3300 habitetis.
1885 3247 1951 3301 Et
1977 3248 2038 3301 in

393 3335 617 3402 locum,
650 3350 826 3404 quem
859 3331 1097 3404 elegerit
1152 3333 1440 3388 Dominus
1474 3338 1490 3372 ί
1551 3334 1706 3391 Deus
1737 3342 1944 3404 vester,
1977 3342 2043 3393 ut

395 3423 478 3478 sit
501 3439 709 3477 nomen
725 3423 856 3492 ejus
876 3421 933 3476 in
961 3421 1198 3491 eo,illuc
1221 3423 1438 3491 omnia,
1462 3439 1589 3495 quae
1605 3425 1874 3496 praecipio
1914 3443 2049 3481 con-

397 3511 632 3567 feretis:
668 3510 1029 3577 holocausta,
1076 3516 1132 3565 et
1164 3510 1378 3576 hostia,
1429 3528 1495 3566 ac
1536 3513 1814 3576 decimas,
1849 3519 1904 3568 et
1935 3514 2050 3586 pri-

398 3601 920 3664 mitias,manuum
945 3600 1663 3672 vestrarumzetquidquid
1694 3603 2048 3674 prmcipuum

394 3693 484 3744 est
513 3689 574 3744 in
606 3687 973 3758 muneribus,
997 3704 1122 3758 quae
1146 3687 1425 3743 vovebitis
1458 3688 1722 3745 Domino.
1752 3690 1832 3746 Ibi
1858 3691 2056 3763 epula-

397 3777 602 3833 himini
626 3792 822 3832 coram
846 3777 1090 3832 Domino
1113 3777 1230 3832 Deo
1261 3782 1474 3844 vestro,
1500 3794 1602 3832 vos
1624 3784 1679 3833 et
1710 3779 1811 3834 ﬁlii
1835 3797 1898 3835 ac
1927 3779 2055 3834 filiae

397 3871 621 3934 vestrae,
688 3865 890 3920 famuli
949 3871 1006 3920 et
1037 3863 1290 3931 famulae,
1351 3871 1528 3938 atque
1586 3867 1808 3924 Levites
1865 3869 2053 3940 quiin

402 3955 649 4010 urbibus
695 3953 905 4009 vestris
953 3959 1353 4010 commoratur
1401 3955 1483 4024 (h.
1519 3957 1626 4021 Qui
1672 3957 1826 4013 intra
1856 3964 2056 4030 portas

403 4054 603 4099 vestras
663 4043 789 4114 est).
849 4047 934 4106 (Β.
967 4043 1133 4113 LIII.)
1191 4045 1388 4114 Neque
1446 4044 1602 4100 enim
1661 4045 1835 4101 habet
1877 4045 2054 4101 aliam

403 4137 627 4206 partem
664 4137 720 4187 et
749 4133 1182 4204 possessionem
1232 4133 1383 4188 inter
1413 4151 1532 4188 vos.
1567 4138 1712 4189 Cave
1743 4151 1816 4189 ne
1846 4135 2055 4192 offeras

401 4223 745 4279 holocausta
771 4228 870 4276 tua
900 4223 956 4276 in
993 4223 1149 4277 omni
1183 4223 1331 4292 loco,
1366 4241 1537 4294 quem
1587 4225 1832 4281 videris:
1866 4226 1966 4281 sed
1992 4226 2053 4282 in

404 4329 469 4368 eo
511 4328 682 4382 quem
714 4310 954 4382 elegerit
976 4311 1285 4380 Dominus,
1310 4313 1367 4367 in
1395 4330 1510 4368 una
1533 4314 1791 4370 tribuum
1815 4319 2050 4371 tuarum

403 4401 610 4456 oﬁ‘eres
643 4399 887 4467 hostias,
921 4404 978 4453 et
1008 4400 1186 4454 facies
1219 4417 1583 4473 qmecunque
1615 4404 1888 4475 praecipio
1923 4403 2050 4459 tibi.

2148 3249 2497 3319 sanguinem
2532 3249 2853 3305 hostiarum
2905 3254 3143 3305 tuarum
3174 3249 3358 3318 [Vulg.
3389 3248 3512 3320 (iac.
3543 3247 3808 3318 tuarum]

2148 3324 2356 3392 fundes
2382 3337 2440 3391 in
2474 3336 2642 3392 altari
2677 3353 2689 3390 :
2723 3337 3000 3393 carnibus
3032 3340 3227 3392 autem
3259 3337 3388 3408 ipse
3417 3335 3688 3392 vesceris.
3715 3333 3804 3406 [Ο.

2153 3423 2346 3496 LVII.]
2375 3424 2628 3479 Observa
2644 3428 2700 3478 et
2716 3425 2855 3480 audi
2870 3424 3070 3480 omnia
3086 3424 3258 3480 verba
3281 3425 3463 3496 [Vulg].
3498 3432 3600 3478 tae.
3623 3423 3806 3477 verba

2156 3517 2213 3568 et
2242 3513 2390 3584 ego].
2416 3529 2543 3583 quae
2565 3529 2671 3584 ego
2690 3513 2962 3585 praecipio
2989 3513 3119 3580 tibi,
3153 3521 3221 3568 ut
3236 3514 3385 3568 bene
3417 3510 3624 3568 sitltibi
3653 3516 3713 3568 et
3742 3512 3804 3566 fi-

2157 3602 2254 3657 liis
2286 3603 2403 3657 tuis
2438 3607 2568 3674 post
2600 3609 2656 3658 te
2687 3603 2743 3658 in
2779 3606 3224 3674 sempiternum,
3253 3619 3388 3658 cum
3424 3603 3630 3659 feceris
3652 3601 3814 3674 quod

2165 3692 2382 3746 bonum
2406 3696 2496 3747 est
2524 3695 2580 3744 et
2599 3691 2878 3762 placitum
2901 3692 2960 3746 in
2985 3696 3302 3763 conspectu
3328 3689 3557 3752 Domini
3585 3690 3680 3745 Dei
3704 3688 3814 3744 tui.

2165 3780 2407 3844 Quando
2421 3779 2825 3851 disperdideril
2843 3779 3128 3835 Dominus
3139 3779 3292 3835 Deus
3307 3786 3447 3836 tuus
3459 3783 3593 3834 ante
3606 3778 3816 3832 faciem

2163 3872 2324 3922 tuam
2350 3873 2573 3939 gentes,
2595 3870 2668 3924 ad
2700 3870 2853 3940 quod
2884 3868 3208 3942 ingrederis
3238 3869 3420 3938 (Vulg.
3442 3866 3817 3940 ingredieris)

2166 3957 2564 4028 possidendas,
2591 3963 2647 4011 et
2670 3957 3000 4028 possederis
3031 3974 3150 4025 eas,
3175 3961 3349 4029 atque
3375 3955 3733 4012 habitaveris
3754 3955 3814 4011 in

2164 4050 2319 4102 terra
2332 4062 2531 4102 earum
2551 4061 2563 4102 :
2581 4062 2716 4101 cave
2747 4063 2818 4101 ne
2845 4045 3096 4101 imiteris
3109 4062 3226 4114 eas,
3247 4050 3557 4118 postquam
3573 4044 3817 4111 fuerint,

2163 4139 2219 4189 te
2248 4135 2600 4200 introeunte,
2625 4135 3003 4200 subversm,et
3031 4135 3296 4207 requiras
3318 4133 3693 4191 caeremonias
3716 4151 3820 4190 ea-

2164 4241 2294 4279 rum
2327 4223 2525 4279 dicens
2566 4223 2646 4295 (h.
2683 4224 2821 4279 deos
2864 4240 3089 4294 earum,
3121 4223 3376 4292 dicens):
3419 4223 3585 4280 Sicut
3615 4221 3819 4278 colue-

2164 4319 2302 4368 runt
2329 4318 2532 4385 gentes
2563 4313 2685 4368 istae
2717 4314 2854 4368 deos
2912 4329 3071 4381 suos,
3103 4313 3187 4368 ita
3215 4317 3273 4368 et
3301 4328 3406 4384 ego
3445 4311 3651 4367 colam.
3687 4311 3815 4367 Non

2164 4402 2340 4457 facies
2364 4401 2634 4456 similiter
2648 4401 2897 4457 Domino
2919 4407 3156 4458 Deotuo.
3174 4403 3394 4457 Omnes
3410 4401 3564 4458 enim
3587 4401 3817 4456 abomi-

404 4491 487 4563 (C.
524 4489 688 4560 LVI.)
717 4488 814 4544 Sin
848 4493 1040 4544 autem
1091 4491 1395 4545 comedere
1438 4491 1689 4547 volueris
1731 4497 1788 4548 et
1833 4497 1889 4548 te
1918 4510 2054 4549 esus
2084 4492 2131 4557 D
2167 4491 2452 4553 nationes,
2504 4508 2652 4562 quas
2698 4496 3002 4546 aversatur
3046 4491 3354 4555 Dominus,
3405 4491 3667 4546 fecerunt
3699 4489 3817 4546 diis

404 4578 669 4634 carnium
728 4576 1124 4645 delectaverit,
1182 4579 1398 4643 occide,
1457 4587 1510 4635 et
1598 4581 1835 4637 comede
1885 4582 2054 4651 juxta

405 4666 872 4723 benedictionem
906 4667 1139 4722 Domini
1170 4667 1267 4723 Dei
1302 4669 1407 4736 tui,
1441 4686 1617 4740 quam
1664 4670 1827 4725 dedit
1856 4670 1961 4726 tibi
1993 4671 2050 4725 in

407 4755 656 4812 urbibus
688 4755 846 4811 tuis:
879 4755 999 4811 sive
1021 4755 1390 4812 immundum
1425 4758 1616 4828 fuerit,
1651 4759 1754 4814 hoc
1784 4764 1894 4825 est,
1928 4777 2052 4814 ma-

406 4845 670 4904 culatum
694 4849 750 4900 et
771 4844 960 4900 debile
983 4861 996 4899 :
1023 4845 1142 4900 sive
1162 4847 1471 4916 mundum,
1491 4847 1597 4903 hoc
1621 4853 1732 4921 est,
1758 4849 2052 4920 integrum

407 4938 464 4992 et
493 4935 620 4991 sine
652 4933 900 5001 macula,
935 4935 1089 5006 quod
1114 4935 1306 4990 offerri
1341 4936 1493 5005 licet,
1527 4937 1678 4992 sicut
1708 4954 1978 5008 capream
1998 4943 2054 4994 et

407 5040 643 5081 cervum
676 5024 946 5079 comedes
979 5023 1062 5094 [h.
1094 5023 1564 5081 Benedictionem
1594 5026 1839 5094 Domini,
1874 5043 2051 5098 quam

405 5247 540 5296 Dat?
578 5244 687 5297 nm
712 5236 830 5291 mul
860 5234 1095 5310 Sichem,
1147 5235 1203 5291 id
1241 5240 1350 5305 est,
1381 5253 1570 5293 versus
1600 5237 1836 5304 Sic/tem,
1871 5250 2048 5310 mm,

401 5323 554 5364 more
583 5313 806 5379 autem,
839 5308 960 5362 sive
992 5316 1166 5374 R1173,
1198 5323 1352 5363 mora
1382 5310 1641 5364 diversas
1675 5310 1850 5365 habet
1880 5308 2052 5367 inter-

401 5379 758 5453 pretationes
789 5397 801 5434 :
837 5379 933 5434 alii
956 5379 1116 5453 plane
1143 5395 1299 5433 more
1343 5381 1540 5435 velunt
1571 5397 1697 5436 esse
1730 5382 2048 5453 planitiem,

403 5450 488 5507 vel
513 5455 676 5520 prata
711 5452 914 5507 More:
949 5450 1152 5522 Syrus,
1186 5467 1414 5520 quercus
1444 5453 1669 5516 Mamre,
1720 5450 1824 5508 etc.
1863 5450 2046 5510 MART.

469 5550 539 5566 —
558 5524 828 5596 Hebraeus
839 5524 909 5596 ad
925 5522 1176 5596 litteram
1196 5526 1426 5578 tantum
1444 5523 1638 5596 habet.
1645 5525 1811 5596 juxta
1823 5542 2051 5595 quercus

401 5593 564 5651 More.
601 5595 816 5667 Etsque
838 5593 933 5651 hic
956 5593 1109 5649 idem
1142 5592 1328 5662 locus,
1352 5595 1454 5666 qui
1486 5592 1763 5653 Cancellis
1790 5592 2048 5670 illustris,

2163 4580 2309 4646 suis,
2344 4581 2646 4635 efferentes
2676 4578 2828 4634 ﬁlios
2861 4584 2917 4634 et
2949 4579 3121 4646 filias,
3146 4585 3202 4634 et
3228 4579 3636 4634 comburentes
3663 4577 3816 4648 igni.

2162 4669 2244 4737 (C.
2283 4669 2499 4738 LVIII.)
2531 4668 2692 4734 Quod
2743 4669 3013 4738 principio
3046 4667 3171 4733 tibi,
3223 4667 3332 4722 hoc
3373 4671 3604 4722 tantum
3636 4666 3816 4723 facito

2161 4759 2444 4815 Domino:
2477 4774 2580 4816 nec
2610 4759 2793 4814 addas
2823 4759 3163 4830 quidquam,
3198 4773 3304 4814 nec
3334 4757 3585 4814 minuas.

2233 4848 2318 4912 (T.
2356 4849 2452 4912 IX,
2489 4849 2542 4902 B.
2581 4847 2685 4908 LV.
2723 4846 2831 4919 Cap
2857 4847 3050 4917 .XIII.)
3080 4847 3138 4903 Si
3172 4845 3492 4902 surrexerit
3532 4845 3584 4900 in
3622 4844 3819 4900 medio

2162 4936 2247 4991 tui
2272 4935 2608 5007 prophetes,
2640 4941 2741 4991 aut
2770 4935 2864 5006 qui
2899 4935 3197 4991 somnium
3227 4934 3446 4990 vidisse
3467 4949 3528 4990 se
3559 4933 3736 5000 dicat,
3759 4939 3820 4988 et

2163 5025 2489 5098 praedixerit
2504 5025 2739 5096 signum
2755 5030 2930 5097 atque
2941 5023 3637 5097 portentum,etevenerit
3653 5023 3815 5096 quod

2162 5242 2371 5306 Genes,
2402 5257 2497 5301 χιι,
2533 5241 2587 5306 6,
2620 5239 2854 5296 dicitur.

2235 5317 2252 5350 ¹
2287 5315 2537 5369 Sensum
2574 5313 2747 5382 hujus
2772 5311 2881 5368 loci
2923 5310 3189 5384 nonnihil
3221 5311 3520 5368 diversum
3556 5311 3814 5384 reperies

2158 5384 2218 5440 in
2253 5385 2445 5439 editis.
2477 5386 2742 5439 Conferat
2772 5384 2871 5454 qui
2903 5383 3170 5440 voluerit.
3205 5383 3388 5440 ΜΑιιτ.

2231 5457 2422 5528 Nostri
2451 5471 2680 5528 quoque
2705 5453 2846 5510 mss.
2863 5472 2996 5510 cum
3017 5453 3451 5528 vulgatislibris
3475 5455 3812 5526 praeferunt,

2159 5527 2427 5584 Habitetis
2453 5525 2515 5582 in
2545 5525 2681 5595 loco,
2713 5543 2876 5598 quem
2904 5525 3147 5599 elegerit
3164 5528 3446 5597 Dominus,
3477 5525 3604 5582 ’etc.
