4068 6172
223 327 313 384 473

1471 329 1689 384 LIBER
1727 322 2274 380 DRUTERONOMII
2284 362 2297 376 .

3481 327 3585 384 474

218 454 427 510 locutus
455 454 562 516 est,
583 453 639 506 et
668 449 876 506 dixerit
906 449 1013 506 tibi
1047 467 1061 506 :
1116 451 1357 522 Eamus,
1397 456 1457 508 et
1507 466 1830 523 sequamur
1857 447 1912 515 Α
1940 447 2102 503 tibus
2132 464 2261 520 qua:
2279 451 2414 504 sunt
2432 464 2610 521 super
2627 454 2860 506 terram.
2885 451 2972 524 [Β.
2995 451 3162 521 LVII,
3181 455 3240 509 C.
3265 452 3479 526 LXIII.]
3503 458 3585 510 Ne

221 545 340 599 deos
367 540 576 596 alienos
608 556 758 611 quos
788 539 1048 611 ignoras,
1081 544 1138 596 et
1168 541 1496 596 serviamus
1534 541 1658 597 eis:
1709 556 1827 594 non

220 631 399 688 audies
427 628 596 684 verba
613 627 909 699 prophetae
929 628 1092 684 illius
1109 634 1212 685 aut
1237 631 1614 686 somniatoris
1639 647 1651 684 :
1697 632 1834 699 quia

219 724 381 776 tentet
399 735 495 774 vos
511 718 790 772 Dominus
813 723 967 773 Deus
983 723 1194 786 vester,
1218 722 1282 774 ut
1300 719 1491 791 palam
1518 720 1618 774 ﬁat
1636 726 1828 773 utrum

220 807 448 879 diligatis
477 822 610 862 eum
645 823 864 873 annon,
894 807 952 861 in
984 811 1106 863 toto
1133 808 1306 863 corde
1335 808 1465 863 etin
1490 812 1612 864 tota
1634 807 1833 863 anima

217 904 404 965 vestra,
436 897 516 968 (C.
551 895 717 966 LIX.)
753 895 1067 951 Dominum
1100 897 1287 952 Deum
1319 902 1580 953 vestrum
1633 895 1828 968 sequi-

220 986 342 1041 mini
371 990 426 1040 et
453 986 645 1057 ipsum
679 985 901 1052 timete,
936 990 993 1041 et
1022 987 1301 1042 mandata
1329 986 1488 1043 illius
1523 987 1830 1053 custodite,

216 1080 262 1131 et
284 1075 467 1130 audite
492 1089 691 1130 vocem
725 1074 890 1144 ejus:
924 1074 1034 1146 ipsi
1071 1075 1354 1143 servietis,
1382 1079 1438 1131 et
1494 1075 1604 1147 ipsi
1638 1075 1831 1130 adlue-

215 1164 410 1220 rebitis.
443 1163 734 1236 Propheta
765 1168 958 1218 autem
993 1162 1110 1230 ille,
1145 1169 1246 1219 aut
1279 1165 1445 1220 ﬁctor
1465 1165 1827 1220 somniorum

213 1253 281 1324 (h.
303 1253 642 1321 somniator)
673 1252 1073 1307 interﬁcietur:
1108 1253 1244 1325 quia
1263 1253 1496 1310 locutus
1513 1257 1623 1320 est,
1647 1257 1710 1308 ut
1730 1267 1831 1307 vos

213 1348 472 1399 averteret
502 1360 536 1398 a
567 1343 815 1399 Domino
841 1343 957 1398 Deo
977 1347 1193 1413 vestro,
1222 1344 1322 1415 qui
1370 1345 1573 1399 eduxit
1625 1359 1730 1398 vos
1761 1344 1832 1398 de

213 1437 346 1488 terra
372 1433 621 1506 Egypti,
655 1438 713 1488 et
743 1433 990 1488 redemit
1022 1433 1092 1487 de
1151 1433 1321 1488 domo
1369 1433 1708 1489 servitutis:
1765 1435 1832 1486 ut

213 1537 382 1576 errare
409 1527 464 1577 te
497 1522 712 1577 faceret
743 1522 813 1577 de
851 1521 964 1586 via,
1020 1537 1197 1593 quam
1240 1521 1344 1576 tibi
1396 1521 1672 1594 praecepit
1720 1525 1830 1576 Do-

214 1611 390 1666 minus
420 1610 576 1666 Deus
608 1616 787 1666 tuus:
822 1615 881 1665 et
911 1610 1140 1665 auferes
1172 1610 1393 1666 malum
1419 1612 1489 1666 de
1512 1610 1700 1666 medio
1723 1609 1831 1678 tui,

212 1700 280 1770 (C.
334 1699 462 1770 LX.)
493 1699 554 1754 Si
613 1699 718 1754 tibi
751 1698 1000 1754 voluerit
1055 1701 1403 1770 persuadere
1437 1701 1614 1756 frater
1668 1703 1830 1766 tuus,

213 1787 350 1844 ﬁlius
381 1789 590 1843 matris
612 1792 747 1855 tum,
781 1793 882 1844 aut
901 1787 1058 1843 ﬁlius
1084 1792 1246 1855 tuus,
1267 1788 1349 1844 vel
1375 1789 1515 1858 ﬁlia,
1539 1789 1659 1845 sive
1689 1804 1834 1844 uxor

210 1875 323 1950 quia
343 1884 429 1934 est
458 1879 516 1935 in
537 1879 676 1936 sinu
699 1884 822 1947 tuo,
845 1883 947 1934 aut
962 1879 1187 1934 amicus
1207 1896 1381 1951 quem
1406 1880 1600 1952 diligis
1624 1883 1688 1934 ut
1713 1879 1836 1935 ani-

211 1984 346 2023 mam
377 1973 565 2036 tuam,
600 1968 752 2024 clam
776 1969 1009 2025 dicens:
1036 1971 1273 2035 Eamus,
1299 1973 1355 2023 et
1371 1969 1699 2025 serviamus
1721 1967 1835 2022 diis

210 2056 396 2112 alienis
426 2074 580 2130 quos
612 2058 846 2130 ignoras
863 2062 953 2126 tu,
975 2061 1032 2113 et
1053 2063 1250 2128 patres
1272 2057 1379 2125 tui,
1403 2062 1750 2114 cunctarum
1775 2056 1832 2110 in

1941 538 2266 593 comedatis
2296 556 2423 610 quas
2450 539 2754 596 immunda
2785 545 2926 596 sunt
2971 541 3053 612 [h.
3088 541 3211 598 Non
3264 544 3583 600 comedatis

1941 642 2114 682 omne
2136 628 2290 699 quod
2321 629 2718 684 abominatum
2753 634 2842 686 est
2869 633 2910 700 ].
2937 635 3054 686 Hoc
3076 636 3163 687 est
3186 632 3404 689 animal
3428 635 3583 704 quod

1941 717 2245 772 comedere
2293 717 2540 787 debetis,
2587 718 2814 782 bovem,
2874 725 2930 775 et
2963 736 3160 789 ovem,
3211 727 3268 777 et
3324 739 3586 794 capram,

1941 819 2200 871 cervum,
2232 821 2524 878 capream,
2553 807 2860 876 bubalum,
2893 809 3322 880 tragelapbum,
3377 828 3590 884 pygar-

1940 907 2077 964 gon,
2103 910 2359 966 orygem,
2383 895 2942 966 camelopardalum.
2963 901 3149 952 Omne
3165 899 3405 969 animal,
3425 900 3584 972 quod

1943 981 2000 1036 in
2033 982 2180 1036 duas
2214 988 2410 1053 partes
2441 983 2722 1056 ungulam
2756 985 2946 1052 ﬁndit,
2978 989 3034 1040 et
3079 987 3354 1054 ruminat,
3387 1003 3584 1043 come-

1941 1071 2111 1128 detis.
2145 1071 2224 1128 De
2249 1073 2344 1128 his
2374 1083 2568 1129 autem
2592 1091 2719 1146 qua:
2742 1075 3060 1140 ruminant,
3086 1080 3142 1132 et
3162 1076 3442 1147 ungulam
3469 1093 3584 1134 non

1940 1161 2193 1228 ﬁndunt,
2228 1163 2347 1218 haec
2371 1164 2549 1235 [Vulg,
2576 1172 2678 1218 (ac.
2709 1163 3296 1236 bmc]comoderenon
3319 1167 3583 1236 debetis;

1941 1250 2122 1324 [ναις.
2154 1252 2278 1308 add.
2315 1256 2399 1323 ut]
2431 1252 2741 1321 camelum,
2776 1253 3052 1324 leporem,
3087 1254 3584 1328 chmrogrillium:

1939 1343 2079 1415 quia
2105 1341 2427 1408 ruminant,
2449 1346 2636 1397 etnon
2660 1341 2929 1396 dividunt
2948 1342 3253 1414 ungulam,
3279 1344 3586 1400 immunda

1939 1437 2115 1488 erunt
2144 1431 2330 1487 vobis.
2355 1430 2466 1486 Sus
2484 1447 2742 1503 quoque,
2764 1431 3041 1503 quoniam
3067 1432 3276 1487 dividit
3301 1433 3583 1505 ungulam

1941 1526 1998 1577 et
2021 1537 2130 1576 non
2158 1521 2436 1588 ruminat,
2455 1521 2762 1576 immunda
2785 1520 2914 1575 erit.
2933 1521 3221 1578 Carnibus
3243 1538 3443 1578 eorum
3471 1541 3586 1579 non

1941 1609 2278 1680 vescemini,
2313 1615 2369 1664 et
2397 1610 2676 1664 cadavera
2717 1627 2830 1665 non
2892 1611 3164 1682 tangetis.
3223 1611 3306 1682 [Ο.
3367 1612 3586 1682 LXIV.]

1943 1705 2072 1755 Haec
2101 1699 2419 1755 comedetis
2449 1715 2517 1754 ex
2537 1699 2813 1754 omnibus
2835 1716 2958 1768 quae
2985 1704 3292 1756 morantur
3314 1701 3371 1756 in
3395 1703 3581 1772 aquis.

1943 1792 2080 1856 Quae
2111 1790 2326 1844 habent
2348 1788 2622 1860 pinnulas
2651 1793 3087 1860 etsquammas,
3107 1790 3392 1846 comedite
3415 1806 3428 1846 :
3455 1808 3582 1863 qum

1943 1880 2165 1950 absque
2181 1877 2850 1951 pinnulisetsquammis
2864 1884 3084 1934 suntne
3097 1879 3586 1952 oomedatis,quia

1944 1969 2254 2024 immunda
2275 1972 2433 2022 sunt.
2467 1968 2548 2036 [Ο.
2579 1966 2756 2037 LXV.]
2787 1966 3002 2023 Omnes
3033 1984 3168 2024 aves
3203 1969 3453 2024 mundae
3485 1986 3584 2026 co-

1944 2058 2178 2113 medite.
2207 2057 2551 2112 Immundas
2583 2072 2653 2111 ne
2674 2055 2996 2112 comedatis
3020 2073 3033 2111 :
3059 2057 3316 2129 aquilam
3341 2057 3582 2129 scilicet,

210 2146 432 2202 circuitu
464 2147 760 2220 gentium,
805 2163 933 2218 quae
970 2148 1140 2217 juxta
1169 2146 1256 2203 vel
1308 2146 1508 2218 procul
1539 2150 1698 2213 sunt,
1758 2145 1830 2200 ab
1869 2145 1917 2210 B
1947 2151 2003 2203 et
2031 2145 2336 2218 gryphem,
2386 2150 2443 2200 et
2487 2145 2837 2212 balimetum,
2887 2144 3062 2212 ixiou,
3087 2149 3142 2201 et
3195 2145 3484 2202 vulturem
3519 2165 3586 2204 ac

211 2232 353 2289 initio
381 2252 572 2308 usque
606 2237 677 2292 ad
713 2237 884 2291 ﬁnem
923 2239 1106 2305 terrae,
1135 2253 1246 2291 non
1272 2237 1610 2308 acquiescas
1628 2235 1700 2304 ei,
1729 2250 1834 2290 nec

212 2323 412 2393 audias,
445 2341 638 2396 neque
669 2329 871 2396 parcat
900 2325 950 2380 ei
981 2323 1186 2380 oculus
1209 2329 1368 2392 tuus,
1394 2323 1833 2390 utmiserearis,

213 2416 257 2467 et
282 2412 526 2470 occultes
555 2430 718 2481 eum,
750 2415 851 2469 sed
884 2415 1081 2469 statim
1106 2414 1441 2470 interﬁcies.
1467 2414 1554 2486 Sit
1578 2413 1834 2485 primum

214 2517 400 2558 manus
419 2508 522 2558 tua
547 2520 730 2575 super
749 2519 908 2569 eum,
931 2509 989 2558 et
1007 2507 1207 2575 postea
1225 2503 1416 2559 omnis
1436 2503 1687 2574 pepulus
1706 2502 1838 2556 mit-

215 2595 282 2644 tat
303 2607 535 2647 manum
575 2595 616 2647 ί.
651 2591 968 2663 Lapidibus
1003 2592 1250 2648 obrutus
1306 2591 1646 2648 necabitur:
1703 2589 1838 2663 quia

212 2680 443 2738 voluitte
473 2682 824 2738 abstrahere
853 2700 886 2738 a
918 2683 1165 2738 Domino
1200 2687 1310 2738 Deo
1342 2687 1462 2749 tuo,
1499 2682 1599 2754 qui
1645 2680 1840 2736 eduxit

214 2769 272 2824 de
313 2775 460 2826 terra
505 2771 764 2843 Egypti,
797 2772 868 2826 de
921 2772 1094 2827 domo
1152 2771 1491 2827 servitutis:
1527 2775 1591 2826 ut
1647 2769 1839 2826 omnis

215 2859 369 2914 Israel
400 2861 657 2916 audiens
678 2860 900 2928 timeat,
935 2865 993 2916 et
1045 2876 1412 2932 nequaquam
1457 2859 1613 2915 ultra
1670 2859 1842 2916 faciet

214 2948 486 3020 quidpiam
511 2949 698 3019 hujus
712 2948 794 3003 rei
818 2949 1106 3020 simile(b.
1123 2950 1310 3019 Hujus
1333 2949 1412 3004 rei
1431 2948 1624 3004 simile
1641 2947 1698 3002 in
1720 2963 1839 3002 me-

215 3036 294 3091 dio
319 3037 422 3107 tui)
454 3039 536 3109 (C.
569 3038 744 3106 LXI.)
763 3037 819 3092 Si
852 3037 1109 3093 audieris
1126 3037 1185 3093 in
1208 3054 1325 3093 una
1347 3038 1579 3093 urbium
1603 3041 1840 3093 tuarum

217 3139 344 3195 quas
372 3127 663 3182 Dominus
693 3126 1013 3182 Deustuus
1033 3126 1195 3182 dabit
1216 3126 1320 3181 tibi
1339 3128 1409 3182 ad
1434 3127 1839 3195 habitandum,

216 3213 448 3271 dicentes
479 3215 720 3288 aliquos
744 3215 826 3287 (h.
860 3215 985 3270 Non
1028 3215 1225 3286 habet,
1275 3215 1536 3271 dicentes
1591 3216 1839 3286 aliquos,

215 3303 298 3358 sed
330 3308 559 3360 tantum
621 3304 876 3371 dicens):
938 3303 1172 3377 Egressi
1204 3309 1343 3359 sunt
1398 3305 1503 3359 ﬁlii
1536 3303 1713 3360 Belial
1771 3305 1842 3360 de

219 3392 384 3448 medio
413 3394 525 3461 tui,
565 3397 624 3449 et
653 3397 991 3449 averterunt
1013 3393 1373 3450 habitatores
1404 3393 1568 3451 urbis
1599 3398 1710 3448 tuae
1755 3393 1840 3465 (h.

219 3482 359 3552 sua),
391 3487 576 3553 atque
607 3481 910 3538 dixerunt:
963 3483 1203 3550 Eamus,
1263 3491 1316 3538 et
1349 3483 1674 3538 serviamus
1728 3482 1842 3538 diis

221 3569 402 3627 alienis
432 3588 592 3643 quos
622 3571 905 3643 ignoratis
929 3588 942 3626 :
965 3588 1160 3643 quaere
1180 3571 1428 3628 sollicite
1451 3576 1509 3628 et
1532 3571 1845 3643 diligenter

220 3659 285 3713 rei
313 3662 552 3717 veritate
604 3666 931 3732 perspecta,
985 3661 1033 3717 si
1083 3660 1376 3717 inveneris
1434 3665 1655 3716 certum
1715 3676 1844 3716 esse

219 3749 351 3816 quod
377 3749 616 3818 dicitur,
653 3755 710 3805 et
739 3749 1237 3806 abominationem
1270 3750 1422 3805 hanc
1441 3765 1613 3822 opere
1637 3765 1840 3822 perpe-

1943 2234 2185 2290 milvum
2211 2235 2382 2304 juxta
2411 2249 2597 2306 genus
2628 2250 2840 2289 suum:
2883 2237 2941 2288 et
2983 2251 3157 2290 omne
3205 2235 3424 2291 corvini
3475 2253 3582 2308 ge-

1945 2323 2125 2389 neris,
2159 2322 2572 2387 struthionem,
2605 2337 2670 2376 ac
2704 2326 3000 2387 noctuam,
3033 2327 3090 2377 et
3147 2321 3360 2391 larum,
3411 2327 3586 2395 atque

1945 2412 2461 2482 accipitremjuxta
2481 2427 2669 2482 genus
2691 2426 2866 2466 suum
2893 2411 3227 2467 :herodium
3253 2419 3311 2468 et
3332 2429 3585 2484 cygnum

1945 2509 2004 2558 et
2030 2502 2172 2567 ibin,
2203 2518 2268 2557 ac
2300 2499 2652 2572 mergulum,
2689 2499 3154 2572 porphyrionem,
3178 2506 3236 2557 et
3263 2503 3586 2574 nycticora-

1947 2608 2094 2658 cem,
2128 2589 2526 2647 onocrotalnm
2561 2594 2613 2645 rt
2643 2589 3010 2655 cbaradium,
3043 2589 3354 2661 singulain
3379 2607 3591 2663 genere

1948 2697 2076 2747 suo,
2109 2696 2367 2751 upupam
2400 2694 2632 2751 quoque
2658 2682 2714 2734 et
2765 2678 3256 2750 vespertilionem.
3307 2679 3375 2735 Et
3422 2697 3594 2736 omne

1949 2769 2104 2842 quod
2138 2773 2324 2840 reptat
2353 2773 2411 2823 et
2461 2766 2746 2840 pennulas
2805 2767 3002 2837 habet,
3035 2765 3411 2824 immundum
3460 2769 3591 2837 erit,

1949 2875 2054 2914 nec
2075 2860 2433 2914 comedetur.
2455 2858 2638 2913 Omne
2663 2857 2818 2928 quod
2845 2857 3132 2913 mundum
3155 2861 3264 2924 est,
3285 2858 3587 2915 comedite.

1949 2947 2202 3020 Quiquid
2247 2951 2442 3002 autem
2485 2945 2862 3002 morticinum
2903 2949 3071 3002 estne
3089 2946 3588 3004 vescaminiexeo.

1949 3037 2283 3108 Peregrina,
2307 3035 2406 3108 qui
2433 3036 2584 3091 intra
2609 3038 2807 3107 portas
2829 3039 2961 3091 tuas
2983 3039 3093 3102 est,
3118 3036 3192 3092 da
3215 3040 3278 3091 ut
3298 3038 3589 3106 comedat,

1951 3130 2054 3181 aut
2081 3126 2266 3180 vende
2287 3125 2338 3180 ei
2369 3124 2450 3198 [h.
2485 3128 2584 3180 aut
2621 3124 2802 3180 vende
2850 3125 3147 3196 externo]:
3200 3125 3341 3197 quia
3393 3130 3452 3181 tu
3487 3143 3590 3198 po-

1952 3215 2129 3288 pulus
2161 3218 2401 3271 sanctus
2427 3213 2659 3270 Domini
2693 3212 2786 3269 Dei
2819 3214 2900 3269 tui
2933 3230 3017 3269 es.
3054 3215 3176 3272 Non
3229 3231 3446 3288 coques
3476 3215 3591 3271 bss-

1951 3306 2091 3360 dum
2125 3304 2182 3359 in
2215 3303 2364 3360 lacte
2385 3303 2590 3359 matris
2612 3319 2748 3359 sum.
2773 3303 2861 3372 [Β.
2890 3303 3088 3368 LVIII,
3110 3308 3167 3358 Ο.
3198 3303 3407 3376 LXVI.]
3430 3303 3593 3360 Deci-

1953 3410 2110 3450 mam
2144 3397 2370 3466 partem
2402 3392 2706 3464 separabis
2737 3392 2808 3447 de
2836 3393 3066 3449 cunctis
3119 3392 3405 3450 fructibus
3453 3393 3592 3459 tuis,

1951 3485 2049 3554 qui
2083 3487 2408 3539 nascuntur
2426 3483 2481 3538 in
2502 3486 2655 3538 terra
2677 3498 2780 3555 per
2799 3498 2984 3538 annos
3008 3481 3296 3555 singulos,
3318 3487 3376 3538 et
3395 3498 3593 3539 come-

1951 3573 2054 3629 des
2086 3574 2143 3627 in
2179 3578 2494 3644 conspectu
2526 3571 2756 3628 Domini
2789 3573 2885 3626 Dei
2911 3572 3017 3637 tui,
3052 3573 3108 3627 in
3136 3572 3260 3628 loco
3277 3588 3448 3644 quem
3476 3573 3593 3628 ele-

1951 3662 2121 3735 gerit,
2157 3661 2307 3717 utin
2341 3677 2408 3717 eo
2453 3676 2666 3716 nomen
2715 3659 2873 3716 illius
2933 3661 3254 3730 invocetur,
3304 3661 3591 3716 decimam

1952 3751 2231 3807 frumenti
2264 3751 2372 3819 tui,
2406 3755 2461 3805 et
2489 3750 2703 3816 viui,et
2733 3749 2866 3815 olei,
2899 3754 2956 3805 et
2990 3749 3376 3821 primogenita
3405 3751 3475 3805 de
3508 3767 3594 3805 ar-

219 3840 399 3894 tratam
431 3838 515 3910 (h.
545 3842 938 3910 perpetratam
972 3839 1029 3892 in
1064 3839 1255 3894 medio
1287 3839 1417 3909 tui),
1471 3839 1672 3894 statim
1706 3854 1837 3911 per-
1871 3834 1914 3902 C
1955 3840 2170 3896 mentis
2200 3844 2255 3895 et
2287 3839 2493 3896 ovibus
2524 3839 2681 3894 tuis:
2718 3843 2782 3893 ut
2811 3838 3006 3893 discas
3038 3838 3246 3894 timere
3277 3838 3592 3908 Dominum

217 3928 374 3982 cuties
421 3927 792 3984 habitatores
840 3927 1002 3984 urbis
1061 3927 1220 3983 illius
1276 3928 1334 3983 in
1395 3944 1492 3983 ore
1523 3927 1726 4000 gladii,
1783 3933 1841 3983 ct

215 4013 404 4073 delcbis
427 4033 590 4082 eam,
609 4033 675 4071 ac
701 4018 898 4072 omnia
920 4033 1046 4088 qua:
1066 4017 1123 4071 in
1148 4017 1248 4072 illa
1269 4021 1428 4087 sunt,
1454 4034 1641 4089 usque
1658 4019 1727 4072 ad
1747 4033 1842 4090 pe-

213 4118 340 4160 cora.
372 4105 676 4177 Quidquid
707 4105 882 4161 etiam
918 4105 1306 4177 supellectilis
1339 4107 1536 4174 fuerit,
1596 4123 1839 4179 congre-

214 4193 357 4262 gabis
385 4195 443 4250 in
472 4194 676 4251 modio
699 4194 1026 4266 platearum
1053 4196 1203 4266 ejus,
1226 4201 1435 4251 etcum
1461 4195 1588 4266 ipsa
1609 4196 1840 4251 civitate

213 4286 505 4340 succendes
533 4301 551 4351 ;
584 4283 666 4338 ita
697 4287 762 4338 ut
794 4285 1064 4340 universa
1095 4301 1411 4340 consumas
1443 4285 1691 4341 Domino
1724 4290 1836 4341 Deo

214 4372 313 4439 tuo,
333 4378 388 4428 et
407 4375 484 4429 sit
505 4372 782 4429 tumulus
819 4372 1239 4443 sempiternus.
1273 4374 1397 4429 Non
1455 4374 1838 4430 aediﬁcabitur

213 4461 458 4533 amplius,
491 4467 550 4519 et
571 4479 688 4518 non
714 4462 1036 4518 adhaerebit
1059 4464 1128 4518 de
1151 4462 1250 4519 illo
1273 4463 1643 4520 anathemate
1665 4465 1834 4534 quid-

211 4562 362 4616 quam
393 4552 451 4607 in
484 4568 671 4608 manu
706 4557 843 4607 tua:
879 4555 943 4606 ut
969 4556 1270 4607 avertatur
1297 4553 1585 4609 Dominus
1629 4555 1702 4608 ab
1751 4554 1836 4609 ira

210 4637 396 4697 furoris
416 4642 536 4709 sui,
557 4645 617 4698 et
639 4641 1108 4709 misereaturtui,
1125 4641 1660 4714 multiplicetquete
1683 4644 1837 4699 sicut

203 4725 397 4793 jnravit
418 4731 689 4802 patribus
707 4729 845 4796 tuis,
873 4732 1107 4801 Quando
1121 4730 1377 4786 audieris
1391 4746 1588 4788 vocem
1603 4732 1834 4788 Domini

213 4812 290 4867 Dei
319 4815 426 4885 tui,
469 4815 816 4872 custodiens
847 4818 1044 4872 omnia
1066 4822 1356 4889 prmeepta
1384 4819 1533 4889 ejus,
1564 4835 1691 4890 qua
1731 4836 1837 4892 ego

211 4904 460 4976 praecipio
490 4905 598 4961 tibi
629 4904 823 4973 bodie,
856 4910 921 4960 ut
951 4905 1132 4962 facias
1159 4907 1314 4978 quod
1349 4907 1629 4979 placitum
1657 4913 1746 4966 est
1776 4911 1835 4966 in

207 4999 499 5065 conspectu
536 4993 774 5050 Domini
810 4995 910 5050 Dei
944 4995 1050 5050 tui.

266 5080 338 5149 (Β.
361 5082 498 5151 LVI,
516 5083 578 5138 Ο.
602 5083 767 5150 LXII,
791 5083 919 5155 Cap.
937 5083 1113 5155 XIV.)
1135 5083 1259 5139 Filii
1279 5088 1462 5142 estote
1480 5086 1711 5143 Domini
1738 5089 1834 5145 Dei

209 5171 360 5224 vestri
378 5171 460 5242 (b.
488 5169 625 5227 Filii
646 5171 791 5228 estis
812 5188 915 5227 vos
936 5172 1168 5228 Domini
1191 5173 1292 5229 Dei
1316 5174 1513 5238 vestri)
1540 5193 1551 5230 :
1596 5193 1710 5232 non
1735 5195 1836 5234 vos

209 5253 484 5329 incidetis,
510 5275 616 5314 nec
637 5259 863 5316 facietis
887 5259 1185 5316 calvitium
1210 5279 1389 5334 super
1410 5269 1654 5322 mortuo.
1684 5269 1835 5332 Quo-

212 5343 344 5403 niam
365 5347 619 5420 populus
633 5353 874 5404 sanctus
895 5354 954 5404 tu
971 5365 1033 5405 es
1046 5350 1294 5408 Domino
1316 5351 1432 5408 Deo
1454 5359 1554 5410 tuo
1574 5360 1632 5410 et
1651 5361 1707 5412 te
1729 5356 1838 5412 ele-

212 5434 299 5502 git,
321 5443 381 5492 ut
402 5438 488 5494 eis
505 5436 560 5493 ei
580 5437 636 5492 in
656 5437 942 5510 populum
966 5439 1342 5512 peculiarem,
1364 5443 1434 5498 de
1455 5445 1682 5501 cunctis
1703 5463 1838 5519 gen-

276 5652 292 5686 ¹
319 5647 594 5722 Palatin.,
623 5655 799 5724 atque
821 5651 921 5710 alii
951 5669 1129 5726 penes
1154 5655 1426 5716 Martian.
1459 5673 1633 5735 mss.,
1661 5675 1782 5738 post
1802 5677 1874 5725 ιθ.

1951 3929 2135 3986 Deum
2169 3933 2335 3984 tuum
2370 3928 2528 3984 omni
2565 3932 2820 3998 tempore
2840 3927 2924 3998 [Ο.
2959 3927 3194 3998 LXVII]
3228 3930 3369 3982 Cum
3394 3931 3592 3983 autem

1949 4019 2180 4091 longior
2211 4019 2386 4073 fuerit
2414 4017 2530 4084 via,
2563 4021 2620 4072 et
2647 4017 2810 4073 locus
2840 4032 3013 4088 quem
3048 4015 3286 4086 elegerit
3307 4016 3592 4072 Dominus

1948 4114 2104 4164 Deus
2137 4113 2295 4174 tuus,
2330 4107 2552 4178 tibique
2610 4105 2991 4174 benedixerit,
3045 4121 3148 4160 nec
3209 4104 3467 4176 potueris
3518 4105 3590 4161 ad

1948 4213 2084 4252 eum
2117 4195 2240 4250 haec
2272 4199 2485 4250 cuncta
2518 4199 2768 4266 portare,
2792 4194 3007 4249 vendes
3039 4193 3254 4262 omnia,
3290 4198 3345 4249 et
3373 4194 3430 4248 in
3460 4210 3590 4266 pre-

1947 4285 2098 4340 tium
2123 4285 2368 4355 rediges,
2390 4282 2768 4355 portabisque
2786 4299 2964 4338 manu
2989 4287 3110 4353 tua,
3126 4287 3182 4337 et
3206 4282 3592 4353 proﬁcisceris

1947 4375 2017 4431 ad
2050 4374 2241 4430 locum
2275 4388 2450 4444 quem
2498 4370 2735 4443 elegerit
2791 4370 3076 4426 Dominus
3120 4371 3272 4427 Deus
3328 4378 3503 4428 tuus:
3538 4380 3595 4429 et

1945 4479 2107 4521 emes
2137 4479 2206 4519 ex
2234 4463 2437 4518 eadem
2471 4461 2716 4532 pecunia
2742 4459 2986 4533 quiquid
3021 4460 3122 4514 tibi
3145 4459 3447 4532 placuerit,
3472 4461 3592 4517 sive

1945 4570 2016 4609 ex
2045 4553 2348 4618 armentis,
2383 4551 2503 4606 sive
2533 4567 2601 4606 ex
2630 4551 2858 4615 ovibus,
2883 4549 3082 4606 vinum
3111 4565 3346 4622 quoque
3367 4555 3424 4606 et
3445 4549 3590 4606 sice-

1945 4659 2095 4712 ram,
2125 4649 2179 4698 et
2205 4657 2378 4698 omne
2411 4641 2563 4713 quod
2599 4640 2888 4696 desiderat
2921 4639 3118 4694 anima
3150 4643 3288 4694 tua:
3321 4643 3379 4694 et
3400 4654 3589 4696 come-

1945 4733 2048 4788 des
2077 4747 2271 4788 coram
2304 4731 2553 4786 Domino
2590 4729 2699 4784 Deo
2727 4732 2848 4798 tuo,
2880 4732 2939 4783 et
2967 4728 3299 4800 epulaberis
3331 4733 3392 4784 tu
3419 4733 3476 4785 et
3493 4729 3591 4784 do-

1945 4839 2077 4878 mus
2108 4827 2208 4877 tua
2231 4839 2246 4891 ;
2269 4825 2327 4876 et
2358 4819 2580 4875 Levites
2610 4817 2709 4888 qui
2741 4816 2896 4873 intra
2925 4825 3123 4890 portas
3146 4822 3276 4874 tuas
3299 4822 3388 4874 est
3413 4834 3426 4873 :
3453 4832 3588 4874 cave

1947 4927 2018 4966 ne
2031 4910 2405 4981 derelinquas
2421 4924 2578 4976 eum,
2599 4906 2736 4978 quia
2751 4905 2938 4978 [ναις.
2959 4908 3082 4979 qui]
3097 4923 3209 4962 non
3227 4906 3588 4964 babetaliam

1946 5005 2170 5074 partem
2204 5000 2262 5054 in
2298 4998 2669 5071 possessione
2697 5000 2815 5053 tua.
2847 4997 2931 5068 [Β.
2989 4996 3149 5069 LIX.]
3199 4999 3366 5053 Anno
3416 4998 3588 5054 tertio

1945 5089 2247 5162 separabis
2265 5087 2440 5145 aliam
2455 5086 2742 5142 decimam
2757 5081 2823 5142 ex
2837 5086 3111 5142 omnibus
3125 5103 3250 5158 quae
3265 5091 3590 5142 nascuntur

1947 5180 2053 5237 tibi
2085 5197 2150 5235 co
2181 5184 2444 5250 tempore
2475 5177 2556 5249 [h.
2612 5179 2676 5232 In
2710 5177 2825 5231 ﬁne
2880 5175 3018 5231 anni
3076 5175 3229 5232 tertii
3287 5174 3587 5246 separabis

1948 5286 2182 5326 omnem
2213 5268 2502 5324 decimam
2555 5268 2846 5322 fructuum
2909 5269 3141 5320 tuorum
3201 5280 3269 5318 ex
3312 5263 3588 5318 omnibus

1948 5377 2074 5431 quae
2109 5362 2435 5414 nascuntur
2468 5355 2572 5412 tibi
2607 5372 2673 5411 eo
2703 5353 2876 5424 anno]
2906 5371 2918 5408 :
2955 5361 3011 5408 et
3036 5367 3282 5425 repones
3314 5351 3468 5407 intra
3493 5353 3586 5421 ja-

1949 5465 2096 5505 nuas
2128 5454 2281 5504 tuas.
2306 5446 2627 5518 Venietque
2657 5444 2898 5513 Levites,
2932 5443 3033 5513 qui
3063 5442 3238 5496 aliam
3266 5457 3377 5496 non
3409 5439 3586 5500 habet
