4068 6172
422 350 529 405 475

1450 356 1508 407 S.
1550 354 1954 408 HIERONYMI
1992 353 2247 407 DIVINA
2282 352 2777 409 BIBLIOTHECA.

3721 342 3827 401 476

420 481 647 549 partem
680 492 785 532 nec
818 476 1251 548 possessionem
1286 481 1504 546 tecum,
1531 481 1587 532 et
1619 477 1960 548 peregrinus
2007 479 2064 531 et
2091 476 2145 542 Α
2175 474 2233 531 in
2265 477 2492 533 cunctis
2523 477 2820 548 operibus,
2845 493 2972 549 quas
2996 475 3140 548 agis.
3166 475 3252 548 [Β.
3279 472 3552 543 LXIV,C.
3573 471 3824 545 LXXII.]

421 565 682 639 pupillus
715 583 778 621 ac
811 566 1002 632 vidua,
1035 567 1133 635 qui
1162 565 1316 621 intra
1337 574 1534 637 portas
1556 575 1691 622 tuas
1714 575 1870 636 sunt,
1896 569 1950 620 et
1969 581 2065 621 co-

422 656 658 710 medent
689 659 744 709 et
775 655 1202 709 saturab‘untur
1229 673 1245 708 :
1281 661 1344 709 ut
1370 655 1675 710 benedicat
1712 654 1814 710 tibi
1865 654 2066 710 Domi-

422 761 534 800 nus
552 743 706 799 Deus
725 747 864 798 tuus
888 742 945 798 in
970 743 1198 799 cunctis
1221 744 1497 816 operibus
1523 760 1807 799 manuum
1831 749 2065 799 tuarum

421 849 545 903 quae
572 832 794 887 feceris.

493 922 574 990 [Β.
607 921 711 987 LX,
747 924 805 978 Ο.
843 920 1084 990 LXVIII,
1109 921 1246 992 Cap.
1294 921 1444 993 XV.]
1476 921 1736 992 Septimo
1767 938 1920 978 anno
1978 923 2064 978 fa-

422 1010 538 1066 cies
564 1009 992 1077 remissionem,
1057 1028 1180 1082 quae
1214 1010 1322 1066 hoc
1379 1011 1584 1066 ordine
1637 1010 2061 1067 celebrabitur:

420 1099 524 1155 Cui
555 1099 798 1155 debetur
824 1098 1042 1169 aliquid
1079 1101 1150 1154 ab
1180 1099 1368 1155 amico
1396 1099 1482 1155 vel
1516 1099 1776 1170 proximo
1801 1117 1864 1156 ac
1887 1100 2063 1156 fratre

422 1205 552 1258 suo,
585 1192 841 1259 repetere
873 1205 987 1242 non
1022 1189 1254 1260 poterit,
1281 1189 1422 1260 quia
1460 1205 1652 1244 annus
1702 1189 2064 1245 remissionis

423 1283 512 1332 est
547 1277 793 1332 Domini.
827 1279 871 1331 A
904 1278 1210 1349 peregrino
1245 1290 1297 1334 et
1329 1279 1552 1333 advena
1601 1279 1793 1351 exiges
1839 1279 1922 1351 [h.
1980 1279 2063 1335 Ah

425 1371 660 1422 externo
684 1371 881 1421 autem
904 1365 1158 1438 exiges]:
1207 1366 1386 1422 civem
1445 1373 1502 1423 et
1532 1368 1930 1440 propinquum
1978 1368 2060 1439 [h.

423 1455 608 1511 civem
633 1459 688 1510 et
724 1456 983 1526 fratrem]
1018 1457 1314 1528 repetendi
1350 1473 1464 1512 non
1523 1457 1767 1513 habebis
1809 1462 2059 1527 potesta-
2089 1522 2095 1530 .

424 1548 542 1600 tem
575 1546 619 1623 i.
647 1545 717 1600 Et
748 1544 986 1600 omnino
1040 1545 1311 1617 indigens
1338 1549 1395 1600 et
1453 1547 1757 1602 mendicus
1780 1563 1897 1601 non
1954 1547 2066 1603 erit

423 1635 576 1689 inter
606 1650 704 1689 vos
730 1651 743 1688 :
781 1637 844 1688 ut
868 1634 1171 1689 benedicet
1191 1634 1295 1690 tibi
1318 1634 1602 1690 Dominus
1626 1636 1683 1689 in
1708 1640 1861 1690 terra
1881 1652 2061 1708 quam

422 1723 749 1778 traditurus
779 1727 868 1778 est
919 1722 1023 1778 tibi
1055 1724 1114 1777 in
1173 1725 1623 1794 possessionem.
1684 1728 1764 1791 [Β.
1804 1725 1941 1781 LXI.
1994 1731 2057 1783 C.

426 1811 641 1882 LXIX]
671 1811 727 1866 Si
757 1817 953 1867 tamen
1004 1811 1260 1868 audieris
1307 1829 1508 1868 vocem
1541 1813 1772 1869 Domini
1821 1814 1919 1869 Dei
1951 1816 2058 1883 tui,

422 1906 478 1956 et
498 1900 846 1956 custodieris
877 1901 1148 1957 universa
1177 1902 1519 1972 quaajussit,
1547 1908 1602 1958 et
1619 1919 1743 1974 qua:
1762 1920 1866 1976 ego
1890 1903 2063 1960 hodie

423 1990 695 2062 praecipio
719 1989 843 2060 tibi,
863 1990 1165 2046 benedicet
1186 1991 1315 2057 tibi,
1341 1996 1403 2046 ut
1426 1991 1720 2062 pollicitus
1733 1999 1837 2048 est.
1858 1993 2062 2049 ane—

422 2079 581 2136 rabis
604 2078 881 2151 gentibus
914 2079 1138 2149 multis,
1167 2084 1224 2136 et
1254 2079 1380 2151 ipse
1410 2097 1443 2135 a
1474 2079 1636 2135 nullo
1657 2081 1908 2152 accipies
1932 2099 2061 2138 mu-

2173 573 2252 622 De
2282 566 2712 638 primogenitis,
2747 583 2874 638 qua:
2909 569 3235 621 nascuntur
3293 563 3353 618 in
3408 563 3714 631 armentis,
3765 568 3826 619 et

2173 655 2379 711 ovibus
2411 655 2549 722 tuis,
2581 654 2864 727 quidquid
2889 670 3065 709 sexus
3095 658 3185 709 est
3216 650 3553 717 masculini,
3596 651 3826 706 sancti-

2173 744 2378 800 ﬁcabis
2397 745 2645 800 Domino
2667 744 2783 800 Deo
2805 749 2924 799 tuo.
2947 748 3066 799 Non
3090 740 3423 814 operaberis
3443 740 3504 795 in
3530 738 3822 812 primoge-

2175 835 2294 891 nito
2325 835 2508 905 bovis,
2541 841 2596 890 et
2628 851 2740 890 non
2772 833 3041 890 tondebis
3073 831 3465 904 primogenita
3495 830 3692 886 ovium
3733 829 3817 899 [h.

2173 925 2456 995 tuarum].
2494 925 2556 979 In
2586 927 2903 996 conspectu
2941 920 3168 978 Domini
3201 920 3301 976 Dei
3333 927 3420 975 tui
3450 918 3722 975 comedes
3752 935 3821 974 ea

2174 1031 2277 1086 per
2304 1031 2490 1070 annos
2521 1011 2806 1084 singulos,
2847 1012 2908 1066 in
2939 1010 3064 1067 loco
3122 1026 3298 1082 quem
3331 1007 3570 1080 elegerit
3614 1007 3820 1063 Domi-

2173 1120 2306 1171 nus,
2333 1107 2394 1158 tu
2419 1109 2475 1159 et
2494 1103 2706 1158 domus
2728 1107 2847 1156 tua.
2873 1100 2972 1156 Sin
2991 1104 3188 1155 autem
3211 1097 3484 1154 habuerit
3500 1096 3820 1164 maculam,

2172 1199 2230 1249 et
2254 1192 2341 1248 vei
2376 1191 2648 1247 claudum
2688 1190 2884 1258 fuerit,
2944 1187 3032 1244 vel
3064 1204 3308 1254 caecum,
3370 1190 3474 1241 aut
3505 1185 3561 1240 in
3621 1185 3824 1258 aliqua

2173 1289 2337 1354 parte
2367 1281 2624 1336 deforme
2655 1279 2740 1334 vel
2767 1277 2977 1343 debile,
2999 1293 3113 1332 non
3136 1273 3540 1331 immolabitur
3576 1273 3823 1329 Domino

2169 1377 2287 1427 Deo
2320 1376 2438 1426 tuo.
2472 1371 2579 1425 Sed
2613 1369 2769 1424 intra
2798 1373 2997 1440 portas
3028 1366 3187 1421 urbis
3206 1372 3318 1420 tuac
3341 1363 3613 1420 comedes
3631 1362 3776 1417 illud
3801 1379 3824 1417 :

2173 1465 2292 1516 tam
2325 1459 2586 1514 mundus
2615 1473 2791 1529 quam
2823 1455 3170 1511 immundus
3201 1451 3476 1510 similiter
3512 1455 3826 1508 vescentur

2171 1549 2277 1614 eis,
2311 1549 2478 1619 quasi
2508 1564 2714 1619 caprea
2744 1551 2801 1601 et
2833 1561 3023 1600 cervo.
3078 1544 3193 1599 Hoc
3241 1541 3431 1598 solum
3481 1540 3824 1597 observabis

2175 1646 2237 1695 ut
2267 1637 2614 1710 sanguinem
2646 1651 2849 1692 eorum
2886 1651 2998 1689 non
3041 1632 3339 1698 comedas,
3391 1631 3494 1687 sed
3550 1631 3822 1686 eifundes

2173 1729 2232 1784 in
2265 1735 2476 1783 terram
2505 1725 2675 1797 quasi
2697 1740 2934 1796 aquam.

2244 1819 2334 1888 [T.
2367 1817 2432 1883 X,
2467 1817 2524 1872 Β.
2563 1814 2726 1881 LXV,
2757 1815 2817 1870 C.
2853 1811 3114 1881 LXXIII,
3168 1813 3302 1882 Cap.
3343 1809 3504 1880 XVI,]
3563 1808 3824 1888 Observa

2173 1922 2433 1962 mensem
2459 1920 2738 1960 novarum
2762 1903 3024 1974 frugum,
3047 1906 3098 1955 et
3120 1899 3279 1956 verni
3293 1901 3543 1970 primum
3561 1898 3824 1968 tempori:

2171 1995 2252 2067 [h.
2288 2011 2402 2050 non
2435 1993 2652 2063 habet],
2691 1997 2754 2046 ut
2784 1991 2963 2046 facias
3016 1988 3202 2044 Phase
3232 1987 3477 2044 Domino
3534 1986 3650 2043 Deo
3691 1993 3821 2054 tuo,

2172 2086 2451 2156 quoniam
2481 2083 2541 2138 in
2573 2084 2684 2138 isto
2725 2096 2924 2137 mense
2969 2077 3169 2135 eduxit
3214 2083 3274 2134 te
3319 2076 3606 2133 Dominus
3663 2075 3823 2132 Deus

420 2172 611 2224 tuum.
641 2167 1041 2224 Dominaberis
1056 2167 1390 2224 nationibus
1413 2168 1876 2240 plurimis,ettui
1899 2187 2069 2227 nemo
2098 2167 2147 2234 B
2177 2178 2317 2229 tuus
2349 2175 2420 2229 de
2447 2175 2687 2244 )Egypto
2718 2173 2906 2225 nocte.
2939 2165 3396 2237 Immolabisque
3415 2164 3600 2220 Phase
3619 2163 3824 2220 Domi-

423 2256 843 2313 dominabitur.
879 2255 962 2328 [Β.
1002 2257 1161 2324 LXII,
1195 2257 1251 2312 Ο.
1291 2257 1481 2329 LXX.]
1520 2258 1574 2312 Si
1633 2275 1785 2314 unus
1817 2261 1887 2315 de
1947 2260 2064 2316 fra-

424 2346 615 2401 tribus
640 2345 776 2412 tuis,
804 2346 903 2418 qui
929 2349 1234 2401 morantur
1261 2346 1415 2402 intra
1438 2353 1633 2418 portas
1655 2347 1905 2404 civitatis
1932 2355 2063 2418 tua,

426 2434 484 2489 iu
520 2438 671 2489 terra
703 2450 880 2504 quam
913 2433 1200 2490 Dominus
1227 2440 1383 2490 Deus
1405 2441 1543 2490 tuus
1565 2435 1809 2492 daturus
1825 2443 1915 2492 est
1935 2437 2063 2504 tibi,

425 2524 496 2578 ad
530 2527 934 2594 paupertatem
966 2522 1224 2578 venerit:
1259 2541 1374 2578 non
1407 2524 1723 2580 obdurabis
1752 2542 1852 2580 cor
1874 2529 2063 2592 tuum,

426 2628 530 2667 nec
561 2609 870 2667 contrahes
904 2627 1167 2678 manum,
1202 2613 1305 2666 sed
1328 2612 1554 2682 aperies
1575 2628 1703 2668 eam
1729 2613 2066 2685 pauperi,et

424 2698 592 2756 dabis
621 2703 918 2768 mutuum,
944 2717 1058 2771 quo
1076 2701 1209 2756 eum
1230 2701 1492 2773 indigere
1514 2702 1897 2773 perspexeris.
1922 2709 2064 2759 Cave

357 2855 378 2871 ο
426 2807 498 2846 ne
529 2792 674 2845 forte
706 2789 983 2859 subrepat
1015 2789 1120 2843 tibi
1152 2789 1333 2860 impia
1363 2790 1657 2862 cogitatio,
1711 2799 1765 2846 et
1796 2793 1957 2848 dicas
2004 2793 2062 2848 in

425 2877 1482 2950 cordetuozAppropinquatseptimus
1497 2897 1687 2936 annus
1700 2882 2064 2938 remissionis

422 2974 478 3023 et
509 2972 734 3023 avertas
765 2965 966 3022 oculos
998 2971 1127 3022 tuos
1157 2984 1190 3023 a
1223 2984 1474 3039 paupere
1503 2969 1680 3024 fratre
1710 2983 1826 3037 tuo,
1863 2971 2065 3026 nolens

423 3055 475 3111 ei
498 3055 652 3126 quod
680 3055 936 3127 postulat
967 3059 1238 3111 mutuum
1271 3061 1672 3114 commodare:
1729 3075 1799 3115 ne
1856 3059 2068 3115 clamet

423 3149 628 3200 contra
661 3148 713 3199 te
745 3145 815 3200 ad
843 3144 1181 3210 Dominum,
1237 3149 1292 3199 et
1324 3147 1424 3201 ﬁat
1479 3146 1584 3201 tibi
1616 3147 1674 3202 in
1734 3153 2063 3219 peccatum.

423 3231 533 3288 Sed
566 3231 735 3287 dabis
767 3232 856 3288 ei:
894 3248 996 3288 nec
1041 3249 1178 3304 ages
1237 3234 1542 3306 quidpiam
1573 3235 1778 3292 callide
1836 3239 1896 3292 in
1937 3241 2065 3308 ejus

424 3320 877 3377 necessitatibus
907 3320 1323 3378 sublevandis:
1361 3328 1423 3379 ut
1459 3324 1763 3380 benedicet
1810 3326 1914 3380 tibi
1960 3329 2065 3382 Do-

424 3409 623 3465 minus
654 3409 809 3464 Deus
841 3416 978 3465 tuus
1008 3409 1066 3464 in
1100 3410 1258 3466 omni
1310 3415 1594 3484 tempore,
1626 3418 1685 3469 et
1741 3414 1800 3469 in
1838 3417 2066 3471 cunctis

424 3498 496 3554 ad
528 3514 660 3569 quae
691 3514 934 3553 manum
968 3499 1219 3556 miseris.
1253 3500 1376 3556 Non
1411 3501 1657 3558 deerunt
1689 3519 1974 3575 pauperes
2007 3504 2065 3559 in

421 3591 578 3643 terra
609 3587 988 3643 habitationis
1017 3592 1164 3644 tuae:
1203 3588 1417 3646 idcirco
1467 3607 1571 3663 ego
1617 3592 1890 3664 praecipio
1936 3593 2064 3662 tibi,

423 3683 488 3732 ut
519 3677 747 3748 aperias
779 3693 1017 3733 manum
1051 3677 1214 3734 fratri
1247 3683 1344 3734 tuo
1377 3695 1557 3752 egeno
1584 3686 1641 3736 et
1667 3682 1926 3754 pauperi,
1964 3682 2065 3754 qui

422 3771 618 3822 tecum
649 3770 957 3822 versantur
985 3767 1044 3822 in
1077 3772 1248 3824 terra.
1284 3769 1368 3840 [Β.
1395 3769 1586 3833 LXIII,
1611 3770 1671 3825 C.
1700 3771 1900 3843 LXXI,]
1920 3772 2065 3828 Cum

2174 2281 2247 2319 no
2279 2263 2395 2318 Deo
2426 2267 2526 2316 tuo
2553 2263 2623 2315 de
2645 2259 2868 2329 ovibus,
2901 2261 2958 2313 et
3000 2257 3071 2312 de
3102 2255 3310 2322 bobus,
3371 2253 3429 2309 in
3461 2253 3586 2310 loco
3640 2268 3820 2324 quem

2173 2351 2414 2423 elegerit
2443 2350 2733 2406 Dominus
2759 2347 2914 2402 Deus
2947 2352 3106 2414 tuus,
3127 2350 3192 2399 ut
3210 2343 3431 2400 habitet
3453 2358 3664 2398 nomen
3687 2342 3821 2412 ejus

2171 2441 2274 2497 ibi.
2307 2441 2432 2496 Non
2464 2439 2734 2494 comedes
2767 2438 2825 2490 in
2857 2452 2923 2492 eo
2957 2449 3166 2507 panem
3197 2435 3612 2488 fermentatum
3639 2447 3651 2486 :
3686 2447 3825 2502 sep-

2172 2533 2290 2585 tem
2323 2528 2531 2584 diebus
2561 2526 2831 2583 comedes
2872 2525 3095 2595 absque
3145 2523 3427 2577 fermento
3482 2519 3822 2576 afﬂictionis

2174 2634 2406 2692 panem,
2442 2616 2720 2689 quoniam
2752 2615 2810 2669 in
2839 2630 3045 2685 pavore
3064 2627 3338 2684 egressus
3359 2627 3422 2666 es
3443 2611 3514 2666 de
3533 2613 3821 2682 Egypto:

2175 2714 2238 2764 ut
2261 2705 2600 2764 memineris
2631 2703 2745 2759 diei
2766 2701 3124 2775 egressionis
3153 2707 3265 2756 tuae
3296 2700 3366 2754 de
3393 2699 3658 2772 1Egypto,
3691 2714 3827 2753 om-

2175 2797 2350 2852 nibus
2380 2795 2588 2851 diebus
2616 2794 2746 2848 vitea
2774 2795 2907 2846 tuae.
2941 2790 3066 2846 Non
3093 2788 3400 2862 apparebit
3419 2787 3774 2843 fermentum
3799 2789 3821 2821 ³

2174 2887 2233 2942 in
2265 2885 2539 2943 omnibus
2574 2881 2840 2938 terminis
2900 2880 3019 2936 tuis
3051 2885 3271 2950 septem
3327 2876 3555 2946 diebus,
3586 2881 3645 2932 et
3697 2893 3823 2932 non

2175 2974 2502 3031 remanebit
2531 2973 2600 3027 de
2632 2970 2910 3026 carnibus
2942 2970 3069 3040 ejus
3116 2967 3272 3039 quod
3322 2965 3695 3022 immolatum
3728 2971 3823 3022 est

2174 3061 2419 3136 vesperi,
2445 3062 2502 3116 in
2517 3061 2610 3116 die
2624 3059 2811 3132 primo
2834 3074 3005 3114 mane
3027 3058 3123 3130 (a).
3138 3056 3262 3112 Non
3281 3055 3497 3128 poteris
3510 3054 3824 3110 immolare

2174 3153 2363 3209 Phase
2393 3151 2452 3205 in
2485 3147 2742 3220 qualibet
2774 3146 3010 3202 urbium
3043 3151 3302 3214 tuarum,
3355 3159 3504 3216 quas
3532 3143 3824 3199 Dominus

2172 3247 2329 3298 Deus
2362 3246 2498 3296 tuus
2529 3239 2776 3294 daturus
2807 3241 2893 3292 est
2914 3235 3022 3292 tibi
3048 3253 3062 3303 ;
3095 3234 3195 3291 sed
3232 3233 3287 3288 in
3319 3232 3468 3299 loco,
3491 3249 3664 3303 quem
3706 3231 3827 3288 ele-

2175 3330 2326 3404 gerit
2353 3329 2639 3385 Dominus
2668 3331 2824 3382 Deus
2857 3329 3015 3392 tuus,
3048 3329 3111 3379 ut
3167 3322 3392 3379 habitet
3429 3336 3638 3377 nomen
3695 3322 3831 3393 ejus

2177 3419 2280 3490 ibi,
2315 3416 2656 3473 immolabis
2702 3414 2891 3470 Phase
2947 3411 3173 3485 vesperi
3227 3411 3298 3467 ad
3332 3409 3475 3467 solis
3526 3425 3830 3476 occasum,

2177 3507 2411 3580 quando
2429 3521 2707 3577 egressus
2721 3520 2782 3559 es
2798 3503 2870 3558 de
2882 3503 3018 3573 (Egy
3027 3507 3146 3573 pto.
3163 3501 3477 3571 Etcoques,
3491 3501 3551 3554 et
3560 3497 3837 3554 comedes

2175 3596 2234 3651 in
2267 3595 2393 3651 loco
2416 3610 2592 3666 quem
2615 3590 2856 3665 elegerit
2871 3590 3158 3647 Dominus
3181 3589 3335 3645 Deus
3359 3593 3520 3656 tuus,
3543 3602 3838 3658 maneque

2178 3699 2540 3755 consurgens
2569 3683 2742 3737 vades
2771 3680 2831 3735 in
2865 3676 3245 3736 tabernacula
3292 3680 3413 3732 tua.
3461 3679 3575 3732 Sex
3623 3673 3837 3730 diebus

2176 3773 2448 3830 comedes
2477 3787 2702 3843 azyma,
2739 3773 2797 3825 et
2850 3768 2910 3823 in
2944 3769 3037 3823 die
3091 3765 3363 3837 septimo,
3397 3765 3537 3837 quia
3588 3762 3836 3820 collecta

424 3854 531 3910 tibi
562 3853 835 3910 venditus
869 3855 1042 3911 fuerit
1074 3856 1250 3912 frater
1277 3860 1418 3912 tuus
1455 3861 1595 3913 Hei);
1617 3877 1756 3924 mus,
1803 3865 1905 3914 aut
1951 3863 2064 3915 He-
2098 3851 2142 3920 C
2177 3867 2268 3918 est
2299 3859 2529 3916 Domini
2553 3858 2653 3914 Dei
2676 3857 2784 3927 tui,
2810 3873 2925 3912 non
2950 3855 3128 3911 facies
3144 3871 3312 3924 opus.
3337 3853 3423 3923 [Β.
3445 3851 3831 3924 LXVI.]Sep-

428 3945 603 4010 bram,
628 3949 685 3999 et
715 3961 815 3999 sex
845 3944 1014 4000 annis
1047 3944 1312 4001 servierit
1345 3945 1470 4014 tibi,
1504 3946 1560 4000 in
1623 3949 1874 4018 septimo
1923 3965 2075 4004 anno

426 4032 690 4088 dimittes
722 4049 855 4088 eum
887 4031 1156 4090 liberum.
1181 4038 1238 4088 et
1259 4050 1433 4104 quem
1458 4033 1725 4092 libertate
1748 4037 2075 4107 donaveris,

427 4137 804 4194 nequaquam
835 4138 1084 4178 vacuum
1116 4122 1278 4178 abire
1295 4123 1566 4194 patieris:
1591 4125 1692 4180 sed
1717 4127 1886 4181 dabis
1909 4126 2077 4182 viati-

426 4227 562 4266 cum
585 4212 655 4266 de
669 4211 968 4283 gregibus,
994 4217 1052 4267 et
1072 4211 1141 4266 de
1165 4227 1318 4279 area,
1337 4216 1394 4268 et
1415 4212 1691 4268 torculari
1713 4219 1835 4283 tuo,
1859 4215 2076 4287 quibus

429 4298 713 4354 Dominus
731 4299 884 4355 Deus
916 4305 1054 4356 tuus
1077 4299 1578 4356 benedixerittibi.
1605 4301 1896 4358 Memento
1921 4304 2073 4375 quod

431 4393 489 4444 et
520 4388 644 4460 ipse
675 4389 945 4444 servieris
982 4388 1041 4443 in
1074 4394 1230 4444 terra
1279 4390 1521 4463 Egypti,
1553 4395 1610 4446 et
1647 4391 1977 4448 liberaverit
2025 4399 2078 4448 te

436 4477 720 4533 Dominus
751 4478 906 4534 Deus
936 4483 1074 4534 tuus
1109 4494 1122 4532 :
1155 4482 1213 4533 et
1243 4479 1458 4535 idcirco
1480 4495 1586 4552 ego
1617 4497 1775 4536 nunc
1807 4480 2078 4552 praecipio

432 4566 562 4622 tibi.
581 4566 687 4623 Sin
712 4570 907 4622 autem
930 4565 1166 4622 dixerit:
1189 4566 1333 4622 Nolo
1356 4569 1583 4640 egredi:
1607 4585 1672 4624 eo
1694 4569 1848 4638 quod
1873 4568 2079 4641 diligat

429 4658 506 4722 te,
540 4658 596 4710 et
626 4655 864 4711 domum
899 4659 1084 4724 tuam,
1119 4660 1176 4711 et
1206 4655 1352 4711 bene
1382 4656 1496 4712 sibi
1528 4657 1680 4726 apud
1717 4663 1769 4713 te
1799 4674 1924 4714 esse
1943 4673 2076 4714 sen-

431 4743 578 4799 tiat:
613 4760 882 4800 assumes
909 4744 1205 4814 subulam,
1240 4747 1296 4800 et
1333 4745 1657 4816 perforabis
1715 4763 1915 4801 aurem
1946 4747 2075 4818 ejus

431 4834 490 4888 in
516 4834 701 4904 janua
727 4835 938 4890 domus
970 4839 1104 4902 tuas,
1135 4839 1194 4890 et
1224 4836 1436 4890 serviet
1465 4834 1572 4890 tibi
1606 4851 1792 4907 usque
1822 4835 1881 4890 in
1912 4843 2076 4892 aster-

431 4939 594 4980 num.
628 4923 867 4978 Ancillae
900 4941 1132 4996 quoque
1162 4923 1436 4980 similiter
1463 4925 1659 4980 facies.
1695 4924 1819 4980 Non
1853 4930 2076 4980 avertes

427 5015 501 5068 ab
534 5012 618 5069 eis
644 5013 862 5069 ocubos
893 5020 1044 5083 tuos,
1074 5014 1307 5085 quando
1335 5012 1630 5069 dimiseris
1681 5029 1780 5069 eos
1837 5013 2074 5070 liberos.

432 5103 711 5174 quoniam
736 5104 907 5173 juxta
926 5104 1256 5159 mercedem
1281 5101 1621 5158 mercenarii
1641 5119 1745 5174 per
1764 5119 1863 5159 sex
1889 5119 2075 5159 annos

429 5193 665 5248 servivit
700 5192 834 5248 tibi:
874 5197 936 5247 ut
965 5192 1276 5249 benedicet
1306 5191 1410 5248 tibi
1441 5192 1727 5248 Dominus
1755 5192 1911 5248 Deus
1938 5197 2076 5248 tuus

501 5374 515 5406 ¹
553 5374 612 5427 In
649 5370 915 5438 instanti,
962 5369 1198 5443 legitur,
1232 5371 1290 5425 in
1324 5369 1570 5426 Palatia.
1629 5369 1878 5443 aliisque
1929 5387 2070 5428 mss.

431 5459 609 5514 penes
642 5443 936 5507 Martium,
977 5458 1085 5498 non
1110 5442 1290 5498 habet.

2186 3955 2299 4006 tem
2336 3948 2749 4004 hebdomadas
2767 3943 3110 4001 numerabis
3134 3943 3241 3998 tibi
3271 3941 3344 3998 ab
3375 3957 3444 3998 ea
3471 3941 3566 3998 die
3586 3957 3706 4012 qua
3723 3938 3833 3996 fal-

2187 4055 2310 4094 cem
2344 4037 2402 4092 in
2435 4041 2690 4108 segetem
2724 4033 2977 4089 miseris.
3002 4033 3072 4088 Et
3091 4030 3415 4088 celebrabis
3435 4031 3585 4086 diem
3606 4028 3689 4098 [h.
3713 4045 3833 4086 non

2187 4127 2385 4197 habet]
2403 4127 2617 4181 festum
2637 4122 3143 4179 hebdomadarum
3158 4119 3390 4177 Domino
3403 4119 3519 4175 Deo
3532 4125 3654 4189 tuo,
3671 4117 3839 4175 obla-

2187 4216 2406 4272 tionem
2431 4218 2820 4285 spontaneam
2854 4227 3064 4267 manus
3082 4215 3217 4280 tua,
3242 4224 3421 4282 quam
3447 4207 3844 4278 ofi‘eresjuxta

2190 4302 2654 4360 benedictionem
2687 4299 2918 4356 Domini
2951 4298 3049 4354 Dei
3083 4298 3192 4366 tui,
3219 4302 3275 4353 et
3290 4294 3622 4369 epulaberis
3642 4310 3845 4350 coram

2187 4392 2434 4448 Domino
2463 4395 2576 4445 Deo
2610 4393 2732 4458 tuo,
2768 4395 2854 4454 tu,
2887 4391 2944 4443 et
2974 4385 3134 4443 filius
3167 4394 3328 4452 tuus,
3373 4390 3432 4442 et
3464 4383 3584 4440 ﬁlia
3630 4387 3754 4454 tua,
3786 4388 3848 4438 et

2188 4497 2390 4538 servus
2421 4485 2584 4547 tuus,
2615 4483 2673 4534 et
2703 4476 2916 4533 ancilla
2947 4481 3068 4544 tua,
3102 4480 3159 4532 et
3189 4475 3406 4532 Levites
3435 4473 3534 4546 qui
3565 4477 3655 4528 est
3686 4473 3847 4529 intra

2187 4576 2386 4644 portas
2411 4575 2561 4636 tuas,
2596 4571 2653 4622 et
2675 4568 2920 4632 advena,
2972 4582 3037 4621 ac
3089 4563 3352 4637 pupillus
3397 4567 3454 4618 et
3485 4561 3678 4629 vidua,
3737 4561 3842 4631 qui

2189 4663 2497 4716 morantur
2513 4657 2817 4712 vobiscum
2839 4671 2852 4711 :
2881 4656 2939 4710 in
2962 4654 3088 4710 loco
3106 4669 3280 4725 quem
3301 4649 3841 4724 elegeritDominus

2186 4751 2340 4804 Deus
2369 4753 2530 4816 tuus,
2566 4749 2628 4800 ut
2658 4743 2880 4800 habitet
2910 4759 3123 4798 nomen
3154 4741 3282 4812 ejus
3322 4740 3424 4806 ibi,
3475 4745 3532 4796 et
3561 4739 3837 4796 recorda-

2186 4837 2343 4893 beris
2373 4835 2650 4908 quoniam
2711 4849 2913 4889 servus
2947 4831 3128 4888 fueris
3185 4830 3244 4885 in
3291 4829 3571 4902 Egypto:
3631 4831 3836 4884 custo-

2186 4926 2429 4996 diasque
2451 4940 2515 4980 ac
2551 4922 2725 4979 facies
2755 4937 2880 4993 quin
2940 4923 3226 4992 praecepta
3255 4923 3414 4974 sunt.
3473 4918 3554 4989 [Β.
3590 4916 3838 4989 LXVII.]

2183 5013 2624 5070 Solemnitatem
2671 5025 2905 5082 quoque
2956 5006 3466 5065 tabernaculorum
3509 5003 3840 5062 celebrabis

2186 5119 2289 5175 per
2321 5105 2546 5172 septem
2580 5098 2728 5166 dies,
2763 5097 3000 5169 quando
3033 5095 3338 5167 collegeris
3367 5095 3439 5150 de
3467 5109 3604 5149 area
3647 5098 3754 5150 tua
3783 5099 3843 5149 et

2186 5189 2467 5248 torculari
2501 5188 2698 5260 fruges
2730 5193 2885 5252 tuas,
2918 5191 2976 5242 et
3032 5182 3364 5257 epulaberis
3416 5182 3476 5238 in
3522 5181 3844 5239 festivitate

2257 5369 2537 5424 Hebraeus
2591 5365 2770 5422 habet
2827 5347 2999 5449 1,735,
3063 5361 3329 5433 labboecr,
3383 5361 3440 5417 id
3497 5365 3608 5431 est,
3667 5377 3844 5434 usque

2187 5473 2372 5522 mane,
2401 5457 2555 5528 quod
2579 5455 3130 5528 Aeditipsequuntur:
3171 5466 3378 5528 omnes
3435 5454 3641 5528 autem
3689 5467 3838 5509 mss.

498 5532 519 5565 ²
548 5535 687 5608 _Mss.
717 5531 964 5608 Urbinas
993 5535 1383 5608 fermentatum
1415 5547 1516 5602 pro
1536 5531 2071 5608 fermentugp._Tum
2109 5541 2153 5608 υ
2186 5529 2376 5608 Latini
2412 5522 2593 5608 nostri
2625 5522 2864 5608 codices
2889 5525 3249 5608 legunt-cum
3280 5525 3512 5578 Canone
3540 5522 3686 5580 Heb.
3736 5539 3835 5579 ve-

429 5603 602 5688 paulo
627 5606 869 5688 pop-thin
898 5607 1192 5688 dieprimo
1225 5619 1394 5676 usque
1413 5601 1594 5670 mane,
1626 5619 1760 5659 cum
1811 5601 2068 5674 Vulgatis

425 5675 670 5746 ipsoque
693 5675 932 5734 Hebraio
963 5687 1123 5741 DD).

2184 5601 2399 5670 ritatis,
2433 5599 2494 5656 in
2523 5599 2614 5656 die
2637 5600 2820 5672 primo
2844 5595 3028 5656 mane.
3064 5595 3249 5654 Mam.
