4068 6172
228 347 310 404 477
1464 348 1681 403 LIBER
1716 347 2289 405 DEUTERONOMII.

3478 350 3584 406 478

222 480 319 545 tua,
335 477 388 529 tu
417 476 471 527 et
495 471 654 527 ﬁlius
679 476 839 538 tuus,
863 476 921 527 et
953 470 1096 542 ﬁlia,
1118 476 1176 528 et
1201 488 1407 529 servus
1438 476 1601 539 tuus,
1626 478 1685 529 et
1716 490 1822 528 an-
1853 473 1908 540 Α
1938 473 2311 545 sanguinem,
2334 490 2574 531 causam
2595 478 2651 530 et
2672 491 2933 540 causam,
2956 475 3183 548 lepram
3209 480 3267 531 et
3296 475 3520 548 lepram
3542 473 3588 512 ¹’

226 563 348 620 cilla.
380 560 588 617 Levites
618 577 852 633 quoque
904 566 962 617 et
1005 563 1245 629 advena,
1271 568 1326 617 et
1358 562 1619 634 pupillus
1650 579 1715 617 ac
1745 562 1829 617 vi-

227 654 336 720 dua,
358 650 442 721 qui
471 650 626 705 intra
651 656 848 722 portas
881 656 1014 706 tuas
1046 655 1207 707 sunt.
1229 656 1463 724 Septem
1492 652 1699 707 diebus
1717 658 1829 707 Do-

226 742 354 797 mino
377 739 482 795 Deo
512 745 611 795 tuo
642 740 793 795 festa
823 739 1168 811 celebrabis,
1204 740 1261 794 in
1315 740 1441 796 loco
1492 757 1667 813 quem
1715 740 1830 797 ele-

224 830 344 903 gerit
385 829 663 884 Dominus
697 847 710 884 :
759 829 1176 900 henedicetque
1206 829 1311 884 tibi
1344 830 1628 885 Dominus
1682 835 1830 887 Deus

220 918 401 975 tuusin
422 919 647 974 cunctis
668 918 936 990 frugibus
968 918 1110 985 tuis,
1134 922 1192 973 et
1222 918 1280 973 in
1312 919 1472 974 omni
1502 936 1673 990 opere
1705 936 1829 975 ma-

220 1024 371 1064 nuum
414 1012 666 1076 tuarum,
700 1008 932 1078 erisque
983 1006 1040 1061 in
1089 1006 1310 1063 laetitia.
1342 1008 1554 1064 Tribus
1602 1009 1829 1064 vicibus

220 1115 300 1170 per
318 1114 523 1152 annum
543 1096 850 1168 apparebit
865 1112 1038 1151 omne
1055 1095 1447 1152 masculinum
1462 1099 1824 1169 tuum[Vulg.

219 1191 303 1241 lac.
334 1186 510 1253 tuum]
560 1185 619 1240 in
670 1189 985 1257 conspectu
1030 1185 1259 1241 Domini
1305 1185 1406 1241 Dei
1456 1185 1564 1252 tui,
1596 1188 1653 1242 in
1700 1187 1827 1243 loco

217 1292 359 1347 quem
379 1274 615 1346 elegerit
639 1291 652 1330 :
687 1274 745 1329 in
776 1273 1152 1330 solemnitate
1173 1291 1532 1347 azymorum,
1555 1281 1613 1331 et
1644 1277 1703 1331 in
1727 1293 1828 1331 so-

214 1363 474 1419 lemnitate
500 1363 1087 1434 hebdomadarum,et
1101 1364 1159 1418 in
1175 1363 1543 1419 solemnitate
1558 1366 1827 1422 taberna-

210 1452 453 1507 culorum.
478 1452 565 1525 [Β.
592 1450 855 1515 LXVIIIJ
874 1451 999 1507 Non
1022 1452 1331 1523 apparebit
1352 1456 1485 1507 ante
1506 1453 1823 1508 Dominum

211 1558 412 1595 vacuus.
440 1540 552 1596 Sed
607 1541 810 1596 offeret
859 1540 1275 1612 unusquisque
1305 1542 1629 1596 secundum
1667 1543 1821 1614 quod

210 1629 438 1685 habuerit
456 1630 621 1700 juxta
646 1629 1117 1685 benedictionem
1146 1628 1372 1684 Domini
1395 1630 1497 1686 Dei
1523 1633 1821 1702 sui,quam

208 1719 397 1774 dederit
436 1718 507 1774 ei.
540 1719 627 1790 [Β.
659 1718 862 1785 LXIX,
896 1718 955 1774 C.
990 1718 1257 1793 LXXIV]
1304 1719 1544 1775 Judices
1592 1724 1650 1775 et
1700 1738 1821 1775 ma-

205 1808 387 1880 gistros
409 1808 732 1863 constitues
756 1809 814 1862 in
842 1806 1120 1862 omnibus
1151 1810 1332 1878 portis
1366 1808 1501 1875 tuis,
1534 1825 1683 1880 quas
1707 1809 1818 1865 Do-
1849 1834 1896 1899 Β

206 1896 365 1952 minus
393 1900 543 1951 Deus
576 1901 713 1951 tuus
747 1896 971 1951 dederit
1008 1895 1136 1966 tibi,
1166 1913 1270 1968 per
1317 1895 1583 1968 singulas
1633 1898 1818 1954 tribus

204 1988 327 2054 tuas,
357 1988 413 2039 ut
451 1984 728 2055 judicent
766 1984 1051 2056 populum
1098 1984 1264 2055 justo
1305 1985 1552 2055 judicio,
1605 2002 1709 2042 nec
1758 1986 1815 2041 in

204 2072 405 2129 alteram
437 2078 664 2146 partem
696 2072 993 2129 declinent
1038 2073 1117 2146 [h.
1154 2072 1453 2136 declines).
1493 2074 1617 2131 Non
1663 2076 1816 2130 acci-

204 2160 302 2233 pies
319 2178 643 2234 personam,
665 2178 769 2217 nec
794 2178 1039 2217 munera
1064 2180 1076 2217 :
1102 2161 1241 2233 quia
1262 2177 1508 2217 munera
1528 2167 1819 2219 exemeant

203 2250 364 2306 oculos
391 2251 751 2323 sapientum,
776 2256 832 2306 et
863 2255 1094 2306 mutant
1111 2251 1618 2321 verhajustorum.
1650 2254 1816 2309 Juste

203 2340 323 2410 quod
341 2341 571 2412 justum
602 2349 690 2396 est
714 2340 1106 2412 persequeris,
1144 2345 1206 2395 ut
1235 2340 1393 2395 vivas
1426 2344 1482 2395 et
1512 2341 1816 2412 possideas

201 2432 603 2501 terram,quam
628 2430 913 2485 Dominus
950 2429 1103 2485 Deus
1145 2434 1279 2484 tuus
1318 2430 1543 2485 dederit
1572 2430 1695 2485 tibi.
1729 2432 1812 2501 [Ο.

206 2517 399 2592 LXXV].
431 2520 561 2575 Non
622 2517 917 2590 plantabis
974 2518 1197 2588 lucum,
1237 2527 1288 2575 et
1335 2518 1416 2589 [h.
1455 2536 1569 2573 non
1617 2519 1812 2591 habet]

196 2622 388 2664 omnem
418 2609 689 2664 arborem
713 2609 885 2678 juxta
915 2606 1097 2664 altare
1127 2608 1363 2663 Domini
1407 2609 1507 2663 Dei
1556 2608 1667 2664 tui.
1700 2610 1815 2665 Nec

194 2694 341 2751 iacies
366 2697 493 2766 tibi,
521 2701 702 2769 atque
732 2697 912 2769 [γαίῃ.
946 2697 1160 2768 neque]
1193 2696 1519 2753 constitues
1557 2702 1814 2754 statuam

192 2780 254 2846 [h.
282 2802 382 2841 non
422 2786 722 2859 plantabis
778 2785 1005 2854 lucum,
1036 2802 1272 2842 omnem
1323 2786 1611 2855 arborem,
1653 2789 1816 2858 juxta

193 2872 337 2930 altare
363 2875 598 2931 Domini
627 2875 735 2943 tui,
770 2876 927 2947 quod
960 2876 1223 2931 facturus
1272 2892 1356 2931 es.
1388 2876 1460 2932 Et
1508 2893 1622 2931 non
1672 2894 1814 2932 con-

192 2963 366 3021 stitues
387 2966 489 3021 tibi
514 2968 800 3035 statuam]
828 2981 840 3018 :
875 2980 1001 3035 quae
1023 2964 1147 3020 odit
1170 2965 1452 3021 Dominus
1476 2965 1630 3021 Deus
1654 2970 1812 3021 tuus.

246 3054 315 3120 [Β.
348 3054 500 3121 LXX,
556 3056 692 3125 Cap.
742 3053 945 3122 XVII].
993 3053 1119 3109 Non
1178 3053 1513 3110 immolabis
1569 3055 1816 3110 Domino

192 3144 289 3196 Deo
328 3148 421 3199 tuo
467 3143 683 3199 bovem
734 3145 790 3198 et
837 3158 1023 3210 ovem,
1057 3143 1115 3196 in
1162 3158 1276 3213 quo
1308 3147 1398 3199 est
1429 3144 1681 3213 macula,
1714 3148 1816 3199 aut

1937 563 2298 633 etjudicium
2320 563 2477 619 intra
2500 569 2697 635 portas
2727 569 2859 619 tuas
2889 564 3103 619 videris
3134 565 3312 620 verba
3336 564 3543 620 variari
3569 584 3582 622 :
3686 622 3687 625 η

1938 666 2135 722 surge,
2157 656 2215 706 et
2235 652 2485 708 ascende
2508 653 2578 707 ad
2602 652 2999 724 locum,quem
3023 653 3265 723 elegerit
3293 655 3581 710 Dominus

1937 739 2092 795 Deus
2127 745 2282 795 tuus.
2311 740 2639 811 Veniesque
2667 743 2739 797 ad
2772 742 3105 797 sacerdotes
3138 742 3374 797 Levitici
3405 759 3579 815 geneo

1936 829 2038 897 ris,
2063 834 2120 884 et
2141 830 2488 901 adjudicem
2515 830 2615 902 qui
2640 831 2813 886 fuerit
2850 832 2910 885 in
2949 832 3048 887 illo
3092 837 3350 904 tempore
3377 851 3388 885 :
3423 849 3582 904 quae-

1937 933 2145 989 resque
2174 918 2246 973 ab
2267 920 2372 984 eis,
2403 918 2505 989 qui
2538 918 2885 974 indicabunt
2907 920 3232 990 tibijudicii
3255 921 3574 976 veritatem.

1934 1006 2003 1061 Et
2034 1006 2210 1062 facies
2235 1008 2631 1078 quodcunque
2678 1008 2932 1063 dixerint
2985 1010 3084 1080 qui
3144 1015 3401 1080 praesunt
3454 1009 3580 1066 loco

1934 1112 2109 1166 quem
2169 1095 2407 1168 elegerit
2464 1097 2766 1163 Dominus,
2819 1102 2876 1152 et
2922 1097 3228 1153 docuerint
3278 1107 3351 1154 te.
3403 1099 3580 1155 Juxta

1932 1183 2117 1256 legem
2151 1187 2279 1256 ejus
2310 1187 2575 1256 sequeris
2607 1186 2957 1241 sententiam
2988 1203 3211 1242 eorum.
3243 1187 3359 1242 Nec
3398 1187 3579 1243 decli-

1934 1274 2102 1328 nabis
2125 1274 2195 1328 ad
2218 1275 2517 1331 dexteram
2551 1292 2741 1346 neque
2761 1276 2831 1329 ad
2854 1275 3179 1331 sinistram.
3216 1277 3297 1347 [Β.
3334 1275 3575 1343 LXXIV,

1932 1361 1991 1417 C.
2029 1362 2337 1428 LXXVIII]
2368 1365 2475 1429 Qui
2524 1369 2719 1419 autem
2769 1365 3141 1435 superbierit,
3188 1363 3393 1420 nolens
3442 1367 3577 1420 obe-

1914 1451 2056 1531 odire
2087 1452 2407 1507 sacerdotis
2438 1452 2680 1524 imperio
2726 1453 2827 1524 qui
2875 1470 2941 1509 eo
2994 1460 3252 1525 tempore
3285 1453 3579 1509 ministrat

1934 1540 2175 1596 Domino
2236 1542 2347 1596 Deo
2404 1546 2528 1609 tuo,
2578 1548 2635 1597 et
2689 1542 2919 1597 decreto
2959 1543 3182 1613 judicis
3230 1543 3304 1615 [h.
3351 1543 3574 1613 judz'ci],

1932 1629 2216 1686 morietur
2244 1630 2419 1686 homo
2453 1630 2565 1699 ille,
2600 1634 2656 1686 et
2686 1632 2914 1687 auferes
2960 1631 3178 1687 malum
3229 1635 3301 1688 de
3350 1633 3523 1689 Israel
3560 1650 3573 1691 :

1929 1724 2294 1791 cunctasque
2310 1720 2560 1792 populus
2580 1721 2825 1776 audiens
2849 1722 3170 1790 timebit,ut
3192 1721 3389 1777 nullus
3413 1723 3575 1776 dein-

1932 1823 2066 1878 ceps
2127 1810 2478 1863 intumescat
2534 1808 2827 1879 superbia.
2862 1810 2941 1881 [Β.
2978 1809 3185 1864 LXXV.
3219 1811 3277 1865 Ο.
3311 1810 3571 1881 LXXIX]

1930 1896 2072 1952 Cum
2106 1897 2412 1967 ingressus
2444 1898 2623 1953 fueris
2656 1903 2869 1953 terram
2904 1915 3079 1969 quam
3105 1898 3388 1953 Dominus
3424 1900 3573 1953 Deus

1928 1988 2067 2040 tuus
2091 1985 2253 2040 dabit
2273 1985 2465 2056 tibi,et
2486 1987 2821 2058 possederis
2842 2003 2993 2056 eam,
3018 1987 3492 2058 habitaverisque
3511 1987 3572 2042 in

1928 2073 2048 2142 illa,
2081 2078 2137 2130 et
2165 2074 2381 2129 dixeris
2414 2091 2428 2130 :
2461 2076 2829 2131 Constituam
2860 2092 3037 2147 super
3064 2092 3155 2131 me
3181 2093 3399 2148 regem,
3421 2076 3575 2131 sicut

1928 2160 2145 2216 habent
2173 2178 2373 2217 omnes
2407 2179 2509 2233 per
2539 2162 2851 2218 circuitum
2878 2163 3145 2219 nationes
3171 2180 3336 2219 zeum
3360 2164 3573 2220 consti-

1928 2255 2269 2322 tues,quem
2302 2250 2581 2306 Dominus
2616 2252 2772 2307 Deus
2802 2256 2941 2307 tuus
2972 2252 3211 2324 elegerit
3233 2254 3303 2307 de
3327 2267 3571 2308 numero

1927 2339 2010 2410 [h.
2046 2340 2116 2395 de
2151 2339 2364 2410 medio]
2398 2340 2643 2395 fratrum
2684 2344 2944 2396 tuorum.
2978 2341 3106 2397 Non
3157 2342 3374 2413 poteris
3422 2343 3571 2399 alte-

1926 2428 2047 2483 rius
2079 2428 2271 2500 gentis
2302 2428 2600 2484 hominem
2632 2446 2827 2500 regem
2856 2429 3183 2501 facere,qui
3214 2446 3327 2485 non
3356 2431 3433 2485 sit
3454 2432 3569 2487 fra-

1925 2521 2014 2573 ter
2061 2522 2223 2574 tuus.
2257 2521 2519 2589 Cumque
2546 2518 2719 2574 fuerit
2746 2518 3102 2574 constitutus
3134 2536 3246 2575 non
3284 2520 3571 2592 multipli-

1924 2606 2079 2662 cahit
2107 2607 2216 2662 sibi
2237 2624 2438 2678 equos,
2464 2624 2567 2662 nec
2590 2608 2828 2663 reducet
2844 2608 3124 2679 populum
3150 2609 3209 2664 in
3231 2613 3569 2683 Egyptum,

1923 2695 2221 2768 equitatus
2269 2713 2512 2753 numero
2546 2697 2905 2765 sublevatus,
2939 2698 3257 2767 praesertim
3290 2715 3425 2753 cum
3456 2700 3569 2755 Do-

1925 2785 2120 2841 minus
2169 2786 2506 2857 preceperit
2562 2786 2747 2853 vobis,
2782 2790 2844 2840 ut
2893 2802 3263 2857 nequaquam
3312 2787 3568 2859 amplius

1924 2889 2026 2945 per
2053 2875 2317 2929 eamdem
2355 2873 2505 2929 viam
2537 2873 3067 2929 revertamini.Non
3093 2874 3328 2930 habebit
3359 2892 3567 2932 uxores

1924 2961 2230 3034 plurimas,
2255 2979 2382 3034 quas
2411 2961 2660 3018 illiciant
2686 2962 2951 3018 animum
2974 2964 3124 3032 ejus,
3141 2980 3325 3033 neque
3345 2963 3569 3035 argenti

1924 3056 1981 3106 et
2010 3051 2138 3106 auri
2170 3052 2461 3107 immensa
2482 3052 2755 3122 pondera.
2777 3052 3088 3122 Postquam
3122 3058 3321 3107 autem
3353 3053 3571 3109 sederit

1926 3140 1985 3194 in
2017 3140 2161 3196 solio
2194 3141 2354 3212 regni
2399 3141 2511 3207 sui,
2546 3140 2838 3196 describet
2884 3140 2995 3195 sibi
3052 3142 3567 3197 Deuteronomium

188 3229 450 3302 quidpiam
478 3231 611 3287 vitii
644 3249 658 3287 :
710 3230 849 3301 quia
900 3232 1259 3287 abominatio
1290 3237 1380 3289 est
1408 3229 1657 3289 Domino
1696 3234 1812 3290 Deo
1844 3206 1887 3273 θ
1922 3229 2069 3302 legis
2103 3231 2279 3300 hujus
2324 3230 2382 3285 in
2425 3229 2743 3296 volumine,
2771 3230 3065 3301 accipiens
3092 3231 3388 3302 exemplar
3417 3248 3450 3286 a
3475 3248 3568 3287 sa-

186 3322 287 3373 tuo.
314 3320 394 3393 [Β.
445 3319 654 3390 LXXI,
703 3323 761 3375 C.
806 3320 1072 3389 LXXVI.]
1121 3320 1265 3376 Cum
1326 3322 1536 3392 reperti
1599 3323 1815 3379 fuerint

189 3409 311 3477 apud
329 3410 578 3479 te,intra
599 3426 775 3464 unam
791 3414 1093 3481 portarum
1111 3414 1350 3465 tuarum
1366 3428 1516 3482 quas
1529 3412 1813 3468 Dominus

191 3494 317 3553 Deus
344 3503 480 3556 tuus
521 3497 693 3555 dabit
746 3499 875 3567 tibi,
908 3498 994 3554 vir
1041 3504 1142 3554 aut
1190 3500 1403 3555 mulier
1448 3502 1546 3572 qui
1597 3501 1815 3558 faciant

192 3584 374 3642 malum
404 3588 463 3643 in
494 3592 825 3659 conspectu
873 3587 1107 3643 Domini
1138 3588 1240 3643 Dei
1274 3588 1383 3656 tui,
1416 3594 1473 3644 et
1518 3595 1812 3664 transgre-

191 3672 392 3731 diuntur
421 3681 668 3748 pactum
721 3675 901 3743 illius,
927 3680 995 3730 ut
1022 3676 1243 3732 vadant
1292 3680 1349 3731 et
1394 3677 1653 3734 serviant
1701 3680 1815 3735 diis

195 3760 388 3831 alienis,
410 3770 466 3820 et
496 3765 749 3821 adorent
776 3780 897 3834 eos,
930 3764 1114 3820 solem
1145 3769 1199 3819 et
1230 3764 1458 3832 lunam,
1491 3770 1548 3821 et
1575 3784 1812 3825 omnem

191 3848 422 3908 militiam
452 3854 587 3909 caeli
620 3853 703 3928 [h.
736 3851 919 3909 solem
953 3857 1011 3908 et
1039 3851 1264 3921 lunam,
1295 3858 1400 3909 aut
1430 3872 1661 3911 omnem
1700 3856 1811 3911 mi-

188 3936 337 3996 litiam
368 3942 543 4013 creti],
575 3959 707 4014 quas
748 3959 860 3997 non
912 3942 1178 4013 praecepi,
1210 3946 1269 3998 et
1312 3943 1420 3999 hoc
1473 3943 1577 3999 tibi
1637 3946 1813 4001 fuerit

190 4030 890 4102 nuntiatum,audiensque
914 4029 1255 4103 inquisieris
1296 4032 1695 4104 diligenter,et
1717 4052 1809 4090 ve-

192 4132 294 4172 rum
313 4136 435 4176 esse
456 4120 836 4193 repereris,et
855 4121 1216 4176 abominatio
1243 4122 1394 4177 facta
1415 4127 1504 4177 est
1526 4122 1582 4177 in
1608 4124 1807 4179 Israel:

190 4208 363 4263 edaces
378 4209 569 4264 virum
594 4225 662 4265 ac
688 4208 1123 4280 mulierem,qui
1142 4226 1263 4265 rem
1296 4210 1809 4267 sceleratissimam

186 4302 585 4365 perpetrarunt,
624 4298 697 4352 ad
748 4303 944 4368 portas
978 4298 1229 4354 civitatis
1260 4304 1395 4367 tuae,
1428 4304 1484 4355 et
1514 4299 1810 4371 lapidibus

186 4382 478 4442 obruentur.
512 4392 602 4461 [Β.
638 4386 880 4452 LXXIIJ
915 4387 977 4443 In
1030 4404 1126 4443 ore
1177 4389 1429 4444 duorum
1483 4393 1581 4444 aut
1631 4391 1809 4445 trium

186 4473 385 4529 testium
418 4474 639 4548 peribit
691 4475 793 4546 qui
835 4475 1239 4532 interﬁciatur.
1272 4477 1454 4533 Nemo
1485 4478 1806 4542 occidatur,

1923 3320 2259 3375 cerdotibus
2290 3318 2550 3374 Leviticaa
2579 3317 2789 3387 tribus,
2812 3325 2865 3375 et
2891 3319 3129 3375 habebit
3158 3335 3380 3389 secum,
3399 3319 3573 3390 leget-

1923 3426 2036 3481 que
2066 3407 2211 3464 illud
2244 3408 2521 3464 omnibus
2546 3407 2753 3464 diebus
2802 3409 2928 3463 vitae
2977 3426 3117 3476 suae,
3152 3415 3216 3464 ut
3262 3410 3450 3465 discat
3498 3410 3569 3465 ti-

1925 3514 2081 3555 mere
2115 3498 2431 3554 Dominum
2463 3498 2649 3553 Deum
2680 3513 2872 3567 suum,
2901 3502 2956 3553 et
2986 3499 3283 3554 custodire
3312 3500 3484 3554 verba
3514 3503 3572 3556 et

1923 3587 2301 3644 caeremonias
2331 3588 2478 3659 ejus,
2503 3604 2630 3658 quae
2662 3586 2787 3658 lege
2819 3592 3105 3659 praecepta
3134 3592 3290 3643 sunt.
3317 3587 3433 3645 Nec
3454 3587 3572 3643 ele-

1924 3681 2088 3732 vetur
2137 3693 2236 3732 cor
2283 3677 2411 3747 ejus
2462 3675 2519 3730 in
2570 3675 2906 3747 superbiam
2938 3692 3117 3747 super
3146 3676 3358 3731 fratres
3406 3694 3568 3743 suos,

1926 3782 2112 3837 neque
2157 3764 2407 3821 declinet
2458 3764 2539 3835 [h.
2574 3780 2606 3819 a
2637 3768 2925 3835 praecepto
2965 3762 3110 3835 legis
3142 3765 3184 3835 9]
3236 3764 3294 3818 in
3344 3770 3569 3834 partem

1923 3856 2221 3910 dexteram
2253 3853 2339 3908 vel
2372 3852 2698 3920 sinistram,
2734 3858 2798 3907 ut
2842 3852 3014 3923 longo
3066 3856 3320 3924 tempore
3369 3858 3570 3924 regnet

1924 3944 2069 4015 ipse,
2095 3948 2153 3998 et
2184 3941 2285 3997 filii
2319 3942 2467 4011 ejus,
2501 3958 2679 4011 super
2710 3940 2909 3996 Israel.

1994 4034 2077 4104 [Β.
2113 4032 2347 4097 LXXVI,
2390 4031 2518 4100 Cap.
2568 4030 2787 4101 XVIII.]
2835 4028 2958 4084 Non
3019 4029 3323 4084 habebunt
3372 4047 3569 4085 sacer-

1922 4124 2088 4177 dotes
2113 4130 2162 4176 σι
2187 4121 2267 4192 [h.
2294 4137 2406 4175 non
2436 4119 2631 4189 habet]
2662 4118 2892 4185 Levites,
2917 4122 2973 4172 et
2995 4133 3200 4174 omnes
3236 4119 3337 4188 qui
3368 4118 3439 4173 de
3469 4136 3570 4173 ea-

1921 4211 2054 4266 dem
2076 4210 2228 4265 tribu
2256 4213 2413 4276 sunt,
2442 4212 2662 4279 partem
2685 4211 2744 4262 et
2764 4206 3159 4262 hereditatem
3193 4223 3326 4261 eum
3355 4208 3570 4279 reliquo

1924 4300 2144 4371 [h.non
2195 4296 2393 4367 habet]
2449 4295 2646 4363 Israel,
2698 4295 2838 4366 quia
2894 4295 3181 4350 sacrificia
3235 4296 3463 4351 Domini
3511 4300 3570 4352 et

1922 4386 2248 4443 oblationes
2274 4386 2401 4456 ejus
2432 4383 2512 4458 [h.
2547 4383 2944 4438 hereditatem
2977 4383 3126 4453 ejus]
3153 4385 3477 4451 comedent,
3513 4388 3570 4439 et

1922 4475 2068 4534 nihil
2096 4474 2256 4531 aliud
2289 4472 2574 4543 accipient
2603 4473 2673 4527 de
2699 4472 2973 4543 passione
3003 4474 3249 4528 fratrum
3281 4490 3523 4528 suorum
3551 4490 3565 4529 :

186 4574 275 4615 uno
298 4569 492 4620 contra
515 4580 582 4620 se
603 4564 829 4621 dicente
860 4565 1291 4621 testimonium.
1319 4566 1529 4622 Manus
1561 4568 1803 4623 testium
1838 4580 1884 4647 Ι)
1917 4564 2202 4623 Dominus
2259 4562 2413 4618 enim
2471 4562 2596 4633 ipse
2653 4564 2742 4616 est
2800 4560 3108 4617 hmreditas
3156 4578 3380 4631 corum,
3412 4562 3568 4618 sicut

184 4648 338 4716 prima
368 4653 687 4708 interﬁciat
719 4668 875 4721 eum,
908 4658 965 4708 et
996 4669 1208 4708 manus
1235 4654 1444 4725 reliqui
1480 4654 1678 4726 populi
1710 4672 1804 4710 ex-

185 4741 337 4795 trema
366 4742 659 4808 mittetur,
686 4745 751 4796 ut
772 4742 1002 4797 auferas
1034 4742 1255 4797 malum
1280 4743 1350 4797 de
1374 4743 1565 4799 medio
1591 4743 1689 4799 tui.
1717 4745 1802 4819 [Β.

185 4824 376 4900 LXXII,
404 4832 464 4886 C.
503 4829 795 4895 LXXVII].
829 4831 889 4886 Si
920 4830 1159 4887 difﬁcile
1189 4836 1245 4886 et
1275 4832 1615 4904 ambiguum
1648 4834 1804 4904 apud

181 4917 223 4966 te
264 4917 552 4987 judicium
587 4935 717 4975 esse
748 4920 1111 4991 perspexeris
1168 4920 1320 4976 inter
1368 4922 1715 4993 sanguinem
1746 4926 1805 4979 et

183 5090 191 5099 ,
234 5025 247 5058 ¹
276 5025 849 5099 Eumdemgsensum,
884 5044 997 5082 non
1030 5028 1230 5083 eadem
1259 5028 1435 5083 verba
1475 5028 1802 5099 reperimus

181 5096 225 5145 in
274 5112 406 5171 mss.
440 5097 635 5171 libris,
670 5096 769 5152 ubi
826 5104 1166 5155 constanter
1223 5099 1456 5171 legitur,
1489 5096 1719 5171 lepram,
1750 5106 1805 5158 et

182 5180 265 5219 non
302 5168 531 5239 lepram.
571 5169 759 5223 MART.

200 5240 358 5311 “Tum
390 5256 527 5295 cum
564 5240 772 5305 nostri,
806 5256 951 5309 quos
999 5239 1298 5296 consuluit
1344 5240 1613 5296 Martian.
1650 5259 1795 5298 mss.

180 5302 306 5385 libri,
336 5312 654 5385 lepram_,_et
681 5302 1059 5385 nera-lepram,
1083 5314 1139 5367 id
1171 5320 1278 5379 est,
1316 5318 1512 5385 utrum
1541 5329 1609 5368 ea
1636 5314 1800 5384 lepra

180 5381 254 5456 sit,
277 5397 343 5437 an
374 5381 515 5439 non.
549 5381 813 5454 Negandi
853 5389 1048 5439 tamen
1100 5383 1448 5456 particulam
1483 5381 1797 5454 originales

176 5450 334 5506 textus
364 5471 477 5509 non
514 5450 867 5509 agnoscunt.

231 5520 521 5597 {Verbum
554 5520 695 5597 legis
727 5542 840 5580 non
896 5530 985 5580 est
1033 5524 1090 5580 in
1136 5529 1293 5581 textu
1323 5525 1646 5581 Hebraico:
1696 5529 1795 5583 sed

179 5591 403 5670 additum
436 5596 600 5653 credi
613 5591 820 5670 'pqtest
849 5597 921 5653 ab
952 5596 1269 5653 scholiaste
1297 5598 1497 5670 Latino
1543 5598 1796 5670 explica-

180 5659 324 5723 tionis
352 5683 552 5739 causa,
589 5659 653 5725 ut
680 5668 898 5728 factum
945 5670 1345 5742 conspicimus
1375 5670 1449 5728 ab
1479 5659 1794 5744 interprete

1914 4655 2150 4712 locutus
2177 4656 2268 4709 est
2297 4651 2434 4707 illis.
2469 4652 2551 4724 [(1.
2588 4650 2818 4723 LXXX.]
2850 4655 2971 4706 Hoc
3003 4650 3112 4706 erit
3142 4650 3435 4721 judicium
3469 4668 3563 4707 sa-

1915 4745 2218 4801 cerdotum
2241 4760 2274 4797 a
2295 4740 2510 4813 populo
2533 4740 2680 4796 etab
2712 4740 2803 4795 his
2840 4740 2935 4812 qui
2968 4740 3219 4795 offerunt
3249 4740 3515 4797 victimas
3551 4758 3564 4797 :

1914 4833 2035 4889 sive
2081 4832 2311 4895 bovem,
2346 4829 2465 4885 sive
2510 4846 2673 4885 ovem
2723 4828 3179 4894 immolaveriut,
3215 4829 3440 4884 dabunt
3472 4847 3568 4885 sa-

1912 4922 2132 4979 cerdoti
2183 4935 2413 4976 armum
2474 4934 2539 4973 ac
2590 4916 2982 4974 ventriculum
3030 4919 3051 4952 ²
3100 4917 3178 4990 [h.
3224 4935 3476 4986 armum,
3509 4921 3567 4974 et

1911 5030 2233 5087 Chaldaicae
2268 5027 2667 5098 paraphrasis,
2700 5027 2803 5099 qui
2850 5027 2919 5082 ad
2966 5044 3163 5083 vocem
3203 5038 3560 5099 prazceplum,

1914 5108 2054 5172 sive,
2086 5119 2116 5155 a
2142 5109 2409 5171 prwceplo
2441 5099 2669 5172 addidit
2697 5115 2906 5154 nomen
2938 5099 3175 5155 Domini.
3205 5099 3389 5154 anr.

1981 5171 2230 5227 —-Addit
2270 5188 2465 5228 revera
2507 5171 2683 5242 Hebr.
2711 5174 2925 5235 textus,
2948 5188 2985 5225 α
3012 5176 3275 5242 praecepto
3319 5178 3559 5229 marm-

1910 5254 2025 5311 173;
2059 5262 2172 5298 non
2205 5244 2369 5304 item,
2405 5242 2553 5310 quod
2590 5240 2948 5316 Scholiastes
2982 5240 3255 5316 n‘otat,_’et
3287 5242 3441 5310 legis.
3504 5307 3513 5316 ⁸

1980 5308 2340 5371 3Verissime
2368 5308 2633 5368 nutatum
2665 5313 2979 5380 Scoliastaa,
3002 5316 3060 5368 in
3093 5308 3561 5368 Hebrmo'maxil-

1913 5388 2013 5453 las,
2048 5404 2223 5459 quam
2254 5384 2548 5441 Sacerdoti
2584 5391 2806 5459 partem
2840 5386 3066 5459 tribuit,
3095 5400 3221 5459 quae
3252 5382 3339 5459 ibi
3358 5383 3561 5459 dicun-

1910 5450 2024 5525 tur,
2067 5450 2946 5533 .Dltn'm'r,_Septuaginta_xai
3006 5450 3247 5533 staﬁva,
3306 5450 3559 5533 Onltelos

1908 5540 2069 5595 ΝΨἾῚ
2112 5535 2340 5584 vocant.
2376 5526 2513 5597 Ipse
2540 5528 2715 5581 etiam
2771 5528 3002 5581 Hieron.
3037 5526 3117 5580 in'
3148 5526 3272 5580 suis
3322 5526 3557 5593 scriptis

1906 5607 1964 5657 et
1996 5605 2219 5672 partem
2271 5601 2422 5655 hanc
2468 5600 2757 5671 agnoscit,
2791 5603 2849 5654 et
2879 5597 3188 5669 allegorias
3237 5613 3304 5651 ex
3347 5610 3413 5651 ea
3460 5610 3559 5650 ca-

1906 5677 2052 5746 ptat.
