4068 6172
425 326 529 386 479

1494 332 1560 385 S.
1602 330 2010 387 HIERONYMI
2044 329 2303 384 DIVINA
2337 330 2832 386 BIBLIOTHECA.

3733 335 3845 390 480

433 455 758 522 maxillam,
802 471 866 511 ac
923 453 1334 526 ventriculum]
1371 471 1383 510 :
1435 453 1730 526 primitias
1775 452 2077 526 frumenti,
2107 453 2162 520 Α
2192 456 2282 510 tes
2315 453 2620 525 separabis
2651 452 2758 509 tibi
2785 453 2844 509 in
2879 452 3068 512 medio
3101 457 3287 523 terrae,
3318 471 3497 528 quam
3558 457 3845 516 Dominus

432 545 572 612 vini,
598 551 656 602 et
675 545 804 614 olei,
826 550 883 601 et
905 544 1171 600 lanarum
1198 551 1421 616 partem
1456 560 1525 599 ex
1554 543 1744 599 ovium
1767 543 2073 599 tonsione:

431 633 628 704 ipsum
661 635 816 690 enim
845 633 1019 705 elegit
1050 633 1329 690 Dominus
1361 639 1510 690 Deus
1538 636 1676 688 tuus
1733 634 1804 688 de
1850 631 2079 688 cunctis

433 723 712 780 tribubus
745 723 885 791 tuis,
918 728 983 779 ut
1012 728 1144 795 stet,
1178 729 1236 778 et
1265 723 1559 780 ministret
1589 723 1811 779 nomini
1845 722 2078 778 Domini

428 811 575 883 ipse,
629 817 685 867 et
738 812 843 867 filii
901 813 1029 884 ejus
1084 813 1140 867 in
1203 813 1650 884 sempiternum.
1715 813 1802 883 [T.
1865 811 1958 880 XI,
2009 812 2072 866 Β.

429 901 731 972 LXXVII.]
764 901 819 956 Si
851 902 1053 957 exierit
1085 903 1303 958 Levites
1332 919 1400 958 ex
1431 919 1548 958 una
1577 901 1810 957 urbium
1839 906 2075 957 tuarum

429 1005 497 1044 ex
531 990 690 1046 omni
726 989 900 1045 Israel
949 990 1007 1044 in
1060 1007 1176 1061 qua
1215 990 1462 1056 habitat,
1495 994 1554 1046 et
1583 990 1831 1046 voluerit
1859 991 2072 1058 venire,

430 1078 777 1134 desiderans
808 1078 998 1133 locum
1034 1095 1207 1149 quem
1249 1078 1484 1149 elegerit
1530 1079 1839 1149 Dominus,
1899 1079 2077 1134 mini-

431 1167 642 1222 strabit
667 1167 721 1221 in
749 1167 984 1222 nomine
1009 1167 1241 1223 Domini
1272 1168 1373 1223 Dei
1405 1168 1517 1234 sui,
1543 1168 1698 1223 sicut
1727 1184 1932 1224 omnes
1965 1169 2076 1223 fra-

431 1259 551 1310 tres
609 1256 738 1324 ejus
796 1256 1024 1321 Levites,
1057 1255 1156 1326 qui
1208 1257 1449 1312 stabunt
1473 1273 1539 1312 eo
1569 1262 1832 1329 tempore
1883 1273 2077 1312 coram

431 1343 697 1399 Domino.
734 1343 962 1399 Partem
1007 1346 1271 1400 ciborum
1305 1346 1571 1402 eamdem
1602 1347 1866 1416 accipiet,
1899 1362 2078 1418 quam

432 1435 489 1488 et
509 1431 700 1486 caeteri
729 1448 742 1487 :
771 1437 1008 1503 excepto
1041 1449 1128 1501 eo,
1154 1434 1308 1504 quod
1341 1435 1397 1488 in
1431 1434 1576 1490 urbe
1606 1451 1712 1490 sua
1739 1451 1805 1490 ex
1838 1439 2080 1506 paterna

358 1548 360 1551 τ
433 1520 485 1576 ei
545 1521 920 1576 successione
967 1522 1230 1578 debetur.
1267 1523 1348 1592 [Β.
1387 1522 1686 1588 LXXVIII,
1719 1524 1776 1580 C.
1812 1519 2092 1594 LXXXIJ

435 1610 677 1674 Quando
726 1609 1028 1680 ingressus
1073 1609 1250 1667 fueris
1298 1615 1534 1681 terram,
1568 1628 1745 1683 quam
1799 1611 2080 1667 Dominus

433 1704 591 1754 Deus
620 1706 754 1754 tuus
784 1699 947 1754 dabit
974 1700 1104 1768 tibi,
1133 1716 1267 1755 cave
1312 1716 1384 1755 ne
1431 1701 1645 1756 imitari
1679 1701 1822 1758 velis
1854 1701 2078 1756 abomi-

435 1787 701 1844 nationes
749 1787 982 1843 illarum
1033 1790 1320 1861 gentium.
1361 1790 1475 1845 Nec
1529 1790 1860 1846 inveniatur
1911 1789 1970 1845 in
2023 1794 2079 1846 te

434 1875 535 1948 qui
583 1876 794 1932 lustret
843 1876 1025 1933 filium
1077 1895 1274 1945 suum,
1308 1883 1410 1934 aut
1456 1877 1660 1948 filiam,
1715 1880 1936 1934 ducens
1985 1895 2083 1949 per

434 1965 668 2036 ignem:
721 1970 822 2021 aut
874 1967 973 2038 qui
1026 1967 1241 2023 ariolos
1298 1968 1648 2034 sciscitetur,
1703 1973 1761 2023 et
1817 1969 2084 2024 observet

433 2056 667 2112 somnia
688 2060 865 2127 atque
885 2056 1152 2128 auguria,
1176 2072 1281 2112 nec
1303 2057 1378 2112 sit
1401 2057 1725 2125 maleficus,
1754 2074 1860 2114 nec
1882 2058 2081 2114 incan-

436 2149 612 2214 tator,
646 2161 749 2201 nec
799 2145 898 2216 qui
949 2146 1233 2218 pylhones
1283 2146 1570 2216 consulat,
1622 2163 1811 2218 neque
1855 2147 2082 2204 divinos

439 2234 620 2306 [Vulg.
673 2233 928 2306 divinus,
974 2235 1118 2306 aut],
1167 2240 1224 2290 et
1270 2241 1552 2306 quazrata
1583 2237 1830 2292 mortuis
1872 2236 2083 2292 verita-

434 2327 574 2380 tem.
621 2324 830 2379 Omnia
885 2324 1040 2380 enim
1098 2324 1220 2380 haec
1264 2324 1640 2381 abominetur
1696 2325 1993 2393 Dominus,
2025 2329 2083 2382 et

438 2418 678 2484 prepter
708 2412 1038 2469 istiusmodi
1071 2412 1292 2470 scelera
1322 2415 1540 2470 delebit
1583 2431 1682 2470 eos
1725 2415 1785 2470 in
1838 2415 2080 2471 introitu

435 2506 554 2557 tuo.
584 2502 883 2558 Perfectus
904 2501 1020 2557 eris
1047 2523 1062 2567 ς
1091 2506 1147 2558 et
1175 2503 1399 2574 absque
1429 2502 1656 2559 macula
1677 2520 1809 2558 cum
1833 2503 2080 2560 Domino

438 2591 554 2647 Deo
584 2597 684 2646 tuo
716 2591 798 2661 [h.
835 2591 1062 2662 Absque
1092 2591 1323 2648 macula
1365 2593 1480 2649 eris
1523 2609 1658 2648 cum
1690 2592 1935 2649 Domino
1966 2597 2079 2650 Deo

437 2681 585 2751 tuo].
617 2680 829 2736 Gentes
859 2681 1002 2748 istae,
1031 2697 1281 2753 quarum
1317 2682 1648 2753 possidebis
1677 2683 1851 2752 [Vulg.
1886 2682 2078 2755 possi-

434 2767 666 2840 debitis]
701 2772 940 2834 terram,
967 2785 1218 2841 augures
1239 2769 1544 2827 etdivinos
1565 2771 1851 2827 audiunt:
1891 2777 1950 2828 tu
1983 2789 2078 2828 au-

433 2862 551 2912 tem
585 2874 617 2911 a
665 2857 914 2914 Domino
971 2858 1087 2914 Deo
1146 2863 1246 2915 tuo
1295 2859 1464 2916 aliter
1519 2859 1829 2916 institutus
1876 2877 1959 2917 es.
1995 2863 2076 2932 [(3.

437 2945 730 3017 LXXXII.)
760 2946 1103 3018 Prophetam
1132 2948 1203 3003 de
1232 2953 1402 3019 gente
1431 2953 1533 3005 tua
1576 2953 1634 3005 et
1679 2951 1750 3006 de
1798 2950 2078 3007 fratribus

433 3034 553 3090 tuis
581 3035 735 3090 sicut
764 3050 857 3090 me
889 3035 968 3106 [h.
1001 3035 1083 3091 De
1108 3037 1298 3093 medio
1327 3038 1522 3105 tui,de
1549 3038 1826 3095 fratribus
1855 3040 1974 3096 tuis
2005 3041 2080 3096 si-

441 3123 640 3179 milem
676 3123 836 3194 mei],
869 3124 1173 3180 suscitahit
1223 3125 1329 3180 tibi
1358 3127 1642 3184 Dominus
1683 3135 1838 3184 Deus
1889 3133 2028 3183 tuus
2061 3145 2074 3184 :

2189 543 2346 599 Deus
2373 549 2511 598 tuus
2535 543 2697 597 dabit
2721 543 2825 598 tibi
2853 544 2909 598 in
2936 546 3390 616 possessionem,
3415 550 3684 603 sternens
3702 547 3846 604 dili-

2187 637 2394 702 genter
2423 631 2576 686 viam
2613 633 2694 704 [h.
2731 649 2944 704 parans
2975 633 3079 688 tibi
3111 634 3306 703 viam],
3329 635 3465 690 etin
3497 640 3613 691 tres
3646 653 3844 707 (equa-

2187 720 2322 776 liter
2353 726 2548 791 partes
2591 727 2774 776 totam
2811 727 2976 777 terra
3009 727 3117 777 tum
3150 723 3507 794 provinciam
3559 725 3792 782 divides
3825 743 3839 781 :

2187 814 2252 864 ut
2281 809 2493 866 habeat
2523 826 2552 864 e
2581 810 2772 866 vicino
2801 813 2906 882 qui
2937 815 3176 883 propter
3216 811 3602 870 homicidium
3637 816 3842 887 profu-

2187 914 2299 970 gus
2329 904 2419 954 est
2447 915 2560 969 quo
2594 901 2784 971 possit
2813 901 3074 956 evadere.
3107 901 3190 972 [Ο.
3228 901 3538 974 LXXXIV.]
3569 907 3700 958 Haec
3731 904 3843 962 erit

2189 986 2278 1042 lex
2309 987 2616 1044 homicidae
2649 989 2950 1061 fugientis,
2981 991 3150 1060 cujus
3200 989 3319 1045 vita
3367 992 3654 1048 servanda
3701 997 3795 1048 est
3825 1009 3838 1048 :

2186 1076 2294 1140 Qui
2346 1078 2702 1148 percusserit
2751 1079 3077 1148 provimum
3111 1096 3286 1136 suum
3319 1081 3608 1150 nesciens,
3641 1087 3699 1138 et
3739 1082 3841 1153 qui

2186 1162 2310 1218 heri
2358 1167 2415 1218 et
2462 1165 2890 1221 nudiustertius
2920 1165 3148 1221 nullum
3199 1173 3404 1224 contra
3452 1185 3586 1224 eum
3637 1170 3840 1225 odium

2187 1250 2469 1308 habuisse
2499 1254 2916 1324 comprobatur
2939 1272 2952 1310 :
2977 1257 3077 1311 sed
3100 1255 3317 1312 abiisse
3339 1256 3681 1330 simpliciter
3703 1275 3839 1314 cum

2189 1356 2255 1396 eo
2290 1341 2347 1394 in
2375 1340 2583 1397 silvam
2618 1343 2689 1397 ad
2721 1343 2882 1416 ligna
2911 1346 3208 1413 caedenda,
3241 1351 3299 1402 et
3327 1347 3386 1402 in
3419 1347 3747 1405 succisione
3778 1348 3845 1404 li-

2190 1443 2438 1500 gnorum
2470 1431 2694 1485 securis
2727 1433 2943 1503 fugerit
2987 1449 3188 1502 manu,
3224 1434 3558 1507 ferrumque
3605 1435 3843 1508 lapsum

2189 1518 2262 1573 de
2291 1518 2595 1574 manubrio
2627 1520 2879 1576 amicum
2911 1521 3040 1592 ejus
3071 1523 3500 1594 percusseritet
3520 1524 3841 1582 occiderit:

2190 1605 2284 1661 hic
2314 1607 2383 1662 ad
2413 1624 2593 1663 unam
2626 1609 3095 1680 supradictarum
3147 1612 3382 1667 urbium
3434 1614 3754 1686 confugiet,
3785 1617 3845 1670 et

2188 1695 2372 1751 vivet:
2408 1713 2479 1752 ne
2514 1697 2757 1754 forsitan
2792 1699 3093 1770 proximus
3120 1701 3272 1772 ejus,
3296 1703 3468 1773 cujus
3498 1703 3722 1759 effusus
3754 1709 3844 1759 est

2189 1785 2454 1856 sanguis,
2487 1785 2686 1842 dolore
2716 1787 3074 1860 stimulatus,
3105 1795 3512 1862 persequatur,
3541 1797 3599 1848 et
3637 1789 3842 1864 appre-

2191 1873 2412 1929 hendat
2441 1890 2598 1944 eum,
2623 1877 2672 1931 si
2713 1876 2939 1948 longior
2958 1877 3051 1933 via
3080 1879 3275 1946 fuerit,
3300 1885 3359 1934 et
3388 1881 3679 1952 percutiat
3711 1882 3845 1937 ani-

2193 1978 2347 2017 mam
2380 1964 2531 2033 ejus,
2563 1965 2665 2035 qui
2699 1981 2812 2020 non
2843 1971 2931 2020 est
2962 1983 3094 2022 reus
3125 1968 3332 2024 mortis
3365 1985 3378 2024 :
3429 1969 3569 2040 quia
3612 1969 3843 2026 nullum

2192 2057 2396 2108 contra
2425 2069 2584 2118 eum,
2609 2055 2710 2124 qui
2740 2055 2969 2111 occisus
2998 2060 3108 2122 est,
3133 2057 3334 2113 odium
3369 2058 3534 2131 prius
3562 2058 3846 2116 habuisse

2191 2147 2574 2198 monstratur.
2609 2143 2828 2199 Idcirco
2879 2143 3149 2216 praecipio
3197 2146 3304 2202 tibi
3337 2152 3402 2202 ut
3428 2153 3546 2204 tres
3577 2149 3846 2204 civitates

2190 2229 2434 2302 aequalis
2466 2231 2616 2286 inter
2665 2248 2728 2288 se
2777 2232 2950 2304 spatii
2981 2233 3229 2290 dividas.
3263 2234 3404 2291 Cum
3437 2241 3630 2292 autem
3665 2237 3748 2304 Ib.
3783 2238 3842 2295 Si

2191 2317 2408 2385 autem]
2453 2320 2783 2377 dilataverit
2835 2322 3123 2379 Dominus
3161 2329 3316 2380 Deus
3366 2330 3502 2381 tuus
3553 2327 3844 2383 terminos

2185 2414 2346 2480 tuos,
2389 2409 2544 2464 sicut
2591 2411 2814 2480 juravit
2869 2411 3136 2483 patribus
3183 2414 3322 2480 tuis,
3355 2417 3414 2470 et
3459 2415 3686 2472 dederit
3731 2417 3838 2471 tibi

2188 2505 2459 2555 cunctam
2493 2503 2734 2567 terram,
2768 2516 2944 2571 quam
2976 2501 3060 2556 eis
3094 2501 3392 2572 pollicitus
3421 2509 3508 2559 est
3539 2505 3609 2579 [si
3638 2508 3839 2562 tamen

2187 2587 2533 2644 custodieris
2562 2589 2842 2645 mandata
2870 2590 3019 2660 eius,
3044 2594 3101 2647 et
3119 2592 3323 2648 feceris
3344 2608 3471 2664 qua
3493 2593 3667 2650 hodie
3690 2611 3840 2667 prm-

2186 2676 2336 2748 cipio
2364 2677 2496 2747 tibi,
2519 2681 2584 2733 ut
2603 2677 2813 2750 diligas
2845 2678 3154 2735 Dominum
3186 2680 3372 2737 Deum
3403 2687 3596 2751 tuum,
3627 2688 3686 2738 et
3713 2699 3842 2739 am-

2188 2765 2356 2823 bules
2405 2766 2464 2821 in
2503 2767 2613 2823 viis
2660 2768 2788 2837 ejus
2838 2768 2998 2823 omni
3047 2771 3352 2841 tempore],
3377 2772 3554 2828 addes
3586 2771 3692 2827 tibi
3720 2777 3843 2830 tres

2186 2854 2331 2911 alias
2359 2855 2646 2924 civitates,
2674 2860 2732 2912 et
2752 2857 3225 2929 supradictarum
3251 2859 3430 2915 trium
3463 2860 3699 2916 urbium
3733 2877 3844 2916 nu-

2188 2960 2417 3000 merum
2450 2944 2802 3016 duplicabis,
2835 2951 2901 3001 ut
2947 2963 3063 3002 non
3102 2947 3442 3014 effundatur
3469 2950 3716 3021 sanguis
3747 2950 3845 3005 in-

2188 3032 2400 3089 noxius
2447 3033 2506 3088 in
2541 3033 2733 3089 medio
2767 3037 2957 3105 terra),
2989 3051 3166 3108 quam
3201 3037 3486 3093 Dominus
3517 3037 3673 3094 Deus
3705 3043 3846 3094 tuus

2193 3122 2359 3178 dabit
2388 3123 2494 3178 tibi
2527 3123 2969 3194 possidendam,
3004 3141 3076 3180 ne
3121 3126 3205 3182 sis
3252 3127 3562 3198 sanguinis
3594 3143 3751 3184 reus.
3785 3129 3844 3184 Si

435 3213 625 3285 ipsum
658 3193 881 3279 audies,
918 3218 984 3268 ut
1013 3213 1207 3284 petisti
1239 3232 1271 3270 ει
1303 3216 1545 3273 Domino
1576 3218 1691 3273 Deo
1721 3222 1822 3274 tuo
1861 3218 1918 3272 in
1967 3218 2078 3274 Ηο.
2111 3193 2155 3262 C
2195 3211 2329 3282 quis
2363 3193 2562 3267 autem
2588 3211 2720 3268 odio
2749 3211 2974 3269 habens
3005 3214 3334 3285 proximum
3364 3193 3565 3282 suum,
3599 3216 3847 3272 insidia~

436 3301 556 3368 reb,
586 3303 822 3371 quando
867 3301 1068 3358 concio
1117 3310 1461 3374 congregata
1486 3311 1594 3374 est,
1627 3312 1802 3378 atque
1833 3307 2033 3363 dixisti
2067 3325 2080 3364 τ

435 3389 594 3446 Ultra
624 3406 738 3445 non
773 3391 1008 3446 audiam
1031 3407 1228 3448 vocem
1260 3393 1491 3449 Domini
1514 3395 1616 3451 Dei
1648 3396 1782 3464 mei,
1802 3401 1860 3450 et
1890 3397 2081 3467 ignem

438 3478 592 3534 hunc
625 3479 945 3535 maximum
982 3480 1238 3552 amplius
1271 3500 1386 3538 non
1412 3483 1640 3554 videbo,
1673 3501 1745 3540 ne
1775 3485 2086 3542 moriar.Et

436 3567 521 3623 ait
551 3568 836 3625 Dominus
878 3569 1022 3626 mihi
1059 3588 1072 3626 :
1122 3570 1275 3627 Bene
1323 3573 1519 3628 omnia
1565 3579 1706 3629 sunt
1747 3574 1943 3630 locuti.
1998 3576 2080 3648 [Β.

443 3657 709 3726 LXXIXJ
741 3657 1085 3731 PrOphetam
1131 3661 1430 3717 suscitabo
1480 3661 1564 3717 eis
1607 3664 1679 3717 de
1729 3664 1920 3720 medio
1969 3664 2082 3720 fra-

437 3752 591 3802 trum
625 3762 862 3802 suorum
894 3747 1144 3804 similem
1176 3749 1286 3815 tui,
1318 3754 1373 3805 et
1407 3767 1616 3817 ponam
1657 3751 1832 3807 verba
1865 3769 1994 3808 mea
2023 3753 2082 3808 in

437 3851 536 3892 ore
562 3837 711 3908 ejus,
746 3835 1135 3910 loqueturque
1181 3840 1251 3894 ad
1302 3857 1403 3896 eos
1450 3843 1639 3896 omnia
1690 3859 1817 3912 quae
1870 3860 2083 3915 praece-

440 3941 578 3998 pero
629 3924 736 3979 illi.
770 3925 878 3992 Qui
927 3931 1116 3984 autem
1148 3929 1323 3983 verba
1353 3931 1504 3999 ejus,
1531 3947 1658 4000 quae
1704 3931 1978 4002 loquetur
2025 3932 2084 3987 in

436 4013 672 4069 nomine
708 4030 856 4082 meo,
891 4015 1094 4072 audire
1131 4016 1404 4085 noluerit,
1432 4033 1537 4090 ego
1588 4017 1742 4074 ultor
1788 4020 2083 4076 exsistam.

441 4103 524 4174 [Ο.
557 4102 880 4174 LXXXIII.)
923 4104 1211 4177 Propheta
1239 4111 1456 4174 autem,
1483 4105 1586 4178 qui
1617 4108 1953 4180 arrogantia
1982 4109 2084 4164 de-

440 4195 717 4261 pravatus
760 4192 1008 4247 voluerit
1052 4191 1212 4265 loqui
1264 4194 1322 4248 in
1373 4195 1608 4250 nomine
1638 4211 1790 4266 meo,
1821 4212 1950 4267 quae
1979 4212 2086 4269 ego

441 4295 556 4333 non
591 4280 837 4352 praecepi
881 4279 985 4348 illi,
1010 4287 1074 4337 ut
1104 4282 1341 4353 diceret,
1374 4287 1472 4338 aut
1504 4299 1571 4339 ex
1603 4285 1838 4340 nomine
1869 4285 2084 4342 alieno-

442 4383 574 4422 rum
605 4369 869 4439 deorum,
903 4370 1283 4426 interﬁeietur
1325 4372 1405 4444 [h.
1444 4373 1731 4446 Pmpheta
1759 4378 1952 4430 autem
1986 4375 2084 4445 qui

439 4456 716 4526 superbia
759 4456 990 4514 locutus
1039 4459 1214 4515 fuerit
1262 4460 1321 4515 in
1372 4462 1609 4516 nomine
1640 4479 1788 4528 meo,
1823 4480 1950 4534 quae
1981 4479 2085 4534 ego

2193 3305 2291 3356 tus
2319 3301 2496 3356 fuerit
2524 3301 2649 3357 vitae
2680 3302 2832 3372 ejus,
2865 3318 3233 3376 surgensque
3263 3305 3620 3376 percusserit
3649 3304 3846 3376 illum,

2193 3393 2252 3445 et
2281 3395 2546 3445 mortuus
2578 3391 2775 3459 fuerit,
2793 3391 3125 3464 fugeritque
3146 3393 3219 3448 ad
3243 3410 3419 3448 unam
3442 3394 3515 3450 de
3533 3395 3845 3466 supradic-

2191 3479 2268 3534 tis
2302 3479 2571 3550 urbibus,
2603 3480 2837 3535 mittent
2873 3480 3133 3537 seniores
3163 3481 3412 3538 civitatis
3444 3482 3627 3552 illius,
3657 3487 3718 3539 et
3745 3501 3841 3539 ars

2193 3567 2409 3640 ripient
2455 3584 2589 3624 eum
2639 3568 2712 3625 de
2758 3568 2884 3624 loco
2933 3569 3150 3642 etl‘ugii,
3183 3572 3533 3644 tradentque
3562 3573 3621 3627 in
3655 3589 3841 3629 manu

2192 3655 2462 3728 proximi,
2495 3657 2668 3726 cujus
2719 3657 2964 3729 sanguis
3021 3658 3243 3716 effusus
3298 3665 3408 3727 est,
3439 3665 3496 3717 et
3535 3662 3845 3720 morietur.

2193 3749 2308 3801 Nec
2339 3745 2707 3803 misereberis
2737 3747 2887 3818 ejus,
2919 3751 2976 3803 et
3005 3747 3234 3805 auferes
3264 3750 3573 3806 innoxium
3603 3752 3848 3824 sangui-

2196 3850 2329 3890 nem
2387 3834 2458 3888 de
2513 3834 2713 3900 Israel,
2757 3839 2820 3890 ut
2869 3836 3016 3892 bene
3063 3837 3141 3892 sit
3183 3837 3309 3892 tibi.
3344 3837 3428 3904 [Β.
3463 3839 3849 3910 LXXXII,C.

2196 3922 2513 3996 LXXXIII.]
2562 3922 2686 3978 Non
2749 3940 3021 3981 assumes
3072 3930 3131 3981 et
3187 3926 3505 3983 transferes
3558 3928 3849 3985 terminos

2194 4011 2444 4084 proximi
2465 4011 2725 4083 tui,quos
2739 4013 2990 4068 ﬁxerunt
3010 4013 3232 4086 priores
3249 4015 3306 4070 in
3327 4015 3703 4088 possessione
3721 4021 3851 4085 tua,

2194 4117 2371 4173 quam
2402 4100 2688 4156 Dominus
2718 4105 2870 4157 Deus
2899 4107 3039 4157 tuus
3069 4103 3234 4158 dabit
3255 4103 3360 4159 tibi
3385 4104 3445 4160 in
3465 4109 3642 4171 terra,
3663 4122 3842 4178 quam

2194 4189 2487 4262 acceperis
2520 4190 2954 4260 possidendam.
2984 4190 3071 4256 [8.
3107 4192 3393 4260 LXXXVI,
3427 4196 3485 4248 C.
3517 4193 3846 4267 LXXXVI.]

2195 4279 2317 4335 Non
2349 4278 2528 4335 stabit
2557 4279 2725 4335 testis
2757 4296 2910 4335 unus
2941 4284 3143 4336 contra
3163 4280 3750 4354 aliquem,quidquid
3775 4285 3846 4340 il-

2195 4367 2295 4424 lud
2332 4368 2555 4440 peccati
2586 4374 2643 4424 et
2673 4368 2945 4424 facinoris
2977 4369 3154 4425 fuerit
3186 4386 3200 4425 :
3235 4371 3336 4426 sed
3369 4372 3428 4428 in
3461 4388 3560 4429 ore
3589 4373 3846 4430 duorum

2196 4462 2299 4513 aut
2327 4458 2506 4514 trium
2539 4457 2777 4514 testium
2811 4459 2986 4514 stabit
3027 4474 3197 4514 omne
3226 4460 3491 4517 verbum.
3525 4462 3585 4518 Si
3616 4464 3849 4519 steterit

439 4561 554 4601 non
586 4546 830 4618 praecepi
872 4546 957 4602 illi
1011 4552 1075 4603 ut
1122 4549 1338 4604 diceret
1368 4553 1472 4606 aut
1501 4566 1568 4606 ex
1599 4550 1834 4608 nomine
1864 4551 2083 4608 alieno-
2117 4553 2162 4619 Ι)
2195 4546 2366 4602 testis
2399 4547 2649 4602 mendax
2677 4550 2877 4602 contra
2901 4547 3219 4615 hominem,
3243 4564 3524 4606 accusans
3544 4565 3681 4606 eum
3705 4568 3850 4623 pra:-

438 4649 568 4689 rum
614 4634 846 4690 locutus
877 4636 1072 4706 fuerit,
1114 4637 1413 4695 morietur.
1452 4639 1534 4711 [8.
1571 4639 1807 4711 LXXX.]
1838 4642 1997 4706 Quod
2031 4641 2083 4698 si

441 4721 618 4777 tacita
647 4725 999 4795 cogitatione
1030 4726 1404 4796 responderis
1439 4743 1451 4783 :
1486 4729 1608 4793 Quo
1641 4730 1812 4786 modo
1843 4745 2084 4801 possum

439 4810 764 4882 intelligere
781 4812 1204 4884 verbum,quod
1231 4831 1344 4870 non
1377 4820 1467 4872 est
1497 4815 1730 4873 locutus
1761 4817 2086 4874 Dominus?

441 4900 552 4956 hoc
584 4900 830 4956 habebis
857 4902 1092 4974 signum
1129 4919 1142 4957 :
1175 4903 1336 4967 Quod
1362 4904 1422 4960 in
1447 4904 1683 4962 nomine
1706 4906 1936 4963 Domini
1962 4925 2085 4979 pro~

441 4989 618 5063 pheta
649 4989 748 5046 ille
781 4992 1129 5062 praedixerit,
1163 4997 1218 5048 et
1249 5010 1363 5049 non
1397 4996 1653 5050 evenerit
1684 5011 1696 5050 :
1748 4995 1857 5052 hoc
1890 4998 2084 5052 Domi-

442 5096 556 5135 nus
606 5095 721 5134 non
772 5084 861 5135 cst
905 5078 1156 5148 locutus,
1190 5083 1288 5138 sed
1334 5097 1437 5154 per
1467 5088 1755 5140 tumorem
1789 5085 1965 5141 animi
1997 5085 2086 5141 sui

442 5167 728 5240 propheta
756 5169 1074 5224 confinxit:
1109 5175 1164 5224 et
1185 5169 1400 5226 idcirco
1434 5187 1549 5226 non
1581 5170 1821 5228 timebis
1843 5188 1976 5228 eum
2001 5171 2082 5243 [h.

442 5273 557 5313 non
590 5256 826 5314 timebis
858 5257 926 5312 de
958 5257 1068 5328 eo].

515 5381 600 5453 [Β.
631 5381 865 5450 LXXXI,
901 5383 1032 5454 Cap.
1065 5381 1228 5456 ΧΙΧ.]
1259 5383 1402 5438 Cum
1434 5383 1845 5456 disperdiderit
1887 5384 2083 5440 Domi-

442 5488 556 5527 nus
588 5476 738 5527 Deus
770 5475 906 5528 tuus
937 5475 1158 5540 gentes,
1193 5487 1444 5543 quarum
1486 5471 1593 5527 tibi
1640 5473 1968 5530 traditurus
1998 5477 2088 5530 est

440 5564 679 5632 terram,
713 5565 768 5618 et
796 5561 1129 5634 possederis
1179 5577 1330 5625 eam,
1361 5561 1832 5634 habitaverisque
1878 5564 1936 5618 in
1988 5581 2086 5618 ur-

441 5647 618 5706 bibus
648 5665 848 5708 earum
880 5650 1058 5725 [Vulg.
1084 5649 1236 5725 ejus]
1254 5653 1311 5708 et
1331 5649 1394 5708 in
1415 5650 1635 5709 aedibus
1668 5667 1682 5707 :
1733 5655 1854 5709 tres
1884 5651 2084 5710 civita-

2191 4635 2584 4696 varicationis.
2611 4635 2854 4692 stabunt
2881 4636 3076 4702 ambo,
3099 4653 3348 4708 quorum
3375 4654 3554 4695 causa
3581 4644 3694 4708 est,
3709 4646 3848 4698 ante

2194 4724 2506 4780 Dominum
2536 4725 2597 4779 in
2627 4729 2942 4795 conspectu
2973 4726 3344 4782 sacerdotum
3366 4733 3424 4783 et
3443 4728 3716 4798 judicum
3740 4730 3846 4802 qui

2195 4812 2414 4868 fuerint
2446 4813 2504 4868 in
2537 4813 2746 4868 diebus
2777 4813 2912 4869 illis.
2941 4817 3203 4886 Cumque
3233 4814 3691 4887 diligentissime
3722 4835 3852 4889 per-

2194 4902 3118 4971 scrutantes,invenerintfalsum
3151 4908 3362 4960 testem
3393 4904 3610 4962 dixisse
3640 4913 3852 4963 contra

2193 4991 2433 5047 fratrem
2467 5008 2640 5047 suum
2674 4992 3045 5048 mendacium
3080 5007 3092 5047 :
3140 4993 3387 5050 reddent
3427 4992 3477 5049 ei
3507 4994 3590 5070 [h.
3624 4995 3850 5052 facient

2195 5080 2268 5150 ei]
2302 5080 2456 5136 sicut
2486 5080 2650 5137 fratri
2680 5097 2786 5138 suo
2819 5081 3004 5137 facere
3033 5079 3331 5152 cogitavit,
3363 5086 3422 5139 et
3448 5083 3679 5140 auferes
3715 5102 3849 5141 ma-

2193 5167 2315 5225 lum
2351 5170 2421 5224 de
2449 5171 2641 5226 medio
2671 5172 2777 5239 tui,
2802 5174 2867 5225 ut
2887 5169 3191 5226 audientes
3223 5171 3412 5226 caeteri
3437 5171 3707 5229 timorem
3737 5174 3850 5230 ba-

2195 5258 2388 5326 beant,
2452 5262 2508 5313 et
2565 5275 2938 5331 nequaquam
2991 5257 3132 5314 talia
3189 5259 3443 5316 audeant
3490 5260 3698 5318 facere.
3751 5262 3846 5330 [8.

2197 5346 2497 5416 LXXXIV,
2528 5349 2588 5405 C.
2623 5347 3001 5416 LXXXVIII.]
3030 5347 3100 5403 Et
3143 5364 3258 5404 non
3309 5347 3683 5407 misereberis
3713 5354 3848 5424 ejus

2196 5437 2291 5492 sed
2327 5437 2526 5492 anima
2573 5454 2677 5509 pro
2727 5438 2944 5508 anima,
2977 5436 3212 5493 oculum
3247 5454 3350 5510 pro
3381 5436 3570 5509 oculo,
3604 5440 3846 5499 dentem

2195 5526 2553 5598 prodentem:
2568 5543 2746 5582 anum
2770 5543 2874 5600 pro
2897 5526 3308 5598 manu,pedem
3334 5543 3439 5600 pro
3459 5528 3604 5600 pede
3625 5529 3852 5604 exiges.

2262 5648 2353 5716 [T.
2377 5650 2501 5721 xu,
2524 5652 2580 5710 c.
2617 5650 2964 5724 LXXXVIII,
2989 5651 3124 5728 Cap.
3145 5649 3285 5720 xx.)
3307 5651 3370 5712 Si
3389 5652 3600 5713 exieris
3627 5655 3705 5716 ad
3725 5655 3856 5716 bel-
3939 5629 3946 5642 ’
