4068 6172
261 324 336 381 481
1495 322 1712 378 LIBER
1747 322 1988 380 DBU’I‘E
1994 321 2323 380 BONOMII.

263 449 360 504 lum
385 447 568 501 contra
599 443 796 502 hostes
823 448 1041 516 tuos,et
1071 444 1286 501 videris
1315 444 1642 515 equitatum
1660 447 1717 499 et
1733 459 1858 499 cur-
1888 450 1940 511 Α
1972 444 2169 501 minus
2211 450 2359 502 Deus
2409 451 2548 504 tuus

3506 325 3612 385 482

2598 464 2612 504 :
2665 465 2738 506 ne
2787 450 2932 505 forte
2980 452 3228 507 doceant
3275 467 3376 508 vos
3428 451 3617 509 facere

265 534 699 605 rus,etmejorem
721 551 900 607 quam
924 539 986 590 tu
1007 533 1546 601 habes,adversarii
1567 533 1856 589 exercitus
1964 538 2206 589 cunctas
2238 536 2728 602 abominationes,
2749 556 2897 610 quas
2929 539 3041 611 ipsi
3072 541 3295 613 operati
3327 547 3468 597 sunt
3499 543 3616 598 diis

268 623 801 691 multitudinem,non
833 624 1070 679 timebis
1099 623 1365 695 eos:quia
1394 622 1678 678 Dominus
1703 623 1858 680 Deus
1967 623 2114 687 suis,
2146 631 2204 678 et
2236 626 2485 695 peccetis
2517 626 2575 681 in
2610 627 2921 682 Dominum
2955 629 3138 684 Deum
3191 635 3474 685 vestrum.
3528 631 3616 702 [Β.

266 721 372 771 tuus
397 718 577 770 tecum
625 718 734 781 est,
783 713 886 786 qui
933 714 1133 768 eduxit
1182 717 1237 769 te
1284 713 1354 768 de
1404 717 1560 768 terra
1605 712 1858 784 Egypti.

267 803 737 877 Appropinquante
770 809 968 859 autem
990 804 1118 874 jam
1154 801 1555 873 prmlio,stabit
1585 803 1861 857 sacerdos

267 900 371 949 ante
392 893 587 961 aciem,
620 897 678 948 et
713 893 798 949 sic
845 891 1120 964 loquetur
1165 894 1235 949 ad
1290 894 1571 965 pepulum
1629 909 1642 948 :
1695 889 1862 959 Audi,

267 981 426 1052 Israel,
453 998 552 1037 vos
583 980 755 1038 hodie
779 987 982 1038 contra
1012 981 1281 1038 inimicos
1335 987 1556 1038 vestros
1609 994 1866 1052 pugnam

1969 711 2254 779 LXXXVI,
2312 713 2374 768 C.
2436 714 2572 785 XC.]
2644 717 2886 779 Quando
2955 718 3255 774 obsederis
3321 719 3618 776 civitatem

1971 799 2158 856 multo
2190 807 2472 874 tempore,
2504 809 2562 859 et
2595 805 3026 862 munitionibus
3057 809 3517 864 circumdederis
3559 817 3622 864 ut

1973 906 2272 962 expugnes
2303 907 2454 960 eam,
2507 909 2620 949 non
2673 895 2944 950 succides
2993 897 3232 952 arbores
3282 897 3353 952 de
3402 898 3622 968 quibus

1976 979 2132 1034 vesci
2165 984 2373 1052 potest,
2424 997 2530 1037 nec
2558 982 2888 1051 j'securibus
2942 1000 3044 1055 per
3095 985 3406 1040 circuitum
3455 987 3633 1043 debes

268 1070 614 1136 committitis,
645 1087 761 1128 non
792 1071 1170 1142 pertimescat
1212 1087 1313 1126 cor
1357 1076 1639 1136 vestrum,
1690 1068 1871 1124 nolite
1978 1073 2206 1125 vastare
2262 1069 2558 1143 regionem
2593 1089 2607 1127 :
2642 1070 2922 1142 quoniam
2972 1072 3198 1144 lignum
3248 1080 3358 1137 est,
3412 1079 3470 1130 et
3518 1092 3633 1132 non

269 1166 503 1227 metuere,
538 1159 716 1215 nolite
739 1160 959 1225 cedere,
994 1176 1102 1216 nec
1141 1159 1468 1215 formidatis
1517 1175 1617 1214 eos

270 1249 510 1306 Dominus
543 1249 699 1305 Deus
729 1254 920 1304 vester
947 1249 1009 1305 in
1041 1249 1232 1304 medio
1277 1248 1456 1304 vestri
1505 1253 1614 1315 est,
1664 1251 1722 1309 et
1770 1263 1874 1318 pro

1667 1174 1679 1212 :
1733 1156 1873 1229 quia
1982 1157 2293 1229 homo,nec
2321 1164 2514 1232 potest
2545 1160 2894 1217 bellantium
2929 1166 3135 1217 contra
3161 1167 3215 1218 te
3263 1178 3475 1233 augere
3525 1180 3636 1218 nu-

1987 1250 2301 1304 merum.Si
2339 1267 2456 1321 qua
2487 1255 2686 1306 autem
2719 1251 2880 1324 ligna
2911 1267 3025 1306 non
3057 1256 3196 1307 sunt
3227 1253 3639 1324 pomifera,sed

270 1339 400 1394 vobis
421 1343 621 1394 contra
650 1338 1014 1394 adversarios
1046 1338 1448 1406 dimicebit,ut
1476 1341 1644 1393 eruat
1672 1353 1772 1392 vos
1805 1337 1878 1392 de
1987 1338 2262 1410 agrestia,
2295 1344 2354 1395 et
2385 1339 2442 1394 in
2471 1345 2712 1396 czeteros
2743 1344 2879 1412 apta
2910 1357 3074 1410 usus,
3117 1340 3352 1397 succide
3405 1340 3483 1411 [h.
3534 1357 3639 1397 nec

270 1427 508 1499 periculo.
547 1428 731 1482 Duces
762 1443 997 1498 quoque
1029 1443 1129 1496 per
1157 1425 1426 1498 singulas
1477 1432 1724 1491 turmas,
1773 1441 1881 1480 au-
1990 1431 2183 1499 potest
2212 1443 2274 1483 se
2303 1430 2593 1484 ostendere
2623 1433 2756 1484 ante
2791 1429 2995 1485 faciem
3026 1439 3196 1485 luam.
3228 1429 3410 1501 Ligna
3439 1434 3638 1485 autem

271 1516 433 1572 diente
454 1515 731 1584 exercitu,
753 1515 1201 1586 proclamabunt
1233 1532 1246 1570 :
1281 1515 1421 1581 Quis
1453 1519 1542 1570 est
1572 1514 1747 1570 homo
1780 1512 1879 1584 qui

269 1605 540 1661 aediﬁcavit
572 1605 813 1660 domum
849 1621 1078 1672 novam,
1109 1608 1166 1660 et
1207 1621 1319 1660 non
1369 1604 1658 1660 dedicavit
1705 1619 1832 1659 eam
1855 1601 1884 1657 ?

275 1695 418 1750 vadat
442 1700 496 1750 et
525 1699 856 1751 revertatur
886 1695 943 1749 in
978 1695 1220 1756 domum
1253 1710 1445 1759 suam,
1480 1709 1551 1748 ne
1588 1693 1729 1748 forte
1761 1708 1885 1747 mo-

276 1785 435 1840 riatur
462 1784 519 1838 in
568 1782 744 1848 bello,
794 1788 852 1839 et
897 1782 1048 1839 alius
1099 1782 1328 1838 dedicet
1374 1783 1556 1838 illam.
1605 1783 1747 1848 Quis
1799 1785 1890 1837 est

279 1873 424 1928 homo
448 1873 542 1945 qui
581 1871 868 1944 plantavit
895 1871 1142 1937 vineam,
1173 1876 1231 1927 et
1278 1871 1528 1926 necdum
1575 1887 1703 1926 eam
1756 1869 1891 1925 fecit

275 1978 380 2018 esse
406 1978 801 2029 communem,
822 1962 893 2017 de
923 1978 1040 2031 qua
1068 1960 1220 2016 vesci
1255 1961 1532 2016 omnibus
1561 1959 1762 2015 liceat?
1795 1976 1891 2013 va-

273 2052 370 2120 dat,
399 2057 451 2107 et
470 2055 798 2106 revertatur
820 2051 876 2105 in
899 2051 1142 2106 domum
1173 2067 1367 2115 suam,
1399 2067 1468 2105 ne
1503 2050 1648 2104 Iorte
1681 2047 1890 2103 moria-

1991 1531 2116 1587 quze
2144 1533 2254 1572 non
2285 1520 2412 1572 sunt
2445 1517 2750 1589 pomifera,
2803 1518 3084 1589 succide],
3141 1519 3367 1574 instrue
3415 1518 3641 1574 machi-

1997 1606 2322 1672 nas,donec
2341 1605 2541 1677 capias
2561 1605 2880 1676 civitatem,
2902 1623 3030 1679 qum
3059 1610 3261 1662 contra
3293 1612 3348 1661 te
3377 1607 3642 1662 dimicat.

2069 1694 2153 1765 [Β.
2191 1694 2516 1760 LXXXVIII,
2551 1695 2612 1750 C.
2646 1697 2792 1764 XCI,
2845 1695 2975 1767 Cap.
3027 1696 3210 1766 XXI.]
3263 1696 3503 1760 Quando
3550 1696 3646 1751 in-

1997 1787 2231 1838 ventum
2269 1783 2442 1838 fuerit
2470 1783 2526 1839 in
2561 1789 2733 1851 terra,
2764 1801 2940 1856 quam
2977 1785 3257 1840 Dominus
3309 1789 3458 1840 Deus
3509 1788 3644 1840 tuus

2000 1873 2248 1927 daturus
2279 1877 2368 1926 est
2400 1872 2527 1941 tibi,
2561 1872 2816 1928 hominis
2846 1875 3096 1928 cadaver
3124 1873 3384 1942 occisi,et
3411 1873 3646 1945 ignora-

2002 1961 2160 2015 bitur
2190 1961 2364 2016 caadis
2393 1977 2548 2026 reus,
2583 1961 2957 2031 egredientur
2986 1963 3239 2033 majores
3282 1967 3442 2031 natu,
3475 1967 3532 2018 et
3555 1963 3651 2034 ju-

2003 2051 2164 2105 dices
2196 2051 2371 2118 Iui,et
2395 2051 2712 2105 metientur
2736 2068 2768 2104 a
2792 2051 2915 2106 loco
2948 2051 3246 2107 cadaveris
3276 2051 3646 2124 singularum

272 2146 348 2194 tur
373 2141 426 2195 in
455 2140 629 2208 bello,
663 2146 717 2194 et
749 2140 897 2194 alius
945 2139 1120 2194 homo
1165 2140 1295 2209 eius
1347 2139 1628 2210 fungatur
1673 2138 1885 2192 ofﬁcio.
1920 2136 1967 2202 B
2000 2155 2101 2210 per
2122 2139 2432 2193 circuitum
2458 2139 2650 2210 spatia
2670 2139 2998 2208 civitatum,
3030 2145 3286 2212 etquam
3309 2139 3646 2196 viciniorem

268 2229 381 2293 Quis
409 2235 494 2286 est
525 2230 706 2285 homo
737 2228 838 2300 qui
870 2228 1176 2300 despondit
1209 2233 1544 2292 uxorem,et
1574 2244 1689 2283 non
1718 2243 1884 2282 acce-

1996 2227 2219 2283 caateris
2251 2244 2380 2283 esse
2431 2228 2855 2300 perspexerint,
2907 2230 3168 2284 seniores
3209 2230 3465 2286 civitatis
3517 2231 3648 2300 ejus

267 2317 335 2388 pit
359 2318 520 2374 eam?
549 2320 730 2374 vadat
757 2323 814 2374 et
843 2322 1166 2373 revertatur
1195 2317 1254 2372 in
1286 2317 1529 2373 domum
1580 2332 1773 2382 suam,
1816 2332 1887 2370 ne
1995 2317 2205 2373 tollent
2270 2315 2513 2372 vitulam
2580 2318 2652 2373 de
2720 2323 3010 2383 armento,
3077 2335 3204 2390 quas
3285 2335 3400 2374 non
3471 2316 3652 2374 traxit

267 2407 388 2463 torte
411 2408 700 2464 moriatur
722 2407 781 2462 in
803 2405 975 2476 bello,
1007 2410 1064 2462 et
1084 2405 1238 2462 alius
1262 2405 1439 2462 homo
1461 2404 1709 2476 accipiat
1731 2419 1884 2461 eam.

267 2496 350 2551 His
375 2497 542 2553 dictis
575 2496 801 2552 addent
830 2495 1076 2565 reliqua,
1108 2499 1163 2551 et
1204 2495 1518 2566 loquentur
1571 2496 1643 2550 ad
1699 2511 1888 2566 popu-

267 2585 388 2640 lum:
419 2586 556 2653 Quis
586 2590 682 2642 est
711 2585 886 2641 homo
918 2583 1336 2640 formidolosus
1357 2589 1415 2639 et
1434 2584 1606 2639 corde
1641 2582 1891 2655 pavido?

269 2673 427 2730 Vadat
447 2681 503 2731 et
528 2679 861 2733 revertatur
881 2673 940 2729 in
966 2674 1208 2730 domum
1243 2689 1438 2742 suam,
1470 2689 1542 2728 ne
1571 2689 1778 2744 pavere
1809 2672 1892 2727 fa-

268 2765 364 2820 ciat
390 2766 560 2822 corda
599 2768 848 2821 fratrum
882 2780 1146 2830 suorum,
1182 2763 1334 2820 sicut
1366 2764 1493 2834 ipse
1525 2761 1732 2818 timore
1765 2778 1897 2833 per-

270 2854 483 2911 territus
510 2860 630 2911 est.
663 2855 926 2924 Cumque
956 2853 1228 2909 siluerint
1260 2853 1437 2908 duces
1481 2851 1792 2916 exercitus,
1841 2853 1899 2906 et

269 2941 423 2999 finem
455 2944 738 3015 loquendi
765 2941 1400 3012 fecerit,unusquisque
1422 2957 1561 2996 suos
1585 2940 1655 2994 ad
1681 2939 1898 2995 bellan-

273 3033 396 3086 dum
423 3049 650 3089 cuneos
677 3031 1028 3104 praeparabit
1055 3031 1213 3101 [h.Et
1235 3031 1410 3085 finem
1444 3027 1721 3100 loquendi
1751 3029 1900 3084 fece-

269 3121 388 3190 rint,
407 3123 768 3178 constituent
791 3119 1084 3191 principes
1115 3118 1475 3174 exercituum
1509 3117 1569 3172 in
1598 3119 1771 3188 capite
1798 3133 1898 3188 po-

273 3208 416 3280 puli].
447 3214 504 3265 C.
542 3209 874 3280 LXXXIX]
905 3209 962 3263 bi
994 3209 1230 3280 quando
1261 3207 1578 3264 accesseris
1609 3207 1678 3262 ad
1719 3222 1901 3277 expu-

268 3301 543 3370 gnandam
575 3299 902 3368 civitatem,
933 3298 1137 3354 oil'eres
1169 3298 1219 3352 ei
1256 3297 1510 3369 primum
1566 3311 1789 3367 pacem.
1840 3294 1900 3351 Si

272 3390 529 3460 receperit
551 3395 615 3446 et
638 3388 934 3458 aperuerit
965 3387 1069 3442 tibi
1104 3391 1321 3459 portas,
1355 3393 1604 3440 cunctus
1627 3383 1902 3456 populus,

272 3476 354 3545 qui
382 3478 435 3533 in
467 3495 535 3534 ea
567 3476 1106 3546 est,salvabitur,et
1136 3475 1351 3530 serviet
1383 3474 1488 3529 tibi
1515 3475 1628 3530 sub
1662 3472 1901 3528 tributo.

273 3565 354 3619 Sin
384 3575 580 3623 autem
623 3567 812 3621 fmdus
842 3565 990 3621 inire
1020 3564 1335 3630 noluerint,
1366 3569 1423 3619 et
1451 3561 1776 3634 receperint
1821 3561 1904 3633 [h.

276 3653 509 3728 iecerint]
544 3661 757 3712 contra
783 3660 842 3710 te
871 3654 1111 3722 bellum,
1146 3651 1516 3726 oppugnabis
1547 3667 1696 3707 eam.
1736 3655 1909 3708 Cum-

277 3759 372 3814 que
397 3745 717 3802 tradiderit
747 3743 1033 3800 Dominus
1069 3749 1216 3798 Deus
1243 3747 1380 3798 tuus
1409 3741 1569 3797 illam
1621 3741 1678 3796 in
1731 3756 1908 3795 manu

1989 2407 2340 2477 jugum,nec
2371 2412 2583 2461 terram
2614 2406 2789 2462 scidit
2822 2424 3049 2462 vomere
3081 2408 3162 2479 [h.
3197 2424 3301 2463 nec
3331 2409 3389 2462 in
3422 2424 3489 2463 ea
3538 2407 3648 2462 ali-

1998 2495 2217 2560 quando
2249 2501 2554 2566 operatum
2580 2496 2736 2567 fuit],
2771 2501 2827 2550 ct
2870 2497 3086 2552 ducent
3134 2513 3259 2552 eam
3313 2497 3383 2552 ad
3439 2496 3647 2552 vallem

2001 2599 2270 2655 asperam
2299 2588 2476 2654 atque
2508 2599 2777 2639 saxosam
2813 2584 2895 2656 [h.
2926 2600 3034 2639 non
3067 2584 3247 2651 habet,
3281 2589 3458 2656 atque
3491 2601 3662 2641 saxo-

2003 2673 2178 2743 sam],
2213 2689 2338 2743 quae
2377 2689 2680 2744 nunquam
2711 2680 2875 2728 arata
2905 2679 3016 2741 est,
3051 2690 3155 2729 nec
3187 2679 3508 2729 sementem
3561 2690 3654 2730 re-

2004 2762 2175 2834 cepit,
2207 2767 2263 2817 et
2291 2762 2512 2816 caedent
2540 2761 2600 2816 in
2633 2779 2701 2817 ea
2730 2761 2984 2818 cervices
3020 2765 3034 2798 ί
3064 2762 3255 2817 vitulis
3287 2762 3372 2831 [h.
3406 2768 3462 2817 et
3509 2779 3654 2834 prae-

2005 2850 2339 2922 cipitabunt
2369 2850 2426 2905 in
2481 2852 2758 2922 torrente]
2811 2868 2824 2907 :
2877 2851 3269 2922 accedentque
3318 2852 3652 2907 sacerdotes

2009 2940 2111 2995 filii
2139 2938 2270 2995 Levi
2297 2939 2463 3011 (quos
2489 2938 2666 3010 elegit
2694 2939 2874 3010 [Vulg.
2908 2939 3166 3011 elegerit]
3197 2939 3479 2995 Dominus
3507 2945 3656 2996 Deus

2009 3033 2148 3084 tuus
2174 3033 2236 3083 ut
2263 3029 2600 3083 ministrent
2621 3030 2671 3083 ei
2695 3034 2750 3084 et
2773 3029 3114 3084 benedicant
3147 3030 3202 3084 in
3239 3029 3471 3084 nomine
3501 3029 3654 3099 ejus,

2009 3121 2067 3173 et
2097 3118 2169 3173 ad
2199 3118 2440 3172 verbum
2471 3132 2696 3182 eorum,
2728 3134 2902 3172 omne
2934 3118 3256 3189 negotium,
3277 3123 3334 3174 et
3364 3117 3655 3189 quidquid

2011 3207 2425 3273 mundum,vel
2459 3206 2831 3262 immundum
2863 3212 2970 3274 est,
2997 3207 3420 3278 judicetur).Et
3450 3224 3656 3263 omnes

2013 3297 2265 3364 majores
2287 3296 2307 3328 ²
2333 3302 2470 3350 natu
2501 3295 2751 3350 civitatis
2784 3296 2943 3350 illius
2975 3297 3046 3350 ad
3080 3297 3474 3364 interfectum,
3499 3296 3657 3352 lava-

2013 3385 2277 3454 buntque
2306 3400 2517 3438 manus
2548 3401 2687 3439 suas
2718 3401 2896 3456 super
2924 3384 3190 3454 vitulam,
3225 3402 3350 3457 qum
3401 3385 3460 3440 in
3507 3386 3656 3441 valle

2016 3489 2293 3545 percussa
2322 3477 2414 3528 est
2447 3472 2526 3544 [h.
2561 3489 2689 3545 quas
2723 3474 3083 3546 praecipitata
3112 3475 3247 3545 est],
3289 3478 3346 3530 et
3393 3474 3592 3530 dicent
3643 3491 3657 3529 :

2021 3562 2224 3617 Manus
2274 3565 2485 3616 nostra)
2535 3578 2652 3617 non
2700 3561 3033 3617 etfuderunt
3082 3561 3238 3617 hunc
3288 3563 3660 3634 sanguinem,

2018 3667 2125 3707 nec
2145 3649 2296 3706 oculi
2321 3651 2614 3706 viderunt.
2635 3651 2928 3723 Propitius
2951 3656 3074 3707 esto
3099 3650 3310 3723 populo
3336 3660 3432 3706 tuo
3462 3651 3660 3721 israel,

2022 3756 2194 3811 quem
2229 3739 2551 3809 redemisti,
2580 3741 2846 3807 Domine,
2877 3745 2936 3796 et
2981 3757 3091 3796 non
3143 3744 3377 3812 reputes
3420 3739 3660 3812 sangui-

277 3837 379 3901 tua,
412 3836 716 3907 percutias
746 3850 920 3890 omne
949 3834 1106 3904 quod
1138 3833 1196 3886 in
1228 3849 1297 3887 ea
1325 3831 1555 3900 generis
1604 3828 1909 3884 masculini
1942 3824 1984 3891 C
2024 3845 2157 3885 nem
2187 3828 2554 3885 innocentem
2609 3829 2666 3882 in
2719 3830 2910 3885 medio
2961 3829 3158 3901 populi
3211 3830 3295 3884 tui
3350 3829 3545 3884 Israel.
3598 3832 3666 3883 Et

277 3929 369 3991 est,
397 3925 452 3980 in
480 3942 583 3980 ore
614 3924 820 3996 gladii,
845 3925 1068 3994 absque
1099 3920 1445 3976 mulieribus
1476 3924 1533 3974 et
1562 3918 1913 3987 infantibus,

272 4012 541 4078 jumentis
573 4021 635 4069 et
667 4011 894 4069 caeteris
924 4028 1050 4083 qua;
1084 4010 1142 4065 in
1176 4010 1404 4066 civitate
1453 4013 1615 4065 sunt.
1667 4007 1913 4063 Omnem

277 4103 508 4169 praedam
535 4102 826 4160 exercitui
874 4101 1118 4168 divides,
1168 4105 1228 4156 et
1276 4100 1546 4156 comedas
1589 4100 1659 4154 de
1708 4097 1913 4170 spoliis

279 4189 516 4249 hostium
547 4200 818 4257 tuorum,
847 4208 974 4263 quae
1007 4190 1289 4246 Dominus
1320 4190 1474 4245 Deus
1514 4194 1652 4245 tuus
1691 4186 1916 4244 dederit

279 4281 388 4336 tibi.
417 4283 513 4338 Sic
547 4282 736 4338 facies
767 4281 994 4337 cunctis
1020 4279 1376 4347 civitatibus,
1400 4296 1527 4351 quis
1558 4296 1590 4334 a
1626 4283 1679 4334 te
1714 4275 1914 4349 procul

278 4370 422 4427 valde
453 4378 624 4438 sunt,
659 4376 718 4427 et
749 4387 864 4426 non
897 4374 1037 4426 sunt
1073 4369 1144 4425 de
1194 4367 1286 4424 his
1335 4369 1605 4433 urbibus,
1656 4384 1804 4439 quas
1854 4367 1914 4423 in

281 4462 709 4528 possessionem
740 4463 1088 4531 accepturus
1119 4475 1200 4514 es.
1239 4463 1312 4513 De
1342 4458 1432 4514 his
1471 4461 1665 4513 autem
1717 4457 1916 4511 civita-

280 4548 443 4619 tibus,
465 4568 598 4623 quae
622 4551 926 4606 dabuntur
949 4547 1074 4617 tibi,
1095 4546 1325 4603 nullum
1357 4545 1597 4602 omnino
1617 4545 1918 4618 permittes

279 4639 476 4706 vivere,
508 4641 621 4696 sed
655 4638 973 4693 interﬁcies
1002 4637 1062 4692 in
1094 4652 1192 4692 ore
1221 4635 1422 4708 gladii,
1455 4635 1782 4690 Hetthaaum
1829 4633 1918 4688 vi-

281 4727 475 4784 delicet
494 4734 554 4784 et
579 4727 1079 4795 Amorrhaeum,et
1097 4722 1918 4792 Chananmum,l’herezaeum,

281 4824 330 4872 et
354 4819 612 4887 Evasum,
647 4821 708 4874 et
734 4816 1094 4884 Jebusazum,
1140 4814 1296 4870 sicut
1341 4812 1618 4886 praecepit
1663 4811 1771 4867 tibi
1824 4812 1926 4866 Do-

344 5052 358 5085 ¹
411 5051 472 5104 In
529 5053 694 5103 textu
745 5044 1022 5100 Ilebraico
1069 5042 1322 5115 legimus
1375 5050 1568 5111 115m,
1618 5039 1924 5115 veaijephu,

279 5121 418 5191 quod
478 5120 1004 5191 interpretaturhet
1054 5112 1309 5191 auferent
1351 5116 1648 5191 cei-viceni,
1700 5112 1822 5191 sive
1875 5113 1928 5167 et

280 5184 728 5252 excervicabunt.
752 5188 1105 5246 Scholiastes
1131 5184 1231 5244 hic
1261 5191 1318 5242 et
1349 5185 1501 5241 intra
1531 5186 1657 5251 v.6,
1679 5184 1926 5240 verbum

283 5294 406 5347 θη,
431 5283 640 5353 araph,
679 5280 861 5336 sumit
884 5279 1088 5334 eodem
1119 5293 1319 5344 sensu,
1353 5291 1467 5347 quo
1499 5273 1755 5330 sumitur
1791 5256 1924 5337 γ’γε,

289 5369 437 5426 balaa
465 5370 632 5443 apud
675 5368 1088 5443 Heronymum,
1132 5365 1231 5443 qui
1281 5365 1444 5443 balaa
1495 5364 1705 5443 Latine
1740 5360 1932 5443 redndit

290 5433 524 5514 saepius,
552 5433 917 5512 praecipitare
945 5442 993 5494 et
1022 5433 1334 5514 destruere:
1356 5442 1417 5491 ut
1445 5434 1708 5514 estlillud
1740 5436 1787 5514 l_I
1820 5433 1928 5487 Sa-

293 5505 518 5584 muelis,
552 5505 694 5582 cap.
725 5505 816 5576 ix,
853 5527 1002 5584 vers.
1036 5509 1148 5584 l9;
1183 5509 1365 5576 Quare
1395 5508 1730 5584 pracipuos:
1759 5505 1934 5584 haere-
1975 5526 2008 5580 μ

299 5576 520 5643 ditatem
578 5576 847 5640 Domini?
889 5583 956 5639 Et
1005 5581 1136 5636 Isai.
1186 5596 1314 5651 cap.
1363 5576 1453 5646 xx,
1495 5576 1645 5651 vers.
1693 5578 1748 5651 7A
1777 5581 1833 5632 et
1881 5576 1936 5651 8.

2021 3920 2318 3974 auferetur
2339 3919 2411 3973 ab
2432 3918 2517 3974 eis
2543 3922 2738 3974 reatus
2760 3919 3103 3990 sanguinis:
3131 3923 3190 3972 tu
3215 3923 3409 3973 autem
3433 3917 3664 3972 alienus

2022 4007 2138 4064 eris
2170 4008 2240 4062 ab
2272 4007 2599 4063 innocentis
2628 4024 2834 4063 cruore
2864 4008 2965 4078 qui
2999 4008 3162 4063 fusus
3193 4012 3300 4072 est,
3335 4023 3471 4062 cum
3513 4007 3663 4061 fece-

2023 4096 2104 4152 ris
2136 4097 2290 4168 quod
2325 4097 2596 4168 praecepit
2624 4097 2901 4152 Dominus
2933 4098 3009 4166 [h.
3046 4099 3200 4168 quod
3234 4102 3456 4151 rect-um
3489 4101 3578 4150 est
3609 4096 3667 4150 in

2022 4185 2208 4242 oculis
2239 4185 2514 4256 Domini].
2549 4186 2632 4257 [Β.
2671 4185 3016 4254 LXXXVIII,
3059 4187 3119 4242 C.
3158 4185 3351 4256 XCII.|
3383 4185 3442 4240 Si
3473 4200 3668 4256 egres-

2023 4292 2127 4332 sus
2161 4276 2338 4330 fueris
2369 4275 2438 4330 ad
2474 4291 2728 4347 pugnam
2763 4280 2963 4330 contra
2999 4275 3267 4330 inimicos
3300 4278 3527 4342 tuos,et
3557 4278 3672 4328 tra-

2025 4363 2240 4419 diderit
2265 4379 2364 4419 eos
2395 4363 2678 4419 Dominus
2709 4363 2863 4419 Deus
2894 4368 3032 4419 tuus
3066 4364 3121 4418 in
3152 4380 3326 4419 manu
3361 4362 3672 4434 tua,capti—

2025 4470 2244 4525 vosque
2273 4453 2530 4522 duxeris,
2559 4457 2617 4509 et
2643 4453 2858 4508 videris
2904 4454 2960 4508 iu
3013 4469 3254 4509 numero
3307 4451 3670 4524 captivorum

2030 4541 2336 4598 mulierem
2371 4542 2698 4613 pulchram,
2731 4547 2790 4598 et
2821 4542 3184 4598 adamaveris
3212 4558 3361 4609 eam,
3386 4541 3671 4597 volueris-

2030 4648 2141 4702 que
2200 4631 2415 4686 habere
2461 4647 2699 4687 uxorem
2754 4631 3088 4688 introduces
3143 4648 3269 4688 eam
3324 4632 3384 4686 in
3433 4632 3672 4686 domum

2031 4725 2371 4791 tuamzquae
2403 4722 2563 4776 radet
2590 4721 2906 4786 caesariem,
2934 4726 2992 4777 et
3016 4721 3396 4777 circumcidet
3426 4737 3675 4792 ungues,

2032 4816 2090 4866 et
2117 4811 2369 4882 deponet
2399 4809 2710 4876 vestem,in
2741 4827 2858 4883 qua
2887 4815 3055 4881 capta
3086 4815 3174 4868 est
3207 4828 3219 4866 :
3254 4811 3582 4882 sedensque
3616 4808 3675 4864 in

2033 5040 2448 5112 smpiternam,
2483 5041 2592 5094 etc.
2620 5039 2856 5112 Mactare
2886 5039 3084 5111 igitur,
3116 5039 3396 5094 destruere
3436 5042 3488 5092 et
3531 5051 3678 5108 prm-

2034 5109 2271 5241 ﬁ'pi'tare
2300 5129 2403 5185 pro
2436 5112 2636 5168 eodem
2661 5109 3032 5184 accipiuntur
3052 5112 3208 5182 apud
3234 5113 3676 5180 Hieronymum.

2096 5202 2228 5240 aur.

2107 5295 2178 5305 -—-
2209 5261 2416 5319 Minori
2458 5278 2701 5318 numero
2752 5263 2997 5320 Urbiuas
3051 5279 3185 5328 ms.,
3236 5260 3514 5316 cervicem.
3567 5257 3680 5312 He-

2039 5338 2249 5401 braeus,
2284 5334 2781 5406 quemadmodum
2813 5340 2871 5391 et
2900 5333 3131 5405 Aquila,
3156 5333 3370 5388 habent
3401 5346 3515 5385 uno
3556 5344 3681 5384 ver-

2039 5408 2134 5474 bo,
2166 5405 2602 5462 decei'vicabunt.

2116 5488 2136 5522 ³
2171 5487 2399 5558 Vulgati
2430 5487 2586 5554 libri,
2616 5495 2667 5541 et
2699 5488 2916 5542 venient
2945 5486 3178 5551 majores
3210 5485 3347 5536 natu
3404 5498 3416 5536 :
3463 5479 3684 5534 dissen-

2047 5577 2230 5666 ti‘ente
2270 5577 2518 5666 Hebraeo.
2555 5580 2715 5632 textu
2765 5585 2888 5666 up?
2938 5583 3044 5642 ππ,
3095 5579 3146 5629 ει
3189 5585 3374 5628 omnes
3419 5570 3684 5639 seniores,

301 5657 686 5733 Przcipitabit
713 5657 910 5726 [aciem
939 5652 1170 5710 vinculi.
1199 5648 1584 5725 Pracipitabit
1614 5649 1840 5706 mortem
1879 5648 1942 5705 in
2048 5649 2272 5722 absque
2298 5649 2539 5706 venient.
