4068 6172
421 337 525 392 483

1472 335 1531 390 Β.
1572 332 1981 391 ΗῙΕΒΟΝῩΠῙ
2017 335 2272 391 DIVINA
2313 335 2805 393 BIBLIOTHECA.

3719 333 3831 391 484

420 462 594 518 domo
619 464 741 529 tua,
773 461 933 517 ﬁebit
951 464 1174 532 patrem
1199 461 1254 514 et
1275 461 1523 514 matrem
1556 474 1723 513 suam
1757 473 1871 513 uno
1905 473 2062 513 men-
2095 462 2140 525 Α
2175 457 2698 530 incubantem,non
2731 457 2957 516 tenebis
2987 475 3114 516 eam
3149 475 3283 516 cum
3315 457 3452 515 ﬁliis
3488 486 3498 516 :
3535 459 3635 516 sed
3667 459 3835 516 abire

419 566 504 615 se,
537 553 594 605 et
627 554 828 622 postea
855 548 1100 605 intrabis
1131 549 1198 604 ad
1225 547 1756 618 eam,dormiesque
1778 563 1912 603 cum
1939 547 2063 615 illa,

419 643 477 694 et
506 640 620 694 erit
650 655 795 695 uxor
822 643 941 694 tua.
977 638 1033 694 Si
1086 642 1279 693 autem
1322 641 1526 708 postea
1572 653 1686 692 non
1740 635 1958 692 sederit
2004 635 2061 690 in

419 727 614 784 animo
646 733 770 792 tuo,
802 727 1065 783 dimittes
1095 742 1221 781 eam
1254 725 1523 790 liberam,
1559 741 1662 780 nec
1692 725 1938 780 vendere
1970 741 2066 797 po-

418 817 559 872 teris
591 818 857 887 pecunia,
891 832 996 872 nec
1035 815 1366 887 opprimere
1399 830 1503 886 per
1532 813 1850 886 potentiam
1878 829 1891 867 :
1925 814 2065 884 quia

417 905 747 962 humiliasti
777 922 906 961 eam
937 905 1019 976 [ᾗ.
1052 906 1187 976 quia
1218 903 1454 958 afﬁxisti
1483 904 1744 975 eam].[B.
1781 903 2060 969 LXXXIX,

415 999 474 1052 C.
508 996 728 1066 XCIII.]
759 995 817 1050 Si
860 993 1124 1049 habuerit
1179 994 1351 1049 homo
1403 1008 1611 1048 uxores
1664 993 1832 1061 duas,
1881 1009 2058 1048 unam

415 1085 712 1155 dilectam,
745 1088 801 1140 et
830 1083 1070 1139 alteram
1110 1083 1395 1149 odiosam,
1427 1082 1855 1153 genuerintque
1886 1097 1956 1136 ex
1994 1097 2060 1138 eo

412 1173 649 1241 liberos,
675 1179 730 1229 et
761 1174 935 1228 fuerit
966 1172 1120 1228 ﬁlius
1151 1172 1363 1227 odiosa:
1395 1170 1843 1244 primogenitus,
1869 1168 2060 1225 volue-

413 1263 608 1334 ritque
645 1261 1037 1317 substantiam
1071 1261 1225 1316 inter
1254 1261 1404 1316 ﬁlios
1435 1275 1572 1315 suos
1605 1259 1862 1314 dividere
1897 1276 1910 1315 :
1943 1275 2058 1315 non

413 1351 625 1424 poterit
681 1351 867 1406 ﬁlium
923 1349 1145 1405 dilectae
1207 1350 1395 1404 facere
1462 1348 1941 1421 primogenitum,
2003 1353 2061 1404 et

414 1440 684 1512 praeferre
716 1439 834 1494 ﬁlio
867 1437 1100 1506 odiosae,
1137 1439 1235 1492 scd
1290 1436 1470 1492 ﬁlium
1523 1437 1736 1492 odiosae
1784 1447 2060 1508 agnoscet

416 1529 898 1601 primogenitum,
931 1527 1210 1599 dabitque
1241 1526 1292 1582 ei
1325 1527 1396 1581 de
1441 1525 1535 1580 his
1586 1542 1714 1597 qua:
1763 1524 2054 1593 habuerit,

415 1622 628 1674 cuncta
657 1616 915 1690 duplicia
949 1634 961 1672 :
995 1617 1104 1671 iste
1135 1619 1224 1671 est
1251 1615 1408 1671 enim
1441 1615 1794 1686 principium
1844 1614 2055 1669 libero-

412 1725 543 1763 rum
577 1709 727 1778 ejus,
759 1711 814 1762 et
843 1706 978 1761 huic
1011 1705 1298 1760 debentur
1328 1703 1729 1776 primogenita.
1765 1702 2052 1773 [B.XC,C.

410 1797 625 1867 XCIV.]
659 1797 717 1852 Si
765 1796 1033 1868 genuerit
1081 1793 1257 1848 homo
1307 1793 1493 1847 ﬁlium
1544 1796 1948 1847 contumacem
2001 1795 2058 1846 et

408 1891 765 1958 protervum,
800 1884 901 1956 qui
937 1901 1048 1939 non
1083 1883 1281 1939 audiat
1308 1882 1491 1954 patris
1523 1898 1588 1937 ac
1620 1881 1824 1936 matris
1876 1882 2056 1953 impe-

411 1976 581 2045 rium,
615 1986 671 2030 et
701 1974 988 2029 coercitus
1021 1971 1256 2028 obedire
1303 1969 1725 2042 contempserit
1775 1987 1789 2026 :
1847 1986 2050 2041 appre-

340 2099 341 2104 η
407 2065 666 2120 hendent
686 2068 906 2128 eum,et
927 2064 1178 2117 educent
1198 2061 1265 2116 ad
1293 2060 1554 2116 seniores
1583 2059 1838 2114 civitatis
1868 2058 2048 2128 illius,

2176 547 2440 619 patieris,
2476 552 2684 619 captos
2714 552 2920 604 tenens
2965 548 3138 617 ﬁlios,
3192 552 3258 604 ut
3305 549 3452 606 bene
3496 549 3574 604 sit
3615 548 3719 603 tibi
3771 552 3836 603 et

2173 635 2344 707 longo
2392 637 2553 692 vivas
2612 642 2897 710 tempore.
2961 639 3025 709 [Β
3096 638 3252 706 XCV,
3301 641 3360 693 C.
3414 637 3624 710 XCIX.]
3681 640 3832 694 Cum

2173 725 2555 782 rediﬁcaveris
2578 727 2821 782 domum
2845 727 3264 798 novam,facies
3289 744 3524 784 murum
3557 727 3693 783 tecti
3725 743 3836 800 per

2173 814 2488 870 circuitum
2522 831 2536 871 :
2574 833 2644 871 ne
2675 817 3013 872 effundatur
3041 817 3284 890 sanguis
3316 818 3376 872 in
3408 817 3583 873 domo
3609 821 3729 885 tua,
3767 822 3833 872 et

2171 903 2255 960 sis
2306 921 2440 960 reus
2488 904 2722 960 labente
2773 904 2884 961 alio
2933 912 2990 962 et
3039 906 3098 961 in
3151 921 3408 979 praeceps
3459 909 3682 962 ruente.
3734 907 3827 972 [Β.

2173 990 2383 1057 XCV[.]
2413 993 2541 1048 Non
2572 1009 2732 1049 seres
2759 993 2988 1050 vineam
3021 994 3400 1051 tuam'altero
3445 995 3666 1051 semine
3698 1013 3713 1051 :
3747 1009 3826 1050 ne

2170 1084 2225 1136 et
2255 1081 2538 1138 sementis
2568 1098 2745 1153 quam
2779 1083 3002 1151 sevisti,
3036 1089 3094 1138 et
3123 1100 3251 1156 quae
3283 1090 3611 1141 nascuntur
3637 1100 3705 1141 ex
3737 1085 3824 1139 vi-

2170 1186 2296 1240 nea,
2329 1170 2547 1242 pariter
2577 1171 3034 1228 sanctiﬁcentur.
3069 1173 3154 1247 [Β.
3188 1173 3399 1242 XCVII,
3451 1174 3492 1230 C
3562 1173 3647 1242 C.]
3689 1173 3820 1229 Non

2167 1259 2362 1315 arabis
2391 1259 2449 1314 in
2483 1260 2628 1316 bove
2657 1260 2836 1317 simul
2889 1265 2948 1316 et
2995 1262 3182 1318 asino.
3233 1267 3318 1335 [Β.
3372 1262 3642 1328 XCVIIIJ
3689 1267 3821 1319 Non

2166 1348 2430 1404 indueris
2458 1350 2827 1420 vestimento,
2861 1351 3016 1423 quod
3049 1367 3118 1408 ex
3149 1353 3283 1409 lana
3310 1351 3550 1424 linoque
3577 1357 3824 1409 contex-

2164 1440 2291 1492 tum
2325 1445 2426 1493 est.
2459 1442 2543 1508 [Β.
2580 1438 2764 1506 XCIX,
2812 1441 2874 1496 C.
2925 1444 3036 1511 CI.]
3089 1441 3406 1500 Funiculos
3455 1442 3515 1497 in
3565 1441 3822 1498 ﬁmbriis

2165 1526 2343 1582 facies
2374 1526 2739 1600 [b.ﬁmbrias
2768 1528 2966 1594 facies]
2996 1544 3099 1601 per
3127 1534 3385 1602 quatuor
3412 1530 3660 1604 angulos
3690 1530 3823 1604 pal-

2165 1615 2226 1670 lii
2255 1617 2364 1684 tui,
2395 1633 2514 1688 quo
2565 1618 2870 1688 operieris.
2912 1617 2972 1674 Si
3031 1619 3266 1676 duxerit
3311 1619 3400 1676 vir
3450 1634 3714 1687 uxorem,
3763 1624 3825 1677 et

2165 1709 2362 1776 postea
2387 1722 2513 1761 eam
2543 1707 2676 1761 odio
2707 1706 3004 1778 habuerit,
3040 1707 3453 1782 quaesieritque
3484 1709 3825 1766 occasiones

2167 1794 2385 1865 quibus
2409 1795 2665 1850 dimittat
2687 1796 3134 1867 eam,objiciens
3152 1798 3203 1852 ei
3228 1814 3442 1854 nomen
3466 1798 3819 1870 pessimum,

2164 1887 2219 1938 et
2251 1884 2462 1939 dixerit
2496 1901 2507 1938 :
2543 1889 2791 1941 Uxorem
2822 1884 2974 1940 hanc
3013 1887 3229 1959 accepi,
3280 1891 3337 1943 et
3381 1887 3689 1960 ingressus
3740 1889 3816 1943 ad

2163 1988 2288 2028 eam
2323 1988 2435 2027 non
2468 1972 2664 2028 inveni
2715 1973 2998 2046 virginem
3051 1992 3063 2030 :
3117 1974 3324 2032 tollent
3373 1993 3499 2032 eam
3549 1981 3717 2049 pater
3755 1981 3818 2033 et

2162 2066 2349 2116 mater
2370 2063 2518 2132 ejus,
2545 2067 2602 2118 et
2626 2064 2810 2120 ferent
2832 2081 3034 2120 secum
3059 2065 3228 2137 signa
3247 2065 3597 2138 virginitatis
3625 2063 3812 2136 [ναις.

405 2157 464 2210 et
491 2154 562 2208 ad
594 2158 820 2225 portam
846 2151 1055 2224 judicii
1090 2149 1169 2222 [h.
1203 2154 1259 2206 et
1288 2151 1358 2206 ad
1393 2153 1619 2221 portam
1652 2147 1806 2220 loci],
1831 2147 2053 2203 dicent-
2085 2151 2132 2217 B
2163 2148 2220 2204 in
2255 2148 2440 2221 porta]
2470 2151 2600 2222 ejus
2629 2152 2701 2206 ad
2750 2152 3008 2208 seniores
3058 2153 3222 2210 urbis
3267 2154 3365 2227 qui
3409 2154 3565 2210 intra
3610 2159 3816 2228 portas

407 2259 520 2314 que
547 2245 616 2297 ad
652 2259 750 2298 eos
783 2259 797 2297 :
834 2241 1012 2296 Filius
1043 2244 1242 2296 noster
1271 2239 1379 2295 iste
1411 2245 1714 2310 protervus
1745 2242 1800 2292 et
1847 2241 2052 2292 contu-

408 2349 563 2400 max,
614 2335 724 2398 est,
756 2329 978 2386 monita
1008 2333 1208 2384 nostra
1238 2329 1443 2384 audire
1474 2326 2051 2394 contemnit,comes-

407 2421 736 2478 sationibus
767 2424 952 2486 vacat,
987 2424 1044 2474 et
1067 2419 1309 2473 luxuria:
1341 2421 1511 2488 atque
1543 2415 1820 2472 conviviis
1855 2433 1868 2471 :
1900 2415 2052 2485 lapi-

408 2511 584 2566 dibus
616 2526 751 2564 eum
784 2508 989 2564 obruet
1021 2505 1272 2580 populus
1312 2505 1586 2572 civitatis,
1640 2508 1697 2560 et
1745 2504 2049 2571 morietur,

409 2606 471 2656 ut
500 2597 780 2655 auferatis
812 2597 1032 2652 malum
1067 2597 1138 2652 de
1170 2595 1360 2651 medio
1388 2595 1588 2659 vestri,
1636 2598 1694 2649 et
1742 2594 2052 2648 universus

407 2687 585 2744 Israel
641 2686 886 2743 audiens
946 2685 1340 2758 pertimescat.
1406 2679 1491 2745 [8.
1541 2683 1686 2750 XCI,
1749 2684 1810 2739 C.
1867 2682 2048 2753 XCV]

408 2778 650 2842 Quando
683 2775 1004 2849 peccaverit
1038 2774 1212 2830 homo
1242 2774 1396 2845 quod
1439 2777 1626 2827 morte
1677 2771 2049 2844 plectendum

406 2873 516 2933 est,
552 2871 610 2923 et
640 2866 1012 2938 adjudicatus
1043 2863 1214 2919 morti
1247 2877 1544 2934 appensus
1577 2861 1750 2916 fuerit
1792 2860 1848 2914 in
1901 2860 2052 2933 pali-

406 2957 544 3012 bulo
580 2973 593 3011 :
629 2972 741 3011 non
777 2953 1141 3026 permanebit
1173 2953 1420 3007 cadaver
1449 2951 1577 3022 ejus
1608 2950 1664 3004 in
1719 2950 1900 3019 ligno,
1949 2950 2047 3004 sed

405 3047 464 3100 in
499 3046 697 3100 eadem
730 3044 823 3098 die
854 3042 1196 3113 sepelietur:
1223 3039 1360 3111 quia
1386 3039 1725 3095 meledictus
1757 3056 1789 3093 a
1822 3039 1934 3093 Deo
1965 3043 2055 3093 est

409 3134 511 3206 qui
543 3134 757 3206 pendet
787 3133 844 3186 in
875 3131 1034 3204 ligno
1067 3132 1105 3198 ¹,
1132 3135 1188 3184 et
1219 3144 1589 3200 nequaquam
1623 3127 2051 3184 contaminabis

405 3229 624 3280 terram
655 3227 1026 3292 tuam,quam
1056 3217 1335 3275 Dominus
1358 3217 1512 3273 Deus
1537 3222 1676 3273 tuus
1698 3217 1922 3272 dederit
1945 3215 2048 3272 tibi

404 3313 466 3368 in
497 3310 952 3384 possessionem.

479 3402 562 3473 [Β.
598 3401 765 3467 XCII,
792 3402 852 3456 C.
887 3397 1074 3467 XCVI,
1109 3397 1236 3466 Cap.
1279 3395 1492 3466 XXIII.]
1528 3395 1651 3450 Non
1683 3393 1908 3449 videbis
1947 3394 2048 3449 bo-

404 3508 532 3547 vem
565 3491 766 3546 fratris
790 3490 902 3553 tui,
935 3492 1038 3543 aut
1065 3503 1228 3542 ovem
1255 3492 1569 3550 errantem,
1604 3489 1663 3539 et
1693 3482 2047 3555 praeteribis:

403 3581 504 3636 sed
541 3581 784 3634 reduces
819 3577 984 3632 fratri
1012 3574 1322 3645 tuo,etiam
1355 3574 1404 3629 si
1438 3590 1549 3628 non
1576 3579 1666 3628 est
1682 3573 2051 3644 prapinquus

403 3673 566 3736 tuus,
610 3669 808 3736 frater,
863 3683 968 3722 nec
1015 3665 1171 3720 nosti
1219 3680 1351 3718 eum
1405 3680 1419 3718 :
1469 3664 1648 3718 duces
1696 3663 1756 3716 in
1806 3663 2049 3717 domum

401 3763 588 3825 tuam,
621 3763 679 3812 et
707 3761 879 3812 erunt
907 3757 1060 3826 apud
1096 3761 1152 3810 te
1182 3753 1444 3823 quandiu
1491 3759 1714 3823 quierat
1761 3768 1829 3806 ea
1875 3753 2053 3806 frater

402 3937 776 4001 vestimento,
810 3941 866 3989 et
886 3934 958 3988 de
980 3932 1140 3988 omni
1164 3946 1224 3985 re
1252 3930 1449 3984 fratris
1470 3929 1578 3997 tui,
1609 3945 1738 3999 quae
1773 3926 2008 3999 perierit
2035 3944 2049 3982 :

399 4026 451 4081 si
484 4023 776 4080 inveneris
805 4039 956 4087 eam,
990 4038 1062 4077 ne
1106 4018 1371 4091 negligas
1423 4021 1591 4087 quasi
1635 4018 1910 4072 alienam.
1965 4019 2048 4087 [Β.

402 4114 592 4180 XCIII,
624 4114 688 4169 Ο.
720 4111 960 4182 XCVII.]
989 4111 1044 4165 Si
1079 4109 1294 4164 videris
1323 4107 1557 4162 asinum
1590 4106 1784 4161 fratris
1817 4106 1901 4160 tui
1952 4111 2054 4161 aut

404 4207 610 4260 bovem
646 4202 930 4258 cecidisse
961 4203 1019 4256 in
1051 4199 1162 4266 via,
1199 4215 1311 4253 non
1341 4195 1650 4268 despicies,
1703 4196 1802 4250 sed
1854 4193 2052 4250 suble-

401 4294 564 4349 vabis
585 4309 716 4347 cum
741 4307 829 4347 eo.
863 4290 988 4345 Non
1010 4289 1293 4342 induetur
1321 4286 1531 4340 mulier
1551 4291 1708 4340 veste
1742 4284 1916 4351 virili,
1945 4300 2052 4340 nec

400 4381 490 4436 vir
521 4385 718 4436 utetur
745 4386 904 4434 veste
936 4377 1187 4433 feminea
1219 4392 1231 4430 :
1267 4373 1690 4430 abominabiles
1712 4374 1868 4428 enim
1893 4373 2048 4444 apud

407 4469 590 4526 Deum
625 4474 715 4525 est
745 4468 845 4540 qui
876 4468 1010 4522 facit
1041 4467 1184 4522 haec.
1222 4465 1306 4536 [Β.
1342 4462 1530 4527 XCIV,
1563 4463 1624 4518 C.
1674 4459 1941 4525 XCVIIIJ
1990 4461 2050 4517 Si

404 4558 720 4614 ambulans
753 4575 855 4629 per
883 4557 1057 4620 viam,
1091 4556 1150 4609 in
1183 4555 1392 4609 arbore
1418 4551 1510 4608 vel
1543 4552 1602 4606 in
1633 4557 1787 4607 terra
1841 4550 2047 4606 nidum

401 4649 524 4704 avis
555 4647 868 4714 inveneris,
900 4651 958 4701 et
987 4652 1235 4700 matrem
1268 4641 1448 4714 pullis
1483 4640 1571 4696 vel
1621 4640 1744 4696 ovis
1796 4641 2052 4711 desuper

470 4845 491 4878 ²
523 4844 603 4898 Ad
636 4842 1045 4896 illustrandum
1080 4838 1229 4894 hanc
1271 4837 1620 4893 sententiam
1675 4836 1861 4890 multa
1910 4851 2047 4890 con-

397 4915 583 4985 gessit
613 4915 996 4970 doctissimus
1025 4914 1414 4985 Hieronymus
1443 4909 1542 4963 lib.
1576 4925 1616 4965 ιι
1647 4912 1968 4963 Comment.
1986 4909 2045 4985 in

397 4979 577 5059 Epist.
612 4987 683 5042 ad
716 4986 955 5059 Galatas
986 4979 1262 5059 cap._i_11.'
1283 4983 1390 5037 Sed
1423 4998 1552 5059 non
1603 4985 1693 5059 est
1741 4979 2048 5052 praesentis

395 5052 505 5116 lo'ci
540 5058 812 5114 universa
853 5057 973 5112 haec
1023 5052 1304 5127 replicare
1353 5071 1365 5108 :
1420 5052 1757 5127 idhtanturu
1812 5067 2046 5106 monere

395 5132 674 5201 sufﬁciat,
729 5130 785 5183 in
837 5123 1411 5198 Hebraeo—scriptum
1447 5123 1584 5179 olim
1646 5123 1827 5178 fuisse
1876 5127 1941 5176 ut
1989 5127 2046 5176 et

394 5237 572 5287 nunc,
593 5230 874 5304 nia-mi]:
902 5226 1025 5276 mn
1058 5226 1268 5286 Dama,
1303 5215 1465 5304 quod,
1493 5213 1882 5304 Hieronymus
1913 5210 2040 5304 ipse

389 5309 659 5382 italegit,
692 5307 784 5363 chi
801 5298 1043 5382 calata”;
1077 5302 1472 5382 Eleiet-Malui
1495 5300 1730 5382 :‘Ebion‘
1760 5315 1893 5382 vero
1927 5298 2040 5382 hae-

390 5367 712 5437 resiachh'es
771 5395 836 5434 ac
886 5377 1402 5434 semiehristianus
1457 5373 1898 5443 interpretatur,
1957 5367 2039 5424 ὕτι

388 5446 542 5524 ὕϐρὶς
571 5455 707 5506 Θεοῦ
739 5451 767 5504 ὁ
814 5449 1177 5524 κρεμάμενος,
1198 5449 1290 5524 __id
1351 5449 1440 5501 est
1493 5442 1889 5524 quiq_i_m'uria
1947 5444 2045 5524 De?

2162 2245 2339 2294 sunt:
2375 2244 2430 2294 et
2461 2239 2614 2296 dicet
2644 2245 2848 2312 pater:
2877 2241 3080 2297 Filiam
3115 2259 3302 2300 meam
3333 2244 3465 2300 dedi
3498 2244 3635 2300 huic
3667 2260 3812 2300 uxo-

2160 2345 2490 2400 remzquam
2525 2329 2662 2400 quia
2691 2330 3103 2402 odit,imponit
3129 2331 3181 2388 ei
3213 2348 3424 2388 nomen
3459 2333 3812 2406 pessimum,

2162 2422 2226 2472 ut
2257 2417 2413 2472 dicat
2469 2435 2481 2474 :
2535 2419 2660 2475 Non
2712 2419 2904 2475 inveni
2956 2419 3135 2476 ﬁliam
3185 2424 3349 2478 tuam
3399 2421 3704 2494 virginem,
3755 2428 3815 2479 et

2159 2523 2291 2562 ecce
2323 2506 2442 2562 haec
2475 2512 2614 2563 sunt
2643 2507 2814 2580 signa
2848 2507 3200 2581 virginitatis
3228 2509 3358 2565 ﬁliis
3391 2527 3550 2568 mea.
3585 2511 3815 2585 Expen-

2161 2596 2299 2650 dent
2328 2596 2746 2652 vestimentum
2781 2605 2976 2654 coram
3011 2597 3342 2657 senioribus
3373 2600 3626 2656 civitatis
3661 2617 3675 2656 :
3705 2618 3814 2674 ap-

2162 2684 2642 2756 prehendentque
2673 2701 2846 2742 senes
2879 2686 3042 2743 urbis
3074 2686 3234 2743 illius
3281 2689 3492 2756 virum,
3528 2695 3585 2745 et
3612 2690 3816 2746 verbe-

2163 2774 2375 2828 rabunt
2410 2772 2600 2840 illum,
2635 2775 3097 2832 condemnantes
3127 2793 3258 2832 eum
3291 2777 3534 2849 insuper
3573 2782 3812 2834 centum

2163 2861 2324 2918 siclis
2349 2862 2569 2934 argenti
2611 2863 2692 2931 [h.
2726 2868 2959 2919 centum
2980 2865 3642 2939 argenteis],quosdabit
3660 2869 3814 2940 patri

2164 2949 2676 3022 puellaszquoniam
2701 2952 3026 3008 diﬁ‘amavit
3051 2970 3260 3011 nomen
3286 2955 3608 3027 pessimum
3631 2973 3816 3028 super

2159 3041 2445 3112 virginem
2476 3041 2658 3096 Israel
2693 3059 2707 3098 :
2740 3042 3094 3115 babebitque
3123 3060 3251 3100 eam
3285 3061 3550 3114 uxorem,
3579 3051 3638 3102 et
3686 3064 3808 3103 non

2159 3129 2372 3201 poterit
2391 3130 2826 3186 dimittereeam
2845 3132 3004 3186 omni
3025 3138 3285 3204 tempore
3310 3133 3441 3189 vitae
3472 3151 3612 3190 suae.
3639 3137 3805 3202 Quod

2159 3217 2209 3274 si
2246 3233 2446 3274 verum
2479 3223 2570 3273 est
2599 3220 2752 3289 quod
2784 3220 3009 3288 objicit,
3043 3226 3101 3276 et
3130 3237 3243 3277 non
3277 3227 3367 3277 est
3395 3221 3452 3276 in
3488 3221 3684 3298 puella
3711 3224 3806 3279 in-

2157 3314 2332 3362 venta
2355 3307 2659 3378 virginitas
2692 3323 2706 3362 :
2739 3307 2972 3378 ejicient
3001 3325 3131 3364 eam
3179 3316 3342 3366 extra
3386 3311 3539 3369 fores
3587 3312 3806 3370 domus

2161 3397 2344 3469 patris
2365 3396 2542 3466 sui,et
2565 3396 2862 3467 lapidibus
2885 3398 3136 3454 obruent
3156 3399 3260 3454 viri
3297 3399 3550 3458 civitatis
3578 3402 3728 3472 ejus,
3751 3408 3816 3459 et

2161 3487 2441 3541 morietur
2468 3500 2484 3540 :
2517 3485 2796 3556 quoniam
2830 3487 2964 3542 fecit
2995 3489 3156 3543 nefas
3185 3488 3246 3543 in
3279 3491 3481 3558 Israel,
3515 3494 3581 3548 ut
3626 3491 3814 3548 forni-

2160 3579 2392 3629 caretur
2422 3573 2480 3628 in
2513 3575 2687 3629 domo
2720 3575 2904 3646 patris
2936 3575 3028 3631 sui
3063 3591 3076 3631 :
3111 3581 3166 3632 et
3197 3578 3429 3633 auferes
3470 3577 3689 3638 malum
3742 3581 3819 3636 de

2159 3663 2351 3718 medio
2384 3663 2490 3718 tui.
2535 3666 2619 3732 [Β.
2672 3663 2732 3720 C.
2787 3663 2844 3719 Ο.
2898 3665 3042 3739 Cll.]
3089 3665 3144 3719 Si
3194 3666 3501 3722 dormierit
3548 3667 3636 3722 vir
3681 3684 3818 3724 cum

2160 3767 2342 3807 uxore
2400 3750 2664 3818 alterius,
2719 3759 2964 3823 uterque
3019 3755 3323 3821 morietur,
3369 3755 3428 3810 id
3487 3765 3594 3826 est,
3644 3756 3821 3812 adul-

288 3895 292 3902 ρ
400 3853 562 3915 tuus,
595 3852 653 3902 et
683 3845 947 3916 recipiat.
981 3843 1265 3898 Similiter
1297 3841 1474 3896 facies
1521 3846 1590 3894 de
1640 3838 1830 3904 asino,
1878 3843 1936 3893 et
1984 3839 2054 3894 de
2086 3840 2128 3906 C
2166 3845 2254 3896 ter
2278 3845 2336 3896 et
2365 3840 2654 3907 adultera,
2705 3845 2762 3897 et
2809 3843 3038 3898 auferes
3082 3843 3305 3899 malum
3355 3845 3428 3900 de
3480 3843 3680 3901 Israel.
3761 3846 3826 3917 Ο,

2164 3929 2331 4001 CIII]
2382 3930 2439 3983 Si
2495 3930 2754 4001 puellam
2809 3930 3097 4002 virginem
3157 3933 3538 4004 desponderit
3593 3935 3702 4005 vir,
3763 3941 3826 3991 et

2162 4017 2452 4072 invenerit
2498 4033 2623 4073 eam
2669 4017 2887 4090 aliquis
2936 4019 2994 4073 in
3046 4019 3280 4076 civitate
3325 4027 3383 4077 et
3431 4023 3827 4084 concubuerit

2162 4123 2298 4161 cum
2344 4105 2466 4174 illa,
2517 4107 2732 4162 educes
2789 4112 3108 4178 utrumque
3151 4110 3222 4164 ad
3276 4116 3505 4180 portam
3564 4112 3822 4169 civitatis

2160 4193 2342 4260 illius,
2376 4201 2433 4249 et
2464 4195 2761 4266 lapidibus
2810 4196 3135 4252 obruentur
3184 4213 3198 4253 :
3253 4198 3467 4270 puella,
3514 4199 3652 4269 quia
3698 4217 3820 4257 non

2161 4282 2455 4352 clamavit,
2485 4300 2620 4339 cum
2653 4286 2899 4340 essetin
2931 4285 3165 4342 civitate
3215 4304 3228 4342 :
3280 4289 3386 4358 vir,
3437 4289 3580 4360 quia
3628 4288 3822 4346 humi-

2159 4371 2322 4427 liavit
2351 4372 2432 4439 [h.
2467 4371 2696 4440 afﬂixit]
2727 4389 2962 4428 uxorem
3007 4375 3252 4445 proximi
3311 4376 3425 4431 sui.
3469 4377 3539 4432 Et
3585 4377 3822 4436 auferes

2161 4460 2383 4516 malum
2415 4461 2486 4516 de
2517 4462 2710 4516 medio
2736 4461 2844 4516 tui.
2877 4465 2958 4535 [Ο.
2987 4462 3150 4533 CIV.]
3198 4464 3293 4520 Sin
3326 4471 3527 4522 autem
3558 4465 3618 4521 in
3673 4482 3820 4538 agro

2160 4548 2447 4621 repererit
2470 4550 2559 4604 vir
2587 4548 2865 4620 puellam,
2895 4566 3023 4621 quas
3053 4551 3413 4622 desponsata
3440 4559 3561 4621 est;
3607 4560 3664 4612 et
3711 4571 3820 4626 ap-

2158 4638 2536 4710 prehendens
2567 4639 2954 4695 concubuerit
3001 4655 3134 4696 cum
3182 4640 3306 4712 illa,
3360 4641 3488 4714 ipse
3537 4643 3825 4700 morietur

2156 4839 2259 4890 est.
2296 4834 2554 4904 Denique
2584 4832 2774 4902 magis
2804 4833 3220 4891 aestimandum
3253 4835 3427 4902 est,si
3459 4837 3646 4894 eidem
3680 4840 3820 4894 Hie-

2159 4922 2402 4974 ronymo
2434 4907 2578 4960 ﬁdes
2614 4906 2919 4978 habeatur,
2953 4912 3087 4978 post
3119 4907 3452 4978 passionem
3485 4910 3722 4975 Christi,
3758 4917 3819 4967 et

2157 4978 2216 5033 in
2251 4977 2506 5032 Hebraeis
2535 4977 2682 5054 et__iu
2728 4977 2969 5054 nostris
2999 4977 3416 5054 codicibusab
3466 4981 3664 5054 aliquo
3707 4983 3814 5040 Dei

2157 5065 2379 5127 nomen
2403 5048 2844 5127 appositu_m,ut_
2864 5048 3169 5127 infamiam
3199 5051 3374 5127 nobis,
3398 5048 3676 5127 inureret,
3706 5054 3812 5127 qui

2155 5121 2211 5176 in
2247 5118 2543 5175 Christum
2578 5118 2956 5176 maledictum
2984 5138 3017 5177 a
3058 5123 3171 5180 Deo
3219 5123 3540 5181 credimus.
3591 5118 3809 5182 Caetera

2152 5191 2393 5248 videatis
2425 5190 2552 5246 loco
2582 5193 2781 5247 citato.
2819 5191 3006 5248 MART.

2222 5313 2290 5322 —
2322 5278 2548 5342 Recole,
2581 5280 2734 5350 quod
2765 5285 2822 5335 et
2851 5280 3121 5337 Martian.
3167 5287 3386 5349 monet,
3433 5287 3489 5340 Β.
3539 5283 3812 5344 Doctoris

2151 5351 2614 5408 Commentarios
2648 5353 2705 5406 in
2734 5351 2918 5424 Epist.
2954 5355 3023 5409 ad
3058 5353 3295 5412 Galatas
3340 5371 3470 5427 cap.
3518 5372 3608 5412 ut.
3663 5357 3813 5415 Cave

2153 5448 2348 5497 autem
2381 5447 2554 5512 putes
2585 5457 2718 5496 cum
2755 5458 2818 5497 eo
2852 5442 3097 5513 editore,
3150 5460 3362 5500 nomen
3419 5453 3636 5513 Dln'm,
3688 5446 3814 5503 sive

386 5512 466 5580 est
522 5512 859 5598 suspensus.'
898 5512 1170 5598 Dicebat
1198 5512 1570 5598 Hieronymo.
1610 5514 1884 5598 Hebraeus
1938 5515 2039 5598 qui
2073 5533 2119 5598 Β
2155 5516 2276 5598 υθέἱ
2306 5519 2439 5598 post
2471 5513 2808 5598 passionem
2840 5512 3054 5598 Christi
3087 5517 3146 5598 in
3177 5515 3476 5598 Ilebraiois
3500 5521 3812 5598 et_nostris

387 5585 966 5666 eumin'Scripturis
995 5593 1191 5663 aliqua
1230 5607 1298 5666 ex
1346 5585 1508 5666 parte
1555 5586 1838 5666 instituit,
1884 5585 2038 5657 quod

389 5665 576 5742 possit
604 5672 660 5722 et
685 5660 928 5738 ita'legi,
963 5660 1111 5737 Quid
1137 5661 1524 5719 contumeliose
1569 5660 1709 5717 Deus
1755 5673 2044 5733 suspensus

2152 5584 2453 5660 codicibus
2489 5585 2823 5656 appositum
2856 5586 3040 5644 fuisse
3070 5587 3142 5644 ab
3170 5587 3467 5660 aliquo,ut
3496 5588 3810 5647 infamiam

2153 5656 2328 5715 nobis
2358 5656 2634 5714 inureret.
