4068 6172
234 337 320 394 485
1489 336 1704 392 LIBER
1738 333 2310 392 DBUTERONOMII.

3494 338 3601 393 486

233 460 370 519 solus
398 459 622 532 :puella
649 459 797 516 nihil
826 459 1102 531 patietur,
1159 475 1266 515 nec
1315 463 1405 515 est
1450 475 1548 515 rea
1577 457 1782 514 mortis
1817 476 1830 514 :
1862 459 1916 526 Α
1945 462 2006 515 C.
2040 458 2255 530 CXIII.)
2306 458 2432 514 Non
2487 457 2691 514 offeres
2734 456 3060 512 mercedem
3113 460 3446 531 prostibuli,
3495 478 3600 518 nec

233 549 472 623 quoniam
491 548 648 605 sicut
667 548 814 605 latro
832 549 1138 621 consurgit
1154 554 1362 606 contra
1385 549 1623 604 fratrem
1647 564 1846 614 suum,

232 646 278 696 et
301 637 491 695 occidit
517 639 777 695 animam
803 639 934 709 ejus
968 655 982 693 :
1013 638 1098 694 ita
1121 644 1178 694 et
1210 637 1404 707 puella
1437 653 1714 708 perpessa
1737 642 1847 691 est.

231 729 339 785 Sola
363 734 478 784 erat
509 728 567 783 in
616 744 759 800 agro
791 744 805 784 :
834 728 1134 798 clamavit,
1189 733 1248 784 et
1290 725 1490 784 nullus
1524 725 1714 781 adfuit
1749 725 1847 796 qui

230 816 462 873 liberaret
503 833 653 872 eam.
721 816 809 888 [Β.
855 817 952 886 CI,
994 818 1053 872 C.
1127 815 1261 887 CV.]
1310 815 1368 870 Si
1431 815 1717 870 invenerit
1767 815 1850 868 vir

231 905 448 978 puellam
477 904 787 976 virginem,
817 921 945 977 quae
981 921 1097 960 non
1131 905 1307 960 habet
1338 918 1651 975 sponsum,
1671 908 1728 959 et
1748 919 1848 974 ap—

230 994 559 1066 prehendens
581 994 972 1050 concubuerit
992 1010 1129 1049 cum
1153 997 1306 1064 ea,et
1336 1010 1429 1048 res
1460 993 1530 1047 ad
1555 993 1848 1062 judicium

231 1083 418 1138 venerit
465 1098 480 1136 :
528 1080 692 1138 dabit
715 1083 815 1154 qui
859 1081 1137 1138 dormivit
1166 1099 1302 1137 cum
1342 1099 1430 1147 ea,
1466 1080 1612 1152 patri
1647 1079 1850 1151 puellae

234 1169 626 1243 quinquaginta
653 1170 829 1227 siclos
878 1171 1103 1242 argenti
1137 1171 1221 1240 [h.
1272 1167 1628 1242 argenteos],
1659 1172 1718 1223 et
1748 1167 1848 1224 ha-

233 1261 365 1315 bebit
389 1275 516 1314 eam
553 1275 813 1328 uxorem,
844 1258 985 1331 quia
1014 1257 1350 1314 humiliavit
1395 1257 1478 1326 [h.
1528 1255 1754 1326 afﬂixit]
1784 1253 1847 1310 il-

230 1347 327 1404 lam
356 1364 370 1402 :
399 1363 514 1402 non
538 1346 748 1417 poterit
769 1347 1065 1414 dimittere
1086 1363 1212 1403 eam
1240 1346 1468 1402 cunctis
1492 1344 1698 1400 diebus
1721 1346 1851 1400 vita:

229 1453 346 1492 sure.
374 1435 453 1506 [Β.
493 1434 614 1491 CII.
645 1438 706 1490 C.
733 1435 871 1506 CV.]
903 1435 1031 1490 Non
1084 1434 1334 1505 accipiet
1389 1433 1562 1488 homo
1613 1448 1849 1488 uxorem

231 1525 386 1597 patris
411 1525 642 1580 sui.nec
663 1526 945 1581 revelabit
969 1523 1400 1596 operimentum
1432 1523 1561 1594 ejus
1594 1521 1675 1593 [h.
1699 1522 1851 1592 ejus,

230 1613 278 1668 id
302 1619 376 1668 est
397 1613 632 1684 patris].

285 1705 342 1758 Β.
371 1701 506 1768 CIII,
540 1702 602 1757 C.
635 1701 804 1769 CVII,
834 1701 1209 1773 Cap.XXlII.]
1241 1700 1366 1757 Non
1396 1699 1640 1755 intrabit
1659 1713 1852 1755 eunu-

229 1790 370 1860 chus,
400 1790 621 1846 attritis
651 1789 739 1846 vel
773 1791 1096 1862 amputatis
1123 1789 1433 1857 testiculis,
1480 1795 1536 1844 et
1587 1788 1850 1845 abscisso

227 1885 441 1944 veretro,
471 1877 788 1933 ecclesiam
822 1877 1078 1933 Domini.
1120 1876 1204 1946 [C.
1253 1876 1467 1946 CVIII.]
1500 1876 1624 1931 Non
1658 1875 1848 1947 ingre-

231 1969 397 2023 dietur
431 1984 715 2035 mamzer,
767 1967 878 2023 hoc
909 1973 1021 2036 est,
1054 1967 1125 2022 de
1172 1970 1363 2022 scorto
1409 1970 1587 2021 natus
1619 1965 1700 2037 [h.
1735 1982 1851 2020 non

227 2058 375 2112 habet
400 2057 468 2112 de
503 2063 700 2113 scorto
733 2057 1031 2128 natus],in
1063 2055 1368 2112 ecclesiam
1407 2056 1853 2127 Domini,usque

227 2147 284 2200 ad
310 2145 594 2202 decimam
626 2145 1456 2217 generationem.Ammonites
1487 2151 1544 2200 et
1572 2145 1854 2200 Moabitae

228 2238 377 2291 etiam
410 2243 545 2308 post
591 2236 880 2292 decimam
934 2235 1367 2308 generationem
1400 2252 1516 2291 non
1546 2235 1857 2290 intrabunt

230 2325 502 2382 ecclesiam
534 2324 774 2381 Domini
795 2325 856 2381 in
874 2332 1160 2382 aeternum
1195 2342 1209 2381 :
1243 2324 1382 2396 quia
1413 2323 1730 2380 noluerunt
1760 2341 1855 2380 vo—

230 2413 303 2469 bis
347 2430 654 2470 occurrere
705 2430 840 2469 cum
892 2431 1039 2484 pane
1087 2419 1144 2470 et
1190 2430 1344 2484 aqua
1384 2413 1443 2469 in
1489 2413 1581 2468 via
1620 2413 1855 2484 quando

230 2503 419 2573 egressi
449 2502 600 2558 estis
640 2503 712 2558 de
740 2502 1006 2575 Egypto,
1052 2501 1192 2574 quia
1220 2502 1626 2557 conduxerunt
1655 2506 1860 2558 contra

229 2597 276 2646 te
303 2591 523 2647 Balaam
561 2591 752 2646 lilium
783 2591 972 2648 Behor
1005 2593 1076 2648 de
1112 2591 1535 2663 Mesopotamia
1563 2591 1738 2663 Syriae
1772 2592 1853 2663 [h.

232 2679 392 2736 ﬁlium
423 2680 620 2736 Bebor
648 2681 722 2736 de
751 2679 986 2747 Phetor,
1028 2697 1157 2751 quae
1188 2685 1279 2735 est
1329 2678 1387 2734 in
1439 2680 1859 2751 MesOpotamia

229 2767 489 2839 Syriae],ut
512 2767 895 2824 malediceret
911 2768 1015 2823 tibi
1053 2786 1066 2824 :
1099 2773 1155 2823 et
1175 2767 1361 2824 noluit
1393 2768 1679 2824 Dominus
1699 2773 1857 2824 Deus

228 2862 346 2912 tuus
373 2858 580 2913 audire
610 2856 870 2924 Balaam,
902 2858 1190 2928 vertitque
1224 2857 1694 2913 maledictionem
1727 2859 1857 2927 ejus

227 2945 277 3000 in
305 2946 770 3003 benedictionem
800 2951 986 3016 tuam,
1019 2963 1084 3001 eo
1114 2946 1267 3017 quod
1310 2945 1578 3018 diligeret
1627 2953 1700 3002 te.
1733 2946 1857 3002 Non

228 3034 378 3091 facies
406 3052 540 3092 cum
573 3035 660 3090 eis
690 3051 914 3108 pacem,
949 3050 1054 3090 nec
1087 3051 1309 3106 quaeres
1341 3033 1424 3090 eis
1448 3035 1600 3090 bona
1630 3034 1858 3091 cunctis

229 3123 408 3180 diebus
458 3124 597 3180 vita
645 3127 760 3179 ture
811 3125 870 3178 in
921 3123 1369 3196 sempiternum.
1418 3123 1503 3194 [C.
1536 3122 1702 3195 CIX.]
1732 3123 1858 3179 Nan

1955 550 2210 620 pretium
2243 547 2504 616 canis,in
2537 547 2775 602 domum
2802 545 3032 600 Domini
3069 548 3162 602 Dei
3196 549 3598 623 tui,quidquid

1953 635 2098 691 illud
2159 641 2247 692 est
2302 637 2456 707 quod
2534 636 2761 691 voveris
2821 652 2834 690 :
2899 636 3036 707 quia
3103 637 3458 695 ebominatio
3513 643 3605 695 est

1955 731 2276 796 utrumque
2307 725 2459 796 apud
2494 724 2807 778 Dominum
2854 723 3034 778 Deum
3071 729 3262 794 tuum,
3293 727 3376 798 (Β.
3412 729 3600 796 CVIII,

1954 818 2012 868 C.
2046 814 2256 884 CXIV.)
2289 813 2415 868 Non
2450 813 2760 868 fmnerabis
2793 814 2952 867 fratri
2987 818 3085 867 tuo
3119 815 3186 869 ad
3222 832 3465 872 usuram
3501 834 3601 888 pe-

1955 904 2212 973 cuniam,
2241 919 2345 958 nec
2379 902 2596 974 fruges,
2620 917 2725 956 nec
2748 900 3072 974 quamlibet
3093 902 3267 959 aliam
3303 922 3420 961 rem
3450 926 3463 974 ;
3499 907 3599 962 sed

1955 992 2164 1049 alieno.
2195 992 2378 1048 Fratri
2411 995 2607 1047 autem
2643 995 2743 1046 tuo
2775 991 3000 1062 absque
3033 993 3295 1058 usura,id
3331 996 3484 1066 quod
3511 997 3604 1050 in-

1953 1083 2138 1154 diget,
2187 1081 2588 1137 commodabis
2641 1095 2655 1136 :
2713 1084 2777 1134 ut
2822 1079 3125 1135 benedicat
3167 1082 3271 1137 tibi
3320 1085 3602 1141 Dominus

1953 1176 2106 1226 Deus
2140 1175 2277 1226 tuus
2307 1169 2368 1225 in
2400 1168 2560 1225 omni
2591 1184 2765 1241 Opere
2790 1172 2890 1222 tuo
2921 1167 2979 1222 in
3013 1175 3374 1242 terraquam
3409 1173 3605 1244 ingre-

1956 1261 2112 1316 deris
2153 1260 2341 1330 (Vulg.
2398 1259 2469 1314 ad
2519 1274 2695 1329 quam
2744 1258 3113 1330 ingrediaris)
3167 1260 3604 1330 possidendam.

1957 1350 2042 1420 (B.
2077 1349 2222 1416 CIX,
2255 1349 2315 1404 C.
2348 1347 2543 1418 CXV.)
2576 1347 2714 1402 Cum
2743 1345 2963 1402 voveris
2993 1353 3193 1402 votum
3220 1349 3466 1405 Domino
3487 1356 3604 1406 Deo

1955 1443 2204 1504 tuo,nun
2237 1436 2566 1493 retardabis
2589 1436 2831 1491 reddere
2857 1452 2870 1489 :
2898 1436 3035 1508 quia
3061 1439 3318 1510 requiret
3340 1439 3483 1494 illud
3502 1440 3608 1496 Do-

1958 1525 2152 1582 minus
2184 1531 2335 1582 Deus
2367 1531 2506 1581 tuus
2537 1525 2616 1596 (h.
2655 1523 2940 1580 Dominus
2987 1526 3140 1582 Deus
3174 1532 3314 1583 tuus
3348 1545 3382 1583 a
3410 1531 3506 1600 te).
3543 1531 3613 1585 Et

1957 1615 2005 1670 si
2039 1619 2304 1670 moratus
2337 1614 2542 1681 fueris,
2576 1614 2946 1685 reputabitur
2977 1615 3083 1670 tibi
3117 1616 3172 1670 in
3207 1620 3609 1688 peccatum.Si

1958 1704 2219 1760 nolueris
2253 1704 2536 1776 polliceri,
2565 1705 2788 1775 absque
2819 1710 3054 1775 peccato
3075 1705 3378 1770 eris.Quod
3416 1714 3611 1765 autem

1961 1793 2142 1849 semel
2171 1808 2473 1865 egressum
2529 1797 2618 1848 est
2667 1794 2737 1847 de
2784 1792 2953 1848 labiis
2995 1794 3133 1862 tuis,
3189 1795 3524 1853 observabis
3557 1805 3613 1854 et

1964 1883 2142 1939 facies
2175 1884 2327 1938 sicut
2360 1882 2680 1954 promisisti
2720 1882 2960 1938 Domino
2993 1882 3105 1938 Deo
3137 1887 3257 1950 tuo,
3292 1889 3348 1939 et
3377 1889 3612 1960 propria

1962 1971 2261 2027 voluntate
2293 1975 2349 2026 et
2379 1988 2475 2026 ore
2509 1976 2608 2025 tuo
2642 1971 2872 2026 locutus
2904 1987 2984 2026 es.
3019 1975 3100 2041 (C.
3136 1973 3348 2045 CXVI.)
3382 1979 3609 2048 Ingres-

1963 2077 2064 2115 sus
2098 2060 2326 2114 vineam
2360 2058 2610 2130 prpximi
2641 2058 2992 2129 tui,comede
3025 2077 3162 2115 uvas
3197 2071 3478 2134 quantum
3504 2067 3609 2120 tibi

1964 2149 2249 2221 placuerit
2289 2166 2301 2203 :
2339 2151 2494 2203 foras
2535 2153 2726 2203 autem
2764 2166 2832 2203 ne
2877 2151 3082 2203 efferas
3133 2156 3345 2206 tecum.
3379 2154 3464 2221 (B.
3499 2154 3610 2223 CX,

1963 2241 2022 2292 C.
2054 2237 2294 2305 CXVII.)
2327 2237 2386 2292 Si
2423 2236 2730 2292 intraveris
2755 2238 2809 2290 in
2848 2244 3099 2309 segetem
3136 2240 3306 2294 amici
3341 2241 3613 2307 tui,fran-

1963 2343 2062 2397 ges
2088 2325 2304 2397 spicas,
2357 2332 2414 2381 et
2464 2343 2641 2382 manu
2703 2332 2966 2382 conteres
3002 2345 3015 2382 :
3051 2327 3196 2384 falco
3245 2335 3443 2386 autem
3495 2349 3610 2390 non

1965 2419 2174 2470 metes.

2037 2505 2121 2576 (B.
2156 2503 2299 2569 CXI,
2331 2506 2389 2558 C.
2423 2502 2663 2570 CXVIII,
2706 2503 2839 2576 Cap.
2869 2503 3077 2577 XXIV.)
3107 2507 3162 2561 Si
3188 2511 3478 2579 acceperit
3509 2509 3612 2566 bo-

1965 2609 2062 2648 mo
2109 2608 2372 2660 uxorem,
2424 2596 2480 2646 et
2530 2592 2800 2648 habuerit
2843 2609 2994 2661 eam,
3046 2599 3102 2649 ct
3160 2613 3272 2652 non
3322 2598 3615 2657 invenerit

1965 2682 2213 2753 gratiam
2247 2685 2378 2736 ante
2411 2680 2613 2736 oculos
2666 2683 2795 2753 ejus
2829 2688 3064 2754 propter
3093 2684 3352 2757 aliquam
3387 2689 3614 2745 fmrlita-

1965 2775 2077 2824 tem
2111 2787 2123 2826 :
2158 2769 2376 2825 scribet
2407 2767 2665 2824 libellum
2711 2771 2960 2842 repudii,
3007 2776 3061 2826 et
3115 2773 3275 2827 dabit
3322 2775 3378 2828 in
3433 2793 3609 2832 manu

1965 2857 2146 2926 illius,
2198 2863 2255 2914 et
2303 2859 2560 2913 dimittet
2616 2874 2744 2914 eam
2806 2859 2877 2913 de
2931 2860 3104 2915 domo
3165 2879 3292 2917 sua.
3343 2865 3610 2936 Cumque

1964 2963 2203 3018 egressa
2232 2946 2479 3002 alterum
2524 2945 2801 3002 maritum
2858 2948 3107 3020 duxerit,
3157 2955 3212 3004 et
3247 2950 3341 3005 ille
3374 2969 3609 3026 quoque

1964 3036 2154 3092 oderit
2183 3053 2333 3103 eam,
2367 3035 2713 3108 dcderitque
2743 3037 2792 3092 ei
2825 3036 3088 3093 libellum
3144 3040 3390 3112 repudii,
3425 3047 3480 3098 et
3510 3043 3608 3098 di-

1966 3124 2190 3180 miserit
2220 3125 2290 3180 de
2323 3125 2496 3180 domo
2523 3142 2653 3193 sua,
2685 3124 2771 3181 vel
2806 3132 2960 3182 certe
2993 3133 3261 3184 mortuus
3296 3132 3609 3198 fuerit,uon

229 3213 644 3270 abominaberis
679 3213 1026 3282 ldumaum,
1060 3212 1199 3284 quia
1229 3213 1409 3268 frater
1437 3217 1579 3268 tuus
1609 3217 1729 3267 est:
1755 3228 1857 3268 nec
1887 3199 1932 3267 Ο
1965 3213 2176 3286 poterit
2220 3213 2378 3286 prior
2425 3214 2674 3270 maritus
2725 3215 2979 3287 recipere
3027 3234 3156 3272 eam
3207 3219 3266 3273 in
3318 3237 3552 3277 uxorem
3591 3239 3604 3277 :

222 3297 562 3372 £gyptium,
597 3299 735 3370 quia
779 3301 1000 3356 advena
1045 3300 1208 3356 fuisti
1252 3300 1310 3355 in
1361 3305 1516 3355 terra
1564 3300 1713 3370 ejus.
1743 3300 1850 3364 Qui

225 3389 324 3442 nati
352 3390 576 3446 fuerint
605 3406 674 3445 ex
703 3389 809 3457 eis,
843 3390 1015 3445 tertia
1052 3389 1426 3461 generatione
1455 3388 1762 3446 intrabunt
1792 3389 1850 3445 in

221 3476 498 3534 ecclesiam
523 3477 1039 3544 Domini.Quando
1061 3494 1336 3550 egressus
1357 3477 1537 3533 fueris
1569 3479 1851 3533 adversus

221 3563 390 3623 hostes
417 3574 558 3624 tuos
593 3568 652 3622 in
695 3584 975 3641 pugnam,
1031 3567 1326 3623 custodies
1380 3572 1436 3623 te
1479 3568 1551 3622 ab
1596 3567 1756 3622 omni
1791 3584 1852 3623 re

225 3657 370 3713 mala.
401 3661 482 3729 [Τ.
519 3659 683 3728 XIII,
719 3663 783 3712 Β.
816 3659 948 3724 CIV,
980 3659 1042 3716 C.
1075 3657 1215 3725 CX.)
1249 3659 1307 3714 Si
1358 3657 1537 3713 fuerit
1567 3657 1721 3713 inter
1751 3675 1852 3714 vos

225 3743 502 3821 homo,qui
534 3753 830 3805 nocturno
862 3746 1124 3820 pollutus
1155 3747 1234 3803 sit
1261 3747 1852 3818 somnio,egredietur

226 3844 362 3892 extra
391 3844 612 3905 castra,
640 3841 700 3893 et
731 3854 846 3892 non
877 3841 1219 3906 revertetur,
1270 3836 1618 3908 priusquam
1650 3837 1722 3892 ad
1753 3854 1849 3892 ve-

227 3939 434 3994 sperum
469 3926 704 3982 lavetur
734 3941 907 3996 aqua,
942 3930 998 3980 et
1029 3929 1159 3996 post
1189 3923 1331 3980 solis
1350 3941 1626 3980 occasum
1661 3942 1854 3998 regre-

225 4013 390 4069 dietur
418 4017 476 4071 in
511 4020 732 4072 castra.
786 4013 1036 4070 Habebis
1080 4013 1274 4069 locum
1325 4019 1486 4070 extra
1532 4019 1745 4082 castra,
1779 4016 1850 4072 ad

215 4116 370 4172 quem
401 4103 732 4178 egrediaris
763 4103 833 4159 ad
865 4103 1148 4174 requisita
1179 4107 1640 4175 naturae,gerens
1671 4104 1851 4176 paxil-

223 4189 320 4248 luin
351 4195 405 4248 in
436 4195 660 4250 balteo.
711 4192 973 4264 Cumque
1017 4191 1260 4263 sederis,
1293 4192 1479 4248 fodies
1510 4209 1613 4265 per
1642 4194 1852 4249 circui-

223 4284 348 4349 tum,
398 4289 454 4338 et
497 4286 706 4356 egesta
752 4281 934 4337 humo
981 4281 1230 4354 operies,
1281 4298 1400 4352 quo
1449 4282 1739 4339 revelotus
1790 4300 1853 4339 es

224 4368 505 4436 [Dominus
538 4372 704 4429 enim
737 4375 890 4427 Deus
940 4375 1078 4426 tuus
1129 4371 1397 4426 ambulat
1445 4373 1501 4427 in
1538 4373 1725 4428 medio
1757 4389 1850 4428 ca-

221 4469 449 4517 slrorum
483 4468 725 4519 tuorum
759 4461 961 4533 [Vulg.
995 4470 1105 4516 lac.
1133 4460 1489 4532 tuorum],ut
1519 4466 1686 4517 eruat
1717 4465 1855 4533 tc,et

223 4549 389 4604 tradat
417 4551 526 4606 tibi
556 4550 834 4606 inimicos
869 4553 1043 4620 tuos],
1079 4554 1141 4605 ut
1173 4548 1356 4622 [Vulg.
1391 4555 1464 4617 et]
1511 4551 1630 4606 sint
1660 4557 1854 4607 castra
1883 4571 1932 4637 υ

224 4637 311 4691 tua
336 4645 562 4707 sancta,
597 4643 658 4694 et
690 4637 836 4693 nihil
871 4638 930 4692 in
968 4637 1054 4694 eis
1107 4643 1387 4710 appareat
1418 4639 1715 4706 fszditatis,
1750 4657 1854 4696 nec

224 4723 383 4796 [l'ulg.
417 4727 512 4802 ne]
541 4727 916 4798 derelinquat
945 4730 1018 4782 te.
1054 4727 1139 4798 [Β.
1173 4725 1282 4796 CV,
1317 4727 1378 4783 C.
1412 4727 1537 4797 ΧΙ.]
1574 4727 1698 4784 Non
1734 4733 1853 4784 tra-

223 4811 309 4869 des
339 4833 571 4872 servum
635 4816 872 4872 domino
923 4833 1051 4884 suo,
1111 4815 1211 4887 qui
1272 4815 1343 4870 ad
1401 4819 1457 4870 te
1509 4817 1851 4886 confugerit.

225 4903 501 4961 Habitabit
532 4911 729 4961 tecum
764 4903 823 4958 in
850 4903 976 4960 loco
1015 4903 1113 4976 qui
1145 4906 1193 4959 ei
1229 4903 1529 4974 placuerit,
1563 4905 1707 4961 etin
1739 4923 1858 4962 una

219 4991 429 5048 urbium
452 5000 696 5049 tuarum
721 4992 1077 5064 requiescet:
1104 5008 1208 5047 nec
1240 4991 1542 5063 [Vulg.ne]
1574 4994 1855 5050 constris-

226 5081 299 5134 tes
326 5098 479 5137 eum.
515 5083 606 5154 [Β.
639 5082 782 5143 CVI,
816 5081 956 5150 XII.)
987 5081 1108 5136 Non
1141 5081 1252 5135 erit
1294 5085 1569 5137 meretrix
1601 5084 1672 5136 de
1706 5084 1856 5138 tilia-

221 5166 313 5225 bus
346 5170 750 5243 Israel,nequc
782 5173 1066 5226 scortator
1089 5171 1160 5225 de
1194 5169 1332 5225 filiis
1359 5169 1555 5226 Israel.
1589 5170 1857 5241 [B.CVII,

281 5349 293 5383 ¹
327 5349 544 5406 Omnes
585 5365 726 5405 mss.
760 5347 991 5404 codices
1014 5346 1221 5418 legunt
1251 5347 1362 5403 hoc
1393 5348 1568 5403 modo
1600 5365 1733 5403 cum
1757 5348 1855 5404 Ca-

223 5432 371 5488 none,
396 5423 493 5478 sed
523 5422 744 5476 vacabit
776 5420 982 5490 absque
1009 5421 1172 5491 culpa
1195 5419 1390 5475 domui
1417 5435 1530 5474 suae
1574 5421 1858 5476 Eumdem

223 5504 432 5564 quoque
462 5509 707 5549 sensum
740 5491 1028 5563 expressit
1066 5492 1358 5563 interpres
1405 5492 1614 5546 Arabs.
1653 5493 1712 5546 In
1748 5492 1857 5548 He-

220 5576 350 5652 ξτες
379 5589 470 5638 est
495 5567 695 5648 unus,
724 5579 978 5652 Lebethc,
1012 5581 1168 5652 quod
1198 5595 1322 5637 suae
1359 5579 1583 5650 optime
1615 5596 1854 5652 respon-

223 5648 541 5710 deLVerum
571 5669 688 5710 non
719 5651 962 5710 maximi
989 5648 1168 5709 refert
1199 5648 1551 5724 quocunque
1581 5648 1857 5712 mod'ole-

1961 3303 2098 3374 quia
2131 3301 2352 3374 polluta
2381 3308 2558 3358 estet
2598 3304 3019 3360 abominabilis
3076 3307 3223 3361 facta
3272 3314 3362 3364 est
3412 3327 3608 3367 coram

1963 3389 2212 3446 Domino
2250 3408 2262 3444 :
2298 3407 2368 3446 ne
2417 3408 2653 3464 peccare
2705 3393 2884 3450 facias
2933 3407 3148 3450 terram
3200 3401 3386 3466 tuam,
3435 3417 3612 3470 quam

1961 3479 2251 3536 Dominus
2265 3485 2418 3535 Deus
2443 3481 2548 3536 tibi
2572 3482 2878 3536 tradiderit
2903 3484 3608 3556 possidendam.(B.CXII,

1961 3568 2024 3624 C.
2061 3569 2228 3640 XIX).
2257 3572 2404 3626 Cum
2435 3571 2721 3643 acceperit
2777 3571 2950 3627 homo
2984 3590 3170 3644 nuper
3205 3592 3462 3643 uxorem,
3496 3595 3608 3633 non

1963 3658 2231 3730 procedet
2264 3659 2334 3713 ad
2369 3657 2612 3730 bellum,
2647 3677 2750 3716 nec
2776 3661 2826 3715 ei
2880 3662 3182 3734 quidpiam
3241 3669 3614 3723 necessitatis
3668 3711 3673 3718 .

1960 3746 2305 3818 injungetur
2332 3748 2606 3818 publicae,
2639 3751 2740 3804 sed
2785 3751 3016 3805 vacabit
3047 3753 3268 3822 absque
3300 3753 3472 3826 culpa
3505 3757 3612 3812 do-

1963 3835 2044 3892 mi
2076 3853 2198 3892 suae
2249 3838 2288 3904 ¹,
2341 3843 2403 3893 ut
2449 3855 2564 3894 uno
2613 3857 2768 3896 anno
2817 3839 3045 3896 laetetur
3092 3859 3223 3897 cum
3271 3860 3446 3899 uxore
3478 3862 3608 3900 sua.

1963 3929 2046 3997 (B.
2082 3925 2267 3993 CXIII,
2301 3927 2361 3982 C.
2396 3928 2580 3998 CXX.)
2613 3928 2737 3984 Non
2771 3931 3023 4000 accipies
3066 3930 3187 3986 loco
3219 3931 3483 4004 pignoris
3515 3933 3609 3988 in-

1965 4014 2231 4070 feriorem
2284 4019 2342 4071 et
2389 4017 2754 4088 superiorem
2814 4017 3068 4085 molam;
3139 4021 3278 4089 quia
3347 4021 3608 4078 animam

1963 4120 2131 4158 suam
2184 4105 2456 4175 apposuit
2504 4107 2686 4176 (Vulg.
2740 4107 2958 4178 posuit‘
3000 4107 3128 4162 tibi.
3181 4110 3264 4180 (B.
3316 4110 3511 4178 CXIV,
3543 4111 3604 4168 C.

1961 4191 2187 4262 CXXI.)
2240 4192 2298 4247 Si
2352 4193 2754 4264 deprehensus
2805 4196 2978 4250 fuerit
3041 4195 3212 4251 homo
3282 4197 3610 4256 sollicitans

1963 4279 2203 4335 fratrem
2251 4297 2428 4336 suum
2471 4282 2540 4336 de
2591 4283 2729 4339 filiis
2781 4284 2977 4350 Israel,
3025 4291 3080 4339 et
3126 4287 3358 4342 vendito
3393 4303 3480 4354 eo,
3511 4305 3605 4344 ac-

1961 4368 2179 4440 ceperit
2223 4370 2501 4440 pretium,
2554 4372 2955 4440 interficietur,
3005 4377 3062 4428 et
3110 4375 3336 4430 auferes
3386 4376 3608 4432 malum

1962 4457 2032 4512 de
2067 4457 2256 4512 medio
2289 4460 2394 4513 tui.
2431 4460 2518 4531 (Β.
2552 4461 2738 4533 CXV.)
2771 4461 3027 4517 Observa
3076 4462 3385 4536 diligenter
3415 4482 3485 4520 ne
3516 4465 3610 4522 in-

1963 4562 2164 4602 curras
2199 4547 2430 4619 plagam
2483 4548 2674 4620 lepra),
2727 4552 2826 4605 sed
2879 4551 3054 4606 facies
3107 4569 3471 4626 quaecunque
3503 4557 3610 4611 do-

1962 4635 2196 4692 cuerint
2246 4641 2302 4691 te
2349 4639 2685 4694 sacerdotes
2749 4639 2985 4694 Levitici
3045 4643 3297 4713 generis,
3340 4643 3508 4713 juxta
3550 4645 3609 4701 id

1963 4726 2116 4796 quod
2153 4725 2399 4798 praecepi
2433 4727 2540 4793 eis,
2573 4732 2629 4783 et
2659 4727 2840 4801 imple
2890 4728 3159 4784 sollicite.
3213 4732 3292 4803 (B.
3325 4731 3517 4804 CXVI,
3549 4735 3608 4790 C.

1962 4813 2210 4886 CXXII.)
2259 4814 2611 4871 Mementote
2665 4833 2791 4888 quae
2838 4818 3036 4874 fecerit
3108 4820 3389 4877 Dominus
3456 4823 3609 4878 Deus

1962 4907 2157 4959 vester
2186 4904 2378 4960 Mariae
2411 4905 2468 4959 in
2501 4905 2594 4961 via
2623 4922 2756 4961 cum
2790 4908 3215 4978 egrederemini
3248 4911 3318 4964 de
3345 4911 3612 4982 Egypto.

1962 4992 2050 5064 (B.
2084 4991 2309 5062 CXVII,
2361 4994 2422 5048 C.
2454 4993 2712 5065 CXXIII.)
2770 4998 2912 5051 Cum
2973 5003 3199 5068 repetes
3257 5016 3290 5054 a
3347 5001 3610 5069 proximo

1963 5085 2064 5134 tuo
2097 5098 2217 5135 rem
2245 5080 2527 5151 aliquam,
2576 5099 2752 5154 quam
2786 5085 2958 5140 debet
3000 5086 3128 5151 tibi,
3171 5105 3285 5141 nnn
3318 5088 3611 5158 ingredie-

1966 5169 2047 5224 ris
2077 5170 2316 5224 domum
2339 5171 2467 5240 ejus
2492 5176 2556 5226 ut
2577 5172 2791 5243 pignus
2814 5178 3045 5231 auferas
3073 5194 3087 5245 ;
3113 5179 3214 5231 sed
3239 5178 3424 5231 stabis
3451 5177 3610 5248 foris,

1965 5362 2197 5474 figimus,
2248 5347 2347 5402 ubi
2406 5349 2716 5407 verborum
2776 5369 2988 5410 sensus
3046 5354 3103 5409 in
3167 5355 3321 5410 idem
3380 5354 3608 5411 recidit.

2029 5435 2154 5474 an'r.

2029 5435 2154 5474 ΛΒΤ.

2035 5519 2104 5533 --
2137 5489 2388 5547 Urbinas
2438 5508 2547 5546 ms.
2583 5510 2715 5550 cum
2747 5496 2880 5551 aliis
2914 5511 3091 5566 penes
3121 5495 3389 5550 Martian.
3423 5497 3614 5553 domui

1965 5579 2598 5709 ἒιέῗέἑίὲἓξιὲδῖωείε
2629 5584 2866 5640 Hebraeo
2895 5568 3061 5644 mula
3096 5584 3389 5654 adhaeret;
3424 5585 3607 5644 Palat.

2453 5670 2520 5708 ae.

2453 5670 2520 5708 δε.
