4068 6172
415 335 520 393 487

1442 334 1500 388 8.
1543 329 1952 387 ΗΙΕΒΟΝῩΜῙ
1987 329 2247 385 DIVINA
2283 331 2781 388 BIBLIOTHECA.

3711 327 3821 384 488

415 469 472 520 et
501 463 600 519 ille
640 460 742 518 tibi
797 459 1050 533 proferet
1097 456 1250 528 quod
1303 455 1592 512 habuerit.
1646 455 1730 527 (C.
1787 454 2053 524 CXXIV).
2085 457 2137 522 Α
2168 454 2333 510 tollet
2363 457 2826 512 calceamentum
2857 455 2928 510 de
2961 453 3104 526 pede
3133 453 3284 525 ejus,
3319 457 3610 526 spuetque
3636 452 3695 508 in
3730 453 3817 510 fa-

413 553 473 609 Si
506 557 699 608 autem
736 564 955 622 pauper
984 551 1091 613 est,
1126 562 1238 601 non
1290 544 1653 617 pernoctabit
1703 545 1854 616 apud
1889 549 1945 598 te
1977 544 2056 615 pi-

413 657 567 713 gnus
595 641 678 709 (h.
714 639 927 711 pignus
976 637 1148 707 ejus),
1199 635 1299 690 sed
1353 635 1550 690 statim
1601 635 1811 690 reddes
1841 635 1890 688 ei
1925 638 2057 689 ante

412 730 554 786 solis
611 743 920 795 occasum;
956 730 1020 782 ut
1049 725 1346 781 dormiens
1403 724 1461 778 in
1518 724 1867 779 vestimento
1927 739 2055 793 suo,

412 819 720 874 benedieat
749 816 881 883 tibi,
908 819 964 870 et
992 815 1210 870 habeas
1248 813 1544 884 justitiam
1579 829 1776 868 coram
1815 812 2056 867 Domino

411 908 527 964 Deo
560 912 681 963 tuo.
718 906 800 975 (B.
835 903 1104 973 CXVIII.)
1133 904 1258 958 Non
1293 901 1532 974 negabis
1565 902 1640 965 (b.
1673 901 1796 956 Non
1830 899 2055 956 calum-

408 995 614 1068 nieris)
671 995 999 1051 mercedem
1046 993 1389 1063 indigentis,
1432 996 1490 1046 et
1533 991 1808 1062 pauperis
1859 990 2055 1044 fratris

407 1087 517 1155 tui,
550 1087 672 1143 sive
704 1085 961 1150 advenae,
1006 1082 1104 1154 qui
1157 1086 1347 1136 tecum
1395 1087 1658 1136 moratur
1705 1081 1762 1134 in
1795 1083 1966 1146 terra,
1997 1083 2055 1134 et

407 1177 560 1232 intra
598 1179 796 1246 portas
851 1178 984 1228 tuas
1032 1176 1156 1239 est;
1213 1171 1310 1226 sed
1366 1171 1568 1225 eadem
1620 1169 1713 1224 die
1762 1169 1970 1223 reddes
2001 1168 2052 1224 ei

408 1264 658 1339 pretium
692 1262 912 1319 laboris
934 1261 1025 1316 sui
1059 1265 1193 1316 ante
1225 1258 1365 1314 solis
1396 1275 1693 1325 occasum,
1733 1255 1870 1328 quia
1902 1273 2052 1328 pau-

403 1371 506 1428 per
536 1357 645 1422 est,
677 1358 731 1409 et
762 1368 830 1407 ex
861 1368 926 1407 eo
959 1354 1291 1405 sustentant
1313 1349 1570 1402 animam
1597 1363 1764 1402 suam
1793 1364 1805 1414 ;
1838 1363 1907 1401 ne
1930 1347 2049 1402 cla-

404 1448 522 1499 met
554 1447 756 1498 contra
802 1446 859 1496 te
908 1441 978 1494 ad
1032 1439 1360 1505 Dominum,
1404 1442 1460 1492 ct
1504 1439 1806 1506 reputetur
1853 1434 1959 1490 tibi
1992 1435 2050 1490 in

403 1536 729 1605 peceatum.
765 1529 852 1600 (B.
907 1527 1106 1596 CXIX,
1133 1529 1194 1583 C.
1245 1525 1483 1594 CXXV.)
1531 1525 1656 1580 Non
1707 1523 2052 1579 oceidentur

404 1627 599 1693 patres
630 1636 734 1692 pro
766 1618 922 1688 filiis,
959 1633 1062 1673 nec
1093 1615 1195 1670 ﬁlii
1231 1631 1334 1687 pro
1385 1613 1672 1686 patribus,
1708 1613 1809 1668 sed
1865 1629 2048 1667 unus-

403 1710 654 1783 quisque
704 1725 806 1781 pro
854 1709 1090 1781 peccato
1140 1721 1246 1760 suo
1296 1703 1596 1760 morietur.
1650 1703 1736 1774 (Β.
1787 1702 1951 1770 CXX,
1985 1701 2046 1758 C.

399 1800 655 1870 CXXVI.)
691 1799 812 1854 Non
846 1793 1454 1895 pervertesjudieium
1486 1793 1794 1892 advenzeet
1815 1790 2045 1863 pupilli.
2079 1829 2126 1895 Β

396 1888 512 1945 Nec
562 1888 792 1943 auferes
835 1884 1096 1957 pignoris
1143 1883 1269 1938 loco
1334 1882 1521 1937 viduas
1602 1881 2039 1936 vestimentum.

400 1979 484 2050 (C.
519 1975 814 2046 CXXVII.)
845 1976 1136 2031 Memento
1169 1971 1321 2043 quod
1353 1969 1623 2026 servieris
1674 1970 1732 2024 in
1779 1969 2043 2040 Egypto,

399 2073 456 2123 et
484 2066 704 2122 eruerit
736 2074 788 2120 le
819 2063 1098 2119 Dominus
1125 2061 1279 2117 Deus
1306 2064 1444 2115 tuus
1468 2058 2045 2128 inde.(C.CXXVlII.)

399 2157 620 2212 Idcirco
654 2154 922 2226 praecipio
953 2151 1062 2207 tibi
1096 2150 1371 2205 ut'facias
1401 2149 1552 2204 hanc
1585 2146 2043 2218 rem.(B.CXXI.)

400 2245 642 2310 Quando
672 2241 993 2299 messueris
1024 2244 1274 2311 segetem
1307 2239 1366 2293 in
1412 2254 1550 2308 agro
1581 2242 1704 2302 tuo,
1736 2241 1793 2290 et
1824 2234 2042 2290 oblitus

402 2331 774 2404 manipulum
843 2328 1174 2401 reliqueris,
1243 2343 1355 2382 non
1406 2325 1710 2382 reverteris
1762 2329 1827 2379 ut
1868 2323 2040 2380 tollas

395 2422 605 2484 illum;
638 2421 738 2477 sed
773 2420 1078 2485 advenam,
1112 2421 1170 2472 et
1210 2414 1523 2487 pupillum,
1568 2418 1624 2468 et
1662 2412 1896 2467 viduam
1930 2430 2036 2468 au-

395 2513 542 2569 ferre
574 2508 907 2582 patieris,ut
938 2505 1243 2562 benedieat
1275 2505 1379 2558 tibi
1409 2502 1697 2559 Dominus
1734 2504 1882 2557 Deus
1901 2508 2039 2557 tuus

396 2602 454 2656 in
486 2599 646 2656 omni
697 2614 870 2670 opere
920 2611 1202 2651 manuum
1246 2598 1504 2648 tuarum.
1555 2594 1640 2661 (B.
1697 2590 1920 2658 CXXII,
1973 2589 2033 2645 C.

398 2689 667 2761 CXXIX.)
711 2687 766 2743 Si
823 2687 1020 2758 fruges
1063 2683 1304 2754 colliges
1375 2680 1689 2743 olivarum,
1742 2680 2032 2750 quidquid

392 2777 743 2836 remanserit
772 2777 830 2830 in
864 2773 1315 2842 arboribus,non
1341 2769 1647 2825 reverteris
1671 2773 1734 2822 ut
1755 2768 2034 2840 colligas;

392 2871 494 2926 sed
528 2868 824 2938 relinques
857 2859 1436 2934 advenae,pupillo,ac
1465 2857 1764 2928 viduae.(C.
1800 2856 2034 2928 CXXX.)

388 2959 445 3014 Si
476 2953 922 3014 vindemiaveris
951 2952 1180 3006 vineam
1215 2954 1400 3019 tuam,
1425 2963 1539 3002 non
1573 2946 1811 3017 colliges
1843 2961 2033 3001 rema-

388 3051 592 3103 nentes
625 3059 908 3109 racemos,
943 3040 1042 3096 sed
1077 3039 1284 3094 cedent
1314 3037 1371 3091 in
1408 3053 1550 3092 usus
1581 3033 2030 3105 advenm,pupil-

388 3137 450 3202 li,
485 3153 551 3190 ac
581 3134 790 3189 viduae.
846 3129 1136 3186 Memento
1195 3127 1350 3197 quod
1402 3140 1458 3180 et
1514 3130 1574 3179 tu
1638 3124 1910 3180 servieris
1972 3124 2027 3178 in

389 3193 655 3297 A‘Igypto,
700 3225 758 3278 et
809 3219 1020 3275 ideirco
1070 3193 1341 3289 precipio
1392 3212 1497 3270 tibi
1540 3218 1605 3268 ut
1650 3213 1830 3269 facias
1879 3212 2030 3268 hanc
2063 3193 2104 3260 C

391 3331 536 3370 rem.

459 3442 540 3509 (B.
596 3433 856 3499 CXXIII,
907 3431 967 3486 C.
1020 3428 1252 3496 CXXXI,
1304 3427 1438 3499 Cap.
1488 3426 1686 3494 XXV.)
1747 3426 1802 3480 Si
1855 3426 2030 3482 fuerit

385 3543 560 3584 causa
609 3525 760 3580 inter
807 3521 1057 3592 aliquos,
1105 3523 1160 3574 et
1208 3515 1704 3588 interpellaverint
1745 3516 2024 3586 judiees:

385 3633 559 3689 quem
587 3615 814 3685 justum
847 3626 976 3667 esse
1016 3605 1431 3680 perspexerint,
1483 3604 1567 3659 illi
1605 3603 1851 3674 justitize
1900 3605 2024 3677 pal-

383 3724 539 3764 mam
574 3706 799 3762 dabunt
833 3721 846 3759 :
881 3717 1047 3774 quem
1082 3699 1354 3770 impium,
1413 3697 1890 3751 condemnabuut
1922 3697 2027 3752 im-

383 3796 642 3870 pietatis.
690 3793 792 3850 Bin
844 3795 1040 3847 autem
1089 3805 1222 3844 eum
1288 3785 1387 3858 qui
1458 3783 1716 3856 peccavit
1776 3784 2021 3856 dignum

381 3884 634 3942 viderint
678 3880 890 3954 plagis,
942 3879 1311 3951 prosternent
1358 3879 1415 3930 et
1463 3890 1660 3930 eorum
1710 3889 1770 3928 se
1815 3874 2026 3930 facient

379 3973 689 4032 verberari.
725 3973 836 4027 Pro
870 3983 1146 4024 mensura
1196 3963 1410 4036 peccati
1459 3963 1568 4018 erit
1613 3967 1670 4018 et
1717 3961 2019 4035 plagarum

381 4066 631 4131 modus;
667 4062 749 4116 ita
778 4061 1080 4126 duntaxat,
1114 4060 1178 4110 ut
1235 4050 1762 4126 quadragenarium
1819 4069 2021 4108 nume-

385 4171 514 4209 rum
550 4170 660 4208 nou
695 4149 976 4206 excedant
1006 4163 1020 4202 :
1056 4161 1125 4200 ne
1159 4144 1306 4198 fmde
1337 4141 1625 4198 laceratus
1658 4147 1790 4196 ante
1822 4142 2023 4197 oculos

378 4249 512 4298 tuos
543 4242 712 4296 abeat
743 4239 921 4293 frater
951 4240 1089 4289 tuus
1124 4232 1202 4302 (h.
1237 4234 1373 4287 ante
1405 4228 1604 4285 oculos
1636 4235 1769 4285 tuos
1799 4230 1875 4286 sit
1907 4232 2024 4285 fra-

378 4335 472 4385 tea
525 4328 700 4399 tuus).
754 4327 841 4396 (B.
886 4323 1115 4388 CXXIV,
1167 4321 1232 4390 C,
1280 4317 1575 4389 CXXXII.)
1636 4321 1759 4373 Non
1808 4317 2021 4385 ligabis

377 4435 442 4474 os
475 4417 638 4474 bovis
671 4413 911 4471 terentis
940 4411 998 4467 in
1029 4427 1165 4467 area
1215 4411 1414 4480 fruges
1459 4412 1612 4462 tuas.
1661 4411 1749 4474 (B.
1802 4406 2018 4476 CXXV,

2167 547 2314 602 ciem
2351 548 2529 616 illius,
2561 552 2618 602 et
2647 546 2802 602 dicet
2832 563 2845 601 :
2879 545 2968 600 Sic
3000 544 3097 601 ﬁet
3127 545 3377 616 homini,
3411 545 3512 618 qui
3545 561 3659 600 non
3681 545 3821 600 tedi-

2169 636 2301 691 ficat
2331 637 2572 692 domum
2608 636 2805 692 fratris
2835 635 2948 691 sui.
2981 636 3050 690 Et
3076 635 3380 691 vocabitur
3409 650 3622 690 nomen
3655 633 3822 690 illius

2167 725 2223 779 in
2302 724 2504 791 Israel,
2576 725 2798 780 Domus
2865 723 3207 780 disealceati
3273 724 3360 795 (B.
3437 723 3689 790 CXXVI,
3750 724 3815 779 C.

2169 811 2457 884 CXXXV.)
2515 813 2572 867 Si
2645 812 2961 868 habuerint
3033 813 3186 869 inter
3255 829 3317 869 se
3373 812 3633 885 jurgium
3705 812 3815 867 viri

2163 901 2342 974 (Vulg.
2389 902 2513 958 add.
2568 903 2729 970 duo),
2781 908 2839 958 et
2883 919 3036 958 unus
3086 906 3291 958 contra
3335 901 3585 958 alterum
3634 901 3813 958 rixari

2163 991 2421 1064 eceperit,
2480 991 2795 1063 volensque
2855 1009 2999 1046 uxor
3063 991 3302 1048 alterius
3359 1007 3561 1048 eruere
3615 990 3812 1048 virum

2162 1096 2338 1136 suum
2372 1081 2443 1136 de
2474 1096 2649 1136 manu
2683 1081 2944 1136 fortioris
2973 1080 3056 1151 (h.
3090 1080 3512 1154 percutientis),
3547 1079 3811 1136 miserit-

2161 1185 2276 1241 que
2344 1185 2608 1239 manum,
2659 1174 2717 1225 et
2783 1169 3238 1242 apprehenderit
3306 1171 3556 1225 verenda
3617 1169 3808 1240 ejus:

2115 1271 2117 1274 ‘
2160 1258 2429 1316 abscides
2459 1275 2705 1314 manum
2735 1257 3031 1325 illius,nec
3055 1258 3306 1314 flecteris
3325 1275 3504 1330 super
3532 1275 3660 1314 eam
3686 1257 3812 1314 ulla

2159 1347 2587 1404 misericordia.
2660 1347 2748 1418 (B.
2821 1348 3093 1419 CXXVII,
3160 1347 3223 1402 C.
3292 1347 3611 1418 CXXXVI.)
3678 1347 3809 1404 Non

2157 1435 2403 1492 habebis
2424 1437 2480 1491 in
2505 1435 2738 1492 sacculo
2762 1437 2989 1493 diversa
3005 1438 3484 1509 pondera,majus
3502 1441 3559 1492 et
3580 1436 3805 1493 minus:

2157 1540 2262 1580 nec
2293 1525 2401 1580 erit
2431 1525 2489 1580 in
2519 1526 2694 1580 domo
2724 1529 2825 1582 tua
2855 1526 3090 1581 modius
3121 1527 3312 1597 major
3341 1530 3400 1581 et
3431 1526 3810 1582 minor.Pon-

2156 1615 2266 1669 dus
2300 1614 2541 1670 habebis
2564 1615 2801 1686 justum
2826 1620 2883 1671 et
2907 1619 3194 1682 verum,et
3215 1614 3451 1671 modius
3481 1613 3726 1686 aequalis
3747 1618 3808 1671 et

2154 1719 2328 1759 verus
2374 1704 2486 1760 erit
2535 1704 2678 1772 tibi;
2733 1708 2799 1760 ut
2849 1704 3030 1761 multo
3097 1704 3262 1761 vivas
3313 1708 3577 1777 tempore
3625 1720 3812 1777 super

2155 1795 2394 1861 terram,
2447 1809 2622 1864 quam
2681 1793 2966 1849 Dominus
3023 1797 3172 1850 Deus
3219 1799 3359 1849 tuus
3405 1793 3629 1850 dederit
3669 1793 3805 1848 tibi.

2155 1882 2546 1937 Abominatur
2599 1882 2754 1937 enim
2811 1881 3098 1938 Dominus
3174 1898 3312 1938 eum
3369 1882 3451 1951 (h.
3514 1882 3807 1938 Dominus

2157 1971 2306 2023 Deus
2337 1973 2474 2022 tuus
2507 1971 2666 2038 eum)
2697 1969 2796 2040 qui
2828 1969 2966 2025 facit
2997 1969 3138 2040 haec,
3152 1974 3210 2025 et
3238 1974 3539 2026 aversatur
3567 1986 3805 2026 omnem

2153 2056 2521 2126 injustitiam.
2556 2057 2642 2128 (B.
2694 2057 2994 2128 CXXVIII,
3048 2059 3109 2112 C.
3164 2058 3454 2131 CXLVII.)
3506 2059 3805 2115 Memento

2153 2161 2276 2215 quae
2306 2144 2505 2200 fecerit
2535 2145 2640 2201 tibi
2673 2146 2910 2203 Amalec
2939 2148 2998 2202 in
3026 2148 3119 2203 via
3138 2149 3373 2220 quando
3401 2148 3807 2221 egrediebaris

2152 2251 2220 2290 ex
2267 2235 2556 2306 zEgypto:
2607 2237 2896 2306 quomodo
2955 2238 3278 2293 occurrerit
3325 2237 3470 2305 tibi;
3502 2244 3559 2292 et
3608 2241 3805 2293 extre-

2153 2339 2280 2379 mos
2311 2323 2563 2394 agminis
2596 2325 2706 2388 tui,
2756 2325 2851 2396 qui
2908 2325 3050 2382 lassi
3096 2326 3450 2395 residebant,
3501 2327 3805 2396 ceciderit,

2151 2413 2383 2483 quando
2417 2419 2475 2468 tu
2510 2429 2640 2468 eras
2673 2417 2824 2469 fame
2863 2420 2920 2469 et
2968 2415 3167 2472 labore
3223 2417 3546 2482 conlectus,
3592 2421 3649 2472 et
3681 2433 3801 2471 non

2150 2501 2414 2556 timuerit
2472 2504 2672 2558 Deum.
2734 2503 2818 2572 (Τ.
2876 2503 3045 2575 XIV.)
3102 2504 3246 2560 Cum
3309 2521 3445 2577 ergo
3512 2504 3802 2561 Dominus

2149 2590 2301 2645 Deus
2332 2596 2471 2646 tuus
2505 2591 2731 2647 dederit
2761 2593 2865 2647 tibi
2896 2593 3184 2664 requiem,
3215 2598 3273 2649 et
3303 2595 3617 2666 subjecerit
3645 2610 3798 2649 cun-

2148 2684 2272 2735 ctas
2305 2697 2406 2751 per
2441 2680 2752 2736 circuitum
2803 2681 3093 2750 nationes,
3137 2682 3194 2737 in
3244 2689 3416 2752 terra,
3468 2699 3648 2754 quam
3684 2684 3798 2738 tibi

2146 2769 2443 2842 pollicitus
2473 2775 2562 2825 est
2592 2787 2605 2825 ε
2640 2770 2862 2826 delebis
2893 2789 3106 2828 nomen
3138 2773 3221 2844 (b.
3263 2773 3630 2844 memoriam)
3660 2776 3798 2845 ejus

2145 2859 2256 2914 sub
2287 2859 2446 2914 cmlo.
2479 2859 2625 2915 Cave
2657 2876 2727 2915 ne
2757 2859 3147 2917 obliviscaris.

2215 2984 2295 3044 (B.
2331 2983 2576 3052 CXXIX,
2609 2988 2667 3038 C.
2702 2984 3050 3054 CXXXVIII,
3087 2985 3216 3058 Cap.
3270 2985 3486 3057 XXVI.)
3517 2985 3793 3057 Cumque

2142 3073 2445 3128 intraveris
2480 3078 2718 3143 terram,
2753 3091 2931 3144 qnam
2989 3074 3267 3130 Dominus
3309 3075 3460 3130 Deus
3509 3080 3648 3129 tuus
3679 3075 3794 3130 tibi

2142 3163 2391 3218 daturus
2458 3167 2546 3217 est
2612 3164 3052 3234 possidendam,
3120 3168 3175 3220 et
3241 3164 3568 3220 obtinueris
3633 3179 3792 3232 eam,

2138 3257 2316 3324 atque
2348 3251 2704 3307 habitaveris
2728 3251 2785 3306 in
2813 3251 2913 3308 illa
2940 3269 2952 3308 :
2976 3252 3149 3308 tolles
3177 3253 3246 3308 de
3264 3253 3494 3308 cunctis
3517 3253 3794 3324 frugibus

2136 3342 2255 3396 tuis
2287 3339 2601 3412 primitias,
2637 3345 2693 3396 et
2722 3357 2904 3412 panes
2955 3341 3013 3396 in
3064 3340 3328 3410 cartallo,
3362 3357 3684 3413 pergesque
3711 3343 3792 3398 ad

2135 3429 2344 3499 locum,
2378 3446 2550 3500 quem
2593 3429 2881 3485 Dominus
2929 3434 3080 3486 Deus
3125 3435 3264 3486 tuus
3311 3429 3570 3502 elegerit,
3607 3435 3672 3484 ut
3703 3429 3793 3485 ibi

2133 3519 2435 3573 invocetur
2457 3533 2669 3574 nomen
2691 3517 2818 3588 ejus
2854 3535 2866 3573 :
2902 3519 3263 3591 accedesque
3292 3518 3361 3574 ad
3395 3519 3790 3586 sacerdotem,

2134 3607 2233 3679 qui
2267 3607 2516 3662 t'ueritin
2551 3606 2758 3662 diebus
2788 3606 2989 3678 illis,et
3009 3608 3169 3663 dices
3192 3608 3261 3663 ad
3287 3624 3420 3664 eum
3459 3625 3472 3664 :
3507 3607 3790 3663 Proﬁteor

2132 3696 2306 3752 hodie
2338 3712 2533 3751 eorum
2568 3694 2812 3751 Domino
2847 3696 2963 3752 Deo
2995 3702 3116 3764 tuo,
3150 3697 3304 3769 quod
3346 3695 3652 3768 ingressus
3675 3697 3787 3753 sim

2130 3790 2370 3851 terram,
2399 3801 2500 3857 pro
2533 3801 2650 3855 qua
2671 3784 2894 3854 juravit
2926 3785 3191 3857 patribus
3245 3785 3484 3853 nostris,
3518 3789 3583 3840 ut
3613 3785 3784 3840 daret

2131 3890 2258 3929 eam
2293 3872 2484 3928 nobis.
2534 3872 2991 3945 Suscipiensque
3039 3875 3316 3930 sacerdos
3361 3873 3672 3930 cartallum
3704 3874 3783 3931 de

2133 3979 2310 4018 manu
2347 3968 2468 4027 tua,
2517 3966 2691 4034 ponet
2739 3967 2873 4018 ante
2920 3963 3101 4018 altare
3149 3962 3383 4020 Domini
3440 3964 3534 4018 Dei
3566 3963 3693 4032 tui;
3727 3967 3790 4018 et

2132 4051 2390 4122 loqueris
2419 4050 2476 4106 in
2520 4061 2833 4122 conspectu
2871 4050 3100 4108 Domini
3147 4052 3248 4108 Dei
3281 4051 3366 4108 tui
3397 4068 3411 4107 :
3446 4055 3622 4124 Syrus
3655 4068 3815 4124 pera

2131 4141 2488 4212 sequebatur
2519 4146 2744 4211 patrem
2773 4157 2996 4208 meum,
3036 4142 3136 4212 qui
3185 4141 3491 4198 descendit
3519 4139 3579 4196 iu
3611 4141 3788 4213 {Egy-

2132 4236 2383 4303 ptum,et
2403 4231 2479 4285 ibi
2508 4231 2913 4303 peregrinatus
2937 4232 3104 4287 estin
3130 4232 3487 4304 paucissimo
3510 4248 3785 4288 numero:

2129 4319 2423 4392 crevitque
2450 4319 2508 4374 iu
2540 4325 2773 4390 gentem
2823 4336 3101 4392 magnam
3143 4327 3200 4376 et
3231 4321 3534 4376 robustam
3567 4326 3624 4376 et
3653 4319 3788 4375 inﬁ-

2129 4408 2262 4464 nita:
2296 4407 2716 4464 multitudinis.
2759 4409 3228 4482 Afﬂixeruntque
3277 4427 3383 4466 nos
3414 4409 3690 4483 Egyptii,
3723 4415 3787 4466 et

379 4507 440 4562 C.
470 4503 793 4566 CXXXIII.)
823 4500 1065 4566 Quando
1114 4494 1506 4552 habitaverint
1558 4496 1768 4549 fratres
1813 4494 2016 4562 simul,
2053 4547 2100 4612 D
2133 4497 2418 4568 persecuti
2469 4503 2607 4553 sunt
2651 4497 3025 4570 imponentes
3081 4515 3258 4555 onera
3301 4498 3674 4572 gravissima,
3721 4504 3787 4555 et

413 4601 422 4612 ι
664 4611 713 4612 γη
756 4593 831 4612 -2-
869 4590 1083 4612 _l,_._-.-
1119 4585 1318 4612 ‘21.-..2-
1353 4588 1616 4612 rnnh‘n‘a-n
1653 4584 1820 4612 ι’..η-ει
1880 4601 2023 4612 ..ιιι-ι..
2135 4587 2518 4612 ,ιιι-..νικηεκηηη
2545 4587 2610 4612 ..Δ
2642 4587 2946 4612 ΙἸΑΜζ---κ
2973 4587 3778 4612 ﬁ-..___t_.-_._--t_-_.-...-

376 4601 432 4651 et
467 4612 620 4652 unus
650 4611 719 4650 ex
748 4593 834 4648 eis
865 4590 1087 4661 absque
1119 4585 1319 4641 liberis
1353 4588 1618 4640 mortuus
1652 4584 1845 4649 fuerit,
1880 4601 2023 4639 uxor
2053 4584 2100 4612 υ
2133 4587 2520 4644 clamavimus
2543 4587 2612 4642 ad
2642 4587 2951 4644 Dominum
2971 4587 3152 4643 Deum
3169 4592 3400 4659 patrum
3417 4592 3778 4644 nostrorum:

376 4685 634 4740 defuncti
671 4699 784 4737 non
819 4679 998 4735 nubet
1047 4675 1237 4744 alteri,
1281 4674 1380 4729 sed
1412 4672 1656 4743 accipict
1685 4689 1812 4728 eam
1846 4674 2024 4728 frater

372 4775 525 4846 ejus,
560 4777 617 4828 et
647 4767 961 4828 suscitabit
1003 4781 1204 4822 semen
1237 4763 1432 4818 fratris
1463 4762 1552 4817 sui
1581 4779 1593 4829 ;
1628 4767 1685 4817 et
1730 4762 2020 4833 primoge-

374 4863 562 4919 nitum
597 4877 666 4916 ex
695 4877 762 4916 ea
793 4858 976 4913 filium
1003 4854 1240 4912 nomine
1271 4851 1430 4907 illius
1462 4849 1869 4923 appellabit,ut
1904 4867 2018 4907 non

371 4953 639 5008 deleatur
689 4965 900 5004 nomen
951 4947 1081 5017 ejus
1149 4940 1350 4998 Israel.
1405 4940 1490 5008 (C.
1559 4938 1870 5011 CXXXIV.)
1915 4940 2017 4995 Sin

375 5047 571 5098 autem
606 5038 858 5095 noluerit
907 5035 1166 5106 accipere
1213 5047 1450 5087 uxorem
1500 5027 1697 5084 fratris
1744 5028 1858 5096 sui,
1893 5046 2016 5099 qua:

365 5132 418 5188 ei
456 5131 582 5202 lege
613 5129 879 5194 debetur,
914 5128 1112 5198 perget
1139 5121 1351 5177 mulier
1381 5119 1453 5175 ad
1486 5124 1706 5190 portam
1741 5117 2014 5187 civitatis,

365 5226 422 5276 et
453 5217 854 5291 iutcrpellabit
880 5215 1131 5284 majores
1171 5214 1334 5278 natu,
1387 5207 1657 5279 dicetque
1690 5222 1702 5261 :
1737 5206 1860 5262 Non
1893 5205 2016 5262 vult

367 5312 550 5366 frater
599 5307 706 5363 viri
762 5305 877 5362 mei
934 5301 1222 5360 suscitare
1285 5313 1494 5354 nomen
1551 5295 1746 5351 fratris
1802 5295 1895 5352 sui
1952 5296 2012 5351 in

371 5398 594 5456 Israel:
630 5413 735 5453 nec
770 5411 860 5450 me
904 5393 964 5448 in
1013 5391 1323 5460 conjugem
1373 5401 1628 5441 sumere.
1682 5385 2013 5456 Statimque

361 5487 631 5544 accersiri
665 5502 799 5542 eum
831 5482 1064 5550 facient,
1093 5483 1149 5534 et
1177 5474 1645 5546 interrogabunt.
1674 5473 1731 5529 Si
1765 5491 2012 5546 respon-

358 5577 509 5633 derit
541 5593 555 5632 :
589 5575 734 5633 Nolo
763 5589 894 5631 eam
928 5584 1163 5627 uxorem
1189 5564 1450 5637 accipere
1483 5579 1498 5620 :
1532 5563 1768 5618 accedet
1800 5563 2012 5622 mulier

362 5666 445 5741 (b.
497 5668 746 5738 cognata
793 5661 940 5737 ejus)
991 5659 1063 5718 ad
1113 5672 1248 5715 eum
1301 5669 1498 5712 coram
1548 5651 1902 5728 senioribus,
1951 5657 2010 5712 et

2132 4675 2231 4748 qui
2249 4675 2548 4732 exaudivit
2573 4681 2769 4745 nos,et
2793 4676 3049 4748 respexit
3070 4676 3462 4732 humilitatem
3488 4681 3780 4748 nostram,

2131 4771 2188 4820 et
2231 4763 2515 4832 laborem,
2568 4769 2742 4836 atque
2790 4765 3166 4836 angustiam;
3204 4769 3261 4822 et
3307 4766 3506 4821 eduxit
3554 4782 3662 4821 nos
3705 4766 3782 4822 de

2132 4854 2372 4925 {Egypto
2404 4855 2461 4908 in
2495 4870 2674 4908 manu
2730 4852 2882 4920 forti,
2933 4858 2990 4908 et
3026 4854 3264 4910 bracbio
3312 4859 3564 4919 extento,
3598 4854 3656 4908 in
3688 4852 3781 4909 in-

2127 4943 2286 5016 genti
2319 4959 2546 5015 pavore,
2587 4942 2649 4998 in
2698 4943 2884 5014 signis
2933 4947 3107 5014 atque
3157 4943 3480 5016 portentis;
3514 4948 3571 4999 et
3599 4943 3785 4999 intro-

2127 5032 2293 5086 duxit
2321 5032 2392 5086 ad
2413 5029 2605 5086 locum
2629 5031 2810 5087 istum
2834 5035 2889 5086 et
2909 5031 3152 5087 tradidit
3183 5031 3351 5087 nobis
3383 5037 3600 5088 terram
3624 5030 3783 5086 hanc

2128 5120 2276 5176 lacte
2307 5128 2363 5175 et
2393 5119 2564 5175 melle
2614 5124 2976 5175 manantem.
3023 5119 3090 5175 Et
3129 5120 3345 5176 idcirco
3393 5137 3550 5176 nunc
3597 5119 3781 5176 offero

2127 5209 2418 5282 primitias
2450 5209 2684 5280 frugum
2715 5214 3088 5280 terrae,quam
3120 5209 3407 5265 Dominus
3428 5207 3778 5266 deditmihi.

2126 5301 2193 5355 Et
2222 5299 2484 5354 dimittes
2531 5314 2630 5354 eas
2682 5297 2742 5353 in
2787 5303 3105 5371 conspectu
3146 5297 3383 5356 Domini
3417 5299 3515 5354 Dei
3546 5297 3634 5353 tui
3670 5318 3685 5365 ;
3719 5302 3780 5353 et

2124 5388 2365 5443 adorato
2397 5386 2642 5442 Domino
2685 5385 2802 5443 Deo
2834 5391 2958 5455 tuo,
3007 5387 3340 5459 epulaberis
3388 5386 3448 5442 in
3495 5385 3778 5442 omnibus

2123 5476 2313 5544 bonis,
2343 5492 2469 5548 qua:
2500 5475 2788 5532 Dominus
2820 5480 2972 5532 Deus
3005 5481 3144 5533 tuus
3166 5475 3394 5533 dederit
3421 5476 3551 5545 tibi,
3582 5479 3640 5531 et
3671 5477 3779 5532 do-

2121 5565 2244 5620 mui
2280 5571 2415 5634 tute,
2449 5569 2511 5620 tu
2543 5569 2599 5620 et
2629 5564 2876 5632 Levites,
2921 5569 2979 5621 et
3024 5565 3250 5622 advena
3297 5566 3398 5638 qui
3433 5571 3630 5622 tecum
3662 5567 3775 5621 est.

2119 5655 2362 5722 Quando
2409 5655 2792 5730 compleveris
2829 5657 3121 5714 decimam
3151 5662 3500 5714 cunctarum
3531 5658 3775 5734 frugum
