4068 6172
296 321 409 376 489

1603 318 1814 379 LIBER
1853 321 2419 379 DEUTERONOMII.

3613 326 3719 381 490

298 453 568 518 tuarum,
596 465 750 505 anno
788 448 1151 506 decimarum
1180 449 1377 521 tertio,
1431 448 1600 505 dabis
1632 448 1860 516 Levites,
1893 452 1950 503 et
1979 450 2034 515 Α
2064 448 2206 503 min.
2242 449 2311 505 Et
2341 466 2372 504 e
2402 449 2639 521 regione
2670 449 2765 505 isti
2789 450 3030 505 stabunt
3053 450 3123 505 ad
3160 450 3629 506 maledicendum
3655 454 3714 508 in

300 538 564 606 advenae,
606 542 665 594 et
713 537 938 611 pupillo
990 541 1046 594 et
1092 537 1306 606 viduae,
1339 540 1402 593 ut
1453 537 1762 593 comedent
1805 536 1961 591 intra

301 632 508 699 portas
537 632 693 695 tuas,
723 631 781 683 et
812 632 1190 684 saturentur:
1224 626 1603 698 loquerisque
1628 626 1688 682 in
1716 641 1960 696 conspe-

300 718 399 772 ctu
430 715 671 772 Domini
692 715 792 771 Dei
824 716 948 771 tui:
979 714 1214 771 Abstuli
1235 715 1391 787 quod
1414 714 1849 771 sanctificatum
1872 716 1961 769 est

301 804 374 860 de
401 805 580 860 domo
611 820 761 875 mea,
794 810 853 860 et
883 805 1014 861 dedi
1046 804 1192 859 illud
1227 804 1430 859 Levita!
1480 809 1537 860 et
1585 804 1837 871 advenae,
1860 819 1962 874 pu-

302 893 451 964 pillo
481 910 550 950 ac
580 893 794 964 viduae,
848 893 1002 951 sicut
1039 893 1276 965 jussisti
1308 892 1490 962 mihi;
1526 909 1642 949 non
1675 891 1961 964 presterivi

303 984 593 1039 mandata
621 986 749 1051 tua,
796 999 901 1040 nec
930 998 1063 1040 sum
1096 982 1314 1039 oblitus
1351 983 1582 1055 imperii
1614 982 1793 1053 [Vulg.
1826 980 1957 1036 add.

298 1072 435 1142 tui].
472 1072 596 1129 Non
630 1073 859 1130 comedi
891 1089 959 1129 ex
983 1072 1077 1128 his
1103 1070 1165 1127 in
1197 1070 1359 1129 luctu
1392 1087 1545 1139 meo,
1586 1088 1691 1127 nec
1722 1086 1960 1142 separa-

300 1161 355 1215 vi
387 1177 457 1217 ea
485 1162 545 1218 in
578 1162 839 1233 qualibet
885 1161 1285 1231 immunditia,
1334 1178 1440 1219 nec
1484 1160 1729 1232 expendi
1759 1177 1828 1216 ex
1866 1160 1960 1216 his

298 1251 631 1323 quidquam
664 1252 724 1307 in
757 1268 815 1308 re
867 1250 1117 1307 funebri.
1150 1250 1390 1307 Obedivi
1439 1251 1563 1307 voci
1598 1249 1829 1306 Domini
1856 1249 1957 1306 Dei

300 1339 443 1409 mei,
475 1343 534 1396 et
580 1340 687 1397 feci
720 1340 921 1397 omnia
965 1341 1119 1397 sicut
1147 1338 1474 1412 pracepisti
1505 1339 1673 1396 mihi.
1718 1339 1959 1411 Respice

299 1430 373 1485 de
416 1431 756 1487 sanctuario
785 1434 911 1496 tuo,
957 1435 1014 1486 et
1043 1430 1115 1485 de
1144 1429 1370 1486 excelso
1400 1429 1679 1485 caelorum
1728 1428 1957 1483 habita-

299 1516 458 1584 culo,
494 1523 553 1574 et
594 1519 839 1575 benedic
866 1518 1081 1591 populo
1111 1522 1213 1575 tuo
1263 1517 1462 1590 Israel,
1495 1522 1552 1574 et
1580 1521 1745 1573 terra
1776 1531 1957 1588 quam

298 1607 524 1663 dedisti
566 1609 755 1678 nobis,
792 1608 944 1664 sicut
963 1608 1177 1678 jurasti
1222 1607 1490 1678 patribus
1522 1605 1760 1676 nostris,
1793 1610 1957 1661 terrea

294 1695 455 1751 lacte
484 1700 543 1752 et
572 1695 746 1752 melle
788 1698 1073 1753 mananti.
1104 1696 1289 1752 Hodie
1318 1695 1603 1751 Dominus
1636 1700 1787 1750 Deus
1816 1700 1955 1749 tuus

298 1786 581 1856 precepit
609 1784 739 1855 tibi,
766 1790 832 1841 ut
853 1786 1034 1841 facias
1061 1785 1340 1841 mandata
1359 1785 1482 1840 haec
1510 1788 1686 1855 atque
1707 1783 1955 1853 judicia;

297 1880 360 1929 et
390 1873 692 1931 custodias
737 1881 794 1929 et
845 1874 1090 1945 impleas
1120 1889 1190 1929 ex
1245 1878 1365 1931 toto
1413 1874 1584 1929 corde
1615 1877 1734 1938 tuo,
1780 1876 1839 1927 et
1887 1888 1955 1927 ex

295 1968 424 2019 tota
455 1962 654 2018 anima
682 1966 805 2019 tua.
850 1963 937 2034 [Β.
983 1963 1210 2035 CXXX]
1243 1962 1552 2018 Dominum
1583 1961 1812 2034 elegisti
1848 1961 1956 2016 ho-

296 2052 416 2119 die,
449 2056 516 2107 ut
545 2052 624 2108 sit
671 2053 778 2108 tibi
827 2058 1005 2123 Deus,
1056 2057 1112 2108 et
1143 2053 1410 2109 ambules
1450 2054 1507 2107 in
1539 2052 1651 2108 viis
1698 2053 1848 2124 ejus,
1897 2055 1955 2107 et

295 2142 603 2198 custodias
635 2142 1010 2198 caeremonias
1040 2141 1221 2209 illius,
1255 2146 1312 2198 et
1351 2143 1626 2197 mandata
1656 2145 1831 2213 atque
1854 2141 1953 2213 ju-

294 2231 475 2299 dicia,
508 2235 567 2287 et
595 2230 834 2288 obedias
865 2232 993 2303 ejus
1023 2231 1291 2303 imperio.
1348 2232 1414 2288 Et
1458 2232 1747 2288 Dominus
1778 2230 1955 2304 elegit

294 2324 353 2375 te
386 2320 588 2388 hodie,
618 2324 683 2375 ut
709 2319 791 2375 sis
822 2321 873 2376 ei
904 2318 1154 2393 pepulus
1184 2319 1517 2391 peculiaris,
1540 2320 1692 2375 sicut
1722 2319 1954 2375 locutus

296 2414 389 2464 est
444 2408 571 2476 tibi,
620 2412 676 2465 et
732 2409 1031 2465 custodias
1085 2408 1286 2465 omnia
1333 2412 1622 2481 praecepta
1676 2409 1840 2479 ejus;
1896 2412 1955 2463 et

294 2497 481 2553 faciat
508 2502 569 2552 te
596 2496 968 2554 excelsiorem
1001 2497 1229 2553 cunctis
1260 2497 1536 2569 gentibus
1566 2513 1713 2569 quas
1739 2496 1955 2552 creavit

294 2585 359 2640 in
393 2584 658 2656 laudem,
689 2589 746 2642 et
780 2602 1016 2652 nomen,
1047 2590 1105 2641 et
1129 2585 1378 2658 gloriam
1407 2602 1566 2642 suam
1598 2585 1675 2653 [b.
1710 2602 1824 2640 non
1858 2585 1955 2640 ha-

294 2675 464 2747 bet];
516 2680 576 2730 et
618 2680 684 2730 ut
735 2675 818 2732 sis
866 2675 1118 2747 populus
1165 2681 1408 2731 sanctus
1450 2674 1682 2732 Domini
1712 2676 1813 2730 Dei
1845 2674 1953 2743 tui,

294 2764 458 2819 sicut
486 2763 721 2820 locutus
752 2768 862 2821 est.
906 2764 1184 2835 Praecepit
1213 2768 1410 2821 autem
1456 2770 1647 2821 Moses
1678 2768 1734 2819 et
1763 2764 1954 2820 senio-

293 2870 393 2909 res
425 2852 607 2909 Israel
640 2854 876 2926 populo,
927 2853 1223 2911 dicentes:
1256 2854 1557 2911 Custodite
1587 2869 1759 2909 omne
1788 2869 1953 2909 man-

295 2942 509 2997 datum
542 2942 697 3012 quod
729 2941 999 3013 praecipio
1030 2941 1197 2998 vobis
1227 2942 1420 2997 hodie.

371 3042 464 3114 [T.
499 3041 625 3108 XV,
652 3042 716 3097 B.
741 3040 991 3107 CXXXI,
1025 3040 1156 3113 Cap.
1187 3041 1432 3111 XXVII.]
1466 3042 1729 3112 Cumque
1760 3044 1957 3097 trans-

294 3131 492 3186 ieritis
534 3129 851 3187 Jordanem
885 3130 943 3186 in
976 3135 1213 3199 terram,
1248 3147 1425 3202 quam
1464 3131 1752 3187 Dominus
1801 3130 1953 3187 Deus

295 3225 443 3275 tuus
474 3219 641 3275 dabit
690 3220 821 3288 tibi,
872 3218 1060 3291 erigas
1096 3218 1364 3291 ingentes
1412 3218 1659 3291 lapides,
1692 3223 1750 3275 et
1798 3219 1953 3275 calce

290 3307 596 3380 levigahis
629 3324 749 3375 eos,
780 3312 847 3364 ut
874 3308 1069 3380 possis
1097 3308 1156 3362 in
1188 3308 1274 3364 eis
1304 3308 1527 3364 scibere
1557 3307 1753 3363 omnia
1781 3309 1955 3364 verba

290 3397 445 3470 legis
470 3397 650 3466 hujus
676 3397 758 3467 [b.
792 3402 851 3452 et
880 3395 1101 3453 scribes
1156 3413 1335 3469 super
1380 3413 1479 3454 eos
1536 3397 1735 3453 omnia
1779 3397 1954 3454 verba

287 3487 443 3559 legis
470 3486 697 3558 hujus],
730 3486 985 3541 Jordane
1014 3486 1399 3542 transmisso:
1456 3491 1523 3542 ut
1553 3486 1808 3543 introeas
1839 3492 1954 3542 ter-

294 3592 450 3645 ram,
484 3591 665 3648 quam
696 3574 981 3631 Dominus
1010 3580 1166 3631 Deus
1196 3580 1337 3631 tuus
1368 3575 1548 3645 dabit,
1600 3575 1704 3631 tibi
1739 3578 1953 3632 terram

294 3664 449 3719 lacte
479 3669 543 3720 et
592 3663 766 3720 melle
816 3668 1175 3733 manantem,
1226 3664 1379 3721 sicut
1418 3664 1641 3736 juravit
1688 3665 1955 3737 patribus

301 3754 444 3811 tuis.
496 3753 745 3821 Quando
792 3769 928 3825 ergo
977 3753 1331 3810 transieritis
1376 3754 1717 3820 Jordanem,
1750 3753 1955 3825 erigite

303 3843 551 3916 lapides,
598 3859 749 3915 quos
777 3859 883 3915 ego
926 3843 1098 3899 hodie
1130 3842 1396 3915 pracipio
1429 3843 1612 3911 vobis,
1664 3843 1724 3898 in
1755 3846 1954 3899 monte

304 3931 508 3999 Hebal,
562 3936 618 3986 et
666 3930 963 4003 levigabis
1020 3948 1118 3987 eos
1178 3931 1352 4002 calce,
1404 3936 1460 3987 et
1508 3932 1822 3987 zediﬁcabis
1870 3931 1951 3986 lbi

304 4019 487 4074 altare
517 4018 769 4074 Domino
797 4023 916 4074 Deo
947 4023 1068 4087 tuo,
1102 4020 1174 4074 de
1201 4018 1499 4090 lapidibus
1550 4035 1698 4089 quos
1728 4018 1951 4074 ferrum

305 4124 419 4163 non
454 4106 670 4179 tetigit,
703 4114 757 4163 et
779 4108 849 4163 de
880 4107 1037 4164 saxis
1068 4108 1423 4164 informibus
1466 4112 1523 4163 et
1553 4106 1863 4179 impolitis,
1897 4109 1955 4162 et

2073 542 2269 593 monte
2300 538 2514 593 Hebal:
2552 538 2777 603 Ruben,
2812 538 2954 605 Gad,
2989 544 3046 593 et
3072 543 3235 609 Aser,
3260 538 3539 607 Zabulon,
3566 541 3715 609 Dan,

2070 630 2129 681 et
2180 626 2473 698 Nephtali.
2530 629 2607 699 [C.
2655 627 2863 697 CXLI.]
2916 628 2984 682 Et
3032 629 3497 698 pronuntiabunt
3552 630 3713 684 Levi-

2071 720 2162 781 ιω,
2195 716 2504 784 dicentque
2537 717 2607 772 ad
2641 733 2846 773 omnes
2876 717 3028 772 viros
3060 716 3235 771 Israel
3281 716 3507 773 excelsa
3538 734 3712 773 voce:

2073 804 2152 875 [Β.
2187 804 2483 877 CXXXII.]
2541 805 2878 861 Maledictus
2909 805 3085 861 homo
3139 805 3242 877 qui
3274 806 3413 862 facit
3442 806 3716 877 sculptile

2068 898 2123 949 et
2137 893 2450 958 conﬂatilc,
2471 894 2969 950 abominationem
2992 894 3247 964 Domini,
3266 911 3414 968 opus
3427 912 3712 951 manuum

2069 983 2387 1046 artiﬁcum,
2410 987 2701 1054 ponetque
2732 982 2877 1037 illud
2900 984 2959 1038 in
2984 982 3345 1039 abscondito.
3382 984 3447 1039 Et
3468 1000 3715 1057 respon-

2068 1071 2229 1127 debit
2258 1073 2449 1127 omnis
2483 1072 2758 1144 populus,
2788 1077 2846 1128 et
2876 1073 3066 1129 dicet:
3117 1075 3328 1130 Amen.
3371 1073 3714 1129 Maledictus

2068 1160 2168 1232 qui
2200 1177 2313 1215 non
2350 1160 2688 1217 honorifica!
2736 1166 2961 1232 patrem
2995 1178 3193 1230 suum,
3240 1167 3296 1218 et
3344 1167 3613 1218 matrem.
3644 1163 3717 1218 Et

2067 1250 2219 1305 dicet
2246 1249 2438 1306 omnis
2470 1251 2758 1321 populus:
2790 1252 2995 1306 Amen.
3030 1250 3372 1308 Maledictus
3396 1252 3497 1322 qui
3528 1256 3718 1307 trans-

2068 1338 2177 1393 fert
2205 1339 2487 1395 terminos
2519 1340 2766 1412 proximi
2798 1340 2911 1396 sui.
2947 1340 3010 1395 Et
3041 1341 3195 1396 dicet
3215 1342 3409 1397 omnis
3440 1341 3711 1413 populus:

2066 1429 2265 1483 Amen.
2294 1427 2639 1486 Maledictus
2660 1430 2759 1503 qui
2787 1446 2980 1486 errare
3004 1429 3141 1486 facit
3162 1446 3379 1487 caacum
3400 1430 3458 1486 in
3484 1430 3712 1488 itinere.

2068 1517 2135 1571 Et
2181 1517 2336 1573 dicet
2375 1518 2566 1574 omnis
2618 1518 2905 1592 populus:
2959 1525 3162 1576 Amen.
3222 1519 3566 1576 Maledictus
3614 1520 3715 1592 qui

2067 1606 2340 1677 pervertit
2374 1608 2665 1677 judicium
2722 1610 2977 1679 advenas,
3038 1609 3247 1681 pupilli
3286 1613 3343 1665 et
3385 1609 3601 1667 viduas.
3644 1609 3714 1664 Et

2066 1696 2220 1751 dicet
2288 1697 2483 1753 omnis
2540 1696 2841 1769 populus:
2900 1700 3107 1754 Amen.
3189 1699 3535 1755 Maledictus
3610 1698 3713 1771 qui

2067 1784 2283 1841 dormit
2329 1800 2461 1841 cum
2514 1803 2693 1842 uxore
2752 1787 2936 1859 patris
2983 1787 3101 1854 sui,
3151 1792 3209 1844 et
3255 1787 3473 1844 revelat
3520 1788 3711 1860 operi-

2065 1878 2320 1930 mentum
2370 1874 2569 1930 lectuli
2621 1876 2768 1946 ejus.
2826 1877 2895 1932 Et
2950 1877 3103 1932 dicet
3160 1877 3353 1933 omnis
3404 1879 3708 1950 populus:

2067 1968 2273 2019 Amen.
2312 1963 2655 2021 Maledictus
2687 1965 2785 2036 qui
2818 1967 3036 2021 dormit
3065 1982 3200 2023 cum
3230 1968 3388 2024 omni
3411 1968 3706 2038 jumento.

2064 2053 2132 2108 Et
2180 2052 2333 2108 dicet
2387 2053 2580 2109 omnis
2612 2054 2905 2126 populus:
2957 2058 3161 2111 Amen.
3220 2055 3561 2112 Maledictus
3606 2057 3716 2127 qui

2064 2143 2283 2198 dormit
2310 2158 2447 2197 eum
2478 2159 2675 2198 sorore
2707 2160 2836 2212 sua,
2869 2143 2989 2199 ﬁlia
3019 2145 3203 2216 patris
3239 2145 3354 2214 sui,
3382 2144 3469 2201 vel
3501 2144 3710 2200 matris

2062 2248 2206 2289 suae.
2247 2232 2315 2285 Et
2343 2231 2497 2287 dicet
2533 2232 2725 2287 omnis
2759 2233 3055 2305 populus:
3103 2240 3317 2291 Amen.
3368 2233 3714 2289 Maledictus

2062 2321 2161 2390 (qui
2194 2320 2408 2375 dormit
2439 2337 2571 2376 cum
2604 2336 2772 2376 socru
2805 2338 2912 2377 sua
2941 2322 3022 2394 [b.
3072 2338 3207 2377 eum
3256 2338 3451 2389 socru,
3482 2324 3581 2379 hoc
3610 2325 3713 2391 est,

2061 2414 2307 2480 cognata
2363 2410 2515 2479 sua].
2577 2410 2648 2464 Et
2695 2410 2845 2466 dicet
2912 2410 3104 2467 omnis
3163 2411 3451 2484 populus:
3502 2414 3713 2468 Amen.

2062 2499 2408 2556 Maledictus
2439 2499 2539 2570 qui
2575 2499 2725 2555 clam
2760 2502 3115 2573 percusserit
3142 2503 3478 2574 proximum
3512 2519 3712 2560 suum.

2064 2589 2128 2642 Et
2160 2587 2315 2643 dicet
2344 2588 2537 2643 omnis
2570 2589 2855 2660 populus:
2890 2591 3101 2646 Amen.
3131 2592 3474 2648 Maledictus
3495 2592 3594 2663 qui
3620 2608 3716 2647 ac-

2063 2677 2205 2749 cipit
2240 2693 2504 2745 munera,
2528 2683 2595 2733 ut
2625 2678 2913 2749 percutiat
2934 2680 3193 2735 animam
3216 2681 3522 2753 sanguinis
3545 2680 3716 2735 inno-

2062 2765 2270 2822 centis.
2302 2769 2368 2819 Et
2397 2766 2550 2821 dicet
2580 2766 2773 2822 omnis
2814 2768 3101 2839 populus:
3135 2770 3339 2824 Amen.
3369 2767 3716 2824 Maledictus

2065 2854 2166 2927 qui
2184 2872 2299 2910 non
2321 2860 2624 2927 permanet
2638 2855 2695 2911 in
2710 2856 3085 2912 sermonibus
3104 2856 3251 2929 legis
3266 2857 3472 2928 hujus,
3494 2872 3601 2912 nec
3614 2872 3716 2913 eos

2063 2961 2236 3016 Opere
2264 2944 2510 3015 perﬁcit.
2546 2948 2613 2999 Et
2643 2944 2796 3000 dicet
2827 2948 3021 3001 omnis
3052 2946 3343 3017 populus:
3377 2947 3558 3002 Amen
3584 2947 3623 2999 ².

2138 3034 2221 3106 [Β.
2255 3034 2558 3097 CXXXIII,
2590 3034 2649 3089 Ο.
2682 3036 2901 3099 CXLII,
2949 3034 3080 3106 Cap.
3114 3035 3383 3106 XXVIII.]
3427 3035 3488 3091 Si
3520 3039 3717 3090 autem

2063 3123 2322 3179 audieris
2337 3138 2537 3178 vocem
2558 3122 2786 3178 Domini
2803 3124 2903 3179 Dei
2921 3125 3032 3191 tui,
3057 3129 3121 3181 ut
3138 3125 3319 3180 facias
3333 3128 3507 3197 atque
3523 3127 3718 3179 custo-

1983 3193 2028 3261 C
2066 3211 2194 3267 dias
2215 3210 2413 3267 omnia
2436 3212 2712 3267 mandata
2736 3211 2886 3283 ejus,
2911 3227 3033 3283 qua)
3058 3228 3163 3285 ego
3186 3193 3454 3285 praecipio
3476 3212 3583 3268 tibi
3608 3212 3719 3268 ho-

2062 3299 2176 3369 die,
2201 3300 2370 3354 faciet
2386 3304 2441 3355 te
2459 3299 2738 3356 Dominus
2760 3300 2915 3356 Deus
2934 3306 3075 3357 tuus
3093 3301 3471 3357 excelsiorem
3491 3300 3719 3357 cunctis

2060 3389 2355 3461 gentibus,
2388 3405 2515 3459 quas
2546 3393 2852 3444 versantur
2880 3390 2939 3445 in
2969 3391 3514 3462 terra.Venientque
3542 3405 3722 3462 super

2060 3482 2117 3532 te
2149 3477 2433 3532 universas
2466 3477 2905 3534 benedictiones
2926 3478 3072 3544 istae,
3096 3484 3153 3534 et
3176 3480 3617 3552 apprehendent
3639 3482 3716 3533 te:

2063 3567 2111 3623 si
2129 3572 2322 3623 tamen
2338 3573 2625 3639 praecepta
2638 3569 2686 3639 ej
2699 3586 2767 3624 us
2783 3570 3423 3627 audieris.Bsnedictus
3438 3576 3499 3625 tu
3516 3570 3573 3624 in
3590 3567 3725 3625 civi-

2064 3661 2202 3725 tate,
2230 3657 2573 3712 benedictus
2597 3657 2653 3711 in
2679 3674 2839 3729 agro.
2873 3658 3226 3715 Benedictus
3252 3661 3479 3715 fructus
3500 3658 3722 3714 ventris

2062 3747 2233 3816 tui,et
2250 3748 2472 3801 fructus
2485 3750 2653 3800 terra:
2668 3751 2799 3814 tuae,
2818 3747 3007 3802 fructu
3018 3749 3582 3819 squejumentorum
3596 3750 3726 3801 tuo-

2061 3849 2428 3906 rum,greges
2442 3839 2841 3890 armentorum
2858 3841 3090 3891 tuorum
3102 3841 3179 3904 ,et
3195 3835 3373 3892 caulae
3387 3836 3582 3892 ovium
3596 3838 3655 3889 tu
3665 3851 3723 3900 a,

2061 3922 2533 3980 rum.Benedicta
2550 3922 2759 3978 horrea
2771 3927 2960 3995 tua,et
2976 3924 3293 3979 benedictae
3309 3923 3724 3995 reliquiaetuaa.

2061 4012 2413 4069 Benedictus
2439 4012 2556 4067 eris
2585 4011 2998 4085 etingrediens
3024 4017 3081 4069 et
3097 4013 3723 4085 egrediens.DabitDo-

2064 4102 2261 4157 minus
2292 4100 2562 4155 inimicos
2588 4105 2743 4167 tuos,
2769 4101 2865 4173 qui
2902 4106 3271 4173 consurgunt
3303 4102 3615 4157 adversum
3645 4104 3725 4171 te,

306 4198 513 4253 offeres
564 4211 743 4269 super
781 4213 848 4251 eo
891 4195 1233 4252 holocausta
1276 4197 1525 4252 Domino
1573 4201 1691 4252 Deo
1722 4204 1841 4265 tuo,
1900 4199 1960 4251 et
2064 4190 2481 4248 corruentesin
2506 4193 2825 4260 conspectu
2848 4194 2970 4246 tuo:
2998 4208 3100 4263 per
3127 4190 3473 4247 unamviam
3492 4190 3728 4247 venient

306 4285 644 4342 immolabis
695 4285 922 4340 hostias
979 4285 1275 4358 paciﬁcus,
1329 4285 1712 4356 comedesque
1754 4284 1856 4352 ibi,
1906 4287 1964 4339 et
2070 4283 2273 4335 contra
2294 4282 2371 4348 te,
2396 4282 2452 4333 et
2484 4294 2583 4350 per
2614 4282 2837 4350 septem
2873 4280 3097 4351 fugient
3128 4297 3161 4335 a
3191 4280 3337 4336 facie
3368 4284 3496 4335 tua.
3518 4279 3731 4335 Emitte

311 4374 650 4448 epulaberis
678 4390 875 4430 coram
908 4374 1154 4430 Domino
1187 4379 1300 4430 Deo
1334 4377 1452 4430 tuo.
1506 4374 1574 4428 Et
1602 4373 1825 4431 scribes
1859 4390 1965 4428 su-
2075 4368 2361 4425 Dominus
2379 4367 2847 4423 benedictionem
2874 4385 3052 4441 super
3068 4368 3306 4426 cellaria
3328 4372 3452 4440 tua,
3478 4373 3535 4425 et
3556 4385 3733 4439 super

314 4480 417 4536 per
467 4461 696 4534 lapides
726 4463 923 4517 omnia
949 4463 1127 4518 verba
1173 4462 1319 4534 legis
1366 4462 1547 4535 hujus
1582 4462 1753 4535 plane
1791 4467 1849 4518 et
1878 4461 1968 4517 lu-
2077 4456 2277 4514 omnia
2315 4473 2491 4529 opera
2522 4473 2806 4512 manuum
2860 4462 3096 4514 tuarum
3128 4458 3204 4529 [ἡ.
3239 4463 3297 4514 et
3328 4475 3509 4530 super
3536 4458 3736 4514 omnia

310 4553 465 4609 cide.
516 4551 602 4623 [C.
636 4551 962 4619 CXXXIX]
1019 4552 1413 4623 Dixeruntque
1462 4557 1651 4608 Moses
1683 4554 1739 4607 et
1778 4567 1969 4607 sacer-
2003 4568 2052 4633 Ι)
2083 4548 2155 4603 ad
2178 4563 2308 4617 quae
2337 4562 2577 4601 manum
2600 4546 2856 4618 miseris]
2884 4549 3343 4620 :benedicetque
3370 4548 3475 4603 tibi
3499 4548 3557 4603 in
3580 4552 3739 4603 terra

308 4644 484 4699 dotes
506 4640 744 4696 Levitici
767 4641 998 4713 generis
1019 4642 1091 4697 ad
1120 4656 1354 4697 omnem
1380 4640 1677 4697 Israelem:
1705 4640 1973 4709 Attende,
2086 4651 2264 4707 quam
2298 4636 2611 4705 acceperis.
2638 4635 2960 4692 Suscitabit
2988 4640 3044 4693 te
3073 4636 3359 4692 Dominus
3396 4636 3508 4692 sibi
3540 4636 3597 4691 in
3633 4653 3741 4709 po-

311 4736 367 4787 et
425 4728 589 4798 audi,
632 4728 852 4785 Israel:
904 4729 1077 4786 hodie
1131 4730 1324 4787 factus
1353 4747 1416 4787 es
1457 4729 1711 4803 populus
1741 4729 1974 4797 Domini
2088 4723 2291 4797 pulum
2325 4729 2617 4795 sanctum,
2666 4726 2821 4781 sicut
2860 4726 3081 4796 juravit
3111 4727 3260 4782 tibi:
3312 4726 3360 4782 si
3392 4726 3745 4782 custodieris

311 4819 421 4876 Dei
449 4818 536 4872 tui
565 4836 578 4873 :
611 4817 819 4875 audies
840 4835 1037 4875 vocem
1061 4820 1189 4890 ejus
1211 4824 1268 4875 et
1298 4819 1475 4875 facies
1504 4820 1784 4875 mandata
1802 4823 1978 4889 atque
2088 4814 2368 4869 mandata
2382 4812 2611 4868 Domini
2641 4814 2732 4869 Dei
2758 4814 2863 4882 tui,
2888 4822 2940 4870 et
2964 4815 3361 4872 ambulaveris
3384 4815 3441 4871 in
3462 4815 3573 4871 viis
3593 4816 3749 4886 erS.

305 4907 605 4979 jnstitias,
637 4922 785 4978 quas
830 4922 937 4978 ego
967 4907 1236 4979 praecipio
1279 4908 1387 4963 tibi
1436 4908 1610 4963 hodie
1642 4908 1836 4980 [ναις.
1870 4912 1976 4962 tac.
2087 4902 2503 4973 Videbuntque
2533 4919 2737 4959 omnes
2775 4908 3063 4960 terrarum
3094 4906 3293 4977 populi
3346 4906 3501 4976 quod
3536 4921 3747 4961 nomen

316 4996 541 5067 hodie].
598 4996 679 5067 [C.
731 4996 917 5067 CXL]
974 4996 1368 5068 Precepitqus
1414 4998 1606 5053 Moses
1664 4996 1878 5068 populo
1919 4996 1978 5051 in
2091 4989 2676 5047 Dominiinvocatum
2698 4993 2773 5048 sit
2794 4998 3137 5065 superte,et
3159 4993 3752 5050 timebuntte.Abun-

318 5085 418 5140 die
451 5084 575 5151 illo,
610 5084 850 5140 dicens:
901 5084 972 5139 Hi
1005 5085 1250 5141 stabunt
1280 5087 1353 5142 ad
1383 5085 1845 5141 benedicendum
1878 5100 1981 5157 po-
2094 5080 2233 5135 dare
2265 5083 2319 5135 te
2344 5079 2511 5134 faciet
2541 5080 2829 5137 Dominus
2852 5083 3131 5139 omnibus
3154 5084 3348 5152 bonis,
3380 5083 3575 5137 fructu
3600 5080 3747 5137 uteri

321 5175 466 5247 pulo
499 5190 681 5244 super
710 5177 967 5229 montem
1002 5174 1272 5243 Garizim,
1306 5175 1561 5230 Jordane
1590 5175 1940 5230 transmisso
1966 5189 1981 5229 :
2092 5169 2200 5239 tui,
2225 5174 2283 5224 et
2304 5168 3191 5239 fructujumentorumtuorum,
3215 5174 3407 5228 fructu
3423 5175 3586 5226 terrae
3604 5174 3752 5225 tuae-

319 5265 583 5333 Simeon,
618 5261 776 5334 Levi,
823 5262 1030 5335 Judas,
1084 5263 1369 5335 Issachar,
1417 5263 1660 5337 Joseph,
1693 5268 1751 5320 et
1780 5264 1983 5335 Benja-
2097 5274 2276 5327 quam
2301 5258 2525 5329 juravit
2553 5259 2842 5319 Dominus
2872 5262 3143 5334 patribus
3174 5263 3313 5331 tuis,
3346 5265 3411 5318 ut
3440 5262 3603 5316 daret
3624 5258 3754 5315 tibi.

2103 5434 2403 5492 curiosus.
2438 5436 2627 5493 MART.

2174 5536 2242 5547 -—
2277 5507 2646 5564 Recolendus
2679 5510 2867 5565 denuo
2918 5514 3007 5566 est
3034 5514 3089 5564 S.
3124 5513 3293 5566 Pater
3323 5509 3647 5564 Comment.
3698 5511 3759 5565 in

2103 5577 2286 5651 Epist.
2319 5580 2391 5636 ad
2440 5580 2628 5637 Galat.
2671 5597 2799 5654 cap.
2833 5599 2917 5652 ιιι,
2965 5583 3121 5655 quod
3151 5585 3208 5638 et
3252 5580 3524 5637 Martian.
3562 5580 3758 5653 jubet,

402 5443 421 5475 ¹
456 5442 532 5497 De
561 5440 929 5497 variantibus
950 5440 1124 5511 hujus
1151 5437 1425 5496 versiculi
1456 5438 1808 5511 lectionibus
1831 5436 1988 5510 apud

334 5514 630 5583 Hebraeos,
679 5510 1104 5583 Samaritanus,
1150 5528 1216 5568 ac
1273 5510 1501 5567 Graecos
1555 5511 1682 5583 fuse
1732 5510 1993 5583 disputat

333 5585 391 5641 ε.
440 5580 835 5655 Hieronymus
883 5584 985 5640 lib.
1019 5600 1061 5638 ιι
1084 5580 1419 5641 Comment.
1452 5583 1513 5637 in
1543 5582 1722 5655 Epist.
1759 5580 1843 5655 ad
1863 5580 1988 5637 Gal.

335 5672 466 5731 cap.
496 5673 609 5730 in;
641 5653 787 5714 illuc
815 5671 882 5715 se
924 5672 962 5712 a
990 5655 1160 5713 nobis
1188 5654 1495 5713 amandari
1525 5653 1783 5727 patietur
1810 5653 1994 5710 lector

672 5777 936 5839 PATROL.
980 5775 1249 5838 XXVIII.
3365 5769 3443 5830 16
