4068 6172
403 323 504 379 491

1439 318 1498 372 Β.
1539 317 1941 373 ΗΙΕΒΟΝῩΜΙ
1978 319 2232 372 DIVINA
2266 317 2766 372 BIBLIOTHECA.

3706 319 3814 378 492

402 442 1281 517 AperietDominusthesaurum
1298 455 1473 496 suum
1487 439 2043 512 optimum,coelum,
2073 443 2129 509 Α
2157 441 2388 498 cunctis
2417 441 2714 508 diebus,et
2741 446 2986 510 stupens
3017 441 3086 495 ad
3123 443 3405 497 terrorem
3425 458 3796 516 eorum,quas

402 542 466 594 ut
496 536 717 591 tribuat
765 531 1017 604 pluviam
1063 536 1227 585 terrae
1255 533 1369 584 tuis
1419 529 1478 583 in
1510 533 1778 601 tempore
1809 547 1916 586 suo
1951 548 1964 586 :
1999 533 2056 585 et

398 625 703 682 benedioet
725 620 951 678 cunctis
971 619 1248 691 operibus
1274 635 1557 673 manuum
1589 625 1848 674 tuarum.
1875 619 2053 675 Fene-

397 715 552 770 rabis
568 712 842 785 gentibus
865 708 1090 777 multis,
1114 713 1170 763 et
1198 708 1326 780 ipse
1347 725 1380 763 a
1402 707 1562 764 nullo
1589 708 1752 764 fenus
1773 708 2054 780 accipies.

391 813 718 869 Constituet
741 813 798 864 te
828 807 1116 864 Dominus
1146 806 1206 861 in
1231 810 1430 878 caput,
1464 810 1523 861 et
1550 823 1664 861 non
1693 806 1751 860 in
1778 807 2052 874 caudam,

392 907 448 957 et
479 901 597 956 eris
627 913 862 970 semper
905 913 1104 967 supra,
1160 901 1218 952 et
1248 912 1366 951 non
1412 896 1657 963 subter;
1709 896 1759 950 si
1789 895 2052 950 audieris

390 990 674 1046 mandata
705 986 936 1043 Domini
959 985 1062 1041 Dei
1082 984 1191 1052 tui,
1226 1000 1355 1055 quae
1391 1000 1496 1056 ego
1515 985 1790 1056 praecipio
1814 984 1921 1040 tibi
1944 984 2054 1040 ho-

391 1080 506 1148 die,
539 1084 596 1134 et
623 1075 974 1132 custodieris
1013 1079 1078 1146 et,
1121 1074 1350 1140 feceris,
1401 1090 1468 1129 ac
1516 1091 1630 1128 non
1663 1073 2048 1129 declinaveris

392 1171 464 1224 ab
483 1169 588 1238 eis,
608 1183 712 1223 nec
729 1167 802 1221 ad
824 1166 1250 1233 dexteram,nec
1263 1164 1337 1219 ad
1349 1162 1784 1232 sinistram,nec
1807 1167 2050 1218 secutus

390 1258 574 1314 fueris
605 1257 742 1312 deos
779 1255 1023 1318 alienos,
1075 1268 1266 1323 neque
1298 1252 1548 1307 colueris
1579 1268 1678 1306 eos
1727 1252 1811 1321 [h.
1844 1257 1900 1306 et
1933 1268 2048 1306 non

393 1346 651 1402 declines
689 1362 724 1400 a
755 1343 1061 1416 praeceptis
1110 1358 1236 1412 qua:
1268 1357 1374 1412 ego
1409 1341 1679 1412 praecipio
1713 1340 1819 1396 tibi
1853 1340 2047 1410 hodie,

391 1437 459 1491 ad
495 1437 759 1490 dextram
793 1449 900 1488 nec
929 1433 1000 1488 ad
1034 1430 1337 1487 sinistram
1396 1430 1555 1497 ieris,
1614 1436 1853 1486 secutus
1909 1429 2049 1485 deos

388 1524 633 1593 alienos,
666 1537 854 1594 neque
884 1519 1040 1578 colas
1071 1519 1216 1590 eos].
1253 1519 1334 1589 [Ο.
1367 1518 1815 1588 CXCIII.]Quod
1853 1517 1900 1573 si
1934 1535 2045 1573 au-

390 1613 514 1669 dire
545 1610 803 1668 nolueris
829 1625 1030 1665 vocem
1072 1607 1305 1664 Domini
1348 1607 1444 1663 Dei
1479 1607 1584 1673 tui,
1620 1611 1685 1662 ut
1715 1607 2042 1676 custodias,

389 1708 446 1758 et
477 1700 655 1758 facias
686 1702 885 1757 omnia
914 1698 1190 1755 mandata
1220 1697 1349 1768 ejus
1383 1701 1440 1752 et
1469 1696 1866 1763 caeremonias,
1897 1712 2046 1768 quas

384 1807 491 1864 ego
514 1790 783 1863 praecipio
807 1789 914 1845 tibi
937 1787 1130 1856 hodie,
1153 1786 1388 1842 venient
1409 1802 1588 1858 super
1608 1795 1664 1840 te
1686 1801 1890 1841 omnes
1919 1801 2045 1840 ma-
2079 1819 2124 1884 Β

384 1880 730 1936 ledictiones
748 1879 894 1945 istae,
923 1883 980 1933 et
996 1875 1436 1948 apprehendent
1458 1878 1533 1930 te.
1555 1873 1901 1929 Maledictus
1928 1873 2045 1930 eris

387 1970 449 2026 in
481 1970 732 2038 civitate,
780 1967 1131 2023 maledictus
1166 1964 1227 2019 in
1279 1980 1440 2036 agro.
1492 1962 1867 2019 Maledictum
1909 1962 2045 2018 hor-

388 2075 553 2115 reum
587 2064 778 2122 tuum,
809 2063 866 2112 et
888 2054 1208 2110 maledicta
1231 2052 1492 2124 reliquiae
1525 2058 1659 2109 tuae.
1694 2052 2044 2109 Maledictus

390 2150 619 2204 fructus
647 2145 868 2202 ventris
899 2145 1010 2216 tui,
1042 2151 1099 2198 et
1151 2144 1378 2199 fructus
1410 2147 1578 2197 terras
1609 2147 1745 2208 tuas,
1779 2145 2047 2196 armenta

388 2238 568 2291 boum
619 2240 884 2298 tuorum,
933 2237 990 2288 et
1039 2246 1247 2303 greges
1303 2232 1502 2286 ovium
1555 2235 1814 2284 tuarum.
1866 2228 2042 2284 Male«

387 2325 580 2380 dictus
627 2323 742 2379 eris
791 2321 1149 2394 ingrediens,
1195 2326 1252 2376 et
1306 2319 1660 2374 maledictus
1712 2319 2041 2389 egrediens.

385 2422 574 2479 Mittet
603 2418 884 2476 Dominus
915 2433 1094 2489 super
1123 2421 1179 2473 te
1219 2417 1428 2472 famem
1461 2421 1518 2472 et
1547 2414 1825 2485 esuriem,
1861 2420 1918 2470 et
1953 2413 2046 2470 in-

381 2511 776 2582 crepationem
807 2509 867 2563 in
894 2507 1095 2564 omnia
1141 2521 1317 2577 opera
1366 2510 1487 2572 tua,
1524 2522 1650 2576 quae
1683 2505 1863 2560 facies
1897 2521 1910 2559 :
1944 2503 2050 2559 do-

381 2616 488 2656 nec
519 2602 781 2655 conterat
823 2607 899 2663 te,
939 2601 998 2652 et
1029 2596 1237 2668 perdat
1268 2594 1564 2660 velociter,
1598 2597 1835 2665 propter
1876 2593 2041 2648 adin-

377 2688 678 2746 ventiones
700 2692 832 2742 tuas
857 2686 1142 2757 pessimus
1164 2685 1225 2738 in
1249 2683 1468 2754 quibus
1491 2682 1778 2752 reliquisti
1795 2698 1906 2738 me.
1931 2682 2047 2738 Ad-

374 2782 593 2853 jungat
646 2775 928 2831 Dominus
976 2773 1083 2829 tibi
1131 2772 1553 2844 pestilentiam,
1599 2773 1788 2826 donec
1833 2786 2047 2826 consu-

383 2875 504 2922 mat
533 2873 589 2922 te
619 2865 691 2921 de
737 2870 914 2936 terra,
946 2863 1016 2918 ad
1052 2879 1231 2934 quam
1275 2861 1603 2933 ingrederis
1635 2861 1814 2931 [Vulg.
1848 2859 2046 2931 ingre-

383 2954 583 3025 dieris]
611 2953 1048 3026 possidendam.
1067 2949 1367 3007 Perruciat
1380 2955 1436 3004 te
1457 2948 1744 3005 Dominus
1757 2951 2042 3020 egestate,

386 3044 531 3101 febri
563 3048 621 3099 et
652 3042 881 3114 frigore,
918 3040 1124 3096 ardore
1155 3044 1214 3094 et
1245 3044 1414 3108 aestu,
1436 3043 1494 3094 et
1518 3054 1651 3094 aere
1680 3042 1956 3108 corrupto
1978 3053 2045 3092 ac

383 3131 656 3204 rubigine
687 3135 744 3186 et
790 3132 1182 3202 persequatur
1212 3128 1395 3183 donec
1427 3143 1648 3198 pereas.
1693 3127 1779 3182 Sit
1805 3125 2042 3184 coelum,

2165 530 2445 586 videbunt
2475 530 2627 586 oculi
2651 529 3058 586 tui.Percutiat
3078 533 3132 586 te
3155 531 3444 587 Dominus
3467 531 3662 590 ulcere
3688 552 3821 607 pes-

2164 620 2315 675 simo
2344 620 2401 674 in
2433 620 2683 691 genibus
2697 623 2754 674 et
2777 619 2836 673 in
2869 619 3046 684 suris,
3072 618 3391 690 sanarique
3412 636 3527 676 non
3553 623 3751 693 possis
3781 640 3816 680 a

2161 707 2361 780 planta
2392 708 2559 779 pedis
2583 725 2770 780 usque
2792 709 2863 763 ad
2891 707 3166 763 verticem
3187 712 3377 764 tuum.
3404 715 3590 766 Ducet
3610 716 3666 768 te
3696 712 3818 769 Do-

2163 797 2449 864 minus,et
2481 813 2675 868 regem
2707 802 3080 869 tuum,quem
3114 797 3493 855 constitueris
3525 818 3706 873 super
3737 807 3813 871 te,

2162 886 2220 941 in
2253 893 2509 959 gentem,
2543 903 2720 958 quam
2751 885 2986 958 ignoras
3025 890 3086 942 tu
3129 891 3186 942 et
3222 891 3456 958 patres:
3494 893 3553 944 et
3590 889 3813 946 servies

2161 975 2243 1030 ibi
2276 975 2390 1032 diis
2420 976 2650 1046 alienis,
2683 976 2842 1048 ligno
2872 981 2929 1032 et
2958 975 3160 1048 lapidi.
3204 977 3272 1032 Et
3301 978 3418 1032 eris
3450 979 3718 1050 perditus
3750 979 3813 1036 in

2160 1066 2530 1137 proverbium
2561 1082 2626 1121 ac
2656 1064 2916 1122 fabulam
2947 1065 3222 1122 omnibus
3267 1065 3523 1138 populis,
3553 1068 3625 1122 ad
3660 1085 3815 1140 quos

2157 1158 2214 1210 te
2245 1155 2633 1211 introduxerit
2656 1153 2954 1212 Dominus.
2980 1156 3314 1212 Sementem
3349 1155 3596 1212 multam
3621 1157 3815 1227 jacies

2159 1244 2218 1299 in
2251 1249 2490 1310 terram,
2523 1251 2578 1300 et
2609 1244 2908 1300 modicum
2942 1235 3328 1317 congregabis
3355 1263 3367 1301 :
3404 1247 3544 1317 quia
3570 1245 3813 1304 locustis

2158 1333 2357 1388 omnia
2377 1333 2757 1388 devorabunt.
2791 1333 3038 1389 Vineam
3086 1333 3384 1404 plantabis
3425 1340 3483 1390 et
3513 1336 3721 1404 fodies,
3757 1340 3818 1392 et

2157 1421 2358 1477 vinum
2387 1439 2501 1478 non
2527 1422 2717 1493 bibes,
2737 1439 2844 1478 nec
2866 1421 3188 1496 colligesex
3204 1439 3272 1479 ea
3292 1423 3427 1494 quid
3441 1423 3624 1496 piam:
3659 1442 3817 1497 quo-

2157 1511 2316 1565 niam
2348 1510 2676 1566 vastabitur
2705 1512 3026 1567 vermibus.
3049 1511 3243 1567 Olivas
3263 1513 3505 1568 habebis
3534 1514 3592 1568 in
3617 1513 3808 1569 omni-

2154 1599 2268 1654 bus
2292 1599 2562 1655 terminis
2585 1600 2787 1666 tuis,et
2805 1617 2918 1656 non
2936 1601 3172 1674 ungeris
3195 1601 3350 1656 oleo:
3374 1602 3808 1674 quiadeﬂuent,

2156 1701 2214 1752 et
2238 1695 2530 1768 peribunt.
2558 1695 2736 1752 Filios
2768 1698 3077 1768 generabis
3099 1702 3156 1753 et
3173 1697 3412 1766 ﬁlias,et
3444 1716 3557 1754 non
3592 1700 3812 1756 frueris

2156 1785 2280 1841 eis:
2334 1786 2612 1857 quoniam
2659 1787 2952 1842 ducentur
3011 1786 3072 1842 in
3122 1787 3540 1859 captivitatem.
3583 1787 3810 1845 Omnes

2157 1874 2395 1930 arbores
2417 1880 2551 1931 tuas
2587 1885 2642 1930 et
2678 1876 2876 1947 fruges
2899 1880 3065 1931 terrae
3093 1881 3206 1932 tuae
3239 1875 3445 1948 rubigo
3471 1883 3806 1934 consumet.

2154 1964 2411 2032 Advena,
2445 1964 2547 2035 qui
2578 1968 2767 2020 tecum
2805 1970 3065 2021 versatur
3095 1967 3152 2021 in
3181 1969 3356 2034 terra,
3393 1967 3667 2023 ascendet
3698 1984 3811 2023 su-

2156 2070 2258 2124 per
2289 2059 2365 2118 te,
2398 2054 2624 2124 eritque
2666 2054 3015 2110 sublimior:
3048 2060 3112 2111 tu
3152 2060 3349 2110 autem
3393 2056 3714 2112 descendas
3748 2061 3810 2113 et

2155 2142 2272 2197 eris
2317 2142 2576 2198 inl'erior.
2622 2146 2752 2214 Ipse
2797 2144 3082 2200 fenerabit
3124 2143 3255 2214 tibi,
3303 2153 3360 2200 et
3392 2150 3452 2199 tu
3495 2161 3612 2200 non
3643 2147 3809 2202 fene-

2155 2230 2314 2286 rabis
2344 2232 2417 2286 ei.
2453 2234 2583 2303 Ipse
2613 2232 2724 2287 erit
2755 2233 2812 2287 in
2864 2239 3061 2304 caput,
3095 2240 3153 2289 et
3195 2241 3258 2289 tu
3291 2234 3408 2290 eris
3438 2233 3498 2289 in
3531 2235 3806 2291 caudam.

2155 2329 2222 2384 Et
2276 2329 2514 2385 venient
2571 2346 2749 2401 super
2797 2336 2854 2386 te
2912 2347 3120 2386 omnes
3181 2331 3619 2388 maledictiones
3675 2332 3809 2388 ista

2154 2418 2334 2489 [Vulg.
2368 2428 2469 2473 lac.
2505 2419 2676 2490 istis],
2707 2426 2766 2474 et
2799 2424 3218 2491 persequentes
3249 2421 3692 2492 apprehendeut
3723 2428 3807 2489 te,

2155 2508 2339 2562 donec
2389 2508 2688 2563 intereas:
2743 2507 2881 2578 quia
2934 2525 3050 2563 non
3091 2508 3308 2564 audisti
3339 2525 3535 2565 vocem
3571 2509 3808 2565 Domini

2154 2595 2254 2652 Dei
2285 2597 2391 2661 tui,
2427 2613 2529 2651 nec
2562 2597 2804 2651 servasti
2841 2597 3116 2652 mandata
3146 2598 3274 2666 ejus
3305 2602 3362 2652 et
3400 2599 3807 2670 ceremonias,

2152 2701 2298 2752 quas
2332 2685 2604 2756 praecepit
2631 2686 2758 2741 tibi.
2791 2686 2860 2740 Et
2889 2691 3062 2741 erunt
3094 2685 3150 2740 in
3184 2692 3239 2742 te
3271 2686 3440 2757 signa
3471 2691 3644 2757 atque
3675 2704 3810 2758 pro-

2154 2773 2333 2843 digia,
2365 2781 2422 2828 et
2458 2775 2514 2828 in
2566 2773 2790 2830 semine
2841 2781 2940 2830 tuo
2991 2790 3178 2846 usque
3229 2774 3288 2828 in
3322 2775 3750 2846 sempiternum
3787 2794 3804 2832 :

2154 2877 2221 2916 eo
2252 2863 2403 2932 quod
2445 2880 2559 2918 non
2592 2864 2864 2919 servieris
2909 2863 3158 2919 Domino
3191 2863 3306 2919 Deo
3337 2868 3440 2919 tuo
3470 2865 3529 2918 in
3560 2865 3803 2937 gaudio,

2155 2950 2464 3020 cordisque
2482 2951 2701 3017 latitia,
2725 2956 2962 3023 prapter
2982 2969 3180 3007 rerum
3208 2953 3473 3007 omnium
3497 2953 3808 3010 abundan-

2156 3038 2336 3097 tiam:
2374 3040 2590 3096 servies
2632 3041 2872 3096 inimico
2905 3046 3028 3109 tuo,
3085 3058 3256 3112 quem
3290 3041 3572 3097 immittet
3596 3043 3806 3098 Domi—

2156 3145 2270 3184 nus
2303 3129 2429 3198 tibi,
2483 3130 2540 3184 in
2589 3130 2762 3197 fame,
2797 3134 2853 3185 et
2879 3130 3001 3196 siti,
3045 3134 3102 3184 et
3133 3131 3412 3192 nuditate,
3447 3135 3504 3186 et
3533 3132 3804 3189 omnium

383 3223 532 3294 quod
567 3236 746 3292 supra
776 3224 832 3274 te
856 3221 970 3284 est,
1001 3233 1228 3272 aeneum
1259 3233 1273 3273 :
1307 3220 1362 3272 et
1399 3220 1575 3282 terra,
1609 3233 1784 3288 quam
1815 3214 2032 3282 calcas,
2067 3186 2110 3254 Ο
2150 3217 2431 3289 penuria:
2466 3223 2522 3273 et
2569 3217 2832 3290 imponet
2872 3219 3083 3289 jugum
3117 3219 3365 3274 ferreum
3408 3236 3588 3292 super
3617 3220 3802 3275 cervi.

383 3311 588 3367 ferrea.
626 3313 728 3364 Det
761 3307 1042 3363 Dominus
1099 3305 1349 3361 imbrem
1379 3308 1545 3360 terrae
1567 3309 1682 3361 tuae
1713 3303 2034 3377 pulverem,

381 3404 439 3455 et
469 3399 539 3454 de
569 3396 712 3454 ccelo
743 3396 1065 3452 descendat
1095 3410 1274 3466 super
1303 3398 1358 3449 te
1375 3393 1546 3462 cinis,
1565 3393 1752 3450 donec
1777 3397 2038 3448 contera-

380 3489 463 3544 ris
493 3488 576 3559 [h.
629 3484 924 3559 pulverem
956 3487 1014 3539 et
1055 3484 1306 3538 cinerem
1339 3482 1411 3538 de
1439 3481 1582 3538 caelo
1609 3500 1621 3537 :
1675 3481 2034 3537 descendant

380 3593 560 3648 super
580 3579 658 3646 te,
682 3576 864 3630 donec
889 3571 1253 3640 conteraris].
1279 3572 1495 3626 Tradet
1515 3575 1571 3625 te
1601 3570 1884 3625 Dominus
1907 3585 2034 3624 cor-

382 3671 651 3722 ruentsm
681 3667 818 3719 ante
863 3662 1066 3718 hostes
1096 3665 1250 3717 tuos.
1312 3664 1422 3714 Per
1472 3676 1652 3715 unam
1683 3659 1837 3714 viam
1871 3673 2030 3730 egre-

385 3755 568 3812 diaris
599 3760 802 3810 contra
831 3768 953 3818 eos,
985 3755 1042 3807 et
1071 3766 1174 3822 per
1216 3753 1440 3821 septem
1473 3749 1685 3820 fugias,
1718 3753 1775 3804 et
1805 3748 2034 3818 disper-

385 3845 540 3918 garis
559 3861 662 3917 per
677 3843 875 3898 omnia
898 3856 1075 3912 regna
1096 3844 1284 3895 terrae.
1303 3839 1506 3909 Sitque
1527 3838 1951 3894 cadavertuum
1974 3836 2032 3891 in

388 3950 579 3992 escam
612 3931 841 3988 cunctis
885 3927 1222 3984 volatilibus
1253 3926 1401 3992 cmli,
1432 3931 1490 3981 et
1529 3925 1732 3981 bestiis
1763 3929 1950 3994 terrae,
1979 3928 2037 3980 et

390 4040 508 4079 non
540 4022 617 4077 sit
635 4019 736 4092 qui
766 4018 982 4091 abigat.
1015 4015 1310 4072 Percutiat
1335 4025 1386 4070 le
1416 4015 1699 4070 Dominus
1733 4014 1926 4069 ulcere
1945 4012 2034 4067 1E-

388 4113 573 4186 gypti,
604 4116 662 4167 et
693 4113 917 4182 partem
949 4105 1230 4177 corporis,
1278 4119 1380 4175 per
1409 4119 1583 4175 quam
1616 4107 1874 4158 stercora
1900 4117 2035 4174 ege-

389 4199 824 4268 runtur,scabie
845 4211 1080 4268 quoque
1101 4199 1159 4250 et
1180 4192 1511 4265 prurigine:
1532 4191 1616 4246 ita
1637 4195 1699 4245 ut
1722 4190 1914 4245 curari
1939 4206 2035 4245 ne-

388 4305 592 4362 queas.
625 4287 922 4342 Percutiat
949 4289 1004 4339 te
1025 4282 1310 4338 Dominus
1333 4281 1590 4336 amentia
1610 4283 1667 4334 et
1688 4279 1946 4334 caecitate
1967 4295 2032 4334 ac

384 4380 580 4434 furore
613 4375 845 4441 mentis,
888 4378 946 4428 et
977 4373 1179 4444 palpes
1211 4371 1271 4425 in
1325 4368 1566 4424 meridie
1596 4368 1750 4424 sicut
1797 4367 2034 4440 palpare

382 4467 532 4525 solet
563 4482 750 4522 caecus
781 4464 841 4518 in
871 4461 1151 4526 tenebris,
1196 4465 1253 4514 et
1307 4474 1421 4513 non
1453 4457 1676 4528 dirigas
1705 4457 1825 4512 vias
1878 4462 2029 4513 tuas.

2148 3322 2273 3362 cem
2325 3311 2510 3377 tuam,
2563 3308 2748 3363 donec
2792 3312 2845 3362 te
2874 3313 3157 3363 conterat.
3211 3308 3469 3363 Adducet
3507 3309 3804 3366 Dominus

2147 3411 2327 3467 super
2355 3401 2410 3451 te
2443 3409 2675 3468 gentem
2735 3396 2804 3451 de
2849 3395 3198 3468 longinquo,
3244 3400 3294 3452 et
3325 3397 3402 3466 (h.
3445 3413 3558 3452 non
3593 3397 3799 3470 habet)

2148 3493 2219 3547 de
2280 3494 2555 3548 extremis
2620 3499 2783 3549 terra“:
2848 3493 3090 3560 ﬁnibus,
3141 3499 3199 3549 et
3226 3494 3286 3549 in
3332 3494 3796 3551 similitudinem

2145 3581 2352 3652 aquilae
2404 3581 2654 3637 volantis
2702 3598 2837 3637 cum
2885 3583 3155 3652 impetu:
3201 3585 3371 3653 cujus
3400 3583 3664 3655 linguam
3699 3584 3798 3640 in-

2147 3670 2408 3741 telligere
2442 3687 2554 3726 non
2608 3671 2821 3742 possis,
2855 3676 3085 3742 gentem
3123 3672 3626 3742 procacissimam,
3661 3689 3797 3743 quae

2147 3775 2262 3814 non
2301 3759 2523 3814 deferat
2569 3759 2717 3824 seni,
2773 3775 2878 3815 nec
2930 3758 3274 3815 misereatur
3315 3759 3567 3832 parvuli,
3599 3766 3658 3816 et
3686 3762 3797 3816 de—

2142 3853 2302 3904 voret
2360 3848 2614 3903 fructum
2666 3849 3075 3918 jumentorum
3149 3853 3407 3918 tuorum,
3466 3865 3533 3904 ac
3592 3849 3798 3921 fruges

2143 3942 2311 3993 terrae
2342 3941 2453 3992 tua:
2491 3955 2504 3992 :
2546 3938 2730 3992 donec
2779 3938 3055 4006 intereas,
3088 3942 3144 3992 et
3176 3953 3308 3996 .non
3357 3937 3654 4009 relinquat
3681 3938 3793 3993 tibi

2144 4026 2424 4094 triticum,
2449 4026 2652 4080 vinum
2675 4031 2733 4080 et
2763 4026 2980 4094 oleum,
3013 4032 3274 4081 armenta
3306 4026 3483 4082 boum
3507 4031 3561 4082 et
3583 4042 3794 4098 greges

2145 4115 2372 4171 ovium:
2416 4116 2598 4171 donec
2628 4121 2684 4170 te
2713 4114 3017 4186 disperdat
3064 4119 3122 4170 et
3166 4119 3429 4171 conterat
3467 4117 3524 4171 in
3557 4115 3796 4172 cunctis

2144 4206 2391 4260 urbibus
2411 4205 2626 4273 tuis,et
2656 4205 3036 4259 destruantur
3069 4205 3217 4260 muri
3248 4205 3334 4260 tui
3367 4205 3521 4260 ﬁrmi
3557 4205 3640 4275 (h.
3673 4206 3798 4260 0b-

2141 4295 2427 4350 sideberis
2448 4293 2507 4348 in
2539 4293 2794 4348 omnibus
2845 4295 3018 4364 portis
3051 4295 3160 4348 tuis
3205 4294 3389 4350 donec
3419 4295 3796 4350 destruantur

2145 4384 2296 4440 muri
2329 4383 2436 4453 tui)
2470 4387 2644 4452 atque
2675 4381 2983 4449 sublimes,
3019 4382 3076 4436 in
3107 4381 3322 4453 quibus
3353 4382 3610 4438 habebas
3642 4383 3792 4437 fidu-

2143 4473 2292 4529 ciam
2321 4472 2378 4526 in
2411 4470 2571 4526 omni
2619 4475 2776 4525 terra
2822 4475 2942 4525 tua.
2975 4469 3351 4525 Obsideberis
3399 4471 3555 4526 intra
3586 4475 3790 4542 portas

372 4565 667 4635 Omnique
695 4569 957 4632 tempore
987 4557 1344 4615 calumniam
1375 4555 1692 4622 sustineas,
1723 4558 1780 4609 et
1830 4554 2022 4626 oppri-
2049 4555 2096 4620 D
2131 4561 2188 4616 in
2238 4560 2397 4616 omni
2446 4568 2595 4614 lerra
2636 4558 2836 4630 (Vulg.
2879 4557 3010 4613 add.
3055 4559 3202 4630 tua),
3253 4575 3432 4630 quam
3477 4560 3645 4616 dabit
3676 4561 3789 4616 tibi

381 4654 564 4710 maris
593 4651 1001 4721 violentia,nec
1030 4646 1249 4702 habeas
1279 4644 1380 4716 qui
1427 4643 1635 4699 liberet
1664 4647 1740 4699 te.
1774 4643 2022 4699 Uxorem

377 4743 653 4814 accipias,
676 4745 733 4796 et
761 4739 912 4795 alius
933 4735 1186 4792 dormiat
1206 4749 1340 4789 cum
1367 4749 1455 4788 ea.
1476 4732 1724 4788 Domum
1749 4733 2020 4803 aediﬁces,

371 4844 432 4897 et
461 4856 578 4896 non
611 4836 835 4894 habites
864 4835 926 4889 in
945 4849 1032 4889 ea.
1066 4832 1300 4888 Plantes
1318 4831 1572 4900 vineam,
1595 4836 1652 4886 et
1681 4847 1799 4886 non
1823 4831 2023 4887 vinde-

373 4930 522 4985 mies
552 4943 701 4984 eam.
761 4924 873 4980 Bos
905 4928 1044 4979 tuus
1102 4918 1440 4974 immoletur
1467 4934 1662 4974 coram
1708 4922 1785 4986 te,
1817 4924 1875 4975 et
1905 4937 2022 4976 non

369 5017 641 5074 comedas
672 5030 740 5071 ex
764 5029 851 5069 eo.
881 5010 1098 5067 Asinus
1150 5013 1289 5063 tuus
1331 5007 1592 5076 rapiatur
1613 5007 1672 5062 in
1705 5013 2020 5078 conspectu

367 5113 491 5172 tuo,
521 5113 580 5163 et
609 5121 724 5161 non
756 5102 1035 5158 reddatur
1056 5097 1184 5154 tibi.
1209 5101 1354 5152 Oves
1385 5101 1497 5151 tua:
1528 5097 1742 5152 dentur
1763 5097 2021 5153 inimicis

363 5197 502 5264 tuis,
534 5201 592 5252 et
623 5210 738 5250 non
771 5191 846 5248 sit
875 5189 971 5261 qui
1002 5193 1059 5243 te
1090 5188 1346 5258 adjuvet.
1384 5184 1511 5240 Filii
1545 5185 1631 5240 tui
1663 5189 1720 5240 et
1749 5185 1879 5240 ﬁliae
1906 5191 2018 5242 tute

363 5284 677 5340 tradantur
724 5276 891 5335 alteri
938 5274 1175 5348 populo,
1205 5271 1541 5328 videntibus
1572 5271 1758 5328 oculis
1790 5273 1932 5342 tuis,
1963 5278 2023 5330 et

362 5369 774 5428 delicientibus
805 5366 875 5422 ad
900 5368 1277 5435 conspectum
1301 5377 1500 5417 eorum
1524 5365 1646 5416 tota
1676 5361 1790 5425 die,
1823 5368 1878 5418 et
1903 5381 2017 5419 non

361 5461 438 5516 sit
487 5457 767 5515 fortitudo
810 5455 870 5510 in
912 5469 1090 5509 manu
1141 5455 1262 5506 tua.
1297 5450 1546 5505 Fructus
1595 5453 1764 5505 terra;
1797 5455 1929 5520 tum,
1962 5457 2020 5510 et

360 5564 564 5606 omnes
585 5546 815 5603 labores
838 5540 1269 5611 tuos,comedat
1288 5538 1543 5612 populus
1564 5554 1737 5611 quem
1756 5540 2018 5628 ignoras;

359 5642 417 5700 et
446 5636 528 5695 sis
570 5651 801 5710 semper
831 5631 1194 5695 calumniam
1237 5627 1560 5702 sustinens,
1610 5632 1668 5688 et
1697 5627 2019 5708 Oppressus

2132 4649 2419 4706 Dominus
2455 4649 2603 4702 Deus
2651 4652 2812 4715 tuus,
2868 4650 2927 4701 et
2957 4647 3227 4702 comedes
3278 4649 3530 4703 fructum
3562 4649 3788 4706 ventris

2130 4739 2214 4794 tui
2247 4747 2300 4794 ει
2327 4739 2408 4808 (h.
2461 4753 2576 4792 non
2626 4734 2823 4807 habet)
2871 4751 3076 4790 carnes
3121 4735 3375 4791 ﬁliorum
3409 4737 3589 4808 (Vulg.
3621 4737 3771 4794 add.

2129 4827 2390 4897 tuorum)
2445 4829 2498 4881 et
2551 4824 2802 4896 ﬁliarum
2857 4829 3108 4893 (uarum,
3171 4841 3318 4896 quas
3374 4825 3596 4882 dederit
3667 4826 3782 4882 tibi

2128 4915 2418 4972 Dominus
2447 4913 2601 4970 Deus
2647 4917 2808 4982 tuus,
2840 4912 2898 4967 in
2930 4912 3205 4985 angustia
3247 4917 3305 4969 et
3335 4913 3628 4982 vastitate,
3661 4931 3785 4986 qua

2129 5003 2420 5077 opprimet
2451 5008 2508 5058 te
2537 5001 2727 5057 hostis
2761 5005 2928 5058 tuus.
2971 5001 3152 5059 Homo
3201 5001 3489 5058 delicatus
3522 5003 3580 5058 in
3612 5007 3690 5073 te,
3724 5008 3786 5060 et

2128 5093 2466 5149 luxuriosus
2496 5091 2576 5163 (h.
2609 5099 2659 5145 et
2687 5091 2860 5162 tener)
2901 5090 3088 5162 valde,
3130 5091 3416 5149 invidebit
3445 5092 3609 5147 fratri
3643 5109 3782 5159 suo,

2127 5196 2186 5247 et
2233 5190 2416 5257 uxori,
2474 5205 2602 5258 quae
2657 5188 2834 5243 cubat
2883 5188 2942 5242 in
2991 5189 3122 5243 sinu
3171 5205 3300 5256 suo,
3348 5206 3418 5245 ne
3463 5190 3560 5246 det
3588 5189 3675 5246 eis
3701 5190 3781 5247 de

2128 5280 2406 5336 carnibus
2453 5277 2709 5332 filiorum
2769 5293 3012 5332 suorum
3072 5278 3261 5348 (Vulg.
3311 5288 3420 5333 (ac.
3476 5279 3776 5348 suorum).

2129 5385 2274 5440 quas
2305 5367 2588 5430 comedet,
2620 5381 2686 5421 eo
2715 5367 2865 5435 quod
2899 5365 3043 5421 nihil
3092 5366 3306 5423 habeat
3331 5365 3489 5422 aliud
3522 5367 3578 5422 in
3614 5368 3777 5423 obsi-

2129 5458 2300 5514 dione
2333 5461 2390 5512 et
2438 5454 2702 5527 penuria,
2753 5470 2869 5526 qua
2914 5455 3273 5511 vastaveriut
3324 5460 3377 5510 te
3423 5454 3649 5511 inimici
3683 5456 3777 5512 tui

2127 5547 2285 5603 intra
2313 5560 2520 5602 omnes
2543 5547 2745 5616 portas
2767 5543 3166 5601 tuas.Tenera
3187 5543 3401 5601 mulier
3421 5549 3479 5602 et
3499 5543 3776 5616 delicata,

2129 5652 2257 5712 quas
2283 5650 2460 5708 super
2506 5637 2723 5693 terram
2769 5631 2999 5708 ingredi
3029 5648 3146 5692 non
3173 5631 3427 5704 valebat,
3470 5647 3576 5691 nec
3606 5631 3776 5708 pedis
