4068 6172
292 325 399 380 493

1588 325 1802 382 LIBER
1841 315 2379 373 DEUTERONOMII
2389 356 2401 369 .

3603 330 3707 385 494

287 452 607 525 vestigium
640 453 836 526 ﬁgere,
869 457 1105 526 propter
1134 453 1441 510 mollitiem
1485 457 1541 509 et
1601 442 1943 507 teneritudi-
1975 444 2026 509 Α
2058 441 2284 514 Egypti
2338 442 2648 510 Pharaoni,
2722 444 2999 502 omnibus
3046 448 3229 505 servis
3289 451 3441 522 ejus,
3472 454 3711 511 univer-

287 558 425 597 nem
450 541 721 608 nimiam,
754 542 1037 599 invidebit
1063 542 1186 599 viro
1219 560 1343 611 suo,
1378 544 1477 615 qui
1514 542 1695 598 cubat
1718 540 1777 593 in
1810 537 1944 593 sinu

284 631 444 702 ejus,
478 648 661 704 super
694 631 800 687 ﬁlii
832 636 889 689 et
919 631 1053 688 ﬁlias
1110 632 1413 699 carnibus,
1476 636 1534 687 et
1594 630 1794 685 illuvie
1852 641 1942 683 se-

284 722 646 788 cundarum,
682 737 810 793 qua
839 721 1225 793 egrediuntur
1272 723 1344 776 de
1403 722 1597 777 medio
1657 718 1943 774 feminum

285 811 441 880 ejus,
475 813 534 865 et
557 826 736 881 super
752 809 976 877 liberis,
1011 810 1109 880 qui
1141 810 1345 866 eadem
1393 810 1537 865 hora
1606 808 1726 864 nati
1782 808 1941 862 sunt.

283 900 609 955 Comedent
631 899 786 955 enim
820 915 918 955 eos
949 898 1101 955 clam
1136 904 1372 970 propter
1422 915 1617 955 rerum
1676 896 1942 954 omnium

283 988 599 1060 penuriam
631 987 690 1043 in
722 987 1028 1044 obsidione
1057 993 1116 1043 et
1146 988 1439 1055 vastitate,
1482 1004 1599 1058 quo
1647 986 1942 1058 opprimet

282 1081 339 1132 te
368 1076 661 1133 inimicus
693 1081 835 1132 tuus
868 1076 1021 1132 intra
1068 1081 1264 1147 portas
1322 1084 1471 1133 tuas.
1503 1075 1623 1131 Nisi
1657 1072 1943 1130 custodie-

279 1165 362 1221 ris
392 1172 453 1222 et
482 1165 691 1222 feceris
723 1165 922 1221 omnia
963 1166 1142 1221 verba
1167 1163 1311 1236 legis
1358 1165 1561 1235 hujus,
1593 1180 1724 1234 quas
1794 1161 1936 1217 scri-

281 1259 378 1325 pta
409 1258 554 1311 sunt
583 1255 642 1309 in
674 1254 785 1310 hoc
815 1253 1139 1319 volumine,
1173 1257 1229 1308 et
1257 1253 1520 1309 tenueris
1541 1268 1755 1308 nomen
1808 1252 1938 1321 ejus

274 1342 605 1415 gloriosum
636 1348 693 1399 et
724 1342 1010 1408 terribile,
1058 1343 1168 1399 hoc
1224 1347 1336 1410 est,
1380 1342 1697 1403 Dominum
1756 1342 1936 1395 Deum

272 1436 486 1489 tuum:
522 1432 758 1505 augebit
792 1432 1074 1487 Dominus
1104 1430 1307 1504 plagas
1330 1436 1483 1501 tuas,
1516 1435 1574 1486 et
1604 1430 1805 1502 plagas
1845 1445 1936 1484 se-

273 1521 455 1577 minis
488 1521 812 1594 tui,plagas
845 1537 1086 1592 magnas
1117 1524 1170 1576 et
1203 1520 1633 1592 perseveranles
1666 1518 1745 1589 (h.
1799 1518 1937 1573 ﬁde-

273 1610 384 1682 les)
412 1610 801 1666 inﬁrmitates
833 1610 1125 1682 pessimae
1151 1614 1208 1665 et
1240 1613 1549 1681 perpetuas
1581 1608 1660 1678 (h.
1690 1606 1931 1673 ﬁdeles).

272 1701 344 1756 Et
372 1703 681 1755 convertet
711 1700 771 1754 in
803 1703 860 1754 te
882 1714 1086 1754 omnes
1119 1698 1465 1754 afﬂictiones
1512 1697 1762 1769 Egypti,
1788 1713 1938 1767 quas

2056 549 2252 604 sesque
2283 540 2448 588 terras
2489 534 2671 602 illius,
2705 538 3056 594 tentatianes
3090 556 3519 614 magnas,quas
3545 547 3707 604 vide-

2056 628 2194 676 runt
2226 622 2383 676 oculi
2416 623 2525 687 tui,
2586 624 2755 695 signa
2828 626 2929 680 illa
2981 634 3366 702 portentaque
3422 634 3706 705 ingentia.

2058 715 2138 780 (Β.
2175 712 2475 779 CXXXV.)
2508 714 2576 767 Et
2614 731 2730 769 non
2764 715 2923 770 dedit
2951 718 3117 773 vobis
3147 719 3431 778 Dominus
3462 741 3558 780 cor
3613 726 3706 783 in-

2053 800 2349 873 telligens,
2384 807 2438 857 et
2469 801 2670 857 oculos
2690 804 2975 873 videntes,
3010 812 3067 862 et
3100 825 3271 865 aures
3302 826 3429 881 quae
3474 816 3705 885 possint

2054 890 2277 958 audire,
2325 907 2512 961 usque
2542 891 2600 945 in
2651 898 3001 962 praesentem
3059 896 3237 953 diem.
3295 901 3552 958 Adduxit
3602 921 3702 962 vos

2054 982 2448 1053 quadraginta
2479 983 2651 1039 annis
2680 999 2784 1053 per
2812 985 3109 1041 desertum
3136 1005 3153 1041 :
3194 1006 3308 1045 non
3343 999 3484 1049 sunt
3506 996 3703 1053 attrita

2050 1071 2401 1128 vestimenta
2433 1078 2642 1140 vestra,
2700 1090 2804 1129 nec
2845 1074 3239 1134 calceamenta
3295 1083 3511 1151 pedum
3568 1089 3699 1141 tuo-

2049 1177 2182 1217 rum
2218 1163 2238 1195 ²
2270 1166 2560 1217 vetustate
2609 1169 2962 1235 consumpta
3001 1171 3157 1222 sunt.
3194 1169 3405 1226 Panem
3441 1189 3555 1229 non
3604 1190 3702 1229 co-

2050 1249 2308 1319 medisti,
2342 1250 2539 1305 vinum
2572 1256 2629 1306 et
2655 1252 2902 1308 siceram
2963 1272 3078 1310 non
3146 1256 3411 1315 bibistis:
3468 1267 3533 1316 ut
3582 1263 3701 1318 sci-

2047 1339 2209 1407 retis,
2246 1339 2383 1411 quia
2413 1355 2517 1411 ego
2547 1357 2681 1396 sum
2712 1341 3000 1399 Dominus
3032 1350 3183 1401 Deus
3240 1352 3447 1404 vester.
3483 1351 3552 1406 Et
3602 1369 3698 1407 ve-

2049 1428 2219 1483 nistis
2276 1428 2349 1482 ad
2411 1428 2606 1484 locum
2678 1430 2874 1485 hunc:
2944 1448 3337 1505 egressusque
3393 1442 3483 1493 est
3548 1442 3696 1496 Seon

2046 1532 2141 1571 rex
2195 1516 2439 1583 Esebon,
2502 1521 2557 1571 et
2618 1520 2698 1589 0g
2757 1535 2855 1573 rex
2901 1520 3111 1585 Basan,
3171 1530 3543 1583 occurrentes
3592 1544 3697 1583 no-

2045 1605 2137 1659 bis
2168 1606 2238 1658 ad
2268 1619 2551 1675 pugnam.
2591 1607 2655 1660 Et
2687 1609 3090 1676 percussimus
3148 1628 3268 1679 eos,
3330 1620 3386 1669 et
3444 1615 3697 1673 tulimus

2040 1698 2257 1750 terram
2289 1710 2513 1758 eorum,
2544 1711 2609 1749 ac
2642 1696 2991 1753 tradidimus
3023 1700 3437 1769 possidendam
3489 1706 3697 1764 Ruben

269 1788 555 1857 timuisti,
590 1793 649 1843 et
681 1788 1067 1844 adhaerebunt
1095 1788 1226 1843 tibi.
1256 1788 1502 1859 Insuper
1529 1795 1584 1841 et
1630 1786 1933 1841 universos
1966 1815 2013 1881 Β
2043 1788 2099 1839 et
2128 1782 2271 1845 Gad,
2304 1787 2360 1837 et
2390 1782 2647 1881 dimidias
2679 1784 2861 1840 tribui
2892 1787 3182 1845 Manasse.
3208 1791 3510 1849 Custodite
3558 1812 3694 1869 ergo

274 1878 615 1949 languores,
645 1882 703 1932 et
732 1877 970 1949 plagas,
990 1893 1121 1948 quae
1150 1893 1224 1932 no
1249 1880 1429 1932 nsunt
1458 1876 1689 1946 scripta:
1742 1874 1801 1929 in
1842 1890 1935 1929 vo-

274 1966 510 2022 lumine
536 1965 688 2038 legis
743 1966 944 2037 hujus,
998 1967 1228 2021 inducet
1288 1965 1572 2020 Dominus
1625 1980 1802 2035 super
1855 1967 1935 2029 te,

266 2056 457 2111 donec
488 2059 546 2111 te
574 2059 856 2123 conterat,
891 2059 947 2110 et
994 2054 1381 2110 remanebitis
1442 2053 1609 2124 pauci
1666 2068 1932 2117 numero,

266 2144 367 2215 qui
402 2144 571 2215 prius
600 2143 780 2199 eratis
814 2143 983 2199 sicut
1013 2148 1171 2198 astra
1201 2141 1329 2198 coeli
1360 2159 1477 2213 prae
1535 2141 1931 2207 multitudine,

265 2232 554 2305 quoniam
596 2248 712 2287 non
762 2232 978 2286 audisti
1031 2248 1231 2287 vocem
1289 2230 1518 2286 Domini
1561 2231 1662 2286 Dei
1713 2230 1815 2285 tui.
1861 2230 1932 2284 Et

266 2322 426 2378 sicut
457 2323 594 2377 ante
633 2318 863 2375 laetatus
899 2323 989 2375 est
1039 2319 1323 2375 Dominus
1377 2336 1555 2391 super
1609 2335 1734 2386 vos,
1782 2318 1929 2373 bene

270 2410 442 2465 vobis
470 2409 713 2476 faciens,
743 2424 962 2479 vosque
1002 2406 1443 2479 multiplicans:
1504 2407 1587 2462 sic
1636 2407 1930 2461 laetabitur

265 2499 626 2570 disperdens
659 2514 763 2554 vos
780 2502 955 2569 atque
984 2496 1348 2566 subvertens,
1378 2501 1441 2551 ut
1473 2495 1822 2551 auferamini
1857 2496 1928 2549 de

264 2591 450 2656 terra,
471 2588 546 2642 ad
570 2603 751 2658 quam
798 2586 1125 2658 ingrederis
1156 2586 1334 2657 (Vulg.
1380 2584 1750 2657 ingrediaris)
1792 2601 1925 2655 pos-

262 2676 604 2732 sidendam.
640 2675 942 2747 Disperget
962 2679 1016 2730 te
1044 2675 1321 2730 Dominus
1347 2675 1405 2729 in
1429 2690 1634 2730 omnes
1658 2672 1903 2744 populos

267 2782 304 2820 a
334 2764 687 2820 summitate
717 2769 887 2820 terra
916 2779 1101 2835 usque
1130 2764 1200 2818 ad
1233 2763 1512 2818 terminos
1534 2764 1681 2833 ejus,
1717 2768 1774 2817 et
1805 2778 1928 2817 ser-

263 2854 393 2909 vies
425 2854 508 2908 ibi
544 2852 657 2908 diis
688 2851 919 2919 alienis,
950 2868 1099 2924 quos
1121 2856 1177 2907 et
1229 2856 1291 2907 tu
1322 2852 1560 2923 ignoras
1616 2857 1675 2907 et
1732 2856 1927 2921 patres

274 2944 386 3013 tui,
419 2941 606 3015 lignis
638 2946 696 2998 et
725 2940 1043 3014 lapidibus.
1080 2941 1143 2997 In
1191 2942 1467 3014 gentibus
1522 2957 1755 3013 quoque
1808 2939 1927 2995 illis

262 3050 382 3088 non
416 3032 710 3104 quiesces,
747 3046 936 3102 neque
965 3030 1076 3086 erit
1098 3030 1329 3101 requies
1354 3029 1603 3101 vestigio
1628 3030 1792 3101 pedis
1815 3028 1922 3084 tui.

263 3122 443 3176 Dabit
472 3120 628 3175 enim
661 3119 767 3174 tibi
801 3119 1087 3174 Dominus
1126 3118 1205 3173 ibi
1246 3134 1344 3173 cor
1398 3118 1694 3190 pavidum,
1745 3123 1802 3173 et
1832 3119 1928 3173 de-

2044 1872 2217 1927 verba
2258 1872 2410 1941 pacti
2461 1871 2640 1942 hujus
2670 1878 2728 1928 et
2778 1874 3017 1946 implete
3072 1894 3159 1948 ea,
3232 1886 3295 1935 ut
3348 1882 3694 1957 intelligatis

2044 1962 2317 2017 universa
2345 1976 2471 2031 qua:
2505 1962 2713 2017 facitis.
2747 1962 2862 2018 Vos
2893 1966 3064 2021 statis
3084 1967 3255 2023 hodie
3277 1972 3471 2026 cuncti
3495 1989 3693 2030 coram

2043 2053 2287 2105 Domino
2320 2055 2430 2105 Deo
2468 2055 2659 2105 vestro
2692 2052 2985 2125 principes
3018 2057 3218 2129 vestri,
3252 2076 3316 2114 ac
3355 2061 3567 2130 tribus,
3630 2070 3690 2120 et

2043 2140 2295 2209 majores
2328 2143 2679 2210 natu,atque
2695 2141 2983 2208 doctores,
3004 2145 3195 2200 omnis
3219 2148 3474 2218 populus
3491 2151 3689 2223 Israel,

2040 2226 2209 2282 liberi
2242 2234 2297 2283 et
2328 2244 2534 2283 uxores
2573 2235 2798 2293 vestrae,
2829 2235 2887 2286 et
2922 2233 3145 2289 advena
3173 2236 3273 2307 qui
3304 2241 3497 2294 tecum
3562 2258 3692 2297 mo-

2041 2317 2285 2373 raturin
2316 2316 2545 2382 castris,
2578 2320 2832 2389 exceptis
2872 2320 3166 2392 lignorum
3229 2328 3564 2400 csssoribus,
3624 2337 3683 2387 et

2040 2405 2133 2461 his
2155 2407 2255 2477 qui
2287 2411 2656 2478 comportant
2690 2424 2869 2478 aquas
2896 2410 2979 2480 (h.
3038 2411 3453 2487 lignorumque
3511 2436 3685 2476 caeso-

2039 2510 2154 2559 res,
2186 2498 2242 2548 et
2273 2494 2329 2548 hi
2362 2494 2463 2565 qui
2511 2502 2879 2567 comportant
2913 2502 3141 2572 aquas),
3189 2508 3254 2558 ut
3310 2509 3576 2563 transeas
3624 2509 3683 2563 in

2038 2582 2253 2637 l‘aadere
2285 2584 2510 2638 Domini
2544 2586 2640 2639 Dei
2666 2586 2773 2652 tui,
2793 2588 3323 2659 etinjurcjurando
3343 2597 3496 2663 quod
3513 2596 3687 2653 hodie

2040 2671 2320 2726 Dominus
2356 2674 2508 2727 Deus
2539 2678 2676 2729 tuus
2708 2677 2959 2745 percutit
2999 2682 3215 2746 tecum,
3248 2687 3311 2736 ut
3358 2685 3603 2741 suscitet
3632 2693 3690 2742 te

2038 2761 2149 2816 sibi
2184 2762 2243 2815 in
2276 2761 2582 2832 populum,
2614 2770 2670 2817 et
2694 2762 2816 2834 ipse
2845 2765 2922 2819 sit
2952 2766 3107 2821 Deus
3138 2773 3298 2835 tuus,
3333 2771 3487 2828 sicut
3528 2775 3688 2830 locu-

2036 2860 2135 2905 tus
2166 2856 2255 2906 est
2286 2849 2412 2917 tibi,
2437 2856 2494 2905 et
2526 2850 2907 2921 sicutjuravit
2932 2856 3686 2934 patribustuis,Abrabam,

2038 2940 2199 2994 Isaac
2230 2939 2513 2994 etJacob.
2578 2940 2692 2995 Nec
2730 2942 2895 2997 Vobis
2944 2944 3083 2999 solis
3140 2962 3278 3019 ergo
3327 2948 3437 3005 hoc
3496 2951 3686 3008 fmdus

2037 3028 2202 3095 ferio,
2261 3032 2317 3083 et
2370 3028 2489 3083 haec
2540 3030 2877 3098 juramenta
2932 3034 3238 3102 conﬁrmo,
3299 3039 3400 3093 sed
3457 3043 3687 3098 cunctis

2040 3116 2426 3189 praesentibus
2457 3121 2511 3172 et
2541 3117 2905 3175 absentibus.
2937 3121 3054 3177 Vos
3093 3124 3248 3179 enim
3300 3128 3486 3183 nostis
3536 3146 3687 3200 quo-

260 3211 539 3265 ﬁcientes
569 3208 790 3275 oculos,
824 3213 879 3263 et
910 3208 1168 3263 animam
1206 3223 1450 3262 mcerore
1492 3214 1921 3278 consumptam.
1956 3178 1999 3245 Ο
2041 3206 2213 3261 modo
2244 3204 2699 3261 habitaverimus
2729 3207 2785 3261 in
2820 3213 2973 3265 terra
2997 3214 3250 3284 ngypti,
3282 3218 3336 3270 et
3392 3178 3684 3286 quoniodo

254 3299 342 3367 (B.
379 3298 697 3369 CXXXIV.)
724 3296 794 3351 Et
827 3296 935 3352 erit
962 3296 1083 3351 vita
1112 3300 1219 3351 tua
1250 3296 1432 3366 quasi
1475 3296 1737 3368 pendens
1793 3301 1926 3351 ante

249 3387 459 3444 oculos
492 3393 626 3442 tuos
651 3390 667 3422 ι
703 3386 788 3457 (h.
813 3390 947 3440 ante
974 3386 1072 3454 te).
1106 3385 1369 3440 Timebis
1441 3391 1611 3441 nocte
1642 3391 1700 3440 et
1729 3385 1841 3452 die,
1868 3390 1927 3441 et

249 3494 371 3531 non
432 3476 641 3531 credes
708 3476 838 3528 vita
892 3479 1024 3529 tuae.
1101 3478 1271 3529 Mane
1344 3475 1551 3530 dices:
1613 3474 1752 3537 Quis
1780 3472 1926 3529 mihi

251 3566 353 3621 det
380 3579 701 3634 vesperum
727 3563 755 3618 ?
787 3568 845 3619 et
871 3580 1109 3635 vespere
1135 3580 1148 3618 :
1185 3563 1326 3629 Quis
1356 3563 1501 3618 mihi
1558 3564 1655 3619 det
1706 3579 1875 3618 mane
1897 3564 1925 3618 ?

256 3660 511 3727 propter
542 3653 736 3709 cordis
762 3652 850 3708 tui
878 3653 1277 3721 formidinem,
1319 3669 1436 3723 qua
1485 3652 1815 3717 terreberis,
1869 3658 1925 3708 et

255 3747 506 3815 propter
538 3757 606 3797 ea
638 3758 764 3813 quis
794 3740 911 3795 tuis
938 3740 1162 3796 videbis
1188 3740 1393 3796 oculis.
1420 3742 1678 3796 Reducet
1700 3746 1757 3797 te
1812 3741 1921 3797 Do-

254 3832 467 3887 minus
502 3828 796 3885 classibus
828 3830 887 3883 in
922 3829 1257 3901 Egyptum,
1291 3846 1394 3901 per
1413 3830 1569 3885 viam
1603 3831 1673 3885 de
1698 3846 1814 3901 qua
1834 3830 1922 3884 di-

250 3923 335 3977 xit
358 3920 497 3985 tibi,
533 3922 598 3973 ut
627 3933 755 3975 eam
787 3918 1043 3990 amplius
1070 3935 1180 3974 non
1230 3919 1480 3975 videres.
1515 3919 1596 3974 Ibi
1648 3919 1921 3975 venderis

262 4008 536 4065 inimicis
564 4008 685 4063 tuis
715 4006 774 4063 in
807 4023 1002 4063 servos
1020 4012 1076 4064 et
1107 4002 1375 4076 ancillas,
1406 4012 1465 4063 et
1493 4024 1606 4063 non
1657 4008 1767 4064 erit
1821 4008 1921 4080 qui

261 4099 608 4254 θῗνιῗΫχνΙ,
643 4183 773 4255 Cap.
826 4182 1042 4255 XXIX.)
1076 4182 1205 4238 Haec
1236 4187 1375 4238 sunt
1432 4185 1606 4239 verba
1664 4185 1921 4257 foederis,

250 4272 427 4345 quod
464 4272 737 4344 precepit
771 4272 1050 4327 Dominus
1080 4272 1224 4326 Mosi
1255 4275 1319 4327 ut
1348 4272 1544 4328 feriret
1590 4288 1725 4328 cum
1783 4275 1921 4330 ﬁliis

246 4360 445 4417 Israel
478 4360 539 4413 in
573 4365 727 4415 terra
744 4361 912 4415 Moab
942 4376 955 4415 :
981 4366 1191 4431 praeter
1211 4359 1354 4415 illud
1379 4360 1762 4433 fcsdus,quod
1784 4380 1919 4419 cum

242 4450 335 4505 eis
373 4447 606 4520 pepigit
636 4447 695 4503 in
727 4448 938 4504 Horeb.
974 4450 1051 4505 (Ο.
1083 4448 1348 4519 CXLIV.)
1378 4448 1738 4521 Vocavitque
1796 4456 1918 4507 Mo-

2038 3294 2445 3350 transierimus
2490 3312 2589 3365 per
2622 3297 2881 3352 medium
2915 3301 3240 3372 nationum,
3285 3321 3432 3375 quas
3486 3312 3686 3363 trans-

2036 3392 2259 3450 euntes,
2291 3382 2521 3438 vidistis
2556 3384 3023 3443 abominationes
3055 3395 3112 3444 et
3169 3392 3392 3459 sordes,
3455 3395 3510 3448 id
3572 3402 3681 3465 est,

2032 3471 2192 3527 idola
2225 3488 2449 3539 eorum,
2482 3471 2710 3543 lignum
2742 3480 2798 3528 et
2837 3474 3117 3544 lapidem,
3150 3484 3457 3551 argentum
3489 3488 3548 3539 et
3576 3502 3683 3539 au-

2034 3577 2187 3623 rum,
2220 3577 2347 3632 quae
2380 3559 2666 3616 colebant.
2700 3562 2782 3616 Ne
2812 3564 2955 3618 forte
2986 3564 3062 3619 sit
3094 3566 3246 3621 inter
3277 3586 3381 3625 vos
3436 3571 3526 3625 vir
3583 3577 3687 3628 aut

2034 3649 2267 3718 mulier,
2318 3648 2542 3704 familia
2588 3656 2689 3705 aut
2745 3651 2957 3721 tribus,
3017 3655 3189 3724 cujus
3248 3673 3346 3713 cor
3410 3676 3682 3718 aversum

2031 3743 2120 3794 est
2188 3738 2358 3793 hodie
2414 3755 2447 3791 a
2506 3738 2754 3795 Domino
2807 3741 2915 3796 Deo
2978 3748 3198 3811 nostro,
3263 3751 3329 3801 ut
3398 3750 3571 3804 vadat
3630 3756 3687 3806 et

2031 3827 2245 3883 serviat
2301 3827 2414 3882 diis
2471 3826 2705 3882 illarum
2765 3829 3051 3899 gentium,
3112 3837 3169 3887 et
3224 3834 3302 3889 sit
3351 3834 3505 3891 inter
3577 3855 3682 3895 vos

2030 3916 2193 3971 radix
2264 3916 2604 3987 germinans
2690 3917 2762 3973 lel
2822 3922 2878 3973 et
2963 3921 3441 3979 amaritudinem.
3502 3926 3682 3981 Cum-

2029 4020 2142 4075 que
2202 4004 2451 4059 audierit
2506 4006 2680 4060 verba
2728 4006 3052 4076 juramenti
3110 4008 3313 4079 hujus,
3373 4012 3683 4070 benedicat

2028 4094 2143 4150 sibi
2174 4093 2234 4148 in
2268 4094 2439 4148 corde
2489 4110 2618 4163 suo,
2653 4094 2873 4149 dicens.
2926 4102 3042 4151 Pax
3097 4098 3210 4153 erit
3241 4099 3409 4168 mihi,
3444 4106 3501 4158 et
3550 4119 3677 4158 am-

2028 4184 2239 4240 bulabo
2273 4183 2331 4237 in
2357 4183 2636 4253 pravitate
2666 4185 2860 4240 cordis
2906 4186 3041 4257 mei,
3088 4192 3143 4243 et
3195 4196 3461 4246 assumat
3517 4193 3680 4249 ebria

2028 4272 2325 4327 sitientem
2354 4274 2394 4325 ¹.
2429 4277 2484 4326 et
2515 4272 2797 4328 Dominus
2830 4290 2945 4328 non
2975 4272 3243 4346 ignoscat
3270 4280 3362 4333 ei:
3395 4280 3496 4335 sed
3537 4285 3677 4337 tunc

2028 4376 2205 4430 quam
2241 4359 2492 4414 maxime
2522 4360 2683 4415 furor
2712 4362 2841 4430 ejus
2872 4367 3085 4432 sumet,
3135 4370 3193 4418 et
3248 4366 3411 4422 zelus
3476 4375 3680 4425 contra

2028 4448 2328 4504 hominem
2361 4448 2549 4518 illum,
2584 4455 2640 4504 et
2672 4450 2915 4505 sedeant
2944 4452 3026 4522 (h.
3065 4457 3121 4507 et
3170 4456 3535 4528 recumbant)
3584 4476 3677 4514 su-

246 4556 351 4595 ses
389 4552 629 4592 omnem
657 4537 861 4605 Israel,
896 4543 955 4593 et
986 4536 1133 4593 dixit
1182 4538 1253 4592 ad
1309 4554 1407 4593 eos
1435 4554 1448 4592 :
1506 4538 1625 4593 Vos
1682 4539 1915 4596 vidistis
1950 4558 1997 4623 D
2032 4554 2130 4610 per
2159 4553 2293 4592 eum
2324 4537 2519 4593 omnia
2553 4537 2886 4609 maledicta,
2912 4557 3041 4611 quas
3064 4542 3283 4613 scripta
3310 4550 3449 4600 sunt
3479 4546 3537 4600 in
3571 4546 3681 4603 hoc

244 4627 563 4694 universa,
596 4641 721 4696 quae
761 4624 900 4681 fecit
928 4625 1213 4681 Dominus
1245 4642 1441 4682 coram
1473 4626 1636 4682 vobis
1669 4627 1728 4682 in
1762 4632 1916 4684 terra
2022 4625 2336 4692 volumine,
2371 4630 2429 4682 et
2460 4626 2651 4682 deleat
2685 4627 2966 4684 Dominus
2990 4646 3201 4686 nomen
3225 4633 3355 4703 ejus
3377 4634 3487 4690 sub
3509 4636 3675 4705 ccelo,

326 4789 349 4822 ι
382 4784 697 4857 Primume
742 4784 1130 4857 Septuaginta
1175 4785 1600 4857 Interpretibus
1658 4790 1915 4844 mutuati
2022 4785 2161 4853 pede
2190 4792 2301 4857 tuo,
2332 4789 2443 4839 etc.

243 4863 409 4915 sunt
428 4856 643 4930 Latini,
664 4866 791 4913 ante
819 4855 1007 4912 oculos
1035 4855 1379 4930 tuos,_quod_
1408 4858 1695 4930 scriptum
1743 4876 1912 4930 repe-

242 4933 419 4987 ritur
447 4931 508 4983 in
531 4928 761 4984 Canone
790 4934 849 4983 et
875 4930 1076 4998 paucis
1106 4926 1239 4983 aliis
1260 4926 1699 4998 antiquioribus
1762 4926 1909 4986 mss.

244 5000 610 5059 codicibus:
647 5015 925 5055 successu
978 5015 1112 5055 vero
1163 5003 1496 5069 temporum
1569 5016 1600 5054 e
1657 5002 1916 5058 Canonis

242 5071 578 5144 marginali
609 5070 1067 5126 sobolioluxisse
1103 5070 1411 5144 videturin
1435 5071 1633 5144 plures
1680 5074 1915 5129 Latinos

242 5140 522 5209 codices,
552 5147 677 5197 ante
705 5148 775 5206 te,
812 5158 948 5197 nam
979 5158 1115 5197 cum
1137 5142 1309 5198 editis
1338 5140 1725 5199 ita’maxima
1776 5161 1913 5215 pars

246 5219 559 5274 librorum
592 5230 736 5269 mss.
752 5218 939 5269 MART.

320 5290 346 5322 ³
384 5291 555 5343 Unus
585 5284 803 5341 Canon.
838 5282 1131 5339 Hebraicis
1161 5282 1423 5339 veritatis
1453 5299 1653 5339 veram
1699 5284 1792 5341 hic
1826 5302 1915 5341 re-

246 5360 466 5417 tinete
502 5373 610 5413 suo
641 5357 800 5412 fonte
830 5354 1177 5410 lectionem:
1212 5354 1402 5410 caateri
1435 5358 1562 5411 tum
1597 5355 1758 5424 editi,
1787 5362 1911 5413 tum

246 5448 404 5487 mea.
431 5429 659 5484 habent
687 5430 896 5499 pedum
924 5434 1216 5499 vestorum.
1252 5433 1438 5499 MAa'r.

328 5533 403 5543 ——-
432 5501 541 5555 Hic
570 5497 807 5572 quoque
836 5498 1021 5572 nostri
1052 5514 1195 5572 mss.
1228 5503 1285 5552 et
1314 5498 1578 5572 plerique
1634 5497 1733 5552 alii
1756 5500 1912 5571 apud

239 5568 669 5631 Martianeum
702 5568 837 5627 cum
868 5569 1137 5640 Vulgatis
1178 5568 1495 5626 vestrorum
1548 5568 1753 5640 legunt
1799 5568 1912 5642 pro

234 5652 499 5704 tuorum.
526 5644 698 5701 Hebr.
731 5643 804 5699 ad
833 5642 1111 5707 litteram,
1159 5643 1591 5698 calciamentum
1646 5646 1804 5698 tuum
1853 5660 1917 5698 ιη

2095 4858 2232 4937 3nlta
2261 4856 2457 4937 Canon
2496 4856 2842 4937 HeAvaerit,
2874 4874 2960 4937 ac
3000 4861 3389 4937 manuscripti
3447 4881 3672 4937 omnes,

2025 4927 2242 5000 quibus
2272 4928 2595 5000 concinunt
2627 4928 2753 4999 Syr.
2786 4928 3014 4983 Chaldr.
3050 4936 3107 4986 et
3129 4927 3325 4987 Arabs
3365 4951 3494 4990 cum
3542 4927 3675 4991 ver-1

2026 4999 2189 5055 sione
2216 4999 2601 5053 Samaritana.
2635 5000 2852 5054 Sensus
2883 5002 3190 5057 obscurior
3211 5008 3301 5059 est
3322 5005 3377 5060 in
3412 5008 3585 5063 editis
3608 5025 3676 5063 ex

2027 5071 2348 5127 mutatione
2380 5070 2554 5124 unius
2576 5070 2866 5137 litterulae,
2898 5088 2923 5126 s
2956 5090 3163 5145 nempe
3193 5075 3253 5129 in
3299 5077 3349 5145 b,
3400 5079 3670 5149 absumat,

2025 5149 2214 5199 MART.

2094 5244 2164 5254 —-
2192 5211 2442 5267 Urbinas
2476 5227 2612 5281 ms.,
2655 5218 2905 5268 assumat
2942 5213 3131 5269 ebrius
3160 5217 3457 5272 sitientem.
3504 5219 3671 5274 Haud

2026 5290 2222 5340 autem
2258 5284 2397 5356 scio,
2431 5299 2572 5356 num
2607 5286 2826 5339 rectius
2856 5285 3089 5356 Vulgati
3122 5286 3377 5342 habeant
3398 5291 3673 5355 absumat,

2025 5356 2179 5427 quod
2211 5355 2404 5410 Sixtus
2437 5354 2484 5407 V
2515 5357 2716 5425 reponi
2742 5357 2926 5426 jussit
2965 5354 3022 5411 in
3056 5357 3275 5412 Latinis
3329 5360 3560 5424 Bibliis,
3620 5354 3678 5416 et

2027 5428 2332 5482 commode
2367 5431 2562 5498 potest
2592 5428 2663 5482 ab
2700 5440 2820 5488 'tDN
2868 5428 3105 5482 Hebraeo
3163 5429 3440 5486 derivari.
3511 5431 3681 5488 Certe

2025 5502 2310 5573 obscurus
2350 5503 2556 5573 suopte
2588 5498 2824 5573 ingenio
2845 5498 3006 5573 locus
3036 5499 3276 5573 minime
3306 5501 3390 5573 ﬁt,
3426 5507 3491 5557 ut
3509 5507 3678 5573 putat

2026 5570 2432 5646 Martianwus,
2461 5571 2568 5625 hac
2614 5569 2865 5646 lectione
2899 5569 3222 5646 obscurior,
3258 5571 3396 5641 quia
3452 5569 3682 5646 planior

2023 5640 2383 5699 doctissimis
2413 5640 2839 5712 Interpretibus
2869 5642 3033 5697 visus
3064 5643 3170 5697 est.
