4068 6172
369 315 476 371 495

1424 314 1483 367 S.
1525 308 1931 366 HIERONYMI
1969 309 2222 364 DIVINA
2258 309 2758 368 BIBLIOTHECA.

3685 311 3793 366 496

374 444 432 497 et
461 441 773 498 consumat
791 454 923 495 eum
954 436 1013 492 in
1045 435 1430 509 perditionem
1461 451 1530 491 ex
1590 433 1868 490 omnibus
1926 431 2021 488 tri-
2050 436 2104 503 Α
2135 433 2405 506 praecipio
2439 435 2543 492 tibi
2575 436 2769 505 hodie,
2813 454 2928 493 non
2962 453 3144 509 supra
3169 440 3227 492 te
3257 439 3367 504 est,
3429 451 3620 509 neque
3651 452 3793 509 pro-

374 530 569 586 bubus
602 527 970 607 Israel,juata
1000 525 1445 582 maledictiones
1475 524 1679 596 quasin
1701 523 1850 579 libro
1877 522 2025 595 legis

373 619 556 690 hujus
583 636 649 675 ac
674 617 908 674 fcsderis
967 616 1364 671 continentur.
1440 615 1712 684 Dicetque
1768 628 2024 683 sequens

371 707 693 781 generatio,
724 710 781 763 et
812 705 912 761 ﬁlii
944 706 1045 778 qui
1078 708 1395 760 nascentur
1414 704 1713 775 deinceps,
1764 706 1821 758 et
1860 716 2026 773 pere-

366 797 540 870 grini,
572 796 673 869 qui
695 797 766 852 de
794 796 966 867 longe
995 793 1280 862 venerint,
1312 794 1573 849 videntes
1603 791 1805 863 plagas
1854 796 2020 846 terras

364 888 545 957 illius,
578 892 637 943 et
661 886 1055 953 infirmitates,
1088 882 1306 955 quibus
1346 899 1471 938 eam
1514 881 1787 937 afflixerit
1832 877 2023 934 Domi-

369 993 504 1046 nus,
537 974 820 1047 sulphure
849 977 906 1030 et
951 972 1091 1029 salis
1136 972 1340 1027 ardore
1387 971 1763 1036 comburens,
1814 968 1895 1023 ita
1961 970 2026 1022 ut

369 1063 549 1122 fultra
571 1082 686 1121 non
719 1068 967 1131 seratur,
1002 1078 1105 1119 nec
1135 1062 1332 1117 virens
1364 1060 1669 1132 quidpiam
1717 1057 2022 1129 germinet,

371 1154 431 1211 in
464 1154 798 1227 exemplum
831 1151 1235 1208 subversionis
1262 1150 1526 1206 Sodomae
1558 1153 1615 1204 et
1666 1146 2022 1214 Gomorrhae,

372 1248 604 1303 Adamw
633 1249 691 1300 et
719 1242 971 1311 Seboim,
1006 1257 1153 1313 quas
1185 1240 1474 1296 subvertit
1508 1238 1786 1294 Dominus
1824 1235 1884 1291 in
1935 1234 2023 1291 ira

374 1340 431 1392 et
461 1336 654 1391 furore
685 1349 813 1389 suo.
845 1333 915 1387 Et
944 1331 1140 1386 dicent
1170 1345 1375 1386 omnes
1406 1333 1609 1401 gentes
1639 1344 1658 1382 :
1700 1328 1887 1390 Quare
1940 1324 2025 1379 sic

372 1424 510 1481 fecit
539 1423 821 1479 Dominus
849 1426 1015 1479 terra)
1046 1419 1227 1475 huic?
1258 1434 1385 1490 quea
1416 1423 1505 1473 est
1535 1417 1622 1472 ira
1651 1414 1863 1471 furoris
1896 1414 2023 1482 ejus

376 1512 717 1571 immensa?
764 1512 831 1567 Et
877 1510 1354 1582 respondebunt:
1389 1506 1537 1573 Quia
1584 1504 2027 1575 dereliquerunt

376 1606 614 1676 pactum
646 1599 900 1671 Domini,
934 1599 1088 1671 quod
1122 1597 1345 1669 pepigit
1400 1611 1534 1651 cum
1595 1593 1861 1666 patrihus
1924 1607 2025 1647 eo-

376 1708 533 1759 rum,
561 1691 795 1760 quando
836 1687 1036 1745 eduxit
1062 1703 1162 1743 eos
1194 1686 1266 1741 de
1295 1691 1460 1741 terra
1501 1683 1753 1755 Egypti,
1780 1686 1837 1736 et
1902 1696 2026 1735 ser-

371 1782 604 1838 vierunt
633 1779 746 1834 diis
776 1776 1003 1845 alienis,
1038 1780 1095 1832 et
1125 1774 1516 1831 adoraverunt
1550 1786 1672 1840 eos,
1717 1787 1866 1842 quos
1924 1784 2025 1824 ne-
2056 1815 2103 1881 B

437 1869 450 1880 ο
493 1870 505 1881 ι
615 1871 626 1881 ι
723 1871 733 1881 ι
855 1865 890 1881 ιι
1172 1863 1399 1881 ρκκνκᾼῄι
1450 1860 1712 1881 -1L..2L__A:
1746 1876 1756 1881 -
1809 1858 2024 1881 2.1-2..--

370 1869 654 1937 sciebant,
685 1871 741 1923 et
771 1865 988 1938 quibus
1018 1881 1135 1920 non
1169 1863 1403 1918 fuerant
1447 1860 1712 1917 attributi
1739 1876 1757 1914 :
1809 1858 2027 1914 idcirco

371 1959 559 2015 iratus
591 1961 681 2014 est
713 1957 877 2012 furor
905 1952 1141 2011 Domini
1192 1955 1393 2007 contra
1441 1954 1657 2005 terram
1708 1948 1907 2014 istam,
1964 1950 2029 2002 ut

377 2049 676 2104 induceret
715 2061 890 2118 super
923 2060 1051 2100 eam
1084 2040 1281 2098 omnia
1308 2038 1637 2107 maledicta,
1666 2054 1792 2109 quae
1831 2037 1890 2091 in
1918 2037 2028 2092 hoc

376 2136 676 2194 volumine
696 2133 916 2206 scripta
943 2136 1104 2202 sunt,
1133 2134 1189 2187 et
1219 2129 1389 2201 ejecit
1430 2144 1530 2184 eos
1582 2128 1653 2182 de
1707 2130 1864 2194 terra
1919 2143 2026 2182 sua

382 2226 444 2283 in
476 2226 582 2290 ira,
634 2224 777 2280 etin
810 2224 1004 2278 furore
1060 2225 1118 2277 et
1169 2221 1229 2275 in
1285 2218 1689 2289 indignatione
1749 2215 2022 2272 maxima.

387 2315 470 2387 (Β.
504 2312 790 2379 CXXXVI,
842 2312 904 2367 C.
971 2309 1210 2370 CXLV.)
1258 2307 1623 2378 Projecitque
1680 2306 1738 2360 in
1809 2310 2023 2360 terram

381 2403 657 2469 alienam,
689 2403 843 2458 sicut
873 2399 1045 2456 hodie
1074 2397 1506 2468 comprobatur.
1540 2394 1898 2450 Abscondita
1924 2395 2025 2449 Do-

380 2493 540 2549 mino
571 2491 686 2547 Deo
718 2493 1119 2559 nostro:quaa
1177 2485 1486 2541 manifesta
1544 2487 1683 2540 sunt
1740 2481 1909 2538 nobis
1966 2486 2024 2538 et

377 2580 515 2638 ﬁliis
541 2580 757 2637 nostris
798 2594 986 2650 usque
1014 2578 1075 2632 in
1101 2580 1404 2645 aeternum,
1441 2578 1505 2629 ut
1553 2573 1840 2629 faciamus
1889 2571 2020 2627 uni-

380 2686 549 2727 versa
576 2669 754 2725 verba
780 2666 927 2740 legis
958 2665 1160 2737 hujus.

448 2796 603 2867 (Cap.
632 2792 828 2861 XXX.)
861 2791 1005 2848 Cum
1036 2806 1173 2862 ergo
1204 2789 1469 2845 venerint
1499 2804 1678 2860 super
1711 2792 1765 2843 te
1813 2802 2018 2842 omnes

375 2900 675 2941 sermones
704 2879 1158 2949 isti,benedictio
1189 2879 1311 2935 sive
1337 2878 1869 2947 maledictio,quam
1889 2893 2019 2947 pro-

369 2973 541 3047 posui
566 2973 627 3028 in
660 2973 977 3042 conspectu
994 2974 1113 3035 tuo,
1128 2972 1192 3022 ut
1212 2969 1425 3023 ductus
1447 2966 1811 3039 paenitudine
1824 2965 2017 3021 cordis

368 3063 457 3119 tui
485 3062 545 3117 in
577 3059 866 3118 universis
887 3057 1180 3129 gentibus,
1212 3057 1436 3128 inquas
1454 3055 1797 3127 disperserit
1822 3059 1878 3109 te
1902 3059 2012 3109 Do-

2134 522 2227 577 cul
2260 524 2539 595 positum,
2575 541 2679 581 nec
2711 526 2770 581 in
2813 526 2954 582 coelo
2999 526 3202 596 situm,
3240 532 3303 581 ut
3350 526 3542 598 possis
3574 526 3787 582 dicere.

2131 611 2272 674 Quis
2307 618 2574 669 nostrum
2605 616 2676 670 ad
2709 615 2919 672 coelum
2952 615 3103 672 valet
3132 617 3545 684 conscendere,
3579 619 3644 671 ut
3682 616 3791 671 de-

2134 699 2282 755 ferat
2314 701 2434 755 ilud
2474 703 2543 757 ad
2580 720 2707 771 nos,
2741 712 2798 760 et
2825 705 3143 760 audiamus
3175 710 3354 776 atque
3393 720 3565 777 opere
3624 720 3786 760 com-

2134 789 2400 860 pleamus
2422 791 2449 845 ?
2480 792 2680 865 Neque
2713 798 2877 850 trans
2911 811 3071 852 mare
3094 795 3376 867 positum,
3412 798 3475 849 ut
3494 793 3783 863 causeris,

2133 884 2189 933 et
2218 879 2378 935 dicas
2413 899 2425 936 :
2462 883 2603 947 Quis
2635 900 2665 939 e
2696 886 2866 941 nobis
2897 884 3278 941 transfretare
3326 886 3541 957 poterit
3598 901 3783 951 mare,

2133 971 2190 1021 et
2219 967 2363 1023 illud
2391 971 2462 1025 ad
2496 988 2603 1028 nos
2636 990 2823 1045 usque
2855 976 3097 1043 deferre,
3133 981 3198 1030 ut
3229 975 3526 1046 possimus
3577 974 3785 1030 audire

2134 1059 2190 1109 et
2222 1056 2407 1114 facere
2427 1061 2580 1131 quod
2614 1067 2966 1135 praeceptum
3001 1063 3137 1120 est?
3193 1064 3303 1120 Sed
3353 1064 3522 1135 juxta
3578 1068 3636 1135 te
3694 1066 3786 1118 est

2134 1161 2324 1202 sermo
2355 1149 2521 1205 valde
2554 1151 2611 1206 in
2645 1168 2742 1208 ore
2770 1157 2891 1221 tuo,
2925 1157 2982 1210 et
3011 1155 3067 1209 in
3099 1156 3273 1210 corde
3301 1158 3426 1223 tuo,
3488 1158 3552 1210 ut
3604 1154 3789 1209 facias

2136 1234 2324 1292 illum.
2360 1237 2443 1310 (Β.
2477 1239 2805 1311 CXXXVII,
2839 1243 2897 1299 C.
2949 1244 3232 1316 CXLVII.)
3264 1244 3581 1301 Considera
3627 1244 3787 1315 quod

2135 1323 2307 1381 hodie
2347 1329 2754 1399 proposuerim
2784 1331 2841 1387 in
2875 1337 3189 1404 conspectu
3225 1337 3326 1389 tuo
3356 1332 3535 1389 vitam
3558 1334 3629 1405 ,et
3677 1332 3790 1389 bo-

2137 1430 2298 1482 num,
2322 1421 2379 1471 et
2407 1432 2437 1471 e
2466 1419 2757 1476 contrario
2790 1425 3035 1478 mortem
3064 1425 3122 1478 et
3151 1422 3397 1489 malum,
3452 1426 3517 1477 ut
3569 1421 3789 1494 diligas

2136 1501 2448 1561 Dominum
2484 1506 2666 1563 Deum
2698 1514 2890 1577 tuum,
2925 1515 2982 1566 et
3012 1511 3281 1567 ambules
3311 1512 3370 1567 in
3396 1512 3506 1567 viis
3548 1512 3697 1582 ejus,
3731 1514 3793 1567 et

2135 1594 2433 1649 custodias
2466 1599 2744 1654 mandata
2764 1598 2922 1654 illius
2956 1604 3014 1655 et
3034 1600 3413 1656 caeremonias
3429 1600 3790 1671 atquejudi-

2135 1680 2245 1748 cia,
2278 1686 2333 1737 et
2363 1682 2540 1750 vivas,
2566 1702 2632 1740 ac
2663 1686 3022 1759 multiplicet
3053 1692 3131 1753 te,
3193 1688 3618 1760 benedicatque
3671 1686 3783 1743 tibi

2136 1768 2194 1823 in
2228 1776 2397 1838 terra,
2424 1774 2493 1828 ad
2529 1790 2705 1846 quam
2739 1776 3066 1849 ingrederis
3092 1777 3531 1850 possidendam.
3554 1777 3653 1833 Sin
3674 1794 3783 1833 au-

2138 1861 2258 1914 tem
2291 1877 2561 1918 aversum
2595 1864 2772 1920 fuerit
2802 1881 2901 1921 cor
2930 1870 3123 1937 tuum,
3156 1872 3212 1922 et
3255 1867 3461 1922 audire
3498 1866 3788 1935 nolueris,

2139 1952 2317 2019 atque
2344 1966 2540 2007 errore
2569 1953 2852 2025 deceptus
2883 1955 3218 2012 adoraveris
3258 1957 3399 2011 deos
3445 1955 3690 2024 alienos,
3726 1960 3789 2011 et

2138 2037 2406 2095 servieris
2437 2040 2557 2097 eis:
2593 2044 2845 2114 praedico
2877 2044 2984 2100 tibi
3014 2045 3186 2101 hodie
3235 2046 3390 2117 quod
3450 2061 3675 2118 pereas,
3727 2050 3791 2101 et

2136 2142 2312 2197 parvo
2344 2132 2605 2202 tempore
2628 2132 2875 2189 moreris
2911 2134 2968 2189 in
3002 2138 3176 2201 terra,
3209 2137 3280 2190 ad
3306 2150 3482 2206 quam
3527 2135 3793 2191 Jordane

2129 2218 2835 2292 transmisso,ingrederis
2859 2223 3389 2296 possidendam.(B.
3416 2222 3788 2293 CXXXVIII.)

2135 2304 2373 2361 Tesotes
2405 2307 2593 2365 invico
2625 2308 2797 2366 hodie
2818 2312 3030 2367 coelum
3066 2316 3123 2368 et
3181 2317 3420 2382 terram,
3450 2313 3606 2384 quod
3652 2330 3791 2384 pre-

2133 2395 2429 2464 posuerim
2463 2398 2624 2453 vobis
2654 2400 2831 2455 vitam
2883 2406 2940 2457 et
2985 2406 3256 2469 mortem,
3315 2401 3788 2457 benedictionem

2130 2488 2187 2537 et
2209 2483 2697 2542 maledictionem.
2722 2488 2885 2561 Elige
2912 2506 3049 2562 ergo
3081 2491 3284 2557 vitam,
3309 2496 3372 2546 ut
3400 2497 3456 2546 et
3480 2496 3544 2546 tu
3595 2490 3783 2561 vivas,

2130 2576 2187 2625 et
2216 2588 2415 2628 semen
2446 2578 2638 2642 tuum,
2699 2581 2756 2632 et
2788 2577 3002 2650 diligas
3028 2580 3338 2635 Dominum
3366 2580 3551 2636 Deum
3587 2585 3785 2648 tuum,

2125 2664 2299 2730 atque
2329 2662 2568 2720 obedias
2600 2665 2723 2720 voci
2756 2667 2907 2737 ejus,
2942 2673 2999 2723 et
3030 2668 3113 2723 illi
3143 2669 3443 2725 adhaereas
3474 2670 3625 2741 (ipse
3683 2675 3779 2724 est

2124 2749 2281 2804 enim
2304 2750 2423 2805 vita
2452 2756 2573 2823 tua,
2607 2757 2663 2809 et
2694 2754 3003 2827 longitudo
3028 2758 3259 2814 dierum
3275 2762 3554 2828 tuorum),
3587 2763 3650 2813 ut
3676 2758 3784 2813 ha.-

2122 2836 2272 2893 bites
2304 2840 2363 2894 in
2397 2846 2569 2912 terra,
2604 2858 2706 2913 pro
2756 2846 3116 2915 quajuravit
3151 2848 3431 2903 Dominus
3493 2846 3769 2918 patribus

2126 2925 2267 2995 tuis,
2301 2926 2621 2996 Abraham,
2657 2933 2841 3000 Isaac,
2873 2938 2930 2988 et
2956 2935 3160 3001 Jacob,
3194 2940 3256 2991 ut
3286 2936 3452 2992 daret
3475 2952 3605 2991 eam
3631 2935 3782 2991 illis.

2191 3052 2279 3119 (Τ.
2302 3052 2471 3121 XVII,
2502 3058 2559 3109 ο.
2591 3056 2882 3124 CXLVIII,
2920 3059 3060 3128 Cap.
3092 3060 3325 3128 XXXI.)
3349 3060 3510 3116 Abiit
3565 3061 3774 3133 itaque

371 3150 570 3207 minus
602 3154 752 3206 Deus
779 3153 941 3217 tuus,
972 3151 1031 3203 et
1050 3160 1315 3201 reversus
1332 3145 1508 3200 fuerit
1528 3145 1599 3200 ad
1613 3159 1771 3211 eum,
1794 3149 1851 3198 et
1871 3143 2015 3198 obe-
2050 3184 2092 3252 Ο
2129 3141 2413 3207 Moses,et
2442 3142 2676 3201 locutus
2709 3151 2798 3201 est
2819 3148 3018 3203 omnia
3046 3151 3224 3204 verba
3266 3150 3385 3205 haec
3417 3151 3489 3205 ad
3536 3150 3776 3205 uuiver-

387 3242 426 3252 .-
504 3240 516 3252 ο
623 3239 635 3252 ο
739 3239 749 3249 -
931 3236 965 3247 σθ
1089 3235 1131 3252 9,
1189 3238 1199 3252 ι
1283 3250 1335 3252 h,
1376 3234 1403 3252 ι-
1427 3233 1537 3252 -39,
1573 3250 1673 3252 ᾉηη
1698 3232 1833 3252 _!,,!_
1889 3231 1988 3252 13L!
2132 3246 2258 3252 _--__
2289 3230 2456 3252 I-.__-l
2522 3237 2565 3252 ,ι
2612 3234 2654 3252 κιο
2705 3235 2737 3252 ιι
2830 3236 2843 3252 1
3049 3238 3084 3252 n
3170 3246 3179 3252 .
3365 3240 3375 3250 ι
3425 3238 3437 3251 ο
3492 3239 3527 3252 .-

371 3240 553 3298 dieris
585 3239 714 3309 ejus
737 3236 1022 3310 imperiis,
1055 3235 1209 3291 sicut
1238 3250 1344 3306 ego
1376 3233 1547 3290 hodie
1567 3232 1840 3305 praecipio
1886 3231 2013 3300 tibi,

372 3347 505 3386 cum
539 3328 676 3384 ﬁliis
710 3327 851 3393 tuis,
910 3327 969 3380 in
1001 3329 1121 3380 toto
1147 3324 1318 3380 corde
1347 3327 1470 3390 tuo,
1502 3327 1562 3379 et
1586 3323 1647 3377 in
1668 3326 1790 3379 tota
1821 3322 2019 3379 anima

368 3418 736 3475 tua:reducet
757 3414 1038 3471 Dominus
1064 3412 1220 3469 Deus
1241 3418 1380 3468 tuus
1400 3410 1798 3482 captivitatem
1823 3417 2011 3480 tuam,

373 3525 440 3564 ac
471 3505 846 3563 miserebitur
875 3503 1292 3569 tui,etrursum
1313 3500 1688 3573 congregabit
1720 3504 1772 3555 te
1792 3500 2018 3555 decun-

367 3596 476 3652 ctis
506 3593 762 3668 populis,
789 3593 850 3648 in
881 3608 1029 3662 quos
1051 3596 1109 3646 te
1130 3595 1263 3646 ante
1292 3589 1591 3660 dispersit.
1624 3589 1679 3643 Si
1713 3589 1779 3643 ad
1819 3588 2014 3643 cardi-

369 3703 473 3743 nes
501 3684 630 3741 ccsli
662 3682 843 3739 fueris
874 3680 1226 3752 dissipatus,
1256 3679 1393 3733 inde
1422 3683 1481 3734 te
1514 3677 1770 3733 retrahet
1813 3678 2011 3733 Domi-

368 3792 481 3831 nus
498 3776 648 3830 Deus
666 3778 830 3841 tuus,
862 3776 920 3826 et
938 3774 1225 3837 assumet,
1250 3772 1427 3839 atque
1450 3767 1786 3823 introducet
1813 3767 1871 3821 in
1895 3770 2011 3822 ter-

367 3881 516 3928 ram,
550 3878 725 3935 quam
760 3859 1155 3932 possederunt
1186 3861 1381 3928 patres
1435 3856 1543 3925 tui,
1603 3861 1660 3911 et
1717 3856 2009 3911 obtinebis

363 3971 516 4021 eam,
547 3956 605 4008 et
636 3949 984 4006 benedicens
1018 3946 1149 4013 tibi,
1177 3945 1416 4015 majoris
1437 3944 1665 3999 numeri
1697 3948 1754 3999 te
1783 3960 1912 3999 esse
1933 3945 2011 3999 fa-

361 4045 475 4101 ciet
505 4056 682 4114 quam
712 4039 951 4094 fuerunt
976 4039 1169 4109 patres
1190 4034 1296 4089 tui.
1316 4032 1705 4090 Circumcidet
1726 4033 2009 4089 Dominus

361 4138 513 4190 Deus
533 4136 672 4187 tuus
706 4144 804 4184 cor
831 4130 1020 4193 tuum,
1053 4128 1111 4179 et
1141 4139 1239 4179 cor
1270 4121 1513 4178 seminis
1546 4121 1654 4191 tui,
1700 4126 1763 4176 ut
1797 4120 2006 4193 diligas

359 4221 673 4279 Dominum
702 4222 885 4273 Deum
914 4219 1083 4270 tuum
1113 4212 1173 4268 in
1198 4218 1317 4268 toto
1350 4213 1521 4268 corde
1564 4215 1686 4281 tuo,
1718 4216 1774 4266 et
1794 4210 1852 4265 in
1884 4215 2007 4267 tota

360 4311 560 4367 anima
589 4312 712 4373 tua,
744 4310 801 4362 et
830 4303 1023 4376 possis
1046 4302 1254 4358 vivere.
1288 4301 1500 4356 Omnes
1524 4305 1721 4356 autem
1757 4300 2001 4355 maledi-

356 4398 581 4455 ctiones
601 4396 710 4451 bas
739 4395 1040 4450 convertet
1070 4407 1248 4463 super
1275 4389 1547 4445 inimicos
1586 4392 1742 4455 tuos,
1792 4398 1846 4443 et
1902 4405 2001 4445 eos

357 4487 457 4560 qui
490 4486 760 4551 oderunt,
786 4487 866 4551 te,
897 4486 955 4537 et
985 4483 1439 4551 persequuntur.
1471 4478 1552 4533 Tu
1586 4482 1782 4533 autem
1815 4494 2000 4533 rever-

2129 3246 2262 3285 sum
2286 3230 2481 3300 Israel,
2514 3237 2567 3288 et
2601 3234 2745 3290 dixit
2775 3236 2845 3291 ad
2889 3254 3021 3293 eos:
3046 3238 3291 3294 Centum
3323 3238 3529 3311 viginti
3591 3256 3785 3295 anno-

2128 3335 2259 3374 rum
2292 3338 2423 3376 sum
2460 3321 2649 3388 hodie,
2685 3341 2798 3379 non
2814 3341 3053 3396 possum
3073 3326 3227 3382 ultra
3245 3328 3787 3401 egredietingredi,

2127 3409 2492 3479 przssertium
2524 3428 2660 3467 cum
2711 3418 2768 3468 et
2814 3413 3098 3471 Dominus
3153 3410 3363 3472 dixerit
3410 3417 3603 3472 mihi:
3650 3417 3783 3473 Non

2124 3499 2412 3555 transibis
2432 3500 2748 3556 Jordanem
2768 3502 2968 3559 istum.
3000 3504 3433 3576 Dominusergo
3470 3506 3786 3563 Deustuus

2123 3588 2400 3643 transibit
2430 3593 2565 3644 ante
2597 3594 2672 3655 te,
2705 3590 2831 3662 ipse
2861 3592 3077 3648 delebit
3107 3610 3313 3651 omnes
3353 3599 3555 3666 gentes
3588 3596 3695 3651 has
3716 3598 3779 3651 in

2122 3682 2436 3746 conspectu
2488 3682 2690 3743 tuo,et
2759 3681 3087 3751 possidebis
3134 3698 3257 3749 eas,
3316 3689 3374 3739 et
3410 3683 3589 3740 Josue
3648 3686 3779 3755 ipse

2121 3766 2399 3820 transibit
2429 3772 2563 3821 ante
2592 3772 2670 3834 te,
2704 3768 2858 3824 sicut
2887 3769 3121 3827 locutus
3168 3778 3258 3828 est
3304 3772 3611 3829 Dominus.
3668 3774 3783 3830 Fa-

2118 3855 2348 3925 cietque
2378 3854 2662 3912 Dominus
2690 3858 2777 3913 eis
2805 3858 2959 3913 sicut
2989 3858 3123 3916 fecit
3149 3864 3294 3917 Seon
3326 3866 3384 3917 et
3400 3864 3485 3933 0g
3514 3864 3785 3935 regibus.

2115 3944 2603 4012 Amorrhasorum,
2636 3950 2692 4000 et
2742 3950 2907 4001 terrae
2966 3964 3193 4015 eorum,
3253 3949 3590 4023 delebitque
3648 3970 3781 4011 eos.

2116 4037 2259 4089 Cum
2291 4051 2427 4107 ergo
2454 4034 2639 4091 ethos
2670 4038 2976 4093 tradiderit
3004 4040 3191 4109 vobis,
3223 4040 3498 4097 similiter
3547 4042 3783 4101 facietis

2116 4122 2201 4178 eis
2230 4122 2383 4178 sicut
2408 4124 2653 4195 praecepi
2685 4126 2874 4183 vobis.
2916 4126 3180 4183 Viriliter
3201 4130 3377 4201 agite,
3406 4135 3463 4187 et
3488 4132 3786 4190 conforta-

2115 4211 2259 4266 mini
2298 4229 2309 4267 :
2344 4211 2524 4267 nolite
2557 4213 2787 4284 timere,
2813 4232 2919 4271 nec
2961 4218 3225 4287 paveatis
3257 4231 3633 4292 aconspectu
3680 4240 3781 4278 θος

2114 4318 2267 4367 rum,
2301 4301 2440 4372 quia
2508 4302 2789 4359 Dominus
2843 4310 2998 4360 Deus
3053 4311 3194 4363 tuus
3242 4307 3366 4379 ipse
3417 4314 3506 4365 est
3562 4310 3781 4369 ductor

2108 4393 2335 4455 tuus,et
2364 4405 2478 4443 non
2494 4388 2773 4459 dimittet,
2799 4407 2905 4447 nec
2927 4392 3385 4465 derelinquette.
3404 4396 3773 4467 (C.CXLIX.)

2109 4478 2463 4549 Vocavitque
2496 4477 2682 4534 Moses
2718 4478 2921 4547 Josue,
2971 4485 3029 4537 et
3056 4482 3203 4538 dixit
3237 4483 3288 4538 ei
3349 4500 3547 4541 coram
3601 4484 3775 4543 omni

353 4555 517 4642 teris,
549 4579 608 4630 et
636 4573 840 4629 audies
867 4585 1067 4625 vocem
1103 4567 1331 4623 Domini
1364 4566 1463 4622 Dei
1520 4567 1645 4622 tui:
1708 4566 2001 4638 faciesque
2034 4555 2082 4619 Ι)
2113 4566 2327 4623 Israel:
2361 4567 2699 4623 Confortare
2727 4574 2785 4623 et
2814 4575 2938 4626 esto
2960 4572 3279 4627 robustus:
3306 4578 3373 4629 tu
3405 4574 3563 4630 enim
3596 4574 3762 4632 intro

361 4664 640 4720 universa
670 4659 947 4715 mandata
1005 4673 1133 4728 qua;
1166 4672 1271 4727 ego
1329 4655 1930 4727 praecipiotibihodie,
1949 4660 2007 4712 et

355 4751 657 4808 abundare
686 4754 741 4804 te
769 4747 942 4802 faciet
976 4745 1254 4800 Dominus
1289 4744 1441 4799 Deus
1466 4748 1605 4798 tuus
1659 4744 1719 4798 in
1778 4746 2005 4800 cunctis

353 4840 635 4913 operibus
668 4852 953 4894 manuum
972 4838 1033 4890 tu
1047 4832 1305 4899 arum,in
1336 4832 1536 4888 sobole
1567 4833 1717 4888 uteri
1774 4834 1861 4889 tui
1920 4833 2003 4905 (h.

342 4932 401 4986 in
435 4931 627 4985 fructu
660 4927 878 4983 ventris
908 4925 1041 4993 tui),
1064 4927 1122 4978 et
1146 4922 1204 4977 in
1231 4922 1845 4992 fructujumentorum
1877 4928 2005 4979 tuo-

344 5037 507 5088 rum,
568 5018 627 5073 in
662 5016 929 5073 ubertate
960 5018 1128 5069 terra:
1162 5016 1296 5077 tuae,
1331 5016 1387 5066 et
1414 5011 1475 5066 in
1508 5029 1703 5067 rerum
1738 5013 2005 5068 omnium

343 5108 637 5181 largitate.
686 5105 1027 5160 Revertetur
1074 5101 1230 5156 enim
1277 5101 1584 5171 Dominus,
1645 5104 1709 5155 ut
1760 5102 2008 5171 gaudeat

345 5192 959 5269 superteinomnibus
983 5189 1177 5255 bonis,
1213 5189 1369 5245 sicut
1415 5190 1651 5260 gavisus
1714 5189 1886 5245 estin
1911 5206 2010 5261 pa-

342 5286 538 5352 tribus
560 5285 677 5341 tuis
704 5326 718 5351 ,
751 5281 799 5337 si
832 5285 1027 5335 tamen
1051 5277 1310 5334 audieris
1358 5293 1555 5333 vocem
1614 5278 1847 5333 Domini
1903 5279 2007 5335 Dei

347 5375 458 5445 tui,
491 5378 551 5430 et
571 5368 924 5429 custodieris
958 5371 1248 5439 prmeepta
1296 5366 1424 5437 ejus
1474 5371 1533 5422 et
1601 5368 2001 5437 caeremonias,

344 5480 473 5534 quis
496 5463 555 5517 in
588 5462 699 5517 hac
733 5462 860 5531 lege
889 5456 1240 5527 conscriptis
1269 5461 1428 5525 sunt,
1464 5462 1520 5511 et
1570 5457 1879 5512 revertaris
1931 5457 2004 5511 ad

344 5551 661 5608 Dominum
698 5553 878 5605 Deum
908 5552 1078 5602 tuum
1100 5544 1160 5600 in
1195 5549 1317 5601 toto
1349 5545 1520 5600 corde
1549 5549 1674 5612 tuo,
1705 5549 1762 5599 et
1791 5545 1851 5600 in
1881 5548 2006 5601 tota

349 5640 551 5699 anima
579 5643 703 5697 tua.
738 5638 823 5714 (C.
854 5634 1115 5711 CXLVI.)
1143 5634 1488 5693 Mandatum
1519 5632 1651 5704 hoc,
1708 5633 1863 5708 quod
1892 5649 2001 5710 ego

2115 4656 2292 4711 duces
2317 4655 2598 4727 populum
2629 4657 2809 4712 istum
2837 4657 2897 4713 in
2929 4663 3167 4729 terram,
3199 4677 3377 4732 quam
3409 4663 3683 4718 daturum
3710 4681 3777 4721 se

2108 4744 2337 4815 juravit
2370 4744 2644 4815 patribus
2685 4761 2888 4802 eorum
2913 4746 3222 4816 Dominus,
3255 4756 3312 4805 et
3341 4756 3404 4806 tu
3436 4768 3568 4807 eam
3628 4753 3779 4810 forte

2116 4833 2358 4888 divides.
2395 4834 2461 4887 Et
2486 4832 2766 4889 Dominus
2796 4836 2891 4905 qui
2915 4837 3237 4893 conductor
3267 4845 3456 4895 vester
3498 4846 3607 4907 est,
3649 4843 3780 4913 ipse

2114 4922 2225 4978 erit
2259 4927 2452 4977 tecum
2487 4938 2501 4976 :
2537 4938 2651 4978 non
2684 4923 2959 4991 dimittet,
2996 4941 3098 4980 nec
3121 4926 3491 5000 derelinquet
3521 4934 3615 4985 te:
3646 4932 3773 4986 noli

2113 5010 2338 5079 timere,
2372 5027 2475 5066 nec
2509 5026 2739 5082 paveas.
2770 5011 3014 5085 Scripsit
3070 5014 3270 5085 itaque
3327 5020 3516 5073 Moses
3576 5018 3774 5091 legem

2116 5100 2289 5165 hanc,
2322 5103 2378 5154 et
2405 5100 2647 5155 tradidit
2676 5118 2806 5156 eam
2841 5103 3252 5160 sacerdotibus
3285 5105 3423 5161 ﬁliis
3458 5107 3613 5171 Levi,
3666 5110 3774 5179 qui

2115 5190 2431 5261 portabant
2461 5205 2655 5244 arcam
2688 5190 2921 5246 foederis
2952 5191 3208 5257 Domini,
3228 5199 3287 5249 et
3309 5198 3541 5252 cunctis
3564 5197 3776 5254 senio-

2115 5278 2279 5334 ribus
2312 5276 2509 5332 Israel.
2539 5277 2931 5350 Praacepitque
2960 5281 3066 5345 eis,
3101 5281 3301 5338 dicens
3327 5301 3339 5337 :
3375 5285 3512 5339 Post
3541 5290 3771 5356 septem

2116 5384 2322 5435 annos,
2356 5382 2509 5421 anno
2532 5368 2921 5439 remissionis,
2941 5368 2999 5423 in
3024 5370 3396 5428 solemnitate
3417 5375 3772 5432 tabernacu-

2112 5456 2327 5517 lorum,
2360 5454 2838 5512 convenientibus
2861 5459 3088 5514 cunctis
3119 5476 3183 5514 ex
3217 5460 3419 5531 Israel,
3468 5467 3536 5519 ut
3583 5481 3771 5537 appa-

2114 5548 2280 5601 reant
2308 5544 2365 5598 in
2396 5548 2706 5616 conspectu
2748 5545 2978 5601 Domini
3010 5546 3113 5603 Dei
3142 5549 3247 5618 tui,
3287 5549 3348 5605 in
3404 5550 3532 5608 loco
3584 5570 3769 5626 quem

2111 5632 2829 5709 elegeritDominus,leges
2843 5635 3018 5695 verba
3031 5635 3177 5712 legis
3198 5637 3585 5712 hujuscoram
3602 5645 3766 5703 omni
