4068 6172
288 367 370 425 497
1527 367 1744 421 LIBER
1779 364 2347 423 DEUTERONOMII.

3532 367 3639 423 498

283 493 450 560 Israel,
477 490 846 548 audientibus
880 489 989 559 eis,
1013 493 1075 546 et
1104 490 1163 545 in
1217 506 1401 547 unum
1454 489 1615 546 omni
1666 487 1881 561 populo
1911 490 1966 556 Α
1995 489 2115 545 scio
2147 492 2574 549 contentionem
2599 497 2783 565 tuam,
2815 498 2873 550 et
2901 493 3181 551 cervicem
3219 497 3386 551 tuam
3439 494 3635 551 duris-

284 586 608 654 congregato,
641 585 763 636 tam
796 579 935 635 viris
970 596 1147 651 quam
1198 579 1568 646 mulieribus,
1618 577 1874 650 parvulis

280 678 323 730 et
346 670 582 739 advenis,
616 669 715 741 qui
746 674 884 725 sunt
913 670 1068 725 intra
1094 675 1290 741 portas
1324 673 1452 724 tuas
1486 685 1499 722 :
1532 672 1595 723 ut
1629 667 1873 723 audien-

280 770 348 817 tes
374 762 603 825 discant,
635 763 691 814 et
718 759 968 814 timeant
998 758 1312 815 Dominum
1362 758 1546 813 Deum
1596 761 1877 823 vestrum,

278 857 320 906 et
347 850 681 915 custodiant,
713 848 1115 921 impleantque
1146 865 1349 905 omnes
1384 864 1685 904 sermones
1735 846 1879 917 legis

278 941 440 1010 hujus.
489 938 615 995 Filii
649 955 881 1010 quoque
910 955 1111 994 eorum
1141 940 1241 1010 qui
1274 955 1431 993 nunc
1481 938 1772 1009 ignorant,
1814 938 1878 990 ut

276 1031 443 1086 audire
472 1028 712 1101 possint,
746 1032 803 1084 et
827 1028 1072 1084 timeant
1103 1027 1182 1099 [h.
1236 1028 1482 1083 audiant
1524 1036 1576 1081 et
1626 1026 1876 1091 discant,

272 1124 322 1173 ut
340 1116 585 1189 timeant]
607 1116 917 1172 Dominum
936 1117 1120 1173 Deum
1143 1121 1402 1173 vestrum
1425 1115 1652 1171 cunctis
1670 1114 1877 1169 diebus

273 1207 453 1279 quibus
482 1210 783 1262 versantur
811 1206 869 1261 in
901 1211 1073 1273 terra,
1108 1207 1176 1261 ad
1228 1222 1405 1277 quam
1454 1221 1575 1273 vos,
1625 1202 1880 1259 Jordane

269 1297 604 1361 transmisso,
669 1295 908 1367 pergitis
967 1295 1371 1351 obtinendam.
1430 1295 1515 1369 [T.
1562 1292 1771 1359 XVIII,
1818 1295 1875 1344 Β.

266 1384 556 1453 CXXXlX.]
588 1384 653 1439 Et
678 1385 761 1439 ait
794 1384 1074 1440 Dominus
1106 1387 1176 1440 ad
1229 1384 1428 1440 Mosen
1465 1401 1477 1439 :
1512 1388 1653 1438 Ecce
1700 1395 1879 1453 prope

265 1478 379 1527 sunt
404 1474 520 1529 dies
554 1473 766 1529 mortis
796 1478 1079 1529 tuae:voca
1106 1475 1304 1540 Josue,
1322 1478 1379 1529 et
1407 1478 1558 1529 state
1588 1474 1648 1526 in
1681 1470 1878 1525 taber-

263 1560 439 1616 naculo
468 1561 816 1631 testimonii,
847 1566 909 1617 ut
941 1563 1279 1635 pracipiam
1313 1562 1386 1618 ei.
1420 1562 1703 1620 Abierunt
1740 1573 1877 1629 ergo

258 1650 419 1705 Moses
438 1655 490 1705 et
506 1650 707 1721 Josue,
722 1656 780 1706 et
801 1655 1090 1707 steterunt
1113 1650 1172 1706 in
1195 1649 1578 1706 tabernaculo
1606 1647 1878 1703 testimo-

260 1738 324 1792 nii
354 1754 365 1791 :
396 1738 777 1810 apparuitque
807 1739 1095 1795 Dominus
1123 1739 1202 1794 ibi
1240 1739 1300 1794 in
1353 1734 1630 1793 columna
1676 1735 1877 1810 nubis}

260 1844 363 1898 qua
391 1792 1485 1901 st‘eltitiitabernaculi.[C.
1538 1827 1672 1897 CL.]
1723 1792 1944 1920 DixitB

258 1917 504 1973 Dominus
533 1917 609 1973 ad
641 1918 840 1974 Mosen
863 1935 875 1973 :
897 1922 1035 1974 Ecce
1066 1922 1128 1973 tu
1154 1918 1411 1974 dormies
1441 1934 1575 1973 cum
1602 1916 1868 1988 patribus

1987 576 2443 635 simam.Adhuc
2473 580 2699 637 vivente
2731 598 2822 638 me
2871 585 2928 638 et
2974 582 3335 655 ingrediente
3383 581 3466 654 [h.
3516 598 3633 638 non

1985 665 2163 721 habet
2190 673 2246 722 et
2277 668 2662 741 ingrediente]
2692 664 3257 743 vobiscum,semper
3274 672 3634 728 contentiosa

1986 754 2191 827 egistis
2226 761 2427 812 contra
2457 758 2769 814 Dominum
2793 776 2805 814 :
2828 760 3061 831 quando
3095 760 3284 832 magis
3316 776 3451 816 cum
3483 777 3635 816 mor-

1986 848 2125 899 tuus
2158 843 2351 901 fuerol
2388 846 2746 918 Congregate
2778 849 2848 903 ad
2885 864 2977 904 me
3006 864 3210 905 omnes
3249 865 3442 906 mares
3490 854 3631 906 natu

1988 949 2088 1005 per
2116 934 2308 989 tribus
2338 939 2583 1003 vestras,
2614 942 2791 1008 atque
2831 937 3118 1004 doctores,
3169 942 3226 993 et
3271 938 3480 1012 loquar
3526 956 3631 995 au-

1988 1022 2286 1079 dientibus
2312 1024 2395 1078 eis
2421 1040 2723 1081 sermones
2748 1025 2911 1093 istos,
2945 1029 3001 1081 et
3024 1027 3304 1084 invocabo
3334 1028 3417 1099 [h.
3449 1031 3631 1085 testes

1986 1112 2229 1183 ivocabo]
2261 1117 2463 1169 contra
2492 1130 2590 1169 eos
2622 1114 2832 1170 coelum
2883 1119 2947 1171 et
2988 1120 3225 1173 terram.
3275 1116 3417 1173 Novi
3469 1118 3628 1174 enim

1987 1200 2143 1272 quod
2176 1206 2306 1272 post
2337 1211 2579 1258 mortem
2614 1219 2802 1259 meam
2834 1203 3038 1277 inique
3088 1204 3297 1276 agetis,
3346 1209 3403 1262 et
3445 1205 3627 1262 decli-

1987 1290 2205 1345 nabitis
2228 1290 2340 1346 cito
2363 1291 2434 1347 de
2455 1290 2751 1363 via,quam
2777 1294 3025 1366 praecepi
3048 1294 3301 1351 vobiszet
3322 1299 3630 1352 occurrent

1985 1378 2148 1434 vobis
2180 1378 2333 1435 mala
2362 1381 2422 1435 in
2454 1385 2709 1437 extremo
2757 1385 3042 1454 tempore,
3094 1383 3330 1456 quando
3376 1384 3631 1441 feceritis

1988 1466 2209 1521 malum
2241 1466 2298 1522 in
2334 1473 2645 1539 conspectu
2680 1470 2932 1536 Domini,
2966 1475 3032 1526 ut
3060 1471 3303 1529 irritatis
3349 1488 3483 1528 eum
3528 1487 3633 1544 per

1988 1572 2163 1628 opera
2194 1573 2477 1613 manuum
2514 1563 2861 1617 vestrarum.
2894 1561 2981 1629 [Β.
3013 1562 3204 1636 CXL.]
3237 1564 3495 1621 Locutus
3543 1570 3633 1622 est

1987 1661 2124 1717 ergo
2163 1649 2372 1712 Moses,
2405 1648 2679 1703 audiente
2709 1650 2978 1705 universo
3008 1656 3157 1707 coetu
3207 1653 3406 1721 Israel,
3456 1655 3626 1711 verba

1987 1734 2265 1790 carminis
2296 1734 2497 1805 hujus,
2530 1740 2588 1791 et
2617 1738 2689 1792 ad
2721 1738 2899 1793 ﬁnem
2932 1756 3119 1811 usque
3148 1741 3460 1813 complevit
3492 1759 3507 1798 :

2059 1823 2214 1895 [Cap.
2248 1825 2501 1899 XXXII.]
2533 1826 2763 1897 Audite,
2798 1827 2948 1895 coeli,
2979 1846 3104 1901 quae
3134 1829 3344 1903 loquor
3374 1848 3390 1888 :

2050 1912 2251 1968 audiat
2279 1917 2434 1969 terra
2461 1915 2635 1971 verba
2664 1915 2782 1972 oris
2814 1918 2951 1972 mei.

261 2005 377 2073 tuis,
404 2010 456 2062 et
481 2006 740 2079 populus
769 2008 879 2063 iste
908 2023 1270 2080 consurgens
1310 2006 1694 2063 fornicabitur
1740 2007 1874 2077 post
1978 2005 2320 2059 Concrescat
2352 2007 2414 2058 ut
2442 2004 2639 2075 pluvia
2668 2005 2937 2063 doctrina
2967 2023 3097 2065 mea
3127 2025 3140 2063 :

262 2094 377 2151 deos
403 2095 623 2152 alienos
653 2097 711 2151 in
745 2104 919 2163 terra,
952 2098 1025 2153 ad
1056 2113 1232 2169 quam
1263 2097 1612 2169 ingreditur,
1634 2099 1685 2151 et
1712 2093 1870 2151 habi-

262 2183 378 2238 tabit
405 2186 461 2239 in
488 2201 593 2247 ea;
623 2184 707 2240 ibi
734 2185 814 2259 [h.
840 2202 955 2241 non
987 2185 1168 2242 habet
1198 2186 1327 2257 hoc]
1357 2185 1726 2256 derelinquet
1755 2199 1869 2250 me,

263 2276 307 2327 et
331 2271 545 2329 irritum
583 2274 756 2330 faciet
786 2275 996 2343 fmdus,
1039 2276 1193 2345 quod
1242 2274 1437 2347 pepigi
1482 2289 1617 2329 cum
1665 2289 1753 2328 eo.
1806 2273 1875 2327 Et

262 2360 510 2417 irascetur
540 2363 707 2418 furor
740 2379 906 2419 meus
930 2369 1136 2420 contra
1165 2379 1299 2419 eum
1331 2363 1391 2418 in
1423 2362 1516 2419 die
1546 2362 1666 2429 illo,
1685 2366 1743 2418 et
1771 2363 1872 2419 de-

265 2450 561 2522 relinquam
599 2467 756 2518 eum,
796 2456 853 2508 et
900 2452 1255 2509 abscondam
1300 2451 1508 2507 faciem
1562 2466 1751 2506 meam
1800 2450 1873 2505 ab

263 2552 332 2605 eo,
353 2544 401 2594 et
428 2539 534 2595 erit
566 2540 628 2595 in
660 2540 1092 2597 devorationem
1129 2555 1142 2596 :
1177 2540 1475 2596 invenient
1504 2554 1643 2595 eum
1677 2537 1876 2593 omnia

264 2626 391 2681 mala
420 2628 496 2699 [h.
522 2627 681 2684 mala
703 2629 910 2695 multa]
938 2637 992 2685 et
1023 2627 1389 2698 afﬂictiones,
1422 2628 1503 2684 ita
1532 2632 1599 2684 ut
1627 2627 1784 2683 dicat
1814 2626 1873 2681 in

260 2712 340 2770 illo
367 2717 451 2772 die
481 2734 495 2774 :
525 2718 681 2774 Vere
712 2718 848 2791 quia
877 2735 992 2775 non
1023 2724 1114 2775 est
1146 2723 1294 2775 Deus
1326 2733 1557 2774 mecum
1590 2716 1669 2783 [h.
1722 2718 1875 2772 Deus

260 2819 401 2861 meus
430 2808 484 2862 in
515 2808 717 2864 medio
749 2808 1271 2877 mei],invenerunt
1300 2823 1392 2863 me
1426 2807 1545 2863 haec
1575 2806 1873 2877 mala.Ego

258 2897 425 2949 autem
453 2896 922 2965 abscondam,et
951 2897 1150 2954 celabo
1182 2896 1390 2953 faciem
1432 2912 1621 2952 meam
1672 2895 1732 2950 in
1780 2894 1875 2950 die

255 2980 597 3057 illo,propter
625 2985 821 3042 omnia
854 2988 1010 3042 mala
1036 3002 1166 3058 qua
1195 2985 1495 3057 tecit,quia
1526 2988 1764 3041 secutus
1785 2987 1876 3039 est

258 3067 373 3125 deos
400 3072 643 3128 alienos.
676 3073 843 3129 Nunc
874 3074 1070 3145 itaque
1102 3074 1341 3131 scribite
1368 3073 1532 3129 vobis
1579 3071 1872 3128 canticum

254 3157 406 3229 istud,
424 3167 477 3217 et
505 3163 715 3219 docete
745 3163 896 3219 ﬁlios
926 3164 1122 3231 Israel,
1148 3167 1215 3219 ut
1244 3164 1583 3219 memoriter
1611 3165 1870 3229 teneant,

2052 2096 2194 2148 fluat
2224 2096 2287 2147 ut
2316 2109 2410 2148 ros
2436 2092 2736 2164 eloquium
2770 2111 2965 2151 meum
3003 2115 3015 2153 :

1981 2180 2157 2247 Quasi
2191 2181 2378 2237 imber
2406 2198 2586 2252 supra
2615 2182 2876 2253 herbam,

2051 2275 2105 2326 et
2136 2270 2305 2343 quasi
2336 2270 2506 2326 stillas
2536 2287 2713 2342 super
2739 2274 3007 2344 gramina
3037 2290 3050 2329 :

2053 2360 2192 2429 quia
2223 2375 2435 2415 nomen
2466 2360 2698 2415 Domini
2730 2360 3030 2419 invocabo.

1986 2448 2125 2503 Date
2156 2448 2656 2519 magniﬁcentiam
2688 2454 2800 2507 Deo
2827 2457 3027 2508 nostro
3063 2468 3076 2507 :

2055 2536 2151 2592 Dei
2184 2537 2438 2608 perfecta
2468 2542 2608 2592 sunt
2636 2554 2846 2610 opera;

2054 2630 2112 2681 et
2136 2642 2340 2681 omnes
2373 2626 2480 2681 vias
2509 2627 2635 2698 ejus
2659 2628 2905 2699 judicia.

1984 2718 2136 2771 Deus
2168 2715 2377 2780 ﬁdelis.
2409 2719 2465 2771 et
2495 2716 2712 2788 absque
2744 2717 2867 2773 ulla
2899 2718 3234 2791 iniquitate,

2044 2805 2247 2875 justus
2277 2808 2333 2860 et
2366 2808 2558 2861 rectus
2591 2822 2603 2859 :

2054 2898 2441 2966 peccaverunt
2469 2894 2543 2959 ei,
2578 2910 2691 2950 non
2722 2893 2861 2952 ﬁliis
2890 2896 3019 2967 ejus
3046 2896 3105 2952 in
3136 2897 3413 2954 sordibus
3446 2914 3460 2954 :

1982 2983 2290 3040 Generatio
2322 3000 2498 3055 prava
2527 2989 2703 3055 atque
2732 3001 3005 3057 perversa
3037 3003 3052 3043 :

2054 3072 2308 3129 haeccine
2330 3072 2524 3129 reddis
2549 3074 3033 3147 Domino,popule
3053 3075 3629 3149 stulteetinsipiens?

1985 3162 2263 3233 Nunquid
2297 3179 2412 3217 non
2444 3162 2570 3234 ipse
2599 3169 2689 3219 est
2719 3168 2882 3235 pater
2912 3170 3074 3234 tuus,
3106 3165 3207 3238 qui
3239 3166 3499 3239 possedit
3549 3174 3625 3235 te,

258 3252 303 3301 et
326 3227 411 3304 ore
439 3251 775 3319 decantent,
792 3256 853 3308 et
870 3252 949 3308 sit
968 3227 1117 3309 mihi
1135 3268 1371 3308 carmen
1392 3253 1549 3307 istud
1574 3267 1677 3323 pro
1707 3227 1869 3306 testi;
1903 3227 1947 3297 (ἶ
2056 3256 2114 3307 et
2138 3227 2389 3320 fecit,ret
2418 3227 2633 3307 creavit
2662 3227 2762 3308 te-‘P

258 3340 427 3394 monio
454 3342 609 3397 inter
638 3340 793 3398 ﬁlios
826 3340 1019 3397 Israel.
1055 3342 1427 3397 Introducam
1459 3340 1615 3397 enim
1648 3356 1782 3396 eum
1810 3339 1873 3395 in

259 3435 574 3501 terram,pro
608 3446 730 3501 qua
753 3431 943 3502 juravi
974 3430 1239 3503 patribus
1269 3430 1419 3501 ejus,
1445 3429 1591 3485 lacte
1614 3434 1672 3485 et
1702 3427 1875 3484 melle

258 3521 862 3590 manantem.Cumque
894 3520 1273 3585 comederint,
1295 3524 1352 3575 et
1380 3518 1627 3576 saturati
1660 3518 1870 3574 crassi-

256 3618 345 3673 que
374 3608 607 3677 fuerint,
634 3614 970 3665 avertentur
999 3609 1070 3665 ad
1101 3610 1241 3665 deos
1270 3608 1511 3677 alienos,
1536 3613 1593 3663 et
1620 3607 1874 3664 servient

257 3692 343 3761 eis,
370 3700 423 3751 et
452 3698 769 3753 detrahant
792 3697 960 3766 mihi,
989 3702 1046 3754 et
1091 3698 1326 3754 irritum
1377 3698 1592 3754 facient
1638 3702 1871 3766 pactum

258 3795 446 3840 meum.
472 3791 800 3858 Postquam
830 3786 1159 3843 invenerint
1193 3802 1330 3844 eum
1379 3786 1536 3842 mala
1581 3786 1770 3842 multa
1814 3788 1872 3841 et

253 3870 589 3943 atilictiones,
624 3877 1006 3947 respondebit
1034 3876 1085 3933 ei
1114 3877 1408 3933 canticum
1442 3877 1601 3933 istud
1636 3892 1737 3948 pro
1784 3879 1869 3931 te-

252 3959 690 4036 stimonio,quod
721 3964 882 4020 nulla
909 3965 1129 4021 delebit
1157 3965 1372 4022 oblivio
1403 3981 1469 4022 ex
1501 3982 1599 4022 ore
1630 3965 1870 4021 seminis

251 4049 340 4103 sui.
368 4052 490 4108 Scio
515 4054 682 4108 enim
716 4053 823 4123 [h.]
846 4054 1227 4126 cogitationes
1256 4056 1406 4125 ejus,
1438 4071 1564 4126 quas
1610 4056 1871 4110 facturus

253 4136 313 4190 sit
337 4138 521 4211 hodie,
555 4148 876 4214 antequam
926 4143 1294 4199 introducam
1342 4160 1477 4200 eum
1525 4144 1581 4199 in
1631 4147 1869 4213 terram,

252 4238 399 4294 quam
416 4230 466 4285 ei
486 4230 794 4303 pollicitus
810 4231 1224 4306 sum.[C.CLI.]
1247 4233 1495 4305 Scripsit
1524 4249 1660 4304 ergo
1680 4236 1869 4288 Moses

251 4316 512 4373 canticum
545 4319 631 4384 [h.
665 4320 969 4377 Canticum
1002 4320 1100 4378 hoc
1129 4323 1190 4377 in
1230 4321 1324 4377 die
1371 4321 1515 4391 illo],
1564 4325 1623 4378 et
1674 4321 1871 4377 docuit

252 4398 607 4465 ﬁlioslsrael.
638 4408 1029 4482 Praecepitque
1066 4411 1246 4467 Josue
1277 4410 1395 4466 ﬁlio
1426 4410 1579 4478 Nun,
1619 4414 1677 4465 et
1720 4411 1803 4466 ait
1854 4428 1866 4466 :

249 4492 576 4567 Confortare,
612 4501 673 4554 et
702 4504 827 4555 esto
858 4500 1137 4556 robustus
1167 4517 1182 4557 :
1215 4506 1280 4556 tu
1319 4500 1478 4556 enim
1528 4500 1868 4555 introducas

1981 3340 2271 3397 Memento
2303 3340 2530 3396 dierum
2564 3341 2966 3413 antiquorum,

2052 3428 2242 3500 cogita
2266 3430 2673 3502 generationes
2703 3431 2972 3504 singulas
3006 3449 3020 3489 :

1980 3520 2278 3590 Interroga
2306 3522 2530 3590 patrem
2562 3522 2753 3587 tuum,
2787 3530 2836 3577 et
2870 3523 3248 3580 annuntiabit
3278 3523 3381 3580 tibi
3416 3540 3431 3581 :

2004 3674 2015 3679 η
2051 3608 2300 3677 majores
2331 3613 2482 3675 tuos,
2518 3612 2575 3664 et
2605 3610 2800 3666 dicent
2830 3610 2938 3666 tibi
2968 3629 2981 3667 :

1979 3697 2222 3763 Quando
2249 3697 2545 3753 dividebat
2572 3697 2913 3756 Altissimus
2942 3704 3147 3772 gentes
3178 3716 3192 3757 :

2050 3786 2285 3856 quando
2316 3786 2623 3857 separabat
2652 3788 2806 3843 ﬁlios
2834 3789 3043 3859 Adam,

1977 3872 2296 3929 Constituit
2325 3875 2607 3931 terminos
2639 3876 2988 3947 populorum

2039 3963 2212 4033 juxta
2242 3980 2554 4019 numerum
2583 3964 2837 4020 ﬁliorum
2871 3965 3069 4021 Israel.

1976 4051 2117 4107 Pars
2148 4056 2343 4108 autem
2376 4052 2631 4119 Domini,
2666 4054 2917 4125 populus
2946 4055 3073 4125 ejus
3108 4071 3120 4109 :

2047 4140 2226 4195 Jacob
2260 4140 2559 4196 funiculus
2592 4141 2942 4199 hereditatis
2972 4144 3121 4214 ejus.

1978 4232 2207 4288 Invenit
2233 4248 2369 4287 eum
2401 4231 2461 4286 in
2492 4236 2649 4288 terra
2674 4232 2924 4289 deserta.

2048 4319 2104 4374 in
2138 4319 2263 4375 loco
2295 4319 2555 4376 horroris
2586 4325 2643 4377 et
2671 4325 2845 4379 vasta:
2880 4322 3237 4380 solitudinis.

1976 4408 2381 4465 Circumduxit
2408 4426 2566 4481 eum,
2597 4414 2656 4465 et
2684 4410 2881 4467 docuit
2914 4427 2935 4467 :

2048 4502 2106 4554 et
2134 4497 2448 4554 custodivit
2478 4498 2647 4569 quasi
2679 4499 2959 4571 pupillam
2992 4500 3146 4557 oculi
3176 4501 3289 4556 sui.

249 4578 377 4640 ﬁlios
406 4584 585 4643 Israel
616 4588 679 4642 in
710 4592 1132 4660 terram,quam
1165 4588 1463 4661 pollicitus
1490 4606 1644 4656 sum,
1677 4593 1733 4644 et
1762 4605 1867 4661 ego
1901 4596 1948 4661 D
1978 4586 2142 4643 Sicut
2173 4586 2372 4658 aquila
2402 4603 2726 4659 provocans
2760 4589 2833 4644 ad
2867 4588 3182 4645 volandum
3216 4588 3410 4662 pullos
3457 4606 3619 4660 suos,

250 4683 329 4724 ero
356 4678 567 4730 tecum.
617 4679 937 4748 Postquam
986 4693 1123 4748 ergo
1175 4677 1412 4749 scripsit
1460 4678 1647 4733 Moses
1694 4678 1872 4732 verba

246 4752 372 4830 legis
399 4762 583 4833 hujus
616 4764 676 4819 in
708 4764 1216 4838 volumine,atque
1244 4766 1580 4837 complevit:
1600 4766 1873 4839 praecepit

249 4848 451 4917 Levitis,
486 4853 590 4923 qui
626 4854 936 4923 portabant
964 4870 1162 4910 arcam
1196 4855 1425 4910 foederis
1471 4855 1726 4920 Domini,
1781 4856 1872 4910 di-

249 4939 627 4996 censzTollite
659 4940 872 4998 librum
906 4943 1085 5000 istum
1116 4946 1132 4978 ¹
1165 4943 1471 5015 [h.librum
1501 4943 1649 5016 legis
1679 4944 1869 5015 hunc],

251 5028 297 5076 et
323 5028 511 5095 ponite
539 5044 680 5085 eum
713 5030 771 5084 in
805 5029 983 5086 latere
1014 5047 1158 5087 arcae
1207 5031 1440 5089 foederis
1495 5032 1725 5088 Domini
1768 5031 1872 5089 Dei

250 5114 398 5168 vestri
424 5133 437 5171 :
461 5121 526 5172 ut
544 5118 628 5173 sit
647 5118 726 5173 ibi
751 5124 955 5177 contra
975 5125 1030 5176 te
1048 5119 1110 5176 in
1131 5119 1551 5179 testimonium.
1574 5126 1691 5194 Ego
1713 5122 1872 5179 enim

305 5273 751 5370 ‘lf‘aamaritanus
784 5284 974 5337 textus
1005 5282 1153 5337 bene
1180 5280 1321 5354 legit
1369 5281 1479 5338 hoc
1528 5280 1654 5338 loco
1701 5266 1870 5370 mp5,

250 5358 437 5443 fictilia,
465 5366 523 5423 id
557 5372 671 5439 est,
688 5369 898 5443 toll-ite,
931 5386 1032 5427 seu
1065 5372 1260 5443 rapite.
1292 5372 1625 5427 Hodiernus
1674 5358 1871 5427 autem

248 5434 501 5495 Hebrm'us
534 5434 667 5496 non'
686 5441 860 5499 habet
885 5434 1141 5500 litteram
1166 5459 1275 5499 vuu
1304 5443 1571 5499 servilem
1627 5444 1684 5498 in
1734 5444 1870 5511 ﬁne,

251 5521 1233 5622 ιιιςιιιῑιιξηιηοᾱο.ιιίιιίἰςςεξξειε
1259 5516 1870 5622 ῇρῇλαεοᾳὴζιξιςιυορ

251 5598 540 5717 Signiﬁcat,
568 5603 857 5672 capiendo,
890 5604 1031 5672 sive,
1066 5598 1322 5675 tollendo;
1356 5604 1466 5660 hoc
1495 5608 1603 5673 est,
1632 5598 1873 5661 tolléndo

257 5660 289 5714 ιι
322 5683 435 5717 rum
466 5670 609 5717 limi:
640 5673 804 5717 idum
830 5677 1026 5717 amni!)
1078 5680 1168 5717 Ain
1197 5676 1341 5717 Hinn
1373 5675 1563 5717 linunt
1588 5675 1866 5717 nnnnnlln

257 5660 435 5724 liii-um
466 5660 609 5742 labis
636 5660 1047 5750 istumponite',
1078 5660 1341 5735 etc.l:linc
1372 5660 1563 5751 liquet
1588 5660 1871 5735 nonnulla

2050 4680 2107 4731 et
2136 4692 2313 4747 super
2342 4692 2441 4731 eos
2471 4675 2741 4732 volitans.

1980 4764 2270 4836 Expendit
2298 4764 2421 4820 alas
2450 4781 2613 4833 suas,
2643 4768 2700 4820 et
2728 4765 3056 4838 assumpsit
3082 4780 3220 4824 eum
3248 4770 3291 4823 ¹.

2052 4859 2229 4923 atque
2258 4854 2512 4924 portavit
2543 4854 2601 4907 in
2630 4852 2896 4910 humeris
2927 4854 3071 4912 suis.

1982 4942 2263 5000 Dominus
2294 4943 2456 4998 solus
2484 4943 2603 4997 dux
2632 4942 2761 5013 ejus
2793 4942 2935 5014 fuit;

2052 5036 2109 5088 et
2139 5048 2253 5087 non
2284 5035 2408 5087 erat
2437 5047 2573 5087 cum
2607 5048 2672 5088 eo
2701 5037 2856 5089 Deus
2884 5032 3133 5090 alienus.

1981 5119 2296 5179 Constituit
2327 5134 2459 5175 eum
2492 5136 2671 5192 super
2700 5120 2985 5179 excelsam
3020 5127 3238 5179 terram
3273 5138 3286 5178 :

1981 5279 2266 5361 eacidisse
2296 5297 2326 5336 σε
2356 5283 2511 5361 testu
2545 5280 2781 5361 Hebraeo
2813 5281 3095 5361 hodierno
3130 5298 3142 5337 :
3170 5280 3469 5361 quodetsi
3498 5279 3629 5361 plu-

1983 5353 2149 5408 rimis
2181 5352 2462 5436 exemplis
2486 5353 2611 5436 jam
2644 5352 3307 5436 probave_rimus,adhuc
3337 5352 3532 5436 tamen
3560 5352 3624 5436 in

1980 5422 2503 5552 (ﬁnesquentibus'
2534 5422 2793 5497 idipsum
2846 5427 3156 5483 observare
3215 5440 3329 5480 non
3380 5422 3623 5497 pigebit.

2038 5514 2162 5552 sar.

2038 5514 2162 5552 ΛΒΤ.

2054 5608 2067 5642 ¹
2105 5604 2345 5661 Palatin.
2382 5621 2494 5663 ms.
2528 5608 2578 5661 et
2607 5607 2901 5678 assumpsit
2928 5619 3035 5661 eos.
