4068 6172
351 356 457 412 499

423 481 488 533 ut
518 475 843 533 comederet
871 472 1094 526 fructus
1125 483 1421 540 agrorum,

354 570 422 625 Et
451 569 685 638 sugeret
716 561 827 618 mel
861 560 931 614 de
962 562 1146 630 petra,

429 654 741 723 oleumque
771 651 843 704 de
870 663 1009 703 saxo
1040 644 1383 701 durissimo.

359 747 637 816 Butyrum
670 741 739 795 de
766 741 1054 803 armento,
1087 739 1143 791 et
1175 734 1262 791 lac
1292 735 1363 789 de
1394 734 1602 791 ovibus

432 848 565 888 cum
594 829 764 901 adipe
794 842 1080 899 agnorum
1112 828 1169 879 et
1198 825 1468 889 arietum,
1503 818 1759 880 ﬁliorum
1787 824 1998 879 Basan:

361 924 428 978 Et
456 922 649 976 hircos
676 934 809 973 cum
840 913 1101 971 medulla
1130 913 1332 981 tritici,

434 1015 493 1066 et
521 1007 872 1080 sanguinem
907 1021 1026 1059 uva:
1058 1004 1283 1057 biberet
1312 1001 1809 1057 meracissimum.

366 1102 729 1156 lncrassatus
758 1100 849 1152 est
879 1094 1128 1151 dilectus
1160 1090 1243 1161 [h.
1271 1091 1510 1162 rectus],
1541 1094 1598 1145 et
1625 1090 2010 1147 recalcitravit

438 1188 827 1251 incrassatus,
858 1183 1284 1253 impinguatus,
1317 1179 1616 1235 dilatatus.

369 1274 692 1346 Dereliquit
722 1278 904 1327 Deum
938 1271 1214 1324 factorem
1246 1284 1442 1338 suum,

442 1369 499 1420 et
525 1363 768 1419 recessit
795 1378 829 1416 a
858 1359 972 1415 Deo
1004 1357 1247 1413 salutari
1280 1373 1407 1426 suo,

296 1446 297 1449 “
376 1453 838 1511 Provocaverunt
865 1465 1001 1505 eum
1033 1447 1093 1501 in
1126 1446 1241 1501 diis
1272 1445 1501 1516 alienis,

442 1549 500 1599 et
528 1542 587 1596 in
620 1536 1160 1597 abominationibus
1190 1536 1211 1609 ’ς
1242 1536 1313 1591 ad
1346 1534 1712 1592 iracundiam
1752 1535 2011 1592 concita-

444 1634 674 1687 verunt.

380 1718 839 1778 Immolaverunt
868 1713 1174 1770 daemoniis
1202 1716 1259 1769 et
1288 1730 1403 1769 non
1434 1719 1571 1784 Deo,

447 1809 560 1867 diis
591 1824 739 1881 quos
771 1803 1138 1878 ignorabant,

372 1900 515 1957 Novi
548 1901 929 1965 recentesque
954 1896 1243 1949 venerunt
1271 1893 1314 1962 δ,

447 2004 595 2060 quos
620 2002 739 2041 non
770 1983 1078 2039 coluerunt
1107 1986 1301 2052 patres
1331 1997 1551 2036 eorum.

448 2084 626 2133 Deum
652 2075 750 2146 qui
784 2077 841 2127 te
870 2070 1092 2143 genuit,
1121 2070 1507 2140 dereliquisti,

446 2171 503 2222 et
533 2164 751 2220 oblitus
782 2178 845 2216 es
875 2158 1105 2214 Domini
1140 2158 1419 2212 creatoris
1449 2157 1559 2214 tui.

373 2256 535 2310 Vidit
565 2252 867 2316 Dominus,
900 2252 958 2303 et
987 2248 1059 2302 ad
1089 2246 1457 2302 iracundiam
1488 2246 1815 2303 concitatus
1844 2254 1953 2320 est,

447 2343 585 2415 quia
614 2340 1071 2413 provocaverunt
1100 2352 1232 2391 eum
1265 2334 1371 2389 filii
1403 2335 1494 2391 sui
1525 2340 1583 2390 et
1611 2335 1766 2390 filias.

379 2434 451 2490 Et
481 2432 562 2488 ait
594 2448 607 2486 :
640 2426 1007 2485 Abscondam
1038 2424 1243 2480 faciem
1278 2440 1468 2480 meam
1501 2426 1574 2481 ab
1600 2424 1705 2496 eis,

445 2526 503 2578 et
533 2517 916 2577 considerabo
946 2514 1269 2571 novissima
1300 2530 1500 2571 eorum
1536 2530 1550 2569 :

375 2608 686 2669 Generatio
714 2606 871 2663 enim
906 2620 1178 2677 perversa
1207 2608 1316 2674 est,

447 2705 505 2758 et
530 2697 797 2756 inﬁdeles
826 2696 954 2751 ﬁlii.

378 2791 497 2866 Ipsi
530 2804 622 2846 me
653 2789 1110 2860 provocaverunt
1137 2783 1197 2839 in
1229 2801 1318 2851 eo,
1350 2785 1449 2855 qui
1482 2799 1600 2840 non
1624 2788 1749 2840 erat
1780 2790 1958 2854 Deus,

449 2883 506 2936 et
536 2878 914 2934 irritaverunt
944 2874 1003 2928 in
1032 2873 1393 2929 vanitatibus
1424 2872 1545 2928 suis
1578 2889 1593 2928 :

381 2970 449 3025 Et
478 2984 585 3041 ego
616 2966 939 3039 provocabo
969 2979 1069 3019 eos
1101 2962 1162 3017 in
1191 2976 1259 3017 eo
1290 2963 1391 3033 qui
1422 2979 1539 3018 non
1569 2965 1659 3019 est
1688 2962 1965 3035 populus,

451 3062 508 3114 et
538 3057 597 3111 in
624 3058 797 3127 gente
827 3051 1008 3109 stulta
1035 3051 1279 3107 irritabo
1311 3050 1464 3108 illos.

382 3146 536 3219 Ignis
566 3159 890 3200 succensus
920 3143 1007 3196 est
1035 3139 1096 3193 in
1129 3139 1322 3194 furore
1353 3154 1504 3209 meo,

451 3240 505 3291 et
536 3232 765 3290 ardebit
794 3245 979 3302 usque
1011 3229 1083 3284 ad
1112 3227 1326 3284 inferni
1356 3227 1678 3285 novissima
1709 3246 1726 3285 :

379 3322 805 3392 Devorabitque
835 3324 1049 3375 terram
1075 3333 1209 3373 cum
1241 3318 1503 3389 germine
1533 3335 1639 3374 suo
1666 3320 1708 3389 ‘,

450 3416 507 3468 et
535 3409 822 3465 montium
855 3407 1241 3462 fundamenta
1268 3406 1595 3478 comburat,

380 3497 750 3571 Congregabo
777 3511 955 3567 super
984 3511 1085 3551 eos
1116 3494 1292 3562 mala,

451 3593 509 3644 et
536 3588 778 3658 sagittas
810 3601 971 3641 meas
1003 3584 1309 3654 complebo
1340 3582 1401 3639 in
1435 3583 1540 3639 eis.

382 3679 818 3735 Consumentur
844 3675 1019 3738 fame,

456 3773 514 3821 et
542 3764 905 3820 devorabunt
933 3778 1031 3817 eos
1058 3777 1192 3816 aves
1226 3776 1421 3815 morsu
1457 3761 1849 3818 amarissimo.

387 3856 603 3913 Dentes
632 3852 957 3908 bestiarum
992 3850 1304 3905 immittam
1330 3850 1389 3903 in
1412 3865 1534 3919 eos,

457 3960 592 4000 cum
620 3943 814 3999 furore
843 3939 1205 3996 trahentium
1237 3954 1414 4011 super
1442 3942 1660 3995 terram
1692 3944 1871 4012 atque
1907 3957 2032 3998 ser-

455 4032 742 4104 pontium.

385 4123 544 4179 Foris
575 4119 829 4177 vastabit
855 4134 954 4174 eos
984 4117 1237 4190 gladius,
1269 4123 1327 4172 et
1355 4114 1516 4173 intus
1547 4134 1725 4189 pavor
1756 4135 1770 4173 :

449 4214 729 4283 juvenem
759 4207 935 4264 simul
968 4223 1034 4262 ac
1066 4206 1376 4278 virginem,
1407 4206 1717 4263 lactentem
1751 4224 1886 4264 cum
1926 4208 2034 4265 ho-

457 4298 617 4353 mine
647 4312 807 4354 sene.

389 4386 513 4442 Dixi
548 4401 561 4439 :
596 4384 844 4439 Ubinam
877 4380 1063 4438 sunt?

1382 348 1442 399 Β.
1483 346 1894 401 HIERONYMI
1931 341 2191 399 DIVINA
2228 347 2725 406 BIBLIOTHECA.

2023 468 2081 534 Α
2182 483 2247 523 ac
2275 469 2595 526 novissima
2626 471 3018 543 providerent.

2110 555 2233 620 Quo
2266 558 2439 614 modo
2469 564 2859 631 persequatur
2886 561 2907 596 '
2938 578 3092 617 unus
3124 559 3306 630 mille,

2183 648 2239 699 et
2268 646 2383 701 duo
2416 647 2687 719 fugarent
2714 648 2912 704 decem
2945 649 3176 706 millia?

2113 732 2317 791 Nonne
2349 735 2497 804 ideo,
2533 738 2673 808 quia
2703 742 2855 794 Deus
2882 755 3029 795 suus
3055 736 3318 795 vendidit
3345 752 3467 803 eos,

2186 827 2244 878 et
2270 825 2556 881 Dominus
2588 826 2878 883 conclusit
2910 827 3087 884 illos?

2115 912 2241 968 Non
2263 914 2418 969 enim
2440 919 2529 971 est
2549 916 2703 972 Deus
2726 921 2924 974 noster
2945 922 3011 973 ut
3034 918 3193 974 Deus
3214 915 3409 989 Vulg.
3431 913 3538 987 dii]
3556 929 3761 971 eorum

2187 1005 2246 1057 et
2270 1001 2495 1059 inimici
2526 1006 2713 1061 nostri
2747 1010 2885 1062 sunt
2905 1006 3159 1078 judices.

2120 1090 2196 1145 De
2226 1089 2393 1147 vinea
2424 1092 2835 1164 Sodomorum,
2866 1095 3037 1151 vinea
3059 1110 3281 1163 eorum,

2188 1185 2247 1236 et
2276 1181 2345 1236 de
2378 1183 2736 1241 suburbanis
2767 1185 3125 1242 Gomorrbaa.

2121 1270 2237 1325 Uva
2267 1285 2467 1327 eorum
2499 1289 2611 1329 uva
2643 1272 2814 1340 fellis,

2191 1362 2250 1414 et
2279 1359 2428 1415 hotri
2459 1362 2836 1431 amarissimi,

2122 1447 2217 1503 Fel
2250 1448 2571 1506 draconum
2601 1451 2805 1508 vinum
2837 1467 3065 1521 eorum,

2191 1539 2249 1591 et
2276 1553 2566 1594 venenum
2596 1540 2871 1611 aspidum
2901 1539 3250 1599 insanabile.

2122 1625 2325 1682 Vonne
2357 1627 2477 1683 haec
2507 1630 2744 1686 condita
2773 1634 2914 1685 sunt
2942 1630 3099 1703 apud
3130 1646 3241 1699 me,

2196 1719 2253 1771 et
2281 1715 2516 1788 signata
2542 1718 2603 1773 in
2634 1718 2927 1777 thesauris
2960 1718 3153 1775 meis?

2049 1841 2096 1904 Β
2128 1803 2255 1859 Mea
2283 1810 2374 1860 est
2404 1806 2568 1874 ultio,
2601 1811 2657 1863 et
2686 1824 2790 1881 ego
2834 1808 3154 1864 retribuam
3183 1807 3245 1864 in
3271 1810 3557 1880 tempore,

2197 1898 2262 1949 ut
2291 1893 2526 1951 labatur
2557 1912 2658 1967 pes
2688 1912 2891 1953 eorum
2924 1914 2938 1952 :

2120 1982 2296 2039 Juxta
2322 1988 2411 2039 est
2439 1984 2563 2040 dies
2593 1986 2939 2056 perditionis
2970 1987 3052 2059 [h.
3086 1984 3429 2059 perditionis
3458 1982 3712 2057 eorum].

2195 2076 2252 2126 et
2280 2073 2487 2129 adesse
2517 2073 2797 2131 festinant
2826 2078 3113 2147 tempora.

2122 2159 2418 2215 Judicabit
2449 2161 2734 2218 Dominus
2763 2162 3046 2234 populum
3078 2178 3279 2231 suum,

2194 2252 2251 2306 et
2280 2250 2339 2304 in
2371 2250 2555 2306 servis
2587 2252 2711 2307 suis
2742 2251 3140 2309 miserebitur.

2124 2338 2359 2394 Videbit
2387 2340 2543 2410 quod
2573 2339 2871 2397 inﬁrmata
2900 2341 2975 2397 sit
3003 2357 3241 2411 manus,

2198 2431 2254 2483 et
2283 2428 2467 2483 clausi
2499 2444 2732 2501 quoque
2762 2430 3121 2500 defecerunt,

2196 2516 2540 2589 residuique
2568 2520 2905 2591 consumpti
2936 2523 3099 2577 sunt.

2128 2610 2195 2660 Et
2224 2606 2419 2662 dicent
2444 2623 2457 2661 :
2488 2606 2595 2663 Ubi
2630 2611 2771 2664 sunt
2799 2608 2881 2663 dii
2907 2623 3139 2679 eorum,

2198 2694 2257 2750 in
2292 2694 2509 2767 quibus
2540 2696 2838 2753 habebant
2867 2696 3146 2754 fiduciam
3165 2696 3192 2751 ‘f

2133 2783 2208 2839 De
2238 2799 2491 2854 quorum
2518 2784 2774 2840 victimis
2803 2785 3186 2843 comedebant
3215 2786 3439 2858 adipes,

2202 2876 2261 2926 et
2291 2872 2566 2928 bibebant
2593 2873 2796 2928 vinum
2829 2873 3206 2929 libaminum.

2130 2963 2402 3032 Surgunt,
2436 2965 2494 3016 et
2523 2960 2883 3033 opitulentur
2908 2962 3097 3029 vobis,

2202 3054 2259 3105 et
2290 3049 2349 3104 in
2382 3050 2729 3121 necessitate
2756 3066 2859 3107 vos
2891 3054 3224 3125 protegant.

2132 3138 2335 3194 Videte
2363 3138 2518 3209 quod
2550 3154 2652 3209 ego
2684 3138 2769 3210 [h.
2800 3154 2929 3211 ego,
2961 3126 3091 3211 ego]
3123 3140 3236 3196 sim
3267 3139 3455 3210 solus,

2049 3197 2093 3267 (ἶ
2202 3230 2263 3283 et
2292 3197 2409 3283 non
2440 3226 2518 3283 sit
2546 3197 2703 3285 alius
2725 3197 2882 3285 Decus
2910 3197 3118 3301 ﬁmi-3m}
3150 3245 3243 3285 me
3275 3245 3290 3285 :

2129 3317 2249 3389 Ego
2280 3316 2566 3385 occidam,
2599 3321 2657 3373 et
2685 3332 2790 3390 ego
2819 3318 3010 3374 vivere
3037 3318 3247 3376 faciam
3280 3335 3296 3374 :

2203 3406 2550 3478 percutiam,
2583 3411 2641 3462 et
2670 3422 2776 3479 ego
2807 3407 3050 3477 sanabo,

2202 3501 2261 3551 et
2288 3512 2406 3551 non
2436 3500 2528 3552 est
2557 3496 2658 3567 qui
2689 3496 2760 3552 de
2790 3513 2972 3553 manu
3003 3513 3133 3554 mea
3161 3496 3350 3570 possit
3377 3511 3599 3554 eruere.

2135 3584 2362 3641 Levabo
2394 3586 2466 3640 ad
2499 3585 2711 3641 ccelum
2740 3601 2982 3642 manum
3012 3602 3230 3656 meam,

2208 3678 2265 3728 et
2293 3673 2484 3729 dicam
2524 3691 2537 3729 :
2568 3674 2709 3730 Vivo
2740 3689 2847 3746 ego
2876 3673 2936 3729 in
2968 3678 3274 3731 seternum.

2138 3763 2198 3818 Si
2230 3778 2438 3818 acuere
2470 3764 2535 3817 ut
2562 3762 2759 3834 fulgur
2788 3762 3051 3835 gladium
3086 3780 3312 3835 meum,

2216 3855 2275 3907 et
2304 3851 2619 3922 arripuerit
2642 3851 2933 3920 judicium
2965 3868 3178 3909 manus
3200 3869 3332 3909 mea
3356 3868 3371 3907 :

2144 3940 2403 3997 Reddam
2436 3938 2723 3997 ultionem
2753 3939 3026 3997 hostibus
3055 3941 3199 3998 meis
3231 3958 3247 3996 :

2178 4048 2181 4049 ν
2214 4030 2272 4081 et
2301 4025 2391 4081 his
2420 4026 2521 4098 qui
2548 4027 2799 4083 oderunt
2823 4043 2937 4099 me,
2972 4029 3297 4086 retribuam
3332 4044 3346 4083 :

2144 4115 2449 4172 Inebriabo
2480 4116 2725 4188 sagittas
2755 4132 2917 4173 meas
2947 4117 3260 4190 sanguine,

2215 4210 2272 4261 et
2300 4204 2533 4277 gladius
2565 4221 2734 4262 meus
2764 4206 3072 4264 devorabit
3095 4223 3330 4275 carnes,

2146 4299 2225 4350 De
2256 4311 2462 4350 cruore
2493 4294 2840 4363 occisorum,

2215 4388 2273 4439 et
2302 4384 2372 4439 de
2402 4382 2736 4454 captivitate
2767 4382 2971 4438 nudati
2998 4382 3376 4442 inimicorum
3406 4384 3640 4458 capitis.

459 4489 691 4528 cessare
714 4470 921 4527 faciam
945 4471 1023 4541 [h.
1060 4470 1465 4526 Exterminabo
1488 4486 1586 4526 eos
1609 4471 1668 4526 in
1696 4472 1889 4529 furore
1917 4487 2037 4528 meo
2148 4472 2430 4540 Laudate,
2458 4475 2684 4543 gentes,
2718 4470 3004 4543 papulum
3031 4473 3184 4544 ejus,

463 4568 760 4619 etcessare
776 4560 1008 4629 faciam]
1023 4576 1090 4615 ex
1103 4558 1445 4614 hominibus
1459 4560 1802 4615 memoriam
1817 4576 2031 4621 eorum.

394 4653 505 4709 Sed
538 4655 777 4724 propter
806 4649 952 4705 iram
986 4648 1361 4703 inimicorum
1395 4648 1597 4703 distuli
1631 4665 1644 4703 :

468 4758 539 4797 ne
572 4742 716 4795 forte
746 4738 1120 4810 superbirent
1150 4737 1346 4793 hostes
1376 4753 1601 4804 eorum,

394 4831 465 4886 Et
496 4830 756 4885 dicerent
789 4843 801 4880 :
836 4827 1044 4882 Manus
1077 4830 1278 4881 nostra
1306 4825 1558 4893 excelsa,

467 4924 523 4973 et
555 4933 667 4972 non
701 4915 1003 4983 Dominus,
1036 4914 1171 4969 fecit
1199 4914 1319 4970 hinc
1349 4916 1571 4972 omnia.

395 5010 549 5066 Gens
581 5007 802 5076 absque
833 5003 1077 5059 consilio
1108 5009 1218 5069 est,
1247 5008 1301 5058 et
1333 5004 1459 5059 sine
1490 5005 1819 5076 prudentia.

394 5099 630 5156 Utinam
662 5098 958 5165 saperent,
987 5097 1044 5149 et
1072 5091 1486 5164 intelligerent,

468 5298 485 5331 ¹
518 5292 883 5349 Interserunt
913 5287 1010 5344 alii
1041 5286 1192 5353 libri,
1222 5287 1356 5342 suis.

470 5366 490 5399 ²
526 5366 624 5419 Hic
655 5359 1148 5434 quoqueaddunt
1177 5359 1275 5413 alii
1298 5358 1462 5434 libri,
1494 5358 1566 5415 ad
1594 5373 1701 5414 eos.

2066 4568 2114 4633 D
2219 4560 2353 4630 quia
2385 4560 2732 4629 sanguinem
2767 4576 3065 4616 servorum
3100 4578 3343 4618 suorum
3380 4563 3719 4619 ulciscetur.

2149 4653 2215 4705 Et
2242 4649 2563 4705 vindictam
2595 4648 2872 4705 retribuet
2901 4649 2959 4704 in
2992 4649 3190 4708 hostes
3219 4667 3447 4722 eorum,

2221 4744 2278 4794 et
2310 4737 2601 4811 pr0pitius
2634 4738 2744 4793 erit
2773 4739 2793 4772 ⁵
2825 4742 2989 4794 terrae
3020 4740 3222 4812 populi
3253 4740 3366 4796 sui.

2218 4828 2301 4899 [8.
2336 4826 2552 4892 CXLI.]
2583 4826 2755 4883 Venit
2782 4843 2920 4899 ergo
2950 4832 3161 4895 Moses,
3192 4834 3251 4885 et
3280 4828 3516 4886 locutus
3544 4831 3635 4884 est
3680 4845 3809 4885 om-

2150 4918 2247 4973 nia
2275 4918 2452 4972 verba
2480 4915 2706 4973 Cantici
2735 4915 2917 4987 hujus
2948 4916 3007 4972 in
3041 4917 3288 4974 auribus
3319 4916 3542 4990 populi,
3576 4917 3704 4990 ipse
3750 4923 3811 4974 et

2147 5007 2329 5063 Josue
2356 5007 2377 5041 ⁸
2410 5005 2491 5074 [h.
2528 5005 2695 5076 Osee]
2728 5003 2887 5061 filius
2918 5005 3073 5063 Nun.
3105 5006 3549 5079 Complevitque
3591 5022 3804 5063 omnes

2150 5110 2451 5152 sermones
2483 5094 2648 5161 istos,
2680 5092 2930 5165 loquens
2970 5095 3042 5150 ad
3089 5095 3429 5154 universum
3478 5094 3679 5152 Israel.
3733 5096 3807 5152 Et

2220 5291 2241 5325 ⁸
2275 5292 2639 5345 Interserunt
2667 5291 2891 5345 veteres
2924 5288 3056 5346 libri
3090 5290 3185 5348 hic
3215 5291 3499 5348 Dominus.

2221 5363 2242 5397 ⁶
2272 5362 2551 5435 Ηθξπζυυε
2581 5365 2640 5416 et
2670 5360 2977 5435 Chaldaeus
3008 5362 3212 5435 legunt
3239 5373 3423 5432 min,
3457 5363 3512 5419 id
3544 5367 3659 5433 est,
3691 5366 3799 5420 Ho-

468 5438 491 5471 ³
532 5431 849 5491 Rabbanus
897 5431 1058 5503 legit,
1109 5431 1355 5486 Comedz‘s
1409 5439 1620 5486 terram
1662 5435 1711 5486 et
1752 5431 2040 5486 nascentia
2149 5449 2268 5499 sea,
2296 5432 2379 5488 vel
2418 5432 2546 5489 Osee
2577 5448 2739 5487 more
2770 5431 3147 5504 antiquorum
3182 5450 3196 5491 :
3236 5431 3650 5492 Samaritanus
3696 5453 3804 5492 au-

393 5510 533 5578 ejus.

472 5582 494 5613 ⁴
521 5583 628 5635 Ms.
665 5577 873 5642 Palat.,
907 5577 1260 5648 persequetur
1297 5589 1317 5635 ,'
1352 5571 1448 5629 alii
1480 5572 1636 5641 libri,
1668 5574 2037 5646 persequitur,

404 5657 462 5708 et
491 5666 620 5707 mox
646 5653 851 5723 fugant
880 5664 985 5721 pro
1013 5649 1293 5719 fugarant.

2150 5510 2292 5579 tem,
2328 5506 3025 5579 LXX_etSyrus_habent
3067 5506 3174 5566 Jod
3222 5507 3293 5564 ab
3342 5508 3530 5578 initio,
3585 5518 3803 5579 tht,

2146 5576 2391 5645 Jchosea,
2423 5575 2509 5634 vel
2537 5577 2718 5635 Iosue.
2752 5576 2942 5636 MART.
