4068 6172
303 319 390 374 501
1588 321 1800 375 LIBER
1837 320 2408 380 DBUTERONOMII.

3573 317 3679 373 502

306 445 431 502 dixit
460 444 524 499 ad
558 459 654 499 eos
686 459 700 499 ε
728 442 933 499 Ponite
964 443 1141 499 corda
1178 450 1371 500 vestra
1402 443 1460 500 in
1494 444 1691 500 omnia
1720 447 1918 512 verba,
1950 447 2003 514 Α
2105 449 2171 503 Et
2201 447 2509 520 Benjamin
2542 447 2623 504 ait
2656 464 2668 502 :
2702 442 3164 502 Amantissimus
3196 442 3428 499 Domini
3451 442 3681 499 habita-

305 551 415 607 quae
441 549 539 605 ego
570 531 846 588 testiﬁcor
887 532 1053 589 vobis
1085 533 1257 590 hodie
1292 559 1306 592 ς
1340 537 1403 589 ut
1442 534 1732 589 mandetis
1762 551 1829 589 ea
1862 534 1924 589 ﬁ-

302 624 380 679 liis
410 622 605 678 vestris
636 622 933 677 custodire
985 627 1042 677 et
1074 623 1283 690 facere,
1336 630 1393 678 et
1424 623 1666 695 implere
1692 623 1773 695 [h.
1810 640 1925 680 non

302 713 454 768 habet
480 716 536 767 et
568 710 833 783 implere]
867 712 1161 782 universa,
1195 729 1321 784 quae
1362 713 1581 785 scripta
1611 718 1749 769 sunt
1778 712 1924 784 legis

298 802 453 872 hujus
488 825 501 853 τ
532 801 672 872 quia
699 816 815 856 non
847 801 1151 857 incassum
1210 806 1499 874 praecepta
1547 807 1687 858 sunt
1732 802 1920 870 vobis,

295 892 381 947 sed
411 893 472 944 ut
501 889 719 961 singuli
754 890 814 944 in
847 889 931 945 eis
964 890 1227 946 viverent
1254 911 1266 947 ε
1298 907 1423 962 quae
1455 890 1922 963 facienteslongo

297 978 651 1052 perseveretis
695 983 956 1050 tempore
1008 979 1066 1033 in
1101 984 1276 1049 terra,
1309 981 1379 1034 ad
1429 996 1623 1052 quam,
1674 981 1924 1036 Jordane

298 1067 647 1138 transmisso,
683 1067 1059 1140 ingredimini
1109 1069 1520 1140 possidendam
1552 1070 1633 1140 [Τ.
1668 1070 1823 1137 ΧΙΧ,
1858 1070 1918 1125 C.

292 1158 833 1228 CLII].Locutusque
868 1162 957 1213 est
987 1158 1272 1214 Dominus
1303 1159 1373 1213 ad
1407 1159 1607 1214 Mosen
1632 1158 1688 1212 in
1714 1159 1917 1214 eadem

293 1246 393 1315 die,
423 1246 624 1301 dicens
660 1264 673 1305 :
708 1247 965 1302 Ascende
1015 1248 1073 1301 in
1125 1252 1382 1304 montem
1433 1248 1612 1302 istum
1654 1247 1915 1315 Abarim,

292 1334 339 1389 id
367 1339 469 1400 est,
500 1336 842 1403 transitum,
875 1337 934 1391 in
969 1341 1229 1393 montem
1258 1337 1408 1392 Nebo
1440 1337 1525 1407 [hx
1558 1336 1737 1392 istum
1771 1337 1917 1391 Aba-

292 1422 409 1489 rim,
442 1429 696 1479 montem
729 1425 930 1494 Nebo],
962 1426 1061 1497 qui
1095 1429 1186 1481 est
1233 1426 1290 1481 in
1322 1431 1477 1481 terra
1508 1426 1673 1482 Moab
1714 1430 1917 1481 contra

288 1511 496 1567 Jericbo
530 1530 544 1570 :
574 1517 632 1567 et
678 1513 810 1568 vide
841 1518 1056 1569 terram
1108 1514 1405 1582 Chanaan,
1441 1531 1614 1585 quam
1665 1530 1770 1585 ego
1797 1518 1916 1569 tra-

288 1600 404 1655 dam
437 1600 573 1657 ﬁliis
609 1603 785 1658 Israel
824 1603 1227 1669 obtinendam,
1259 1608 1315 1659 et
1348 1620 1571 1659 morere
1602 1603 1661 1658 in
1694 1608 1913 1658 monte.

292 1688 452 1749 Quem
507 1690 910 1744 conscendens
950 1691 1222 1762 jungeris
1268 1690 1502 1762 populis
1565 1691 1701 1757 tuis,
1762 1692 1916 1745 sicut

295 1782 541 1833 mortuus
595 1782 685 1832 est
732 1784 926 1834 Aaron
981 1778 1162 1835 frater
1206 1783 1345 1835 tuus
1376 1779 1432 1834 in
1468 1784 1661 1835 monte
1691 1780 1827 1848 Hor,
1859 1782 1915 1835 et

292 1865 579 1937 appositus
612 1868 845 1939 populis
878 1869 1002 1923 suis
1036 1887 1050 1920 :
1084 1868 1182 1940 qui
1230 1869 1584 1940 praevaricati
1614 1868 1757 1925 estis
1788 1885 1923 1924 con-

290 1957 367 2008 tra
394 1970 501 2023 me,
537 1956 599 2010 in
638 1957 826 2011 medio
857 1956 1113 2013 ﬁliorum
1146 1957 1344 2025 Israel,
1373 1958 1442 2013 ad
1475 1975 1657 2030 aquas
1690 1962 1919 2014 contra-

291 2042 551 2100 dictionis
588 2045 647 2099 in
681 2046 862 2102 Cades
892 2047 1107 2102 deserti
1141 2047 1243 2102 Sin
1279 2066 1292 2110 ;
1320 2051 1377 2103 et
1407 2065 1519 2102 non
1555 2047 1918 2103 sanctiﬁcas-

292 2132 355 2188 tis
387 2150 472 2190 me
501 2135 660 2191 inter
690 2137 841 2193 ﬁlios
889 2136 1085 2194 Israel.
1119 2138 1160 2193 E
1190 2142 1392 2193 contra
1435 2137 1517 2211 [h.
1551 2142 1857 2210 Propterea
1888 2155 1919 2195 e

292 2226 495 2296 contra]
528 2226 760 2281 videbis
790 2230 1029 2295 terram,
1064 2232 1121 2282 et
1150 2244 1263 2283 non
1296 2227 1642 2300 ingrediaris
1675 2230 1732 2284 in
1763 2246 1917 2298 eam,

290 2328 443 2383 quam
475 2330 587 2386 ego
618 2316 769 2371 dabo
801 2315 937 2371 ﬁliis
968 2317 1166 2372 Israel.

350 2403 423 2473 [Β.
452 2403 667 2469 CXCII,
700 2404 761 2459 C.
792 2404 975 2469 CLIII,
1010 2405 1139 2477 Cap.
1174 2405 1589 2479 XXXIII].Haac
1620 2412 1707 2462 est
1736 2407 1917 2464 bene-

289 2490 466 2559 dictio,
516 2510 640 2564 qua
693 2494 990 2549 benedixit
1039 2495 1253 2565 Moses,
1299 2495 1475 2551 homo
1522 2496 1622 2550 Dei
1655 2498 1675 2531 ³
1717 2496 1795 2568 [h.
1831 2496 1917 2553 vir

286 2581 411 2650 Dei],
443 2582 582 2637 ﬁliis
618 2582 797 2637 Israel
830 2587 965 2638 ante
998 2592 1240 2638 morlem
1277 2588 1532 2655 suam,et
1563 2584 1641 2640 ait
1674 2601 1686 2640 :
1726 2586 1914 2641 Domi-

287 2685 382 2724 nus
408 2671 473 2726 de
503 2670 673 2726 Sinai
703 2672 882 2739 venit,
918 2677 973 2728 et
1002 2674 1072 2727 de
1102 2673 1227 2728 Seir
1252 2677 1414 2729 ortus
1457 2678 1546 2729 est
1574 2674 1760 2730 nobis.
1794 2684 1913 2747 Ap-

288 2759 458 2828 paruit
506 2761 582 2816 de
630 2764 829 2817 monte
878 2761 1129 2830 Pharan,
1179 2766 1236 2818 et
1275 2779 1407 2818 cum
1459 2779 1523 2818 eo
1572 2767 1913 2819 sanctorum

287 2846 467 2903 millia.
501 2851 565 2905 In
607 2851 837 2907 dextera
883 2851 1011 2921 ejus
1045 2850 1216 2923 ignea
1262 2850 1370 2907 lex.
1404 2850 1615 2907 Dilexit
1641 2852 1910 2925 populos,

285 2952 467 2994 omnes
498 2939 694 2995 sancti
725 2939 783 2994 in
808 2956 983 2996 manu
1016 2940 1361 2996 illiussunt:
1387 2945 1442 2997 et
1472 2941 1571 3013 qui
1604 2943 1914 3014 appropin-

285 3033 445 3095 quant
474 3029 734 3099 pedibus
783 3030 932 3099 ejus,
985 3029 1272 3101 accipient
1300 3032 1371 3086 de
1424 3030 1687 3086 doctrina
1715 3030 1902 3089 illius.

285 3114 474 3187 Legem
508 3117 791 3189 praecepit
837 3118 1007 3174 nobis
1038 3118 1250 3187 Moses,
1285 3118 1678 3175 haereditatem
1710 3119 1912 3175 multi-

2036 537 2121 592 bit
2150 538 2510 594 conﬁdenter
2555 538 2615 591 in
2668 552 2754 599 eo,
2788 534 2956 607 quasi
3004 534 3062 588 in
3114 531 3370 589 thalamo
3417 536 3540 589 tota
3586 533 3679 590 die

2036 627 2383 697 morabitur,
2417 630 2471 681 et
2503 626 2657 681 inter
2686 625 2966 680 humeros
3000 622 3159 677 illius
3192 622 3531 692 requiescet.

2104 714 2318 786 Joseph
2344 730 2577 786 quoque
2599 715 2679 769 ait
2702 730 2714 766 :
2740 715 2817 768 De
2838 711 3241 768 benedictione
3268 711 3492 767 Domini
3522 716 3678 766 terra

2032 805 2200 874 ejus;
2234 805 2303 859 de
2349 805 2535 874 pomis
2585 802 2733 869 cmli,
2766 808 2822 857 et
2852 818 2999 871 rore,
3023 805 3197 872 atque
3228 801 3439 872 abysso
3472 800 3676 870 subia-

2033 892 2305 948 cente.De
2336 892 2527 964 pomis
2559 894 2855 947 fructuum
2890 890 3029 946 solis
3062 906 3127 944 ac
3159 889 3330 945 lunae.
3352 890 3433 945 De
3460 889 3674 944 vertice

2032 983 2411 1054 antiquorum
2446 981 2760 1046 montium.
2791 980 2862 1034 de
2893 978 3082 1050 pomis
3132 978 3369 1034 collium
3426 981 3674 1033 aeterno-

2031 1088 2159 1125 rum
2192 1090 2203 1127 :
2234 1076 2290 1127 et
2320 1073 2390 1126 de
2440 1071 2712 1143 frugibus
2762 1074 2949 1134 terrae,
2997 1072 3055 1122 et
3104 1067 3468 1139 plenitudine
3517 1068 3667 1137 ejus.

2029 1159 2362 1216 Benedictio
2396 1159 2557 1215 illius
2588 1159 2670 1231 [h.
2698 1157 2968 1213 voluntas
3017 1155 3201 1226 illius]
3249 1156 3348 1228 qui
3400 1156 3670 1228 apparuit

2028 1252 2086 1305 in
2120 1251 2287 1320 rubo,
2322 1250 2513 1305 veniat
2542 1264 2720 1320 super
2745 1250 2917 1318 caput
2948 1245 3259 1317 Joseph,et
3289 1262 3467 1318 super
3492 1246 3670 1302 verti-

2028 1357 2153 1397 cem
2181 1339 2435 1395 Nazarazi
2468 1339 2618 1394 inter
2648 1338 2856 1392 fratres
2906 1351 3066 1391 suos.
3088 1334 3264 1399 Quasi
3298 1334 3671 1408 primogeniti

2023 1430 2176 1484 tauri
2208 1428 2583 1500 pulchritudo
2612 1428 2764 1499 ejus,
2788 1442 3008 1482 cornua
3037 1424 3423 1481 rhinocerotis
3452 1442 3672 1481 cornua

2026 1518 2219 1573 illius:
2247 1518 2307 1572 in
2342 1517 2484 1589 ipsis
2513 1516 2818 1571 ventilabit
2846 1518 3049 1587 gentes
3067 1530 3252 1584 usque
3282 1514 3355 1569 ad
3386 1514 3670 1571 terminos

2024 1610 2211 1662 terrae.
2259 1606 2356 1661 Hae
2412 1609 2554 1660 sunt
2611 1603 3022 1659 multitudines
3080 1602 3494 1673 Ephraimzet
3549 1604 3671 1659 haec

2026 1696 2206 1750 millia
2242 1696 2530 1751 Manasse.

2096 1785 2164 1839 Et
2194 1784 2452 1839 Zabulon
2504 1782 2585 1838 ait
2619 1799 2632 1837 :
2665 1783 2901 1845 Laetare,
2950 1780 3230 1847 Zabulon,
3266 1780 3323 1834 in
3358 1780 3512 1835 exitu
3545 1784 3666 1847 tuo,

2028 1878 2083 1928 et
2114 1873 2383 1929 Issachar
2416 1872 2472 1926 in
2498 1869 2895 1926 tabernaculis
2943 1868 3081 1925 tuis.
3117 1867 3366 1941 Populos
3397 1869 3469 1923 ad
3502 1884 3667 1924 mon-

2026 1966 2142 2017 tem
2190 1962 2481 2017 vocabunt
2513 1977 2526 2015 ε
2558 1959 2640 2015 ibi
2669 1958 3062 2014 immolabunt
3107 1958 3375 2013 victimas
3397 1957 3665 2029 justitiaa.

2027 2052 2133 2116 Qui
2166 2050 2652 2106 innundationem
2686 2047 2866 2103 maris
2897 2047 3066 2119 quasi
3094 2046 3185 2102 lac
3216 2049 3512 2119 sugent,et
3538 2046 3665 2101 the-

2025 2157 2128 2197 sau
2140 2157 2233 2196 ros
2264 2138 2638 2195 absconditos
2668 2152 2996 2192 arenarum.
3508 2181 3513 2187 .

2098 2235 2163 2284 Et
2220 2231 2338 2285 Gad
2402 2228 2485 2284 ait
2532 2246 2544 2283 :
2608 2227 2957 2283 Benedictus
3014 2226 3075 2281 in
3134 2224 3442 2283 latitudine
3499 2226 3665 2283 Gad:

2026 2320 2195 2390 quasi
2226 2318 2313 2374 leo
2346 2316 2925 2388 requievit,cepitque
2943 2314 3248 2371 brachium
3283 2320 3340 2370 et
3368 2314 3667 2371 verticem.

2027 2408 2094 2461 Et
2122 2406 2257 2461 vidit
2292 2406 2685 2479 principatum
2719 2421 2917 2468 suum,
2950 2404 3104 2475 quod
3136 2404 3195 2458 in
3236 2408 3397 2474 parte
3429 2420 3538 2459 sua
3566 2405 3668 2460 do-

2024 2501 2147 2550 ctor
2197 2501 2352 2551 esset
2401 2494 2738 2566 repositus:
2790 2492 2892 2564 qui
2942 2492 3054 2547 fuit
3110 2509 3245 2547 cum
3304 2492 3669 2565 principibus

2024 2584 2246 2656 populi,
2281 2588 2337 2638 et
2369 2584 2503 2638 fecit
2531 2582 2794 2654 justitias
2826 2580 3461 2651 Domini,etjudicium
3494 2598 3666 2638 suum

2026 2690 2160 2729 cum
2196 2672 2393 2728 Israel.

2094 2766 2214 2818 Dan
2250 2778 2480 2834 quoque
2509 2761 2590 2816 ait
2624 2777 2636 2815 :
2670 2760 2793 2815 Dan
2826 2758 3060 2815 catulus
3092 2758 3460 2829 leonis,ﬂuet
3484 2758 3665 2832 largi~

2023 2856 2114 2909 ter
2142 2853 2213 2908 de
2244 2853 2452 2907 Basan.

2094 2943 2161 2997 Et
2192 2939 2502 3013 Nephthali
2552 2939 2695 2994 dicit
2730 2955 2742 2994 :
2775 2937 3090 3011 Nephthali
3141 2936 3501 2993 abundantia
3533 2953 3661 3009 per-

2021 3034 2268 3101 fruetur,
2300 3035 2357 3087 et
2403 3030 2611 3102 plenus
2659 3029 2771 3085 erit
2820 3027 3329 3085 benedictionibus
3377 3027 3660 3085 Domini:

2022 3137 2184 3176 mare
2212 3124 2269 3175 et
2299 3119 2601 3174 meridiem
2635 3117 2973 3189 possidebit.

283 3204 484 3261 tudinis
512 3188 722 3261 Jacob.
750 3207 876 3261 Erit
908 3208 1060 3279 apud
1094 3207 1489 3263 rectissimum
1523 3224 1639 3275 rex,
1673 3225 1910 3280 congre-
1941 3188 1985 3258 (ἶ
2097 3215 2243 3265 Aser
2288 3224 2521 3281 quoque
2569 3188 2651 3262 ait
2684 3223 2697 3262 :
2730 3206 3077 3262 Benedictus
3125 3206 3184 3261 in
3227 3204 3365 3261 ﬁliis
3393 3206 3557 3277 Aser,
3590 3206 3668 3261 sit

282 3293 414 3363 gatis
444 3293 818 3367 principibus
844 3294 1045 3368 populi
1076 3312 1207 3351 cum
1243 3296 1516 3353 tribubus
1533 3297 1732 3353 Israel.

340 3382 496 3438 Vivat
528 3385 764 3455 Ruben,
796 3386 852 3439 et
883 3401 997 3440 non
1043 3384 1346 3451 moriatur,
1379 3390 1437 3441 et
1485 3386 1562 3440 sit
1591 3404 1802 3458 parvus
1854 3388 1912 3443 in

282 3486 524 3529 numero.

339 3559 459 3615 Haec
488 3566 581 3618 est
612 3562 780 3617 Judaa
809 3562 1140 3618 benedictio
1175 3579 1187 3617 :
1224 3563 1391 3629 Audi,
1424 3563 1690 3631 Domine,
1713 3580 1910 3621 vocem

280 3646 440 3716 lude,
470 3654 525 3707 et
554 3652 627 3706 ad
664 3650 946 3723 populum
981 3668 1155 3708 suum
1189 3652 1458 3708 introduc
1488 3669 1621 3708 eum
1657 3671 1669 3709 :
1702 3670 1913 3710 manus

282 3737 391 3807 ejus
421 3740 779 3812 pugnabunt
807 3757 910 3813 pro
942 3744 1030 3808 eo,
1055 3744 1112 3796 et
1141 3741 1375 3813 adjutor
1404 3741 1564 3798 illius
1597 3746 1797 3800 contra
1818 3745 1916 3799 ad-

283 3830 554 3885 versarios
586 3831 721 3901 ejus
754 3830 880 3885 erit.

342 3917 464 3973 Levi
496 3934 741 3990 quoque
773 3918 854 3974 ait
887 3936 900 3979 :
944 3918 1225 3975 Perfectio
1255 3922 1354 3975 tua
1401 3926 1457 3975 et
1502 3920 1769 3975 doctrina
1812 3924 1915 3976 tua

284 4006 387 4060 viro
416 4012 623 4063 sancto
680 4015 797 4074 tuo,
833 4024 1007 4078 quem
1060 4009 1322 4080 probasti
1370 4008 1429 4064 in
1478 4010 1822 4077 tentatione,
1856 4013 1913 4064 et

280 4094 537 4162 judicasti
573 4098 647 4151 ad
684 4113 867 4167 aquas
898 4097 1397 4153 contradictionis.
1448 4098 1553 4161 Qui
1586 4098 1731 4153 dixit
1761 4098 1913 4169 patri

282 4196 373 4238 suo
401 4188 456 4239 et
489 4184 668 4240 matri
699 4201 820 4240 suae
853 4203 865 4241 :
898 4187 1101 4241 Nescio
1131 4203 1234 4242 vos
1262 4206 1275 4254 ;
1310 4189 1368 4240 et
1416 4187 1697 4242 fratribus
1741 4187 1861 4242 suis
1896 4202 1909 4240 :

284 4270 471 4342 Ignoro
494 4291 602 4330 vos
624 4275 648 4308 ‘
675 4292 687 4330 :
712 4281 769 4330 et
802 4275 1135 4330 nescierunt
1157 4274 1237 4347 [h.
1272 4276 1537 4346 nescivit)
1570 4275 1721 4330 ﬁlios
1753 4292 1912 4331 suos.

282 4359 339 4412 Hi
366 4363 779 4420 custodierunt
807 4362 1101 4435 eloquium
1146 4368 1337 4427 tuum,
1372 4369 1429 4418 et
1462 4368 1698 4435 paetum
1746 4368 1915 4419 tuum

282 4456 667 4518 servaverunt,
691 4453 917 4524 judicia
971 4457 1090 4517 tua,
1125 4469 1155 4508 ο
1181 4454 1381 4520 Jacob,
1415 4458 1471 4509 et
1520 4453 1701 4525 legem
1731 4456 1915 4521 tuam,

286 4553 311 4592 ο
342 4540 505 4598 Israel
543 4542 629 4616 [h.
665 4542 999 4598 illuminent
1022 4543 1250 4614 judicia
1293 4548 1392 4598 tua
1422 4542 1479 4598 in
1515 4543 1716 4610 Jacob,
1750 4548 1807 4599 et
1837 4542 1915 4597 le-

285 4642 397 4697 gem
429 4636 595 4687 tuam
628 4632 689 4686 in
724 4632 924 4703 Israel]
960 4649 972 4687 :
1007 4635 1225 4703 ponent
1253 4632 1576 4704 thymiama
1619 4633 1677 4687 in
1728 4633 1921 4688 furore

286 4719 395 4787 tuo,
426 4725 481 4775 et
529 4719 941 4776 holocaustum
992 4737 1165 4791 super
1198 4721 1378 4777 altare
1429 4726 1618 4776 tuum.
1653 4720 1920 4791 Benedic,

287 4803 537 4874 Domine,
571 4809 903 4864 fortitudini
954 4811 1103 4879 ejus,
1135 4814 1189 4864 et
1221 4825 1395 4880 opera
1442 4826 1728 4865 manuum
1762 4808 1922 4864 illius

287 4897 523 4966 suscipe.
580 4901 824 4953 Percute
872 4899 1045 4953 dorsa
1093 4897 1469 4954 inimicorum
1519 4900 1666 4970 ejus,
1718 4903 1775 4953 et
1823 4897 1923 4970 qui

288 4982 519 5041 oderunt
551 5002 712 5057 eum,
749 5002 862 5042 non
886 4990 1265 5057 consurgant.

348 5128 360 5161 ¹
387 5129 781 5199 Hieronymus
814 5129 869 5183 in
900 5129 1149 5199 epistola
1178 5128 1251 5183 ad
1284 5127 1624 5199 Cyprianum
1656 5129 1921 5185 soholion

286 5196 427 5272 istud
462 5196 775 5256 manifeste
816 5196 1071 5271 probat:
1120 5200 1199 5272 ibi
1251 5196 1410 5272 enim
1460 5201 1671 5272 psalmi
1722 5218 1921 5256 Lxxxxx

288 5270 741 5340 explanationem
792 5270 1127 5343 aggressus,
1181 5270 1301 5327 haec
1363 5270 1510 5326 ait':
1565 5297 1590 5322 α
1654 5274 1921 5327 Primum

288 5343 604 5415 sciendum,
642 5344 789 5413 quod
838 5342 1050 5415 psalmi
1084 5343 1255 5398 istius
1302 5344 1472 5413 juxta
1504 5344 1922 5399 Hebraicorum

294 5411 483 5469 titulus
515 5411 812 5482 sit,Oratz'o
838 5411 980 5471 Mosi
1010 5416 1123 5471 viri
1154 5414 1252 5471 Dei
1278 5411 1490 5486 fjuxta
1519 5416 1922 5488 Septuaginta,

298 5500 473 5575 Oratio
502 5504 685 5573 Moysi
715 5504 955 5561 hominis
985 5506 1139 5560 Dei.»
1172 5504 1233 5559 In
1269 5503 1505 5559 Hebraeo
1537 5489 1923 5575 mn‘mmms,

299 5573 339 5649 is
367 5575 642 5649 naelohim
688 5576 961 5649 legimus,
991 5578 1145 5648 quod
1196 5577 1349 5648 apud
1402 5577 1545 5631 LXX
1595 5579 1767 5632 etiam
1819 5573 1928 5632 hoc

301 5642 415 5703 loco
441 5642 882 5720 interprete—tur,
934 5642 1362 5725 e’ivépwnoq'roﬁ
1412 5650 1544 5702 Θεοῦ
1588 5652 1745 5706 homo
1785 5650 1926 5706 Dei:

2024 3298 2263 3371 placens
2312 3297 2589 3352 fratribus
2639 3296 2787 3367 suis,
2829 3300 2888 3350 et
2936 3295 3128 3368 tingat
3175 3294 3233 3349 in
3281 3293 3406 3350 oleo
3456 3296 3664 3367 pedem

2024 3403 2218 3444 suum.
2242 3391 2478 3442 Ferrum
2502 3389 2561 3441 et
2582 3401 2661 3441 aes
2682 3384 3142 3440 calceamentum
3165 3385 3314 3455 ejus.
3347 3384 3510 3440 Sicut
3543 3385 3670 3440 dies

2016 3475 2347 3548 juventutis
2376 3479 2513 3541 tuae,
2545 3474 2627 3529 ita
2658 3477 2716 3529 et
2746 3477 3015 3529 senectus
3046 3476 3166 3528 tua.
3216 3472 3342 3528 Non
3375 3478 3465 3529 est
3520 3478 3671 3529 Deus

2022 3565 2174 3622 alius
2207 3568 2272 3620 ut
2300 3565 2455 3619 Deus
2496 3563 2834 3629 rectissimi,
2866 3579 3142 3617 ascensor
3187 3561 3316 3617 coeli
3366 3561 3672 3618 auxiliator

2020 3659 2180 3710 tuus.
2218 3653 2651 3725 Magniﬁcentia
2680 3653 2808 3721 ejus
2840 3651 2985 3723 [h.et
3005 3650 3233 3722 judicia
3262 3650 3414 3723 ejus]
3446 3652 3667 3707 discur-

2021 3748 2160 3799 runt
2208 3726 2290 3813 [h.
2346 3759 2458 3797 non
2510 3742 2707 3808 habet,
2756 3741 3116 3812 discurrunt]
3173 3739 3359 3795 nubes
3406 3739 3488 3809 [h.
3523 3740 3665 3796 etin

2022 3831 2455 3905 magniﬁcentia
2486 3832 2613 3900 ejus
2658 3830 2888 3901 nubes],
2922 3828 3319 3884 habitaculum
3368 3829 3496 3899 ejus
3528 3845 3663 3884 sur-

2020 3938 2173 3989 sum,
2206 3926 2263 3976 et
2296 3921 2500 3975 subter
2528 3918 2767 3974 brachia
2794 3918 3153 3989 sempiterna
3186 3935 3199 3973 :
3233 3918 3426 3988 ejiciet
3454 3933 3488 3973 a
3519 3917 3665 3974 facie

2020 4016 2123 4066 tua
2152 4010 2481 4077 inimicum,
2516 4008 2786 4079 dicetque
2818 4024 2830 4061 :
2866 4009 3193 4063 Conterere.

2090 4098 2385 4154 Habitabit
2417 4097 2591 4153 Israel
2626 4097 3003 4161 conﬁdenter,
3039 4100 3096 4150 et
3123 4095 3305 4151 solus.
3340 4095 3552 4152 Oculus
3577 4098 3667 4152 Ja-

2021 4190 2128 4245 cob
2160 4190 2242 4261 [h.
2278 4189 2407 4243 fons
2436 4189 2639 4258 Iacob]
2668 4187 2726 4241 in
2759 4191 2913 4241 terra
2941 4186 3217 4241 frumenti
3249 4191 3309 4241 et
3338 4185 3478 4256 vini,
3510 4186 3667 4242 coali-

2022 4294 2137 4351 que
2169 4277 2249 4347 [h.
2288 4276 2535 4347 coelique
2566 4275 2712 4345 ejus]
2765 4274 3105 4346 caligabunt
3148 4290 3296 4329 rore.
3335 4275 3549 4330 Beatus
3580 4278 3670 4343 tu,

2024 4367 2197 4424 Israel
2237 4384 2248 4420 :
2283 4367 2417 4437 quis
2448 4365 2660 4421 similis
2693 4364 3041 4435 tui,popule,
3068 4363 3166 4436 qui
3199 4363 3441 4419 salvaris
3469 4364 3528 4419 in
3561 4365 3673 4419 Do-

2027 4455 2235 4512 mino?
2267 4458 2499 4511 scutum
2555 4452 2753 4508 auxilii
2785 4452 2892 4522 tui,
2926 4456 2982 4508 et
3012 4451 3242 4524 gladius
3283 4451 3480 4523 gloriae
3508 4456 3623 4507 tua;
3658 4468 3672 4509 :

1949 4558 1995 4624 D
2029 4545 2328 4618 negabunt
2375 4549 2432 4600 te
2478 4542 2703 4598 inimici
2754 4542 2862 4610 tui,
2898 4544 2953 4596 et
2998 4545 3061 4596 tu
3102 4556 3303 4597 eorum
3354 4540 3503 4597 colla
3551 4540 3672 4597 cal-

2031 4634 2212 4691 cabis.

2102 4727 2256 4796 [Cap.
2288 4722 2561 4790 XXXIV].
2593 4722 2871 4777 Ascendit
2899 4737 3035 4794 ergo
3087 4721 3275 4778 Moses
3306 4724 3378 4778 de
3409 4740 3674 4798 campes-

2030 4815 2219 4869 tribus
2270 4813 2439 4868 Moab
2489 4827 2666 4881 super
2727 4816 2986 4865 montem
3045 4810 3225 4881 Nebo,
3284 4812 3342 4866 in
3400 4814 3673 4871 verticem

2031 4902 2303 4974 Phasgha
2333 4904 2534 4957 contra
2579 4899 2848 4956 Jericbo:
2883 4900 3258 4972 ostenditque
3307 4901 3357 4957 ei
3390 4902 3675 4960 Dominus

2032 5006 2265 5047 omnem
2297 4993 2511 5045 terram
2545 4988 2761 5044 Galaad
2795 5004 2984 5059 usque
3018 4993 3136 5043 Dan
3166 4989 3206 5043 ³.
3242 4990 3309 5045 Et
3336 4991 3673 5046 universum

2035 5133 2191 5203 apud
2225 5130 2558 5186 Chaldaeum
2608 5147 2764 5197 vero,
2809 5131 3075 5202 prapheta
3122 5131 3238 5187 Dei.
3297 5132 3360 5186 In
3411 5132 3678 5190 versione

2034 5205 2269 5276 Syriaca
2317 5219 2508 5276 servus
2550 5203 2667 5266 Dei,
2698 5208 2755 5258 et
2785 5203 2843 5257 in
2875 5204 3119 5259 Arabica
3147 5203 3431 5274 apostolus
3462 5204 3562 5259 Dei
3588 5205 3679 5259 di-

2035 5275 2188 5332 citur
2216 5279 2422 5329 Moses.
2460 5275 2643 5329 MART.

2108 5358 2128 5389 ²
2159 5355 2437 5411 Undecim
2466 5372 2606 5409 mss.
2646 5354 2831 5409 nostri
2882 5353 3109 5408 codices
3144 5351 3365 5421 legunt,
3392 5353 3583 5422 ignoro
3614 5355 3685 5411 il-

2038 5430 2114 5483 los
2149 5445 2165 5481 :
2200 5428 2521 5499 editorum,
2547 5426 2931 5499 nihilominus
2981 5424 3150 5499 lectio
3182 5425 3544 5495 praeferenda
3573 5432 3681 5499 est,

2039 5499 2180 5571 quia
2212 5499 2389 5555 textui
2426 5498 2706 5553 Hebraico
2738 5500 3039 5552 consonat.
3075 5495 3261 5549 MART.

2112 5578 2132 5610 ³
2158 5577 2352 5633 Canon
2387 5578 2586 5643 habet,
2618 5578 2684 5632 de
2728 5576 2932 5631 Galaad
2961 5590 3132 5646 usque
3159 5574 3298 5639 Dan,
3346 5577 3501 5646 quod
3534 5577 3679 5634 satis

2041 5652 2547 5709 accommodatum
2576 5650 2890 5721 Scriptum
2922 5645 3109 5702 reddit
3137 5645 3401 5704 sensum.
3430 5648 3615 5706 MART.
