4068 6172
212 286 305 343 505
1628 279 1806 335 LIBEl

1944 281 2119 338 ΕΗΒ.
3474 284 3585 345 506

214 426 335 483 gens
362 408 599 479 scriptor
629 408 950 473 conservet,
983 421 1056 462 ne
1073 408 1131 460 et
1170 407 1372 460 noster
1390 403 1557 459 labor
1583 406 1641 458 et
1666 401 1828 457 illius
1856 404 1912 471 Α
1942 402 2260 461 laborando
2283 407 2574 472 sudare,et
2592 374 2738 464 alios
2760 409 3119 466 detrahendo
3141 409 3409 469 laborare
3428 414 3456 471 ?
3478 416 3583 473 do-

210 500 444 557 studium
468 500 679 571 pereat.
709 496 777 552 Et
799 495 941 551 utin
965 494 1192 566 primis,
1219 495 1376 565 quod
1401 508 1553 564 saepe
1576 495 1821 547 testatus
1928 492 2046 548 lere
2062 494 2295 549 Judaeos
2317 498 2468 566 quod
2494 497 2891 553 calumniandi
2926 499 3009 553 eis
3032 506 3086 554 et
3116 499 3581 559 irridendiChri-

211 606 341 656 sum,
363 587 503 644 sciat
518 601 606 641 me
628 602 741 641 non
767 586 824 641 in
848 582 1359 656 reprehensionem
1390 588 1650 637 veterum
1676 596 1824 635 nova
1929 582 2160 637 stianos
2192 584 2266 638 sit
2298 584 2490 640 ablata
2520 585 2771 649 occasio,
2820 592 2876 641 et
2898 587 3166 643 Ecclesiae
3219 590 3489 650 homines
3522 596 3578 650 id

210 679 411 742 cudere,
471 675 623 730 sicut
679 674 849 729 amici
901 673 1015 729 mei
1073 670 1539 727 criminantur':
1572 669 1673 725 sed
1717 684 1821 739 pro

207 766 334 822 virili
364 768 520 837 parte
548 765 753 820 atl‘erre
785 764 996 835 linguae
1038 778 1178 817 mean
1210 761 1230 794 ²
1262 759 1603 815 hominibus
1649 759 1822 830 (quos

207 860 375 912 tamen
428 860 625 909 nostra
682 852 1016 923 delectant),
1079 855 1142 905 ut
1173 866 1272 948 pro
1329 849 1658 904 Graecorum
1711 845 1823 915 ἐξα-

204 941 361 1011 πλοῖς,
395 959 519 1014 quae.
562 947 618 997 et
654 946 894 1013 sumptu
939 946 995 995 et
1025 937 1218 995 labor'e
1250 942 1505 993 maximo
1537 937 1821 1008 indigent,

205 1033 487 1088 sditionem
522 1036 780 1087 nostram
814 1031 1091 1086 habeant.
1145 1033 1205 1082 Et
1237 1027 1422 1083 sicubi
1452 1027 1510 1081 in
1545 1026 1819 1097 antiquo-

203 1139 311 1177 rum
339 1120 699 1175 voluminum
733 1120 977 1174 lectione
1018 1117 1361 1187 dubitarint,
1384 1116 1505 1170 hac
1536 1114 1653 1169 illis
1683 1131 1822 1168 con-

202 1212 443 1280 ferentes,
472 1209 778 1265 inveniant
822 1209 977 1280 quod
1012 1206 1323 1279 requirunt
1353 1222 1365 1259 :
1404 1205 1652 1260 maxime
1684 1220 1816 1259 cum

202 1299 331 1370 apud
368 1297 599 1353 Latinos
626 1300 712 1352 tot
741 1296 859 1352 sint
896 1295 1268 1369 exemplaria,
1293 1298 1437 1367 quot
1467 1294 1727 1368 codices;
1762 1296 1819 1347 et

202 1386 582 1458 unusquisque
630 1402 733 1457 pro
773 1384 1014 1441 arbitrio
1064 1401 1169 1440 suo
1222 1384 1308 1438 vel
1361 1382 1671 1447 addiderit,
1729 1380 1815 1436 vel

200 1470 531 1531 subtraxerit
558 1475 715 1547 quod
767 1473 817 1529 ei
866 1474 1059 1528 visum
1091 1476 1216 1529 est:
1250 1472 1455 1543 utique
1487 1488 1599 1526 non
1634 1470 1819 1541 possit

198 1578 375 1619 verum
419 1578 550 1619 esse
607 1563 764 1635 quod
818 1561 1101 1618 dissonat.
1150 1560 1313 1616 Unde
1363 1564 1549 1616 cesset
1580 1564 1817 1614 arcuato

195 1652 405 1709 vulnere
433 1656 643 1709 contra
676 1668 781 1708 nos
815 1651 1116 1723 insurgere
1139 1649 1429 1720 scorpius,
1462 1652 1520 1703 et
1550 1651 1816 1704 sanctum

197 1759 322 1816 opus
366 1747 654 1800 venenata
696 1759 933 1814 carpere
962 1740 1166 1814 lingua
1217 1740 1481 1807 desistat,
1513 1738 1601 1795 vel
1637 1738 1822 1795 susci-

200 1833 360 1904 piens,
389 1833 436 1889 si
472 1832 687 1905 placet,
720 1832 807 1889 vel
838 1836 1240 1900 contemnens,
1273 1830 1322 1885 si
1355 1828 1667 1901 displicet:
1700 1846 1819 1885 me-

200 1920 522 1992 mineritque
560 1920 798 1976 illorum
832 1935 1110 1975 versuum
1144 1918 1324 1990 (Psal.
1356 1935 1505 1989 xux,
1537 1919 1603 1973 19
1632 1918 1775 1990 seq.)
1798 1936 1817 1971 :

255 2019 311 2074 03
336 2026 489 2073 tuum
517 2017 825 2074 abundavit
850 2016 1120 2089 nequitia,

312 2095 359 2144 et
389 2090 587 2161 lingua
617 2098 713 2145 tua
743 2088 1106 2145 concinnabat
1133 2088 1305 2161 dolos.

248 2161 425 2217 Sedens
446 2157 715 2217 adversus
742 2164 973 2227 fratrem
1001 2170 1160 2215 tuum
1190 2157 1526 2230 loquebaris.

308 2242 354 2289 et
377 2234 642 2289 adversus
661 2233 842 2303 ﬁlium
861 2232 1060 2288 matris
1076 2234 1187 2286 tua
1194 2229 1432 2302 ponebas
1450 2229 1811 2286 scandalum:

309 2303 412 2360 ἧκε
434 2306 628 2376 fecisti
654 2314 706 2360 et
732 2307 898 2360 tacui.

249 2374 614 2444 Existimasti,
649 2376 857 2447 inique,
890 2374 1029 2446 quod
1058 2389 1152 2429 ero
1182 2374 1265 2429 tui
1293 2374 1495 2428 similis
1520 2398 1534 2428 ι

308 2464 539 2518 arguam
576 2451 644 2518 te,
677 2444 1003 2503 et'statuam
1030 2453 1217 2501 crutra
1245 2447 1441 2515 [aciem
1468 2447 1623 2500 tuam
1645 2444 1665 2479 ³

1929 671 2244 742 despicere,
2278 673 2394 727 imo
2418 675 2691 745 lacerare,
2724 677 2879 730 unde
2910 678 3224 733 adversarii
3256 683 3572 752 torquean-

1929 762 2024 814 tur
2044 762 2071 813 Υ
2101 761 2263 823 Quod
2291 761 2337 815 si
2371 766 2538 816 vetus
2570 764 2655 817 eis
2685 768 2917 819 tantum
2940 766 3343 837 interpretatio
3365 771 3574 842 placet,

1928 865 2055 920 quae
2088 853 2145 903 et
2175 850 2317 904 mihi
2351 868 2466 907 non
2497 852 2790 923 displicet,
2839 858 2896 908 et
2924 855 3069 909 nihil
3111 861 3272 912 extra
3300 860 3578 932 recipien-

1929 940 2068 994 dum
2120 943 2371 1009 putant:
2422 958 2526 995 cur
2554 958 2621 996 ea
2652 958 2778 1012 quae
2813 943 2921 997 sub
2954 946 3254 1001 asteriscis
3278 952 3335 1002 et
3366 950 3571 1015 obelis,

1929 1028 2016 1083 vel
2066 1030 2267 1084 addita
2314 1034 2474 1095 sunt,
2526 1030 2611 1085 vel
2645 1035 2968 1101 amputata,
3020 1033 3244 1104 legunt,
3286 1042 3340 1091 et
3389 1039 3573 1109 negli-

1928 1122 2076 1189 gunt
2107 1118 2155 1170 δέ
2184 1118 2373 1181 Quare
2399 1118 2700 1175 Danielem
2721 1120 3323 1189 juxtaTheodotionis
3352 1128 3576 1182 transla

1928 1206 2171 1273 tionem,
2208 1206 2477 1262 Ecclesiae
2508 1210 2942 1278 susceperunt?
2972 1210 3088 1264 Cur
3116 1210 3423 1282 Origenem
3461 1217 3574 1269 mi-

1929 1301 2153 1359 rantur,
2190 1300 2245 1349 et
2294 1296 2610 1350 Eusebium
2664 1296 2972 1368 Pamphili,
3003 1303 3245 1354 cunctas
3289 1301 3573 1358 editiones

1930 1383 2204 1440 similiter
2234 1384 2589 1439 disserentes
2611 1384 2638 1439 ‘l
2669 1389 2780 1440 Aut
2821 1402 2947 1456 quae
2982 1387 3090 1440 fuit
3122 1388 3395 1456 stultitia,
3419 1397 3575 1462 post-

1928 1490 2105 1544 quam
2136 1489 2269 1527 vera
2300 1472 2573 1539 dixerint,
2606 1475 2861 1544 proferre
2887 1490 3014 1545 quae
3038 1475 3183 1531 falsa
3208 1478 3387 1533 sunt?
3410 1481 3573 1537 Unde

1928 1566 2125 1619 autem
2159 1562 2214 1616 in
2234 1579 2377 1617 novo
2392 1562 2766 1617 Testamento
2783 1562 3031 1633 probare
3044 1568 3319 1636 poterunt
3339 1585 3538 1625 assum
3555 1602 3569 1613 -

1926 1656 2026 1723 pta
2056 1652 2413 1719 testimonia,
2445 1668 2570 1723 qua
2602 1652 2660 1705 in
2683 1651 2847 1706 libris
2879 1654 3171 1709 veteribus
3204 1672 3316 1710 non
3351 1656 3571 1715 haben-

1926 1742 2023 1794 tur
2039 1739 2578 1808 ‘lHaecdicimus,ne
2597 1739 2836 1795 omnino
2855 1740 3359 1801 calumniantibus
3382 1750 3573 1803 tacere

1928 1827 2247 1884 videamur.
2281 1829 2563 1883 Caeterum
2598 1833 2729 1900 post
2779 1834 2991 1884 sanctae
3023 1830 3209 1885 Paulae
3270 1834 3573 1892 dormitio-

1928 1934 2085 1987 nem,
2101 1920 2271 1989 cujus
2293 1917 2411 1973 vita
2424 1918 2638 1974 virtitis
2660 1920 2995 1990 exemplum
3020 1923 3129 1988 est,
3155 1927 3212 1975 et
3235 1921 3341 1977 hos
3364 1924 3567 1994 libros,

1927 2024 2074 2078 quos
2104 2007 2419 2063 Eustochio
2468 2008 2679 2079 virgini
2712 2008 2927 2063 Christi
2962 2024 3173 2079 negare
3221 2027 3337 2066 non
3378 2015 3567 2083 potui.

1924 2096 2315 2163 decrevimus,
2348 2098 2488 2152 dum
2523 2097 2769 2168 spiritus
2784 2096 2891 2152 hos
2917 2096 3067 2167 regit
3100 2102 3280 2165 artus,
3313 2103 3570 2173 PrOphe-

1922 2190 2117 2242 tarum
2148 2174 2540 2256 cxplanationi
2560 2186 2921 2251 incumbere,
2946 2188 3002 2239 et
3030 2186 3314 2243 omissum
3334 2192 3565 2259 jamdiu

1921 2277 2355 2349 opus,quodam
2396 2274 2756 2346 postliminio
2796 2280 3412 2347 repetere:praesertim
3432 2298 3566 2337 cum

1919 2380 1975 2422 et
2003 2363 2368 2420 admirabilis
2382 2367 2730 2436 sanctesque
2749 2367 2837 2421 vir
2860 2370 3277 2426 Pammachius
3290 2370 3566 2426 hocidem

1918 2453 2442 2525 litterisﬂagitet,et
2456 2470 2562 2508 nos
2581 2454 2651 2509 ad
2667 2455 2915 2527 patriam
2933 2458 3568 2527 festinantes,mortife-

195 2541 302 2606 Qua
328 2544 477 2600 enim
518 2544 822 2602 audientis
868 2542 955 2600 vel
1002 2541 1249 2615 legentis
1303 2541 1528 2597 utilitas
1560 2546 1668 2612 est,
1702 2558 1809 2598 nos
1916 2560 2012 2600 ros
2035 2543 2370 2600 Sirenarum
2385 2545 2593 2597 cantus
2614 2544 2791 2599 surda
2807 2546 3127 2604 debeamus
3145 2548 3562 2605 auretransire.

249 2704 261 2736 ¹
284 2701 554 2760 Ruﬁnum
600 2703 960 2776 intelligitac
986 2703 1344 2776 sociosejus,
1365 2701 1470 2776 qui
1491 2702 1563 2756 ad
1582 2703 1805 2758 calum-

194 2772 322 2828 niam
334 2776 669 2847 Hieronymi
691 2772 1122 2847 conspirabant.
1138 2775 1197 2830 Id
1225 2772 1599 2847 manifestum
1621 2790 1805 2845 appa-

196 2850 316 2918 rete
343 2845 485 2903 libro
516 2845 783 2904 secundo
812 2845 1089 2918 Apologia:
1129 2847 1185 2901 S.
1226 2846 1492 2901 Doctoris
1524 2846 1805 2902 adversus

198 2915 462 3000 l‘l‘uﬁnum,
485 2919 597 3000 ubi
642 2920 760 3000 bac
789 2915 868 2974 ab
887 2934 957 3000 _eo
989 2915 1205 3000 scripta
1253 2917 1561 2989 leguntur:
1592 2939 1624 3000 ξς
1659 2918 1803 3000 Ergo

194 2986 289 3063 ille,
317 2991 411 3062 qui
439 2990 770 3063 epistolam,
811 2991 924 3045 sub
942 2986 1206 3063 nomine
1240 2986 1369 3063 meo
1453 2986 1803 3063 poenitentiae

191 3057 422 3127 finxerat,
452 3057 619 3134 quod
660 3060 811 3117 male
852 3062 1094 3134 Hebraa
1121 3060 1423 3134 volumina
1458 3060 1804 3134 transtulis-

196 3145 313 3213 sem,
342 3132 592 3213 obiicere
623 3134 840 3189 dicitur
868 3149 959 3213 me
982 3133 1041 3188 in
1079 3132 1456 3213 tleptuaginta
1487 3133 1801 3213 codemna-
1832 3147 1875 3213 α

196 3202 377 3286 tionem
405 3202 748 3286 scripturas
771 3277 781 3286 .
801 3210 1035 3286 sanctas
1084 3202 1555 3286 interpretatum.
1587 3226 1615 3252 ‹‹
1642 3209 1713 3286 Et
1742 3204 1800 3258 in

196 3272 287 3328 ﬁne
330 3272 591 3345 ejusdem
652 3277 823 3331 libri:
888 3278 993 3331 Pro
1040 3292 1147 3341 me,
1235 3272 1449 3347 inquit,
1480 3276 1809 3346 respondere

194 3350 461 3418 compulsus
511 3366 663 3417 sum,
715 3357 1033 3418 exspectans
1082 3348 1193 3402 tria
1220 3346 1391 3401 amici
1410 3348 1713 3415 volumina,
1756 3351 1808 3403 et

195 3415 268 3541 (ᾗ
292 3422 586 3489 congeriem
634 3415 935 3475 criminum
988 3420 1107 3490 ejus
1138 3422 1253 3474 tota
1282 3424 1459 3473 mente
1490 3434 1803 3490 suspensus.

273 3504 349 3541 ar.

273 3504 349 3545 ΒΤ.

247 3589 304 3634 -_—
323 3560 1066 3634 PerspicumeetrRuﬁnum
1089 3562 1335 3634 ejusque
1358 3559 1617 3634 asseclas
1639 3558 1805 3613 κατὰ-

196 3625 574 3708 ἆντὲφρασινῖιδ
606 3632 911 3707 appellari,
939 3625 1159 3706 quibu's
1190 3625 1405 3689 etalibi
1431 3632 1535 3699 ait,
1560 3634 1617 3687 in
1642 3647 1805 3689 more

1914 2863 2033 2903 suae
2080 2844 2372 2901 homines.
2408 2844 2645 2900 Latinos
2694 2863 2918 2915 vocare,
2955 2867 3071 2907 non

1912 2702 2169 2777 positum
2202 2702 2696 2777 arcuato_s_corpii_
2714 2719 2909 2759 morsu
2942 2706 3171 2764 ledere.

1984 2778 2005 2809 ²
2036 2776 2185 2830 Bene
2218 2778 2415 2828 monet
2443 2772 2537 2827 hic
2557 2772 2873 2831 Marianos.
2899 2777 3111 2834 Hieron
3156 2794 3317 2834 mum
3345 2778 3563 2851 linguas

1988 2863 2033 2902 an
2080 2844 2372 2901 homines.
2408 2844 2645 2900 Latinos
2694 2863 2918 2906 vocare.
2955 2867 3071 2906 non
3117 2797 3441 2906 Dalmatas.
3497 2855 3562 2906 ut

3172 2850 3459 2915 almatas,’
3497 2855 3562 2907 ut

1916 2919 2064 2974 falso
2086 2916 2273 2998 aliqui
2306 2920 2534 2998 putant.
2561 2917 2753 2998 _Maa'r.

1986 3020 2053 3030 —
2086 2987 2310 3043 Latinis
2358 2987 2597 3054 scilicet,
2645 3005 2793 3061 quos
2842 2992 3065 3061 passim
3115 2992 3226 3048 hoc
3275 2993 3561 3049 vocabulo

1917 3060 2249 3133 compellat,
2282 3064 2340 3115 et
2370 3075 2541 3133 nemo
2568 3060 2683 3133 non
2716 3060 3009 3133 intelligit.

1983 3133 2004 3166 ³
2034 3130 2283 3186 Palatin.
2317 3146 2428 3186 ms.
2460 3131 2554 3186 hic
2586 3132 2883 3189 interserit
2908 3130 3029 3191 illa.

1982 3204 2005 3238 ‘
2064 3204 2280 3258 Locum
2325 3202 2481 3257 hunc
2526 3219 2901 3274 nequaquam
2946 3211 3252 3262 assecutus
3285 3204 3559 3261 Valesius

1917 3275 1999 3330 ita
2028 3274 2238 3346 corrigi
2269 3274 2395 3329 vult
2436 3275 2683 3345 epistola
2731 3277 2801 3331 ad
2834 3276 3133 3333 Usserium
3180 3279 3251 3333 de
3282 3278 3437 3333 LXX
3469 3278 3561 3332 in-

1916 3347 2293 3420 terpretibus,
2343 3347 2534 3416 legunt
2579 3362 2677 3402 nec
2722 3347 3044 3420 negligant.
3095 3351 3164 3403 At
3213 3365 3349 3404 vero
3409 3347 3562 3404 alius

1915 3418 2249 3490 Hieronymi
2276 3423 2643 3490 sensusest,
2694 3421 2795 3490 qui
2828 3418 2896 3476 id'
2932 3422 3044 3477 sibi
3076 3438 3256 3475 unum
3308 3420 3453 3487 vult,
3500 3425 3565 3475 ut

1917 3505 2015 3545 eos
2046 3488 2225 3561 dicat,
2258 3505 2383 3559 quae
2429 3488 2538 3544 sub
2587 3488 2880 3547 asteriscis
2914 3493 3112 3548 addita
3153 3496 3308 3559 sunt,
3366 3494 3561 3561 legere,

1918 3577 2043 3632 quae
2075 3559 2258 3616 obelis
2290 3565 2429 3615 sunt
2475 3567 2814 3631 praenotata,
2863 3566 3158 3632 negligere.
3221 3562 3399 3618 Paulo
3423 3559 3566 3632 'post

1913 3632 2121 3688 vitiose
2152 3635 2279 3687 erat
2311 3648 2489 3703 penes
2519 3633 2810 3690 Martium.
2849 3636 3090 3691 Danielis
3121 3652 3223 3706 pro
3258 3632 3562 3690 Danielem.

1465 3840 1697 3898 TlTULI
1749 3841 1938 3898 LIBRI
2017 3840 2256 3897 JOSUE.

192 4086 223 4144 L
252 4090 367 4147 Post
391 4096 639 4149 mortem
672 4089 840 4163 Mosi,
886 4090 1066 4147 Josue
1096 4090 1379 4147 Dominus
1433 4090 1715 4161 loquitur,
1744 4093 1803 4147 et

248 4178 511 4251 hortatur,
531 4184 601 4236 ut
622 4179 1155 4253 surgens,Jordane
1174 4178 1565 4246 tramsmisso,
1585 4179 1657 4233 ad
1694 4183 1802 4233 ter-

247 4285 351 4324 ram
366 4269 898 4342 quampromiserat
909 4271 1170 4340 pergeret
1182 4268 1809 4324 obtinendam.Tecum

248 4372 348 4428 ero,
393 4360 494 4430 ait,
543 4360 874 4415 confortare
920 4363 976 4414 et
1000 4362 1124 4413 esto
1176 4359 1475 4413 robustus.
1527 4357 1806 4413 Volumen

242 4445 369 4519 legis
413 4450 484 4505 de
535 4448 712 4504 corde
742 4451 841 4503 tuo
891 4464 1004 4502 non
1055 4448 1311 4514 recedat,
1344 4451 1400 4502 et
1430 4451 1658 4502 cmtera.
1696 4446 1803 4501 Ubi

1974 4089 2450 4163 supervenientes
2465 4090 2820 4160 aquaeinstar
2834 4088 3124 4144 montium
3141 4088 3567 4145 intumescente

1994 4180 2051 4234 in
2067 4196 2183 4234 una
2196 4178 2595 4234 consistebant
2611 4177 3094 4245 mole,inieriorcs
3118 4194 3248 4234 vero
3267 4178 3566 4234 desiccalze

1991 4273 2130 4324 sunt
2164 4286 2177 4335 ;
2220 4284 2395 4338 super
2424 4268 2639 4322 siccam
2673 4267 2917 4323 humum
2934 4269 3122 4323 omnis
3148 4267 3398 4339 populus
3429 4285 3565 4339 per-

1990 4355 2277 4411 transivit.
2304 4354 2395 4408 Bis
2426 4354 2728 4409 duodenos
2756 4370 2858 4424 pro
2888 4354 3221 4410 testimonio
3246 4354 3471 4427 lapides
3494 4357 3564 4413 de

1987 4446 2115 4516 ejus
2148 4444 2331 4499 medio
2364 4446 2768 4514 apportarunt.

240 4534 396 4593 Josue
424 4537 700 4609 praecepit
729 4535 944 4609 populo
975 4536 1033 4591 in
1058 4535 1401 4605 crastinum,
1428 4540 1515 4604 ut,
1560 4534 1796 4590 cibariis
1826 4519 1872 4584 Ῐ)
1905 4537 2001 4593 ΙΙΙ.
2034 4538 2535 4592 Castrametantur
2560 4535 2618 4588 in
2650 4533 2906 4605 Galgalis
2934 4550 2945 4587 :
2972 4533 3258 4590 Dominus
3288 4536 3359 4590 ad
3377 4535 3558 4592 Josue

242 4626 586 4698 praeparatis,
616 4626 932 4682 Jordanem
949 4631 1254 4697 pergerent
1280 4624 1606 4681 transituri.
1640 4629 1796 4682 Duos

240 4715 595 4771 absconditos
637 4714 794 4771 viros
822 4713 1215 4785 exploratores
1235 4715 1306 4769 ad
1337 4712 1568 4770 Jericbo
1600 4713 1797 4784 dirigit

241 4802 537 4872 civitatem,
561 4803 661 4877 qui
686 4803 1008 4859 meretricis
1042 4803 1242 4858 Hahab
1264 4804 1503 4859 domum
1520 4803 1792 4874 ingressi,

236 4896 388 4962 atque
416 4910 449 4948 a
480 4908 619 4965 rege
650 4892 882 4963 quaesiti
915 4891 1247 4948 absconditi
1308 4895 1470 4957 sunt,
1503 4896 1790 4963 pactoque

236 4977 357 5035 inito
385 4998 485 5053 per
512 4998 747 5038 murum
782 4980 1024 5036 demissi
1056 4985 1337 5036 montana
1369 4980 1788 5049 conscendunt,

238 5068 294 5121 ad
317 5069 485 5127 Josue
513 5070 780 5138 veniunt,
831 5074 888 5125 et
937 5087 1061 5141 qua:
1094 5068 1203 5125 sibi
1229 5069 1597 5141 contigerant
1644 5086 1787 5141 pan-

240 5155 385 5213 dunt.

187 5242 239 5295 ll.
261 5244 410 5303 Motis
426 5247 658 5315 castris,
681 5247 1030 5302 Josuevenit
1056 5246 1125 5303 ad
1143 5247 1481 5317 Jordanem,
1504 5247 1785 5319 populum

241 5334 408 5391 triduo
427 5336 756 5391 sanctificat
778 5335 1082 5403 Dominus,
1103 5339 1160 5392 et
1202 5334 1379 5392 Josue
1399 5336 1542 5391 dicit
1568 5354 1579 5391 :
1605 5336 1787 5393 Hodie

240 5422 559 5495 teincipiam
578 5424 827 5479 exaltare
843 5440 1037 5480 coram
1063 5424 1197 5481 ﬁliis
1217 5425 1419 5495 Israel,
1434 5426 1525 5481 dic
1539 5426 1782 5493 Levitis,

240 5525 353 5567 cum
398 5513 641 5583 ingressi
674 5513 889 5569 iuerint
940 5530 1117 5585 aquas
1164 5516 1457 5583 lordanis,
1498 5519 1562 5570 ut
1592 5521 1779 5572 stent:

246 5613 299 5654 ac
324 5602 524 5658 deinde
553 5602 1039 5660 descendentibus
1061 5604 1465 5661 sacerdotibus
1483 5604 1543 5660 in
1566 5620 1779 5676 aquam

1978 4626 2121 4682 dicit
2144 4631 2207 4680 ut
2232 4624 2491 4697 lapideos
2511 4622 2684 4679 faciat
2701 4622 2942 4691 cultros,
2960 4630 3011 4678 et
3035 4639 3272 4679 causam
3289 4628 3558 4681 secunda:

1977 4713 2443 4771 circumcisionis
2492 4712 2767 4768 ostendit.
2818 4713 2899 4768 Ibi
2952 4712 3172 4769 Pascha
3220 4713 3553 4771 celebrant:

1975 4807 2354 4862 comederunt
2375 4806 2445 4859 de
2464 4805 2913 4877 t'rugibusjterrae
2934 4806 3343 4877 promissionis
3356 4825 3557 4879 azyma

1973 4914 2142 4961 nova,
2167 4900 2224 4951 et
2248 4912 2359 4949 non
2383 4893 2637 4949 estultra
2660 4894 2745 4948 eis
2768 4895 2969 4949 datum
2988 4912 3223 4951 manna.
3249 4895 3332 4951 Ibi
3352 4898 3552 4961 Josue,

1971 4984 2209 5041 elevatis
2232 4984 2436 5048 oculis,
2455 4983 2678 5038 militiae
2701 4984 2953 5040 ccclesiis
2976 4986 3553 5057 gladiumtenentem

1915 5081 1924 5113 -'
1970 5072 2293 5146 principem
2327 5072 2532 5143 cernit,
2554 5075 2610 5127 et
2659 5074 2861 5129 audit:
2895 5074 3060 5130 Solve
3094 5076 3552 5131 calceamentem

1970 5162 2041 5215 de
2073 5161 2320 5232 pedibus
2367 5160 2510 5226 tuis,
2544 5164 2600 5215 et
2632 5166 2856 5217 caetera.
2911 5164 2979 5217 Et
3026 5165 3277 5220 iterum:
3310 5164 3549 5218 Tradidi

1965 5250 2199 5305 Jericbo
2231 5254 2287 5304 et
2326 5265 2521 5321 regem
2577 5250 2706 5321 ejus
2738 5252 2795 5306 in
2848 5269 3025 5309 manu
3060 5258 3160 5310 tua
3192 5271 3211 5309 :
3241 5253 3317 5309 sit
3355 5252 3551 5308 omnis

1967 5340 2281 5394 anathema
2306 5382 2319 5395 .
2349 5340 2431 5394 sic
2453 5344 2508 5394 et
2521 5338 2604 5394 sic
2629 5339 2982 5407 clamabitis,
3011 5347 3067 5398 et
3089 5344 3433 5413 supradictae
3458 5358 3549 5396 se~

1966 5428 2167 5500 quitur
2198 5428 2472 5485 interitus
2503 5428 2779 5485 civitatis.
2817 5431 3018 5487 Rabab
3048 5432 3319 5487 educitur
3348 5449 3411 5487 ac
3426 5448 3549 5486 ser-

1964 5524 2151 5574 vatur.
2186 5518 2311 5573 Filii
2334 5517 2510 5573 Israel
2552 5519 3082 5591 praevaricatisunt,
3107 5521 3163 5574 id
3197 5524 3304 5588 est,
3347 5520 3543 5575 Achan

1964 5606 2118 5664 ﬁlius
2136 5607 2393 5663 Charmi.
2416 5608 2499 5663 Ad
2546 5608 2647 5665 Πειὶ
2674 5608 2989 5665 exercitum
3006 5608 3227 5681 dirigit,
3260 5610 3360 5682 qui
3384 5614 3547 5681 terga
