4068 6172
417 299 527 355 507

1457 301 1516 357 8.
1559 300 1968 356 HIERONYMI
2005 303 2261 357 DIVINA
2295 303 2790 360 BIBLIOTHECA.

3726 299 3840 354 608

487 423 754 481 hostibus
785 425 947 481 dedit
987 426 1134 497 ipse,
1183 425 1383 483 scissis
1427 425 1713 496 vestibus,
1762 423 2074 481 Dominum
2106 433 2159 501 Α
2261 427 2354 485 leb
2387 429 2457 484 ad
2490 443 2625 484 eum
2655 428 2918 500 loquitur
2946 431 3011 484 ut
3040 425 3523 499 Cariatb-Sepher
3543 424 3843 482 civitatem

497 514 865 585 deprecatur,
910 519 967 570 et
991 514 1273 570 Dominus
1291 514 1432 570 dicit
1453 516 1608 587 quod
1633 513 2075 586 peccaveritpo-

491 602 685 674 pulus.
713 603 1036 675 lnquisitus
1068 604 1168 676 qui
1204 604 1308 660 hoc
1339 604 1558 674 fecerit,
1591 601 1988 674 deprehensus
2018 608 2076 657 et

489 708 522 747 a
554 691 767 764 p0pulo
797 693 1111 765 lapidatus.

423 781 516 836 IV.
553 782 828 853 Praecepit
853 783 1160 851 Dominus,
1184 788 1249 839 ut
1281 785 1348 839 ad
1384 783 1788 856 supradictam
1813 785 2075 853 pergeret

494 870 809 941 civitatem,
847 876 1042 944 atque,
1072 873 1291 946 clypeo,
1325 873 1564 940 elevato,
1599 873 1774 927 sciret
1805 871 1918 926 sibi
1943 886 2072 925 eam

493 959 672 1015 fuisse
723 963 1150 1017 contraditam:
1204 962 1305 1034 qui
1338 978 1588 1035 pergens
1629 961 1802 1031 cepit,
1837 959 2071 1026 occidit,

490 1049 702 1104 delevit
725 1050 1029 1120 :jumenta
1043 1055 1239 1108 autem
1260 1057 1317 1107 et
1340 1053 1594 1125 pradam
1615 1049 1867 1106 civitatis
1891 1064 2074 1120 popu-

493 1138 586 1193 lus
611 1138 860 1194 invicem
893 1140 1003 1194 sibi
1030 1141 1352 1206 distribuit,
1385 1145 1441 1196 et
1465 1141 1748 1196 mditicato
1783 1137 1954 1194 altari
1977 1152 2074 1191 sa-

490 1227 776 1283 crificium
809 1228 1044 1284 obtulit.
1070 1229 1590 1286 Deuteronomium
1611 1228 1869 1300 scripsit,
1898 1225 2075 1282 verba

494 1316 918 1374 benedictionis
951 1324 1007 1374 et
1031 1319 1460 1376 maledictionis
1483 1319 1643 1374 omni
1676 1316 1890 1390 popqu
1911 1315 2073 1387 legit.

502 1405 607 1460 Ubi
634 1422 799 1479 reges
821 1407 1097 1464 Chanaan
1124 1410 1466 1476 turbantur,
1494 1408 1828 1464 Gabaonitae
1852 1406 2075 1477 legatos

492 1493 703 1551 callide
738 1496 1008 1565 mittunt,
1042 1497 1610 1565 faedusineunt,etin
1646 1495 1950 1551 servitium
1973 1494 2077 1549 de-

496 1588 796 1655 putantur.

427 1671 489 1727 V.
525 1671 630 1727 Ubi
663 1673 921 1746 quinque
947 1691 1114 1748 reges
1145 1676 1615 1732 Amorrhaorum
1648 1677 2080 1745 congregantur

2255 519 2305 574 ei
2356 522 2512 574 sorte
2569 519 2960 588 contraderet,
3006 518 3162 575 sicut
3211 518 3476 588 jusserat
3532 515 3842 572 Dominus.

2258 606 2324 662 Et
2352 607 2621 679 sequitur
2667 624 2795 678 quas
2827 624 2955 663 sors
3010 607 3328 678 unicuique
3385 604 3567 662 tribui
3611 603 3690 661 sit
3717 608 3845 660 tra-

2255 697 2395 750 dita.

2183 786 2330 843 VIII.
2360 786 2422 840 In
2457 785 2577 842 Silo
2611 787 2863 843 ﬁxerunt
2907 785 3357 842 tabernanulum
3387 781 3735 850 testimonii,
3786 787 3846 840 et

2256 875 2393 930 inde
2425 877 2495 930 ad
2529 875 3004 948 reliquam,oquaa
3035 876 3288 931 necdum
3329 875 3598 946 subjecta
3627 873 3847 952 fuerat,

2256 969 2473 1020 terram
2505 964 2708 1038 dirigit
2739 965 3114 1038 inspectores.

2185 1053 2274 1110 IX.
2311 1054 2585 1125 Praecepit
2615 1055 2902 1110 Dominus
2931 1055 3128 1121 Josue,
3163 1057 3228 1108 ut
3256 1053 3429 1109 urbes
3481 1052 3542 1107 in
3568 1050 3848 1123 praesidia

2257 1143 2632 1217 fugitivorum
2649 1142 3416 1216 separentur,sicutlocutus
3429 1145 3518 1198 est
3530 1141 3600 1196 ad
3617 1140 3844 1205 Mosen,

2257 1239 2312 1287 et
2333 1233 2518 1304 legem
2543 1231 2661 1303 dat,
2684 1232 2785 1304 qui
2817 1231 3052 1287 illarum
3075 1231 3374 1287 civitatum
3395 1230 3599 1286 debeat
3620 1228 3848 1284 intrare

2258 1321 2553 1394 praesidia.
2573 1321 2788 1378 Levitis
2818 1326 2876 1377 et
2894 1320 3294 1378 sacerdotibus
3315 1318 3579 1376 civitates
3607 1321 3667 1374 et
3701 1316 3849 1373 sub-

2257 1409 2481 1465 urbana
2511 1409 2965 1466 distribuuntur.

2187 1497 2259 1552 X.
2289 1497 2468 1553 Josue
2497 1499 2725 1554 vocavit
2748 1498 3088 1568 Rubenitas,
3122 1501 3180 1553 et
3206 1497 3473 1567 Gaditas,
3505 1498 3564 1552 et
3586 1494 3848 1550 mediam

2259 1591 2484 1658 partem
2509 1585 2700 1642 tribus
2721 1590 3006 1657 Manasse,
3031 1585 3244 1642 etdixit
3265 1585 3350 1642 eis
3375 1602 3387 1640 :
3411 1583 3706 1656 Implestis
3733 1583 3850 1638 im-

2260 1674 2750 1746 periumDomini,
2781 1675 2933 1731 itein
2969 1673 3352 1731 tabernacula
3375 1679 3568 1729 vestra
3597 1688 3611 1728 :
3635 1676 3692 1727 et
3710 1687 3848 1743 per-

498 1761 1006 1871 adversundsr‘aeil,
1028 1765 1274 1871 etJosue
1295 1781 1392 1871 eos
1411 1763 1803 1836 persequitur,
1829 1760 2078 1871 etdicit:
2109 1805 2157 1871 Β
2259 1768 2462 1871 gentes
2495 1764 2566 1818 ad
2597 1763 2860 1871 tumulqs
2888 1764 3165 1871 ordanis
3192 1762 3641 1871 aediﬁcayerunt‘
3662 1759 3849 1871 altare

498 1849 617 1905 Stet
648 1851 731 1906 sol
782 1851 843 1907 in
875 1853 1132 1923 Gabaon,
1167 1858 1223 1910 et
1245 1859 1469 1920 caetera,
1515 1868 1778 1924 cassoque
1799 1848 2074 1920 exercitu,

497 1941 761 2013 quinque
784 1937 1020 2014 regesin
1038 1945 1380 2017 speluncam
1402 1944 1654 2016 fugiunt,
1675 1945 1849 2014 atque
1867 1954 2076 2012 appre-

499 2028 669 2084 hensi
701 2031 1087 2088 occiduntur:
1119 2035 1319 2089 eadem
1354 2033 1444 2089 die
1477 2031 1729 2106 percutit
1766 2030 2008 2103 Mageda
2024 2035 2080 2088 et

502 2122 738 2187 Lemna,
771 2121 982 2176 deinde
1015 2122 1224 2179 Lacbis
1254 2127 1310 2178 et
1341 2123 1538 2187 Gaser,
1572 2137 1892 2192 omnesque
1915 2136 2080 2175 mon-

506 2221 673 2269 tanas
695 2217 753 2267 et
776 2212 949 2282 plano
974 2213 1197 2283 positas
1219 2212 1504 2280 civitates,
1527 2211 1772 2266 Domino
1795 2209 2081 2280 tradente,

506 2303 786 2375 possedit.

432 2392 524 2448 Xl.
547 2392 651 2447 Ubi
669 2391 905 2446 Enacim
929 2391 1265 2447 interfectos
1290 2393 1774 2463 regesenumerat
1795 2386 2083 2460 singulos,

503 2482 561 2536 id
595 2485 704 2547 est,
735 2480 972 2552 triginta
1003 2497 1209 2551 unum,
1229 2480 1441 2553 quibus
1462 2477 1738 2535 exstincis
1760 2477 2087 2550 provincias

507 2587 708 2627 eorum
741 2570 1027 2644 possedit,

440 2659 558 2717 VII.
590 2659 739 2716 Dixit
767 2659 1054 2716 Dominus
1079 2659 1149 2714 ad
1181 2659 1395 2715 Josue:
1427 2656 1683 2714 Senuisti
1707 2659 1763 2713 et
1790 2656 2088 2729 longaevus

507 2766 590 2820 es,
623 2749 816 2805 divide
848 2754 1060 2805 terram
1095 2748 1233 2804 ﬁliis
1283 2747 1482 2816 Israel,
1515 2751 1689 2819 atque
1720 2747 1931 2802 sedens
1951 2760 2087 2800 cum

506 2839 777 2894 Eleazaro
795 2839 1096 2895 sacerdote
1121 2836 1455 2894 universam
1474 2841 1691 2893 terram
1714 2833 2090 2892 dividit.Cha—

2259 1851 2500 1906 inﬁnitae
2527 1852 2976 1924 magnitudinis,
3000 1853 3153 1924 quod
3185 1852 3364 1908 Josue
3381 1855 3438 1907 et
3464 1847 3644 1906 Israel
3672 1852 3852 1921 puta-

2256 1944 2469 1997 verunt
2516 1956 2644 1998 esse
2694 1941 3068 2014 sacrilegum,
3103 1945 3161 1998 et
3189 1939 3386 1996 nutios
3416 1940 3702 2012 dirigunt,
3735 1937 3844 2010 qui

2257 2030 2482 2086 ratione
2509 2034 2745 2102 accepta
2771 2029 2936 2087 leniti
2965 2035 3126 2086 sunt.

2191 2123 2270 2176 XI
2299 2120 2478 2175 Josue
2510 2119 2735 2175 vocavit
2763 2135 2998 2175 omnem
3050 2118 3347 2187 Israelem,
3379 2121 3436 2174 et
3465 2116 3743 2173 admonet
3776 2118 3845 2172 ut

2267 2210 2529 2266 serviant
2559 2209 2827 2264 Domino.
2860 2209 3179 2265 Enumerat
3203 2209 3416 2265 seriem
3446 2205 3850 2280 generationis

2264 2301 2543 2373 antiques,
2575 2304 2630 2356 et
2679 2302 2969 2370 quomodo
3018 2303 3089 2356 de
3119 2301 3365 2373 zEgypto
3424 2300 3546 2356 sint
3573 2297 3849 2354 liberati:

2267 2391 2561 2464 quomodo
2582 2390 2922 2461 Amorrbaei,
2954 2389 3266 2448 Chananaei
3284 2396 3342 2445 et
3370 2387 3559 2444 caeteri
3591 2387 3711 2443 sint
3730 2392 3854 2442 tra-

2268 2481 2373 2537 diti
2404 2481 2463 2536 in
2495 2481 2951 2550 manuszeorum.
2975 2480 3155 2535 Josue
3177 2479 3431 2552 lapidem
3455 2477 3655 2548 posuit
3685 2477 3745 2530 in
3769 2480 3858 2532 te-

2268 2569 2636 2640 stimonium,
2669 2573 2800 2642 post
2828 2568 2950 2624 haec
2981 2573 3249 2625 mortuus
3271 2572 3360 2623 est
3389 2581 3456 2623 ac
3486 2563 3760 2636 sepultus
3791 2564 3855 2619 in

2268 2649 3142 2721 Thamnathsare.0seaJoseph
3158 2643 3855 2720 sepeliunturinSicbem

2269 2747 2326 2797 et
2356 2741 2589 2796 Eleazar
2619 2739 2892 2796 sacerdos
2924 2743 3194 2794 mortuus
3223 2740 3332 2793 est.

1685 3179 1962 3237 BREVES
2019 3175 2208 3234 LIBRI
2263 3171 2554 3232 JOSUE‘.

445 3500 785 3557 I.Promiltit
808 3501 962 3556 Deus
980 3499 1159 3555 Josue
1179 3498 1582 3556 dicens:Sicut
1599 3497 1855 3553 fuitcum
1873 3497 2087 3565 Moyse,
2120 3490 2163 3559 C
2201 3489 2315 3546 XV.
2350 3486 2717 3545 Perturbatio
2748 3501 3016 3558 regnum.

513 3607 610 3647 ero
639 3596 696 3647 et
724 3595 940 3647 tecum.

448 3683 517 3738 II.
551 3682 882 3754 Praeparare
920 3680 1139 3737 cibaria
1179 3679 1423 3751 jubetur
1457 3675 1690 3750 populo,
1739 3679 1804 3730 ut
1835 3678 2098 3729 transeat

515 3771 856 3827 Jordanem.

449 3860 552 3916 III.
607 3859 990 3915 Destinantur
1036 3857 1431 3930 exploratores
1463 3873 1496 3910 a
1543 3856 1721 3910 Josuc
1751 3853 1809 3908 in
1841 3850 2095 3906 Jericho.

452 3949 544 4004 IV.
581 3949 872 4005 Promittit
925 3948 1207 4003 Dominus
1251 3948 1426 4001 Josue
1455 3944 1689 4000 dicens:
1739 3941 1916 3996 Hodie
1948 3939 2098 3994 inci-

521 4039 678 4110 piam
732 4037 985 4094 exaltare
1034 4041 1090 4092 te
1139 4050 1337 4090 coram
1387 4033 1547 4089 omni
1576 4032 1778 4098 Israel,
1813 4033 1878 4083 ut
1909 4028 2100 4083 sciant

522 4128 662 4199 quia
691 4127 844 4182 sicut
873 4127 956 4180 fui
988 4141 1122 4180 cum
1155 4124 1374 4195 Moyse,
1408 4122 1489 4178 ita
1517 4125 1575 4177 et
1602 4125 1796 4176 tecum
1833 4133 1989 4172 sum.

450 4222 519 4272 V.
553 4218 801 4272 lubente
831 4215 1100 4280 Domino,
1132 4214 1388 4270 siccatur
1404 4212 1602 4268 alveus
1623 4209 1894 4266 Jordanis
1909 4213 2102 4264 trans-

523 4309 703 4360 eunte
735 4304 933 4360 Israel.

454 4397 551 4450 VI.
587 4394 905 4450 Duodecim
948 4393 1176 4466 lapides
1215 4392 1382 4448 electi
1414 4393 1484 4448 de
1533 4393 1806 4450 Jordanis
1836 4393 1997 4449 alveo
2028 4394 2100 4450 ob

528 4483 1143 4539 commemorationem
1177 4483 1356 4537 futuri
1391 4483 1697 4554 temporis.

457 4574 574 4630 VII.
611 4573 904 4628 Introeum
940 4571 1116 4628 Israel
1147 4576 1363 4627 terram
1401 4572 1719 4640 Chanaam,
1751 4575 1940 4630 territi
1964 4581 2105 4634 sunt

529 4663 722 4717 cuncti
754 4677 937 4733 reges.

459 4751 604 4808 VIII.
657 4755 786 4806 Haec
834 4751 1058 4823 autem:
1089 4765 1267 4806 causa
1324 4758 1411 4807 est
1467 4753 1738 4808 secundae
1798 4752 2102 4811 circumci-

532 4840 737 4896 sionis.

461 4929 551 4984 IX.
587 4929 906 5000 Hucusque
937 4929 1318 4986 comederunt
1348 4947 1584 4986 manna.

460 5019 528 5075 X.
568 5019 840 5075 Ostendit
888 5034 948 5074 se
980 5019 1225 5088 angelus
1269 5020 1502 5075 Domini
1553 5020 1753 5085 Josue,
1801 5023 1897 5092 qui
1931 5023 2118 5098 dixit;

531 5107 1164 5180 Princepsjexcercitus
1193 5109 1429 5164 Domini
1467 5126 1620 5164 sum.

460 5203 562 5256 XI.
615 5204 692 5254 De
724 5199 1026 5254 obsidione
1082 5198 1170 5252 vel
1213 5200 1591 5257 subversione
1640 5201 1804 5258 urbis
1856 5202 2110 5261 Jericbo.

461 5291 582 5346 XII.
619 5290 697 5344 Im
709 5289 964 5362 precatio
995 5289 1191 5344 Iosue.

459 5380 620 5445 XIII,
647 5377 1050 5434 Praevaricatio
1080 5377 1259 5433 Josue
1291 5377 1512 5449 populi.

462 5468 613 5524 XIV.
647 5468 946 5524 Confortat
973 5466 1260 5524 Dominus
1289 5467 1464 5524 Josue
1495 5469 1564 5524 ad
1594 5468 2001 5541 proeliandum.

539 5635 553 5667 ι
587 5631 651 5685 In
682 5628 906 5704 codice,
935 5627 1184 5704 Palatio,
1214 5627 1458 5704 capitula
1489 5633 1928 5704 nuncupantur.

2203 3580 2340 3636 XVI.
2373 3576 2684 3634 Simulatio
2717 3575 3200 3632 Gabaonitarum.

2204 3667 2370 3723 XVII.
2403 3665 2742 3737 Conglobati
2763 3664 3024 3737 quinque
3047 3679 3213 3735 reges
3234 3666 3437 3718 contra
3450 3665 3628 3718 Josue
3651 3674 3865 3717 ascen.

2280 3757 2512 3811 derunt.
2546 3755 2711 3810 Tunc
2740 3752 3050 3825 imperavit
3065 3751 3194 3822 soli,
3226 3756 3283 3807 et
3314 3751 3476 3807 stetit
3505 3750 3694 3822 spatio
3739 3748 3863 3804 diei

2361 3861 2418 3899 ll]
2462 3885 2475 3900 .

2206 3863 2406 3990 Χκῗῐῖι.
2427 3861 2708 3988 sJuvante
2755 3931 3021 3998 Domino,
3054 3927 3323 3985 exstincti
3357 3931 3494 3985 sunt
3521 3943 3686 4000 reges
3719 3941 3863 3984 cum

2279 4023 2534 4078 exercitu
2569 4037 2695 4076 suo.

2207 4111 2348 4168 XIX.
2383 4111 2608 4181 Ruben,
2629 4109 2751 4166 Gad
2782 4112 2836 4165 et
2867 4108 3109 4164 dimidia
3139 4107 3333 4163 tribus
3353 4112 3622 4164 Manasse
3641 4109 3867 4161 terram

2280 4201 2392 4257 sibi
2423 4200 2546 4258 dari
2582 4198 2882 4272 postulant
2913 4214 2946 4253 a
2973 4202 3190 4268 Moyse.

2207 4290 2322 4346 ΧΧ.
2361 4290 2425 4346 Hi
2450 4295 2589 4344 sunt
2618 4304 2785 4360 reges
2807 4291 2972 4342 terrae
2997 4302 3145 4357 quos
3176 4284 3470 4357 percussit
3487 4283 3664 4340 Josue
3684 4290 3744 4341 et
3760 4283 3871 4340 ﬁlii

2311 4378 2484 4435 srael.

2311 4396 2337 4434 s
2470 4419 2484 4435 .

2210 4380 2681 4525 Xleagividere
2732 4471 2919 4521 terras
2970 4463 3206 4536 populis
3255 4463 3530 4520 bostatur
3581 4461 3868 4520 Dominus

2210 4556 2789 4702 xiiiugromissum
2823 4641 3033 4714 repetit
3085 4639 3301 4696 Chaleb
3342 4644 3622 4707 montem,
3655 4639 3715 4696 in
3751 4657 3874 4714 quo

2283 4736 2510 4791 Hebron
2539 4749 2551 4787 :
2584 4732 2682 4788 hic
2711 4731 2859 4804 legis
2890 4731 3077 4786 Adam
3109 4731 3312 4786 situm.

2135 4856 2182 4922 Β
2211 4825 2418 4922 XXII-1'.
2450 4828 2584 4922 ξονς
2615 4821 2802 4922 Iudae.

2227 4913 2422 4970 XXIV.
2455 4912 2592 4967 Sors
2624 4910 2879 4966 ﬁliorum
2896 4907 3136 4980 Joseph,
3161 4907 3456 4980 prraim,
3489 4911 3546 4963 et
3573 4911 3874 4981 Manasse,

2226 5002 2400 5058 XXV.
2437 4999 2564 5056 Filii
2593 4998 2810 5071 Joseph
2861 5000 3065 5069 petunt
3093 4996 3205 5052 sibi
3227 4990 3880 5067 augmentari'funicu-

2303 5097 2425 5146 lum
2449 5108 2482 5146 a
2509 5094 2708 5157 Josue,
2731 5087 2948 5160 quibus
2969 5086 3084 5141 ait:
3111 5085 3416 5142 Ascendite
3437 5086 3494 5141 in
3515 5091 3801 5155 montem,
3822 5097 3884 5145 et

2293 5178 2578 5236 succidite
2600 5178 2896 5245 silvam,et
2913 5175 3193 5231 mundate
3213 5175 3376 5231 vobis
3392 5175 3463 5231 ad
3484 5175 3881 5233 habitandum

2221 5273 2942 5429 Xgliltifméongregatique
2990 5357 3130 5409 sunt
3175 5368 3379 5412 omnes
3427 5353 3534 5409 filii
3584 5355 3769 5412 Israel
3814 5355 3876 5411 in

2289 5447 2427 5504 Silo.
