4068 6172
201 352 309 410 509

1652 351 1864 406 LIBER
1898 349 2135 406 JmUE.

3514 355 3623 409 510

200 479 434 536 XXVII.
468 477 854 535 Destinantur
882 475 992 532 viri
1024 476 1095 532 ad
1136 475 1583 532 describendam
1617 479 1857 541 terram,
1887 474 1942 540 Α
1972 473 2163 532 ΧΧΧΙ.
2198 475 2532 532 Inconsulta
2564 493 2623 532 re
2671 477 2890 533 factum
2919 494 2952 534 a
3000 477 3156 534 tribu
3195 477 3400 534 Ruben
3431 477 3620 536 altare

274 567 616 639 reversique
646 565 1107 638 descriptionem
1139 564 1382 620 tradunt
1409 566 1610 634 Iosue,
1634 564 1732 636 qui
1756 563 1866 619 mi-

272 659 354 713 sit
387 661 577 713 sortes
606 671 801 712 coram
855 653 1104 710 Domino
1130 653 1191 709 in
1237 653 1383 719 Silo,
1416 643 1727 724 divisitque
1751 657 1868 708 ter-

274 763 406 801 ram
440 744 583 799 filiis
613 741 792 799 Israel
826 743 884 797 in
913 746 1137 814 septem
1174 745 1392 813 partes.

211 833 469 892 XXVIII.
501 832 686 888 Urbes
712 831 1118 903 fugitivorum.

206 924 406 979 XXIX.
443 922 624 979 Urbes
658 921 1009 976 Levitarum.

204 1012 377 1070 XXX.
413 1011 552 1066 Post
601 1008 891 1065 bellorum
941 1007 1209 1064 turbines
1257 1007 1396 1063 data
1444 1010 1534 1064 est
1577 1007 1869 1079 requiesa

271 1100 554 1157 Domino.

2048 565 2350 620 immensis
2381 565 2829 636 magnitudinis.

1976 652 2215 709 XXXII.
2247 653 2511 724 Replicat
2540 670 2574 709 a
2626 654 2914 727 principio
2963 655 3141 712 Josue
3177 661 3389 712 cuncta
3419 657 3624 713 Israeli

2047 757 2183 796 cum
2234 743 2568 806 testatione,
2620 759 2694 798 ne
2740 744 3047 799 discedant
3093 761 3126 800 a
3173 747 3477 817 prmceptis
3510 751 3620 802 Do-

2048 830 2214 893 mini.
2248 831 2760 902 appropinquante
2790 833 2882 887 die
2912 832 3107 889 obitus
3136 834 3249 890 sui.

1976 917 2232 974 XXXIII.
2267 918 2430 974 Unde
2479 923 2652 976 natus
2682 919 2759 975 sit
2800 920 3119 991 Abraham,
3150 923 3235 977 vel
3268 923 3366 978 ubi
3399 925 3620 995 perdu-

2047 1011 2198 1062 ctus.
2233 1012 2376 1064 Item
2411 1008 2779 1080 congregatis
2808 1026 2942 1064 cum
2975 1015 3143 1082 pacto
3181 1013 3618 1083 obtestatiouis,

2050 1095 2374 1166 alloquitur
2404 1113 2501 1152 eos
2530 1101 2734 1154 Josue.

1338 1418 1733 1481 CAPITULA
1781 1416 1989 1478 LIBRI
2026 1417 2218 1480 JESU
2262 1419 2510 1480 NAVE.

212 1756 254 1811 Ι.
287 1753 571 1810 Transite
603 1768 706 1826 per
737 1752 932 1809 media
960 1755 1176 1809 castra.

214 1846 282 1902 II.
317 1843 732 1916 Exploratores
764 1842 930 1898 missi
965 1843 1034 1897 de
1063 1841 1290 1898 Settim.

214 1934 307 1990 III.
344 1932 755 2004 Exploratores
785 1930 985 1987 Rahab
1013 1934 1282 1986 testatur.

215 2023 302 2079 IV.
341 2022 448 2078 Hic
484 2020 699 2094 populo
728 2020 869 2075 dicit
902 2035 915 2074 :
950 2019 1279 2076 Purificate.

214 2112 280 2170 V.
315 2111 446 2168 Ubi
465 2110 756 2167 Dominus
785 2109 928 2164 dicit
957 2109 1029 2164 ad
1055 2109 1259 2164 Jesum
1283 2123 1297 2164 :
1330 2107 1614 2180 Incipiam
1646 2110 1702 2162 te
1723 2105 1877 2162 exal-

287 2207 443 2256 tare.

214 2286 308 2343 VI.
342 2285 628 2341 Jordanis
659 2284 934 2340 siccatus.

221 2375 336 2431 VII.
373 2378 584 2430 Parate
617 2373 924 2430 duodecim
955 2372 1110 2428 viros
1139 2373 1208 2428 ad
1237 2372 1462 2446 lapides
1493 2371 1802 2429 tollendos.

217 2465 376 2520 VIII.
413 2462 668 2535 Lapides
698 2461 938 2518 sublati.

219 2553 312 2609 IX.
344 2552 431 2608 De
459 2551 854 2607 instructions
885 2549 1163 2607 filiorum.

218 2643 286 2699 X.
320 2643 349 2698 J
356 2657 501 2697 esus
529 2639 841 2696 exaltatus.

219 2731 323 2787 XI.
361 2729 712 2785 Sacerdotes
742 2729 814 2784 de
843 2728 1100 2784 Jordane
1128 2732 1522 2786 excesserunt.

217 2820 348 2875 XII.
389 2818 531 2874 Item
563 2816 670 2872 filii
700 2817 1053 2874 instruendi.

214 2908 372 2964 XIII.
405 2907 677 2962 Gentium
713 2921 878 2978 reges
906 2907 1118 2962 territi.

223 2995 378 3053 XIV.
415 2996 494 3052 De
525 2993 783 3051 cultellis
813 2994 1079 3068 petrinis.

224 3086 345 3142 XV.
383 3083 790 3141 Circumcisio.

223 3174 386 3232 XVI.
419 3171 797 3228 Maledictum
829 3171 1112 3230 ablatum.

220 3263 399 3319 XVII.
429 3259 677 3316 Pascha.

222 3350 428 3407 XVIII.
463 3353 681 3405 Manna
710 3347 924 3404 deficit.

225 3438 385 3496 XIX.
418 3436 680 3510 Angelus
709 3437 892 3494 visus.

229 3531 363 3586 XX.
394 3527 634 3584 Jericho
665 3526 1017 3582 circumdari
1049 3527 1306 3597 iubetur.

231 3619 380 3674 XXI.
410 3617 594 3673 Jesus
623 3614 765 3670 dicit
794 3615 1008 3686 populo
1034 3633 1047 3671 :
1081 3615 1196 3672 Nec
1226 3616 1646 3674 clamaveritis.

231 3706 411 3762 XXII.
449 3704 533 3761 De
564 3703 961 3759 anathemate.

231 3794 426 3850 XXIII.
463 3792 617 3848 Muri
645 3791 880 3848 Jericho
913 3793 1270 3849 ceciderunt.

231 3884 436 3940 XXIV.
473 3881 556 3938 De
586 3881 785 3937 Rahab
811 3882 1121 3938 servanda.

230 3971 408 4028 XXV.
434 3969 785 4027 Maledictus
803 3970 904 4041 qui
922 3970 1297 4028 aadiﬁcaverit
1322 3971 1616 4030 civitatem
1633 3973 1887 4030 Jericho.

232 4063 440 4118 XXVI.
479 4059 561 4115 De
591 4059 983 4128 anathemate,
1015 4060 1113 4130 qui
1147 4061 1497 4132 concupivit.

230 4150 450 4207 XXVII.
489 4148 749 4220 Populus
781 4149 1036 4222 fugatus.

234 4239 503 4296 XXVIII.
535 4237 805 4294 Peccavit
836 4237 1021 4308 plebs.

232 4327 425 4385 XXIX.
462 4326 643 4382 Jesus
673 4325 745 4380 de
778 4325 1151 4382 anathemate
1183 4331 1501 4384 scrutatur.

233 4415 404 4472 XXX.
438 4413 639 4470 Achar
665 4414 737 4468 de
767 4413 1140 4470 anathemate
1172 4415 1475 4472 confusus.

234 4505 437 4560 XXXI.
475 4501 672 4558 Prima
701 4518 899 4574 pugna
943 4503 1135 4568 Jesus,
1189 4503 1298 4558 Abi
1342 4503 1639 4561 civitatem
1673 4521 1776 4577 per
1805 4506 1899 4562 in-

300 4594 525 4649 sidiam
559 4591 736 4664 capit.

233 4682 474 4738 XXXII.
507 4680 724 4736 Gentes
755 4680 1070 4737 adversum
1097 4681 1305 4738 Jesum
1336 4681 1612 4739 collecta.

237 4769 494 4827 XXXIII.
543 4768 719 4825 Jesus
766 4767 948 4825 altare
998 4769 1268 4839 aedificat,
1323 4775 1378 4826 et
1425 4769 1507 4826 ibi
1541 4776 1901 4830 Deuterono-

306 4859 504 4914 mium
537 4856 763 4914 scribit.

239 4948 501 5004 XXXIV.
537 4945 714 5002 Jesus
761 4944 949 5018 legem
1003 4946 1478 5006 benedictionum
1528 4953 1587 5006 et
1625 4950 1901 5008 maledic-

305 5039 550 5094 tionum
583 5033 744 5090 omni
777 5033 990 5106 populo
1021 5034 1184 5110 legit.

242 5124 466 5181 XXXV.
499 5123 837 5178 Gabaonitas
870 5123 1178 5181 audientes
1212 5127 1427 5182 famam
1456 5129 1650 5184 Josue.

241 5214 500 5271 XXXVI.
566 5211 672 5268 Ubi
727 5219 1083 5284 acceperunt
1147 5214 1488 5272 Gabaonita
1562 5231 1787 5288 pacem,
1846 5220 1904 5273 et

310 5303 502 5358 Deum
539 5317 654 5356 non
688 5299 1128 5358 invocaverunt.

246 5389 520 5448 XXXVII.
558 5389 892 5446 Gabaonitas
924 5389 1068 5461 ligni
1101 5407 1348 5449 cessares
1373 5392 1530 5449 facti.

248 5480 549 5537 XXXVIII.
610 5479 728 5534 Rex
783 5478 1113 5535 Jerusalem
1188 5483 1470 5538 adversus
1544 5480 1902 5540 Gabaonitas

315 5586 453 5625 cum
487 5568 626 5625 aliis
656 5567 892 5638 regibus
924 5573 1169 5640 pugnat.

251 5657 511 5715 XXXIX.
550 5654 887 5714 Gabaonita
921 5656 1202 5716 auxilium
1235 5663 1442 5732 petunt
1471 5659 1685 5718 aJesu.

1979 1747 2088 1802 XL.
2126 1748 2446 1820 Lapidibus
2478 1749 2602 1805 cmli
2639 1765 2800 1822 reges
2831 1751 3094 1824 gentium
3135 1751 3449 1808 interfecti.

1979 1837 2120 1893 XLI.
2155 1837 2250 1892 Sol
2285 1841 2403 1893 stat
2451 1837 2510 1893 in
2565 1839 2822 1910 Gabaon,
2855 1845 2912 1895 et
2957 1839 3099 1896 luna
3128 1840 3187 1895 in
3219 1839 3368 1896 valle
3397 1840 3630 1896 Aialon.

1896 1961 1946 2027 Β
1986 1927 2155 1982 XLII.
2190 1931 2374 1998 Reges
2406 1928 2463 1983 in
2495 1927 2794 1999 spelunca.

1985 2016 2180 2072 XLIII.
2215 2017 2400 2089 Reges
2429 2017 2500 2072 de
2522 2017 2800 2088 spelunca
2826 2019 3090 2090 producti
3116 2023 3290 2090 atque
3313 2019 3626 2076 interfecti.

1982 2105 2176 2162 XLIV.
2209 2105 2388 2161 Sedes
2421 2123 2599 2178 super
2627 2106 2880 2162 cervices
2912 2123 3139 2179 regum.

1985 2194 2154 2250 XLV.
2187 2193 2474 2265 Regiones
2503 2211 2650 2266 quas
2698 2197 2922 2268 accepit
2951 2197 3122 2254 Jesus
3165 2212 3297 2252 cum
3327 2196 3453 2252 suis
3485 2195 3628 2268 regi-

2057 2283 2190 2349 bus,
2223 2283 2523 2339 Macedam
2553 2288 2611 2338 et
2636 2301 2840 2340 omnes
2871 2285 3228 2342 habitatores
3257 2286 3412 2357 ejus.

1984 2372 2182 2428 XLVI.
2214 2371 2296 2428 De
2327 2372 2525 2428 Lebna
2559 2372 2616 2427 in
2650 2373 2881 2429 Lachis.

1985 2461 2209 2517 XLVII.
2246 2461 2441 2516 Hiram
2475 2461 2788 2518 auxiliator
2818 2463 3050 2520 Lachis.

1987 2549 2234 2606 XLVIII.
2270 2548 2450 2621 Eglon
2480 2556 2870 2624 expugnatur.

1986 2638 2181 2695 XLIX.
2214 2638 2442 2694 Hebron
2475 2644 2666 2709 capta.

1991 2729 2053 2784 L.
2087 2727 2362 2782 Dabiram
2393 2727 2548 2798 cepit
2579 2732 2756 2798 atque
2785 2729 3054 2784 vastavit.

1991 2817 2084 2872 LI.
2116 2817 2354 2871 Terram
2388 2820 2759 2872 montuosam
2793 2818 3101 2888 percussit.

1989 2905 2101 2961 LII.
2135 2904 2166 2960 J
2174 2905 2306 2959 abin
2341 2909 2657 2976 congregat
2685 2920 2890 2960 omnes
2912 2921 3077 2978 reges
3099 2907 3380 2964 adversus
3402 2908 3434 2963 J
3441 2923 3631 2964 esum.

1991 2993 2135 3049 LIII.
2169 2994 2316 3064 Equi
2348 2993 2612 3065 gentium
2643 2993 3005 3051 subnervati.

1993 3082 2133 3139 LIV.
2167 3081 2442 3137 Civitates
2473 3087 2736 3138 muratae
2769 3100 2884 3139 non
2912 3085 3234 3140 succendit.

1995 3172 2102 3227 LV.
2137 3170 2423 3226 Dominus
2451 3170 2613 3226 dedit
2657 3171 2716 3226 in
2748 3171 2842 3226 his
2884 3172 3197 3244 agendum,
3228 3176 3294 3230 ut
3321 3173 3633 3244 bellarent,

2070 3276 2176 3316 nec
2206 3259 2491 3316 haberent
2519 3259 3010 3317 misericordiam.

2000 3349 2135 3407 LVI.
2167 3349 2410 3406 Enacim
2439 3349 2833 3406 exterminati.

1997 3439 2165 3495 LVII.
2202 3438 2452 3496 Nomina
2481 3453 2684 3510 regum
2714 3438 3154 3496 interfectorum
3187 3457 3220 3496 a
3247 3441 3464 3514 Moyse.

1999 3529 2190 3584 LVIII.
2223 3531 2408 3598 Reges
2437 3543 2586 3597 quos
2614 3527 2645 3582 J
2653 3543 2788 3583 esus
2818 3529 3128 3585 interfecit.

1998 3618 2137 3674 LIX.
2169 3618 2346 3672 Terra
2371 3620 2724 3688 expugnata,
2756 3623 2812 3672 et
2845 3618 2900 3672 in
2934 3617 3331 3673 haareditatem
3365 3619 3572 3674 divisa.

1999 3707 2108 3764 LX.
2140 3705 2358 3762 Divisio
2387 3709 2554 3762 terrae
2585 3721 2763 3776 quam
2796 3706 3024 3779 Moyses
3054 3707 3284 3762 duabus
3303 3711 3360 3762 et
3383 3706 3643 3763 dimidiae

2071 3795 2248 3850 tribui
2281 3795 2553 3850 Manasse
2581 3797 2746 3850 trans
2774 3794 3090 3850 Jordanem
3124 3795 3342 3851 divisit.

2003 3884 2146 3940 LXI.
2181 3884 2318 3940 Sors
2348 3883 2539 3939 tribus
2569 3883 2795 3939 Ruben.

2002 3973 2168 4028 LXII.
2202 3973 2342 4028 Sors
2375 3972 2630 4027 ﬁliorum
2663 3973 2809 4028 Gad.

2003 4063 2205 4117 LXIII.
2236 4065 2372 4116 Sors
2403 4061 2661 4116 dimidias
2691 4061 2879 4116 tribus
2909 4061 3197 4116 Manasse.

1987 4150 2187 4206 .LXIV.
2221 4149 2328 4205 Hic
2357 4150 2592 4206 Eleazar
2620 4154 2680 4206 et
2707 4149 3000 4221 principes
3051 4154 3266 4204 terram
3299 4164 3502 4205 novem
3539 4149 3647 4204 tri-

2072 4239 2266 4295 bubus
2299 4238 2652 4310 partiuntur.

2006 4328 2171 4384 LXV.
2204 4327 2418 4383 Chaleb
2447 4328 2518 4381 ad
2550 4326 2777 4383 Jesum.

2005 4417 2186 4473 LXVI.
2220 4415 2445 4472 Nomen
2477 4415 2706 4470 Hebron
2757 4431 2884 4487 quis
2916 4414 3082 4487 prius
3106 4414 3422 4471 vocabatur
3449 4413 3654 4470 Caria-

2081 4506 2306 4562 tharbe.

2006 4595 2222 4652 LXVII.
2256 4595 2394 4650 Sors
2421 4593 2610 4649 tribus
2640 4593 2829 4649 Judas.

1928 4687 1977 4754 D
2011 4685 2254 4741 LXVIII.
2295 4681 2510 4739 Chaleb
2542 4699 2676 4755 pars
2707 4682 2862 4738 inter
2890 4681 3042 4738 filios
3070 4683 3257 4738 Judaa.

2011 4772 2196 4828 LXIX.
2231 4771 2445 4827 Chaleb
2476 4775 2715 4844 propter
2759 4771 3050 4826 civitatem
3081 4771 3434 4842 litterarum,
3467 4774 3650 4828 Axam

2081 4861 2254 4917 filiam
2289 4877 2458 4916 suam
2490 4861 2650 4915 dedit
2676 4859 2971 4917 Othoniel.

2011 4949 2176 5006 LXX.
2210 4948 2358 5005 Filia
2384 4947 2600 5022 Chaleb
2632 4954 2855 5020 partem
2889 4949 3009 5020 agri
3040 4966 3074 5005 a
3105 4955 3268 5021 patre
3302 4949 3580 5022 postulat.

2013 5038 2200 5094 LXXI.
2235 5020 2819 5094 Nomina‘civitatum
2848 5039 3017 5093 Iuda.

2015 5127 2233 5183 LXXII.
2287 5124 2537 5183 Nomina
2581 5127 2884 5182 civitatum
2942 5143 3070 5198 quas
3125 5132 3265 5183 sunt
3311 5128 3368 5182 in
3418 5141 3650 5197 campe-

2084 5217 2330 5272 stribus.

2016 5305 2259 5360 LXXIII.
2291 5304 2621 5360 Jebusseum
2654 5305 2808 5360 Juda
2836 5321 3168 5378 expugnare
3197 5320 3311 5360 non
3343 5303 3552 5376 potuit.

2016 5395 2252 5450 LXXIV.
2289 5394 2425 5449 Sors
2458 5393 2712 5450 filiorum
2744 5393 2981 5466 Joseph.

2016 5482 2241 5538 LXXV.
2272 5482 2527 5538 Termini
2561 5482 2862 5554 Ephraim.

2015 5571 2257 5627 LXXVI.
2292 5573 2468 5639 Quem
2504 5571 2780 5644 Ephraim
2817 5587 2931 5626 non
2962 5570 3332 5642 expugnavit.

2013 5655 2270 5718 LXXVII.
2306 5661 2444 5718 Sors
2476 5660 2733 5717 filiorum
2765 5660 3052 5718 Manasse.
