4068 6172
401 335 502 390 511

408 465 710 522 LXXVIII.
746 465 902 522 Filiae
930 466 1242 539 Salphaad.

408 555 640 609 LXXIX.
677 557 986 612 Terminus
1021 557 1277 614 ﬁliorum
1313 559 1603 615 Manasse.

412 643 623 699 LXXX.
657 645 836 708 Quem
872 644 1142 701 Manasse
1173 663 1509 720 expugnare
1541 665 1656 704 non
1699 648 1910 720 potuit.

411 731 666 788 LXXXI.
699 735 1077 804 Congregatio
1108 735 1362 791 ﬁliorum
1395 737 1571 793 Israel
1609 737 1668 792 in
1701 737 1838 793 Silo.

416 821 678 876 LXXXII.
711 821 885 877 Jesus
916 827 1137 894 septem
1174 824 1447 882 tribubus
1479 825 1655 881 semel
1690 829 1902 882 terram
1930 841 2056 897 pars

483 910 646 979 titur,
679 915 732 966 et
767 912 947 966 mittit
974 913 1131 968 viros
1163 915 1232 968 ad
1264 914 1724 971 terminandum.

411 997 714 1054 LXXXIII.
750 1000 948 1056 Sortes
981 1002 1172 1057 missa:
1226 1002 1283 1058 in
1316 1003 1454 1071 Silo,
1487 1021 1614 1060 sors
1647 1003 1835 1075 prima
1863 1004 2055 1060 tribus

478 1089 806 1158 Benjamin.

411 1177 696 1232 LXXXIV.
731 1177 983 1234 Nomina
1013 1180 1314 1236 civitatum
1347 1182 1675 1252 Benjamin.

410 1266 684 1321 LXXXV.
719 1267 856 1322 Sors
887 1270 1146 1324 secunda
1178 1269 1432 1324 ﬁliorum
1464 1271 1717 1327 Simeon.

407 1355 709 1411 LXXXVI.
743 1359 878 1412 Sors
905 1358 1077 1412 tertia
1111 1358 1366 1413 ﬁliorum
1395 1360 1675 1415 Zabulon.

404 1443 721 1500 LXXXVII.
757 1444 894 1499 Sors
927 1451 1136 1515 quarta
1166 1446 1421 1502 ﬁliorum
1460 1449 1751 1505 Issacbar.

404 1531 766 1588 LXXXVIII.
800 1533 938 1588 Sors
969 1534 1170 1605 quinta
1202 1535 1455 1591 ﬁliorum
1488 1539 1649 1593 Aser.

405 1622 710 1677 LXXXIX.
744 1623 881 1678 Sors
912 1627 1070 1679 sexta
1101 1624 1357 1680 ﬁliorum
1391 1627 1729 1698 Nephthali.

403 1711 522 1766 XC.
558 1712 695 1766 Sors
728 1711 980 1784 septima
1009 1712 1264 1769 ﬁliorum
1299 1714 1443 1770 Dan.

1446 348 1503 400 S.
1544 346 1952 401 HIERONYMI
1988 347 2246 402 DIVINA
2279 347 2774 403 BIBLIOTHECA.

2076 473 2132 540 Α
2162 472 2324 530 XCV.
2356 472 2482 528 Filii
2521 473 2654 530 Levi
2704 475 2940 546 propter
2986 471 3251 529 civitates
3288 468 3818 544 interpellaverunt

3699 342 3816 398 512

2232 567 2290 618 et
2317 567 2685 634 acceperunt.

2161 651 2351 707 XCVI.
2388 652 2525 708 Sors
2559 652 2759 723 p0puli
2788 649 2992 707 Caatb.

2162 741 2384 797 XCVII.
2417 746 2553 796 Sors
2585 740 2836 796 ﬁliorum
2871 742 3114 796 Gerson.

2162 830 2408 887 XCVIII.
2441 834 2577 886 Sors
2608 829 2864 884 ﬁliorum
2893 829 3124 884 Morari.

2163 919 2400 975 XCXIX.
2436 919 2664 974 Hebron
2699 918 2903 974 civitas
2937 917 3144 989 refugii
3178 917 3318 973 ﬁliis
3355 918 3546 972 Aaron
3577 916 3731 972 data.

2162 1010 2223 1064 C.
2257 1008 2470 1064 Civitas
2499 1006 2707 1079 refugii
2738 1007 2991 1063 ﬁliorum
3023 1006 3264 1062 Gerson.

2162 1097 2249 1153 Cl.
2281 1096 2495 1152 Civitas
2526 1096 2737 1168 refugii
2773 1095 3028 1152 ﬁliorum
3062 1095 3288 1152 Merari.

2162 1185 2276 1241 CII.
2310 1186 2593 1241 Dominus
2622 1185 2777 1241 sicut
2807 1184 3097 1257 promisit,
3132 1184 3412 1256 implevit.

2161 1275 2305 1330 CIII.
2342 1275 2547 1330 Ruben
2579 1279 2633 1329 et
2685 1274 2806 1329 Gad
2836 1275 3005 1330 Jesus
3058 1273 3264 1329 reverti
3291 1274 3461 1345 jubet
3497 1272 3556 1329 in
3591 1277 3813 1329 terram

2233 1381 2424 1420 suam.

2161 1451 2302 1507 CIV.
2339 1457 2415 1507 De
2447 1468 2548 1506 ara
2579 1468 2756 1523 quam
2809 1453 2936 1507 duae
2968 1451 3159 1506 tribus
3197 1454 3253 1507 et
3283 1451 3528 1508 dimidia
3555 1451 3811 1508 aediﬁca-

2230 1544 2457 1594 verunt.

2160 1627 2266 1684 CV.
2295 1628 2469 1683 Jesus
2502 1627 2787 1698 populum
2820 1627 3139 1684 novissime
3169 1631 3550 1685 contestatur.

2159 1717 2296 1773 CVI.
2328 1715 2498 1772 Jesus
2531 1716 2712 1772 dicit:
2743 1717 2886 1772 Ecce
2915 1732 3022 1788 ego
3053 1717 3297 1774 decurro
3327 1718 3500 1774 viam.

401 1799 538 1856 XCI.
577 1799 700 1856 Filii
734 1805 850 1856 Dan
883 1809 1292 1875 pugnaverunt
1326 1808 1528 1862 contra
1557 1805 1783 1874 Lesem,
1807 1809 1866 1862 et
1886 1821 2049 1878 cepe-
2161 1805 2316 1862 CVII.
2352 1810 2436 1860 De
2466 1804 2854 1862 crabronibus
2886 1821 3036 1878 quos
3064 1805 3230 1861 misit
3259 1805 3564 1863 Dominus.

474 1895 614 1944 runt
643 1906 794 1946 eam.

399 1977 566 2033 XCII.
602 1979 815 2035 Civitas
848 1997 1023 2051 quam
1051 1981 1155 2035 ﬁlii
1187 1981 1364 2038 Israel
1393 1983 1532 2038 Jesu
1565 1983 1868 2040 dederunt.

400 2067 602 2123 XCIII.
637 2068 991 2140 Praeceptum
1023 2070 1328 2126 civitatum
1362 2072 1594 2144 refugii.

402 2155 592 2212 XCIV.
625 2157 876 2214 Nomina
902 2158 1202 2214 civitatum
1236 2160 1466 2231 refugii.

2083 1850 2130 1916 B

2160 1893 2353 1952 CVIII.
2388 1893 2665 1949 Liberum
2698 1894 3032 1951 arbitrium.

2155 1983 2300 2040 CIX.
2333 1987 2458 2038 Non
2491 1983 2736 2055 potestis
2764 1983 3012 2040 Domino
3043 1982 3281 2054 servire,
3309 1983 3449 2056 quia
3477 1983 3633 2044 Deus
3669 2002 3812 2042 san-

2229 2077 2363 2128 ctus
2396 2075 2504 2128 est.

2159 2162 2275 2217 CX.
2310 2162 2390 2218 De
2421 2162 2614 2234 lapide
2644 2163 3006 2220 testamenti.

403 2313 3815 2342 Μ

1959 2476 2252 2537 INCIPIT

833 2695 1438 2860 LIBER
1581 2693 2209 2863 JOSUE
2349 2698 2749 2862 BEN
2894 2700 3360 2960 NUN.

487 3107 565 3171 [T.
602 3105 647 3174 Ι,
680 3107 742 3159 B.
779 3103 824 3173 Ι,
879 3101 1009 3174 Cap.
1045 3102 1113 3173 1.]
1147 3103 1214 3157 Et
1248 3101 1467 3156 factum
1519 3105 1608 3156 est
1648 3102 1780 3172 post
1809 3101 2056 3154 mortem
2166 3101 2256 3154 est
2286 3099 2572 3158 Dominus
2605 3103 2757 3160 Deus
2777 3106 2920 3160 tuus
2950 3104 3009 3160 in
3037 3104 3313 3162 omnibus
3344 3105 3416 3161 ad
3447 3121 3818 3177 quaecunque

413 3193 582 3259 Mosi,
620 3191 768 3248 servi
799 3191 1052 3258 Domini,
1088 3195 1153 3245 ut
1181 3189 1519 3261 loqueretur
1548 3189 1832 3244 Dominus
1862 3187 1934 3243 ad
1965 3190 2056 3241 Jo-
2166 3191 2510 3260 perrexeris.
2546 3193 2632 3264 [Β.
2685 3194 2754 3262 II,
2781 3193 2840 3248 C.
2891 3194 2961 3266 1.]
3015 3193 3411 3267 Praecepitque
3438 3198 3617 3251 Josue
3648 3195 3820 3267 prin-

411 3298 516 3338 sue
549 3281 735 3336 ﬁlium
785 3280 938 3346 Nun,
999 3279 1334 3335 ministrum
1395 3278 1562 3347 Mosi,
1624 3281 1680 3333 et
1709 3277 1926 3332 diceret
1956 3276 2007 3331 ei
2039 3293 2051 3330 :
2165 3277 2396 3348 cipibus
2427 3281 2648 3352 populi,
2701 3281 2939 3338 dicens:
2987 3282 3256 3339 Transito
3287 3299 3391 3355 per
3421 3282 3682 3340 medium
3713 3300 3819 3340 ca-

410 3372 602 3428 Moses
635 3385 838 3425 servus
888 3384 1057 3424 meus
1105 3373 1376 3424 mortuus
1397 3372 1522 3423 est:
1558 3382 1750 3436 surge,
1783 3370 1840 3421 et
1869 3364 2054 3421 transi
2165 3371 2445 3437 strorum,
2477 3373 2536 3424 et
2563 3368 2848 3442 imperate
2877 3371 3115 3444 populo,
3145 3389 3211 3428 ac
3239 3371 3453 3428 dicite:
3486 3375 3821 3448 Preparate

410 3459 728 3516 Jordanem
759 3457 963 3526 istum,
1013 3459 1102 3527 tu,
1151 3461 1208 3512 et
1236 3457 1430 3512 omnis
1479 3455 1731 3528 populus
1766 3460 1960 3510 tecum
1991 3455 2051 3509 in
2161 3455 2327 3510 vobis
2349 3457 2604 3513 cibaria:
2629 3459 2909 3530 quoniam
2935 3465 3068 3532 post
3087 3460 3242 3515 diem
3267 3461 3506 3515 tertium
3532 3461 3818 3516 transibi-

411 3553 649 3613 terram,
677 3563 849 3616 quam
873 3561 978 3618 ego
1006 3546 1156 3602 dabo
1179 3545 1316 3600 ﬁliis
1338 3544 1535 3600 Israel.
1558 3544 1801 3600 Omnem
1834 3543 2050 3611 locum,
2160 3544 2237 3599 tis
2260 3545 2596 3612 Jordanem,
2625 3551 2682 3603 et
2710 3547 3007 3604 intrabitis
3038 3549 3108 3603 ad
3142 3547 3560 3620 possidendam
3592 3553 3813 3605 terram

415 3651 589 3710 quem
635 3634 942 3691 calcaverit
967 3633 1276 3708 vestigium
1313 3634 1478 3707 pedis
1507 3635 1708 3702 vestri,
1737 3633 1902 3689 vobis
1930 3637 2050 3688 tra-
2085 3628 2129 3698 C.
2167 3649 2343 3706 quam
2376 3635 2662 3692 Dominus
2696 3641 2847 3694 Deus
2875 3641 3069 3693 vester
3089 3638 3336 3694 daturus
3356 3641 3447 3694 est
3467 3636 3652 3693 vobis.
3688 3637 3818 3694 Ru-

415 3727 571 3797 dam,
604 3725 758 3781 sicut
786 3724 1018 3781 locutus
1049 3741 1182 3780 sum
1215 3723 1384 3779 Mosi.
1421 3728 1464 3776 A
1493 3724 1722 3778 deserto
1752 3727 1808 3779 et
1843 3722 2054 3777 Libano
2164 3724 2379 3780 benitis
2411 3742 2643 3798 quoque
2692 3730 2749 3782 et
2797 3727 3062 3783 Gadditis
3093 3731 3151 3784 et
3181 3726 3439 3783 dimidia:
3476 3727 3656 3783 tribui
3688 3728 3816 3784 Ma-

415 3833 604 3888 usque
635 3815 704 3870 ad
738 3814 956 3870 flumen
989 3829 1270 3887 magnum
1311 3813 1686 3884 Euphratem.
1719 3811 1909 3868 omnis
1936 3815 2056 3867 ter-

415 3923 480 3962 ra
502 3905 892 3961 Hetthaeorum
921 3919 1108 3975 usque
1134 3903 1205 3958 ad
1229 3919 1389 3959 mare
1420 3919 1700 3974 magnum
1730 3906 1932 3956 contra
1961 3917 2054 3957 so-

410 3994 485 4050 lis
533 4010 806 4050 occasum
855 3995 967 4049 erit
1005 3992 1292 4048 terminus
1342 3995 1551 4047 vester.
1601 3989 1812 4046 Nullus
1843 3990 2057 4062 poterit

410 4086 576 4142 vobis
609 4087 691 4156 Ib.
725 4085 851 4152 tibi]
903 4085 1177 4141 resistere
1219 4083 1448 4139 cunctis
1505 4082 1715 4140 diebus
1745 4083 1872 4138 vitae
1902 4085 2051 4137 tuae:

413 4175 570 4232 sicut
599 4175 680 4231 lui
713 4191 845 4230 cum
877 4174 1035 4229 Mose
1079 4173 1248 4244 [Vulg.
1281 4172 1434 4228 addit
1475 4172 1600 4243 ita].
1633 4188 1730 4228 ero
1753 4175 1808 4227 et
1826 4175 2016 4227 tecum
2040 4187 2080 4227 ε·

414 4281 530 4320 non
565 4263 882 4334 dimittam,
917 4279 1020 4318 nec
1050 4261 1452 4333 derelinquam
1484 4266 1559 4316 te.
1594 4259 1950 4328 Confortare,
2002 4266 2058 4316 et

416 4359 539 4412 esto
572 4354 886 4408 robustus:
933 4357 999 4408 tu
1031 4352 1186 4407 enim
1231 4355 1385 4407 sorte
1416 4351 1639 4406 divides
1680 4350 1895 4422 populo
1921 4350 2058 4405 huic

414 4448 654 4509 terram,
687 4459 790 4514 pro
838 4458 955 4513 qua
995 4441 1188 4512 juravi
1236 4439 1502 4512 patribus
1543 4439 1662 4495 tuis
1693 4439 1774 4510 [ᾗ.
1808 4440 2056 4512 eorum],

416 4536 482 4589 ut
511 4533 801 4588 traderem
832 4548 958 4587 eam
985 4529 1466 4586 illis.Cont‘ortare
1496 4529 1694 4602 igitur,
1730 4533 1786 4584 et
1813 4535 1936 4585 esto
1968 4545 2057 4584 ro-

416 4621 627 4676 bustus
657 4617 844 4686 valde,
875 4623 938 4673 ut
968 4617 1264 4674 custodias
1291 4621 1348 4673 et
1395 4617 1574 4674 facias
1603 4633 1837 4673 omnem
1869 4616 2055 4690 legem

415 4726 540 4779 quae
592 4707 866 4780 praecepit
918 4708 1019 4763 tibi
1068 4707 1258 4764 Moses
1307 4724 1510 4764 servus
1539 4723 1745 4763 meus:
1780 4725 1851 4763 ne
1880 4708 2056 4763 decli-

416 4814 521 4852 nes
543 4798 614 4852 ab
637 4813 704 4852 ea
742 4797 810 4852 ad
854 4798 1147 4852 dexteram
1170 4795 1258 4851 vel
1291 4797 1362 4851 ad
1394 4797 1714 4864 sinistram,
1753 4801 1814 4852 ut
1841 4796 2055 4852 intelli-

2164 3829 2339 3869 nasse
2385 3813 2510 3869 ait:
2566 3816 2910 3872 Mementote
2958 3815 3272 3884 sermonis,
3322 3833 3496 3890 quem
3539 3817 3819 3890 praecepit

2161 3902 2328 3958 vobis
2374 3905 2561 3960 Moses
2610 3904 2870 3961 famulus
2922 3905 3177 3978 Domini,
3226 3905 3476 3962 dicens:
3524 3905 3816 3962 Dominus

2163 3991 2319 4048 Deus
2349 3996 2538 4048 vester
2567 3994 2729 4050 dedit
2751 3993 2913 4051 vobis
2939 3994 3203 4066 requiem
3233 3998 3289 4051 et
3319 4010 3555 4051 omnem
3585 3997 3807 4051 terram

2166 4080 2247 4150 [ὴ.
2280 4085 2337 4136 et
2365 4085 2579 4138 terram
2611 4081 2832 4155 istam].
2867 4083 3082 4140 Uxores
3110 4086 3335 4151 vestrae,
3368 4086 3426 4139 et
3457 4072 3583 4150 ﬁlii,
3614 4099 3683 4138 ac
3713 4084 3816 4153 iu-

2165 4173 2363 4224 menta
2386 4171 2708 4227 manebunt
2747 4172 2806 4227 in
2827 4175 3003 4239 terra,
3037 4187 3210 4243 quam
3240 4171 3402 4228 dedit
3427 4171 3591 4227 vobis
3611 4175 3818 4227 Moses

2163 4261 2329 4313 trans
2358 4258 2670 4315 Jordanem
2699 4277 2712 4315 :
2760 4277 2864 4315 vos
2910 4265 3103 4316 autem
3156 4259 3406 4316 transite
3437 4259 3649 4316 armati
3678 4264 3818 4315 ante

2166 4347 2375 4402 fratres
2402 4352 2654 4419 vestros,
2702 4364 2907 4404 omnes
2963 4350 3139 4405 fortes
3188 4365 3369 4404 manu
3393 4351 3434 4416 ί,
3466 4352 3522 4404 et
3551 4353 3816 4421 pugnate

2165 4453 2269 4508 pro
2300 4436 2406 4502 eis,
2439 4437 2621 4492 donec
2664 4438 2762 4492 det
2792 4437 3074 4492 Dominus
3113 4438 3375 4507 requiem
3404 4435 3683 4491 fratribus
3711 4450 3814 4491 ve-

2166 4524 2328 4590 stris,
2360 4524 2509 4580 sicut
2548 4529 2604 4580 et
2643 4525 2805 4581 vobis
2829 4526 3022 4581 dedit:
3057 4529 3116 4581 et
3146 4525 3486 4598 possideant
3513 4524 3625 4597 ipsi
3660 4540 3817 4597 quo-

2166 4631 2278 4687 que
2308 4618 2549 4685 terram,
2599 4630 2777 4687 quam
2832 4613 3116 4670 Dominus
3168 4615 3316 4670 Deus
3345 4615 3536 4671 vester
3564 4612 3817 4670 daturus

2164 4708 2253 4761 est
2283 4703 2389 4774 eis,
2419 4709 2478 4759 et
2509 4703 2588 4759 sic
2638 4703 3006 4760 revertemini
3057 4703 3116 4758 in
3165 4707 3377 4758 terram
3410 4701 3817 4774 possessionis

2163 4796 2391 4861 vestrae,
2424 4795 2480 4846 et
2512 4790 2851 4848 habitabitis
2885 4791 2943 4846 in
2975 4808 3062 4856 ea,
3095 4806 3272 4862 quam
3305 4789 3469 4846 vobis
3498 4789 3662 4845 dedit
3688 4793 3818 4847 Mo-

415 4901 521 4956 gas
550 4893 756 4940 cuncta
805 4901 930 4956 quae
964 4884 1107 4955 agis.
1159 4885 1284 4940 Non
1332 4887 1564 4940 recedat
1610 4883 1879 4940 volumen
1914 4885 2056 4959 legis
2165 4896 2259 4936 ses
2292 4879 2550 4935 famulus
2594 4880 2823 4935 Domini
2874 4884 3036 4936 trans
3087 4879 3404 4936 Jordanem
3436 4882 3640 4934 contra
3670 4879 3817 4935 solis

410 4974 592 5044 hujus
619 4974 690 5028 de
721 4989 819 5028 ore
845 4978 984 5029 tuo:
1021 4974 1122 5029 sed
1169 4973 1550 5028 meditaberis
1581 4973 1638 5027 in
1663 4989 1729 5030 eo
1749 4973 1957 5029 diebus
1989 4991 2055 5030 ac
2086 4993 2135 5064 ι)
2166 4969 2957 5064 ortum.Reaponderun_tque
2981 4969 3273 5064 ad_Josue_,
3298 4971 3474 5039 atqtie
3495 4967 3815 5024 dixerunt:

413 5063 706 5132 noctibus,
737 5067 801 5117 ut
827 5063 1126 5118 custodias
1155 5066 1212 5117 et
1243 5064 1420 5117 facias
1451 5062 1649 5118 omnia
1680 5078 1804 5133 qua:
1835 5062 2055 5134 scripta
2086 5056 2127 5064 ’⁷
2163 5058 2389 5127 Omnia,
2419 5073 2546 5128 quae
2580 5057 2904 5130 praecepisti
2929 5057 3121 5126 nobis,
3149 5056 3526 5119 faciemus,et
3544 5072 3814 5127 quocun-

413 5152 636 5209 suntin
670 5169 736 5207 eo
766 5169 778 5206 :
834 5155 975 5207 tunc
1023 5151 1242 5223 diriges
1269 5151 1422 5206 viam
1463 5155 1648 5217 tuam,
1681 5155 1737 5207 et
1766 5151 2055 5223 intelliges

416 5259 562 5296 eam.
597 5245 739 5295 Ecce
779 5239 1053 5312 praecipio
1083 5240 1212 5307 tibi,
1245 5239 1572 5296 confortare
1603 5243 1660 5296 et
1690 5243 1814 5296 esto
1871 5241 2052 5296 robu-

413 5334 562 5387 stus.
595 5329 722 5386 Noli
755 5334 1034 5398 metuere,
1059 5333 1116 5384 et
1145 5329 1264 5385 noli
1297 5329 1519 5400 timere,
1551 5331 1827 5402 quoniam
1857 5333 2051 5386 tecum

485 5507 501 5540 ¹
534 5505 666 5561 LXX
699 5505 904 5578 legunt
956 5507 1012 5561 in
1063 5506 1370 5578 singulari,
1426 5507 1604 5563 omnis
1640 5506 1807 5577 forti:
1835 5523 2004 5563 manu
2033 5525 2046 5565 :

413 5579 568 5650 quod
599 5577 792 5634 Canon
821 5577 994 5635 Hebr.
1027 5577 1212 5648 verit.,
1246 5595 1357 5634 ms.
1384 5579 1711 5650 Bibliorum
1743 5580 1924 5636 codex
1943 5585 2050 5636 Re-

417 5649 574 5722 gius,
605 5654 660 5707 et
688 5665 844 5708 unus
888 5650 1252 5710 Corbeiensis
1294 5649 1603 5710 imitantur
1629 5667 1642 5708 :
1673 5652 1784 5711 etsi
1814 5651 1873 5710 in
1905 5669 2048 5713 mss.

2162 5163 2276 5219 que
2305 5146 2558 5215 miseris,
2589 5146 2833 5204 ibimus.
2885 5147 3049 5202 Sicut
3094 5144 3459 5202 obedivimus
3489 5144 3548 5200 in
3580 5145 3818 5201 cunctis

2162 5235 2331 5307 Mosi,
2373 5236 2455 5292 ita
2487 5235 2825 5292 obediemus
2857 5240 2913 5290 et
2942 5233 3045 5292 tibi
3074 5250 3088 5288 :
3134 5238 3366 5290 tautum
3417 5233 3494 5289 sit
3520 5234 3813 5291 Dominus

2161 5331 2313 5383 Deus
2339 5331 2477 5382 tuus
2507 5325 2890 5393 tecum,sicut
2921 5325 3029 5380 fuit
3061 5340 3195 5380 cum
3227 5323 3405 5380 Mose.
3440 5323 3547 5392 Qui
3580 5328 3815 5380 contra-

2163 5507 2363 5573 omnis,
2396 5509 2452 5562 et
2499 5506 2661 5577 fortis
2709 5503 2876 5560 facile
2924 5501 3340 5577 scribiupotuit
3387 5517 3496 5577 pro
3517 5517 3729 5577 omnes,
3757 5507 3816 5559 et

2161 5581 2328 5648 fortes
2352 5598 2366 5650 ;
2393 5574 2528 5651 quia
2548 5581 2766 5634 veteres
2789 5577 2811 5631 ἱ
2833 5592 2937 5650 pro
2958 5592 2987 5633 e
3007 5574 3342 5633 scribebant
3361 5574 3598 5647 sapius.
3622 5574 3814 5631 Mur.
