4068 6172
246 306 339 362 513
1660 312 1852 366 LIBEE

2030 313 2143 366 UE.
3529 332 3633 388 514

246 432 435 489 dixerit
461 431 542 488 ori
571 436 694 502 tuo,
724 437 782 489 et
824 450 939 490 non
988 436 1271 493 obedierit
1301 437 1526 493 cunctis
1575 435 1862 493 sermoni-
1892 438 1943 503 Α
1975 436 2060 491 sic
2092 436 2252 492 ibitis
2280 453 2383 509 per
2411 440 2564 497 viam
2595 448 2872 503 vestram.
2905 448 3011 513 Qui
3043 451 3316 511 dixerunt
3349 458 3418 513 ad
3470 474 3625 513 eam.

246 524 340 579 bus
367 522 477 578 tuis
507 522 693 595 [ναις.
725 529 864 580 tacet
895 522 1035 589 tuis]
1082 542 1231 597 quos
1264 527 1608 599 praeceperis
1638 527 1713 595 ei,
1748 541 1869 581 mo-
1981 526 2205 617 Innoxii
2236 527 2457 584 erimus
2480 532 2863 601 ajuramento
2894 537 3025 609 hoc,
3049 558 3164 611 quo
3187 545 3475 615 adjurasti
3500 563 3629 617 nos,

246 611 425 667 riatur.
456 612 539 667 Tu
571 617 798 668 tantum
832 615 1160 671 confortare
1187 621 1245 671 et
1276 617 1521 671 viriliter
1550 632 1674 689 age.
1978 614 2029 669 si
2061 615 2528 686 ingredientibus
2561 623 2728 678 nobis
2748 628 3236 701 terram,signum
3261 611 3444 691 fuerit
3473 611 3628 690 funi;

299 695 373 760 [Β.
407 700 498 766 ΙΙΙ,
531 704 593 757 C.
626 703 700 768 ll,
763 705 897 773 Cap.
944 699 1037 766 11.]
1098 704 1257 759 Misit
1303 721 1438 776 ergo
1482 705 1660 761 Josue
1711 703 1868 759 ﬁlius
1979 703 2147 760 culus
2178 707 2286 761 iste
2318 708 2645 777 coccineus,
2679 718 2735 767 et
2766 695 3037 786 ligaveris
3058 695 3221 776 r'eum
3258 722 3316 777 in
3350 724 3627 793 fenestra,

244 787 353 842 Nun
382 789 449 843 de
474 789 677 845 Settim
707 790 856 846 duos
889 791 1042 847 viros
1073 791 1472 863 exploratores
1503 794 1864 861 abscondite,
1979 809 2081 863 per
2111 811 2287 864 quam
2324 812 2428 852 nos
2460 798 2749 855 demisisti
2778 818 2790 857 :
2820 808 3045 874 patrem
3074 813 3238 866 tuum
3272 828 3337 866 ac
3360 787 3629 871 matrem;

235 890 281 933 et
305 877 438 931 dixit
464 877 585 933 eis:
619 878 721 944 Ite,
782 887 840 935 et
873 882 1241 938 considerate
1275 888 1509 951 terram,
1540 885 1867 954 urbemque
1976 881 2304 954 fratresque
2334 890 2391 939 et
2422 902 2653 943 omnem
2674 894 3083 962 cognationem
3102 904 3286 969 tuam,
3307 918 3626 974 congrega-

239 966 464 1021 Jericbo.
498 967 606 1031 Qui
640 974 952 1040 pergentes
982 971 1228 1042 ingressi
1275 981 1413 1027 sunt
1462 975 1701 1027 domum
1734 989 1865 1027 mu-
1976 970 2127 1026 veris
2174 971 2232 1026 in
2289 973 2527 1029 domum
2578 981 2762 1033 tuam.
2824 982 2929 1046 Qui
2983 986 3198 1041 ostium
3248 990 3459 1046 domus
3512 999 3628 1048 tum

234 1052 371 1108 lieris
426 1055 769 1122 meretricis,
832 1056 1067 1112 nomine
1124 1058 1349 1123 Rabab,
1408 1064 1462 1113 et
1515 1059 1868 1130 quieverunt
1975 1075 2248 1130 egressus
2282 1062 2739 1137 tuerit,sanguis
2770 1068 2959 1140 ipsius
2989 1074 3172 1129 eritin
3208 1084 3383 1148 caput
3413 1081 3629 1151 ejus,et

239 1142 371 1213 apud
410 1158 555 1197 eam.
592 1142 1057 1218 Nuntiatumque
1089 1150 1179 1202 est
1210 1147 1329 1219 regi
1380 1148 1630 1215 Jericho,
1664 1153 1722 1203 et
1772 1149 1863 1202 di-
1978 1164 2084 1204 nos
2114 1149 2335 1206 erimus
2368 1153 2384 1185 ¹
2416 1152 2660 1211 innoxii.
2695 1156 3055 1216 Cunctorum
3115 1170 3309 1221 autem
3355 1172 3623 1241 sanguis,

233 1235 370 1286 ctum
402 1230 583 1287 :Ecce
633 1232 740 1287 viri
792 1232 1043 1305 ingressi
1076 1238 1215 1291 sunt
1247 1235 1359 1291 huc
1390 1252 1492 1308 per
1522 1241 1749 1293 noctem
1794 1237 1865 1293 de
1977 1237 2077 1309 qui
2123 1243 2313 1294 tecum
2368 1240 2426 1295 in
2478 1243 2654 1298 domo
2700 1245 2942 1313 fuerint,
2975 1252 3328 1310 redundabit
3358 1256 3414 1310 in
3449 1230 3629 1329 caput

237 1319 353 1375 ﬁliis
382 1320 582 1391 Israel,
610 1326 672 1376 ut
691 1322 1063 1393 explorarent
1085 1328 1321 1380 terram.
1351 1325 1631 1397 Misitque
1652 1342 1749 1381 rex
1767 1329 1863 1381 Je-
1973 1330 2259 1397 nostrum,
2285 1327 2335 1383 si
2365 1345 2464 1385 eos
2497 1329 2713 1401 aliquis
2743 1336 3184 1407 tetigerit.Quod
3211 1342 3259 1396 ei
3285 1360 3387 1395 nos
3413 1319 3623 1415 prode-

236 1407 375 1465 ricbo
405 1410 474 1466 ad
509 1410 730 1480 Bahab,
764 1412 966 1469 dicens
996 1429 1009 1469 :
1053 1414 1209 1469 Educ
1241 1415 1416 1483 viros,
1450 1415 1548 1487 qui
1580 1417 1864 1471 venerunt
1972 1430 2032 1470 re
2063 1415 2335 1484 volueris,
2367 1422 2425 1473 et
2467 1436 2800 1478 sermonem
2850 1425 3029 1482 istum
3080 1431 3338 1499 proferre
3387 1451 3446 1489 in
3503 1451 3625 1491 ωο-

230 1497 292 1552 ad
318 1503 388 1567 te,
418 1503 475 1554 et
501 1497 758 1571 ingressi
788 1504 929 1556 sunt
954 1501 1196 1559 domum
1228 1507 1391 1559 tuam
1418 1520 1431 1570 ;
1464 1504 1862 1576 exploratores
1972 1504 2160 1575 dium,
2192 1506 2413 1562 erimus
2445 1510 2649 1564 mundi
2683 1512 2754 1566 ab
2786 1512 2893 1569 hoc
2918 1497 3282 1586 juramento,
3317 1539 3430 1593 quo
3456 1525 3621 1594 adju-

239 1588 436 1659 quippe
464 1593 628 1658 sunt,
652 1594 710 1644 et
753 1605 987 1646 omnem
1019 1597 1233 1647 terram
1260 1590 1341 1657 [b.
1374 1593 1673 1664 explorare
1702 1592 1861 1648 enim
1970 1594 2118 1648 rasti
2148 1611 2272 1650 nos.
2307 1596 2372 1651 Et
2402 1596 2505 1653 illa
2533 1602 2837 1670 respondit
2871 1619 2885 1657 :
2942 1605 3105 1661 Sicut
3140 1607 3313 1664 locuti
3332 1588 3504 1680 vestis,
3528 1588 3621 1670 ita

226 1680 485 1731 venerunt
530 1693 769 1733 omnem
831 1679 1072 1744 terram]
1129 1682 1504 1737 considerare
1551 1685 1856 1737 venerunt.
1969 1681 2091 1737 ﬂat.
2118 1682 2546 1756 Dimittensque
2574 1703 2674 1743 eos
2704 1694 2767 1744 ut
2791 1700 3118 1763 pergerent,
3151 1701 3431 1768 appendit
3464 1702 3619 1757 funi-

227 1764 553 1836 Tollensque
587 1766 800 1821 mulier
827 1767 1002 1837 viros,
1028 1770 1359 1836 abscondit,
1385 1776 1441 1826 et
1470 1770 1553 1825 ait
1586 1787 1598 1825 :
1633 1775 1858 1838 Fateor,
1890 1810 1936 1874 Β
1968 1770 2166 1825 culum
2200 1772 2532 1874 coccineum
2568 1775 2625 1829 in
2659 1778 2933 1836 fenestra.
2968 1782 3053 1836 ΙΙΙὶ
3086 1764 3618 1847 vero—ambulantes

231 1860 487 1909 venerunt
509 1855 587 1909 ad
612 1871 724 1922 me,
749 1857 851 1911 sed
882 1859 1215 1913 nesciebam
1248 1860 1402 1913 unde
1431 1864 1628 1914 essent
1654 1876 1667 1925 ;
1700 1875 1863 1936 cum_
1894 1855 1936 1874 υ
1973 1865 2358 1927 pervenerunt
2374 1861 2442 1914 ad
2470 1869 2766 1931 montana,
2790 1871 2847 1920 et
2870 1878 3211 1927 manserunt
3232 1875 3309 1929 ibi
3333 1881 3451 1932 tres
3469 1878 3616 1947 dies,

232 1956 329 2014 que
368 1947 532 2014 porta
585 1944 954 2001 clauderetur
1005 1946 1063 2000 in
1116 1947 1398 2014 tenebris,
1429 1952 1487 2002 et
1527 1947 1611 2003 illi
1644 1949 1863 2020 parile,
1970 1946 2154 2001 donec
2186 1953 2611 2005 reverterentur
2657 1954 2759 2023 qui
2809 1955 3037 2012 fuerant
3072 1965 3359 2031 persecuti
3395 1981 3407 2019 :
3458 1944 3616 2035 quae;

235 2032 496 2101 exierunt,
531 2033 732 2088 nescio
762 2050 877 2106 quo
908 2035 1180 2101 abierint,
1212 2038 1630 2108 persequimini
1665 2039 1863 2108 cito,et
1970 2040 2163 2089 rentes
2192 2036 2349 2090 enim
2382 2052 2485 2107 ρθι·
2510 2039 2688 2110 [Vulg-
2722 2041 2849 2098 αάά-
2876 2048 3132 2112 omnem]
3165 2052 3337 2119 Viam,
3373 2070 3489 2109 non
3522 2072 3615 2111 re-

230 2121 716 2192 comprehendetis
746 2139 864 2180 eos.
895 2125 1017 2194 ipsa
1051 2129 1245 2180 autem
1279 2125 1413 2181 fecit
1444 2128 1755 2182 ascendere
1777 2128 1859 2182 vi-
1969 2131 2246 2195 pererunt
2271 2141 2391 2181 eos.
2421 2128 2635 2198 Quibus
2664 2131 2855 2186 urbem
2884 2136 3145 2201 ingressis
3175 2138 3255 2203 [b.
3290 2158 3403 2196 non
3442 2144 3613 2200 habet

251 2226 330 2266 ros
357 2211 411 2265 in
441 2210 733 2267 solarium
791 2214 997 2269 domus
1030 2230 1150 2269 suae
1180 2214 1234 2269 ι),
1270 2231 1385 2270 non
1413 2214 1611 2284 habet,
1645 2218 1857 2273 domus
1969 2212 2120 2285 hoc],
2153 2214 2367 2270 reversi
2400 2221 2539 2270 sunt
2568 2224 2624 2272 et
2654 2218 3079 2279 descenderunt
3114 2230 3510 2299 exploratores
3540 2234 3612 2289 de

235 2298 371 2366 suae],
398 2300 755 2372 aperuitque
784 2318 884 2358 eos
914 2301 1019 2358 lini
1054 2303 1295 2375 stipula,
1327 2321 1457 2376 quae
1506 2306 1584 2360 ibi
1635 2311 1780 2362 erat.
1814 2307 1859 2377 Ιί
1971 2307 2188 2372 monte,
2220 2308 2297 2368 et,
2328 2302 2583 2361 Jordane
2615 2298 3295 2376 transmisso,venerunt
3328 2320 3399 2373 ad
3430 2321 3611 2378 Josue

180 2454 187 2457 L
238 2392 405 2442 autem
427 2388 529 2458 qui
574 2388 734 2443 missi
768 2389 1020 2455 fuerant,
1054 2391 1241 2447 secuti
1273 2398 1413 2448 sunt
1442 2410 1542 2449 eos
1572 2411 1675 2465 per
1703 2396 1857 2450 viam
1968 2390 2156 2446 ﬁlium
2189 2391 2342 2459 Ναί),
2377 2402 2879 2470 narraveruntque
2908 2401 2960 2455 ei
2992 2406 3191 2460 omnia
3223 2424 3352 2477 quae
3385 2413 3613 2469 accide-

230 2490 333 2544 ηοω
368 2477 530 2531 ducit
585 2478 655 2531 ad
706 2478 923 2534 vadum
962 2480 1239 2536 Jordanis
1272 2498 1286 2537 :
1320 2481 1553 2553 illisque
1608 2482 1859 2553 egressis
1966 2485 2099 2534 rant
2139 2480 2275 2547 sibi,
2306 2487 2481 2552 atque
2531 2484 2849 2541 dixerunt:
2898 2490 3163 2547 Tradidit
3212 2494 3497 2554 Dominus
3546 2502 3610 2559 in

232 2564 403 2620 statim
435 2570 612 2637 porta
640 2564 843 2622 clausa
869 2572 976 2624 est.
1010 2569 1271 2625 Necdum
1303 2571 1737 2628 obdormierant
1758 2576 1860 2644 qui
1968 2582 2179 2621 manus
2211 2576 2442 2624 Ποείτᾶε
2472 2587 2705 2627 omnem
2736 2581 2950 2631 terram
2973 2579 3146 2647 hanc,
3172 2589 3227 2637 et
3252 2584 3461 2641 timore
3484 2607 3611 2658 pro-

229 2649 484 2720 latabant,
509 2659 576 2710 et
602 2671 734 2733 ecce
765 2657 977 2713 mulier
1006 2659 1271 2714 ascendit
1300 2661 1369 2715 ad
1402 2660 1553 2730 illos,
1578 2667 1636 2717 et
1666 2662 1747 2717 ait
1773 2663 1855 2733 [b.
1967 2658 2132 2714 strati
2164 2664 2304 2714 sunt
2328 2663 2521 2717 cuncti
2557 2664 2914 2724 habitatores
2944 2671 3071 2739 ejus
3119 2669 3200 2733 lh.
3234 2681 3370 2731 ante
3403 2649 3608 2738 faciem

236 2740 293 2794 ad
326 2740 448 2797 illos
479 2743 545 2797 in
583 2743 863 2800 solarium
898 2751 953 2801 et
983 2747 1083 2818 ait]
1119 2765 1132 2804 :
1180 2748 1318 2803 Novi
1368 2751 1523 2819 quod
1572 2750 1857 2808 Dominus
1964 2753 2270 2820 nostram].

230 2829 507 2886 tradiderit
540 2832 711 2888 vobis
738 2838 952 2889 terram
980 2853 992 2891 :
1025 2836 1239 2891 etenim
1269 2837 1440 2892 irruit
1462 2839 1520 2892 in
1543 2855 1649 2894 nos
1670 2844 1860 2896 terror
2035 2834 2119 2901 [Τ.
2155 2839 2226 2903 ΙΙ,
2260 2844 2394 2909 (ἰαρ-
2428 2838 2552 2901 ΙῙΙο]
2583 2840 2765 2912 Igitur
2816 2844 2992 2901 Josue
3041 2848 3109 2902 de
3160 2856 3327 2907 nocte
3374 2871 3615 2913 consur-

229 2923 412 2987 vester,
442 2929 496 2976 et
522 2919 923 2993 elanguerunt
953 2940 1159 2981 omnes
1190 2925 1546 2982 habitatores
1578 2934 1741 2983 terra
1772 2929 1854 2994 [b.
1963 2940 2107 2996 gens
2139 2927 2315 2981 movit
2343 2933 2557 2998 castra,
2589 2930 3071 3005 egredientesque
3102 2938 3172 2992 de
3203 2940 3611 3009 Settim,vene-

224 3023 253 3061 a
278 3008 407 3064 facie
436 3012 684 3079 vestra].
715 3012 1060 3069 Audivimus
1114 3016 1269 3087 quod
1320 3015 1624 3072 siccaverit
1658 3018 1853 3073 Domi-
1967 3018 2103 3068 runt
2136 3016 2203 3069 ad
2237 3015 2551 3071 Jordanem
2586 3017 2710 3089 ipse
2741 3025 2796 3074 et
2827 3038 3032 3079 omnes
3063 3025 3163 3080 filii
3199 3008 3465 3099 Israel,et
3487 3050 3608 3091 mo-

223 3112 318 3152 nus
360 3115 555 3170 aquas
610 3100 791 3156 maris
843 3103 1022 3157 Rubri
1083 3104 1154 3158 ad
1213 3109 1468 3161 vestrum
1519 3106 1850 3179 introitum,
1963 3102 2073 3156 rati
2096 3107 2236 3157 sunt
2269 3102 2347 3158 ibi
2377 3107 2497 3159 tres
2528 3105 2671 3161 dies.
2705 3108 2927 3171 Quibus
2971 3113 3214 3170 evolutis
3246 3122 3609 3178 transierunt

224 3189 429 3256 quando
459 3191 690 3261 egressi
722 3189 865 3246 estis
912 3208 981 3246 ex
1026 3192 1291 3265 IEgypto,
1324 3199 1380 3249 et
1421 3211 1546 3266 quae
1596 3196 1830 3253 feceritii

2001 3207 2253 3247 PtBOOIlBS
2306 3209 2407 3263 per
2454 3198 2779 3251 castrorum
2813 3200 3095 3269 medium,
3127 3208 3183 3259 et
3215 3205 3468 3265 clamare
3494 3228 3606 3267 cos-

225 3274 426 3334 duobus
453 3278 934 3337 Amorrhreorum
958 3282 1218 3353 regibus,
1244 3283 1343 3354 qui
1367 3289 1532 3339 erant
1552 3288 1715 3341 trans
1734 3288 1855 3343 Jor-
1958 3286 2172 3351 perunt
2205 3298 2216 3335 ε
2252 3281 2494 3344 Quando
2525 3284 2785 3342 videritis
2842 3304 3037 3344 arcam
3091 3292 3322 3351 hederis
3376 3301 3607 3356 Domini

226 3362 432 3435 danem,
458 3371 615 3423 scan
647 3373 705 3423 et
732 3371 836 3440 08',
869 3386 1017 3440 quos
1048 3372 1443 3428 interfecistis,
1481 3375 1548 3428 Et,
1598 3375 1718 3430 haec
1748 3393 1851 3431 au-
1959 3369 2057 3423 Dei
2080 3372 2277 3437 vestri,
2300 3376 2356 3425 et
2386 3373 2718 3429 sacerdotes
2763 3376 2964 3448 stirpis
3017 3382 3273 3437 Leviticae
3304 3393 3608 3455 portantes

224 3452 418 3512 dientes
444 3457 872 3525 pertimuimus,
893 3463 947 3513 et
975 3456 1055 3521 [b.
1092 3477 1207 3515 non
1238 3461 1433 3534 habet]
1462 3462 1726 3535 elanguit
1756 3481 1853 3521 cor
1956 3473 2106 3525 eam.
2138 3475 2244 3514 V08
2286 3476 2521 3532 quoque
2570 3466 2905 3535 consurgite
2935 3467 3015 3532 [b.
3050 3471 3119 3525 de
3168 3452 3324 3528 locis
3352 3478 3604 3548 vestris],

226 3548 487 3616 nostrum,
519 3563 632 3602 nec
664 3548 948 3603 remansit
979 3548 1037 3603 in
1066 3550 1236 3605 nobis
1267 3551 1512 3622 spiritus
1540 3554 1607 3607 ad
1642 3554 1852 3610 iutroi—
1956 3554 2007 3600 et
2031 3548 2344 3617 sequimini
2370 3550 2761 3620 praecedentes
2787 3569 2799 3606 2
2830 3555 3018 3624 sitque
3041 3557 3191 3613 inter
3213 3578 3310 3617 VOS
3332 3568 3385 3617 et
3408 3582 3605 3623 arcam

228 3634 327 3686 tum
354 3642 642 3691 νθειι-ῃω,
676 3636 961 3692 Dominus
993 3638 1147 3693 enim
1184 3639 1334 3693 Deus
1367 3645 1572 3707 vester,
1608 3643 1733 3713 ipse
1763 3649 1851 3700 est,
1956 3636 2214 3706 spatium
2242 3636 2575 3693 cubitorum
2608 3640 2791 3695 duum
2812 3642 3171 3711 millium,ut
3192 3652 3390 3719 procul
3415 3656 3609 3711 videre

219 3718 350 3777 Deus
373 3723 430 3778 in
464 3723 614 3779 caelo
646 3740 908 3793 sursum,
933 3730 990 3780 et
1026 3726 1086 3781 in
1119 3732 1272 3783 terra
1304 3729 1601 3787 deorsum.
1637 3730 1713 3794 lC.
1752 3732 1843 3786 1H.
1956 3723 2220 3795 ροεθίῐίει
2266 3729 2321 3780 et
2369 3742 2541 3781 110836
2594 3742 2695 3797 P9P
2744 3745 2917 3797 quam
2962 3734 3115 3788 Viam
3166 3737 3604 3811 ingrediamini,

222 3806 359 3865 Nunc
385 3828 523 3885 ergo
549 3813 753 3883 jurate
785 3813 927 3869 mihi
962 3831 1062 3886 per
1094 3816 1427 3889 Dominum,
1462 3823 1523 3873 ut
1555 3822 1847 3891 quomodo
1956 3813 2093 3883 (Ιυίθ
2144 3814 2306 3884 Pri“S
2369 3832 2484 3869 non
2537 3816 2886 3874 θωδυίείείίε
2931 3838 3034 3891 Per
3079 3839 3206 3879 eam
3255 3843 3267 3882 ε
3327 3833 3385 3882 et
3441 3846 3607 3886 οθνθ-

224 3912 304 3965 ego
331 3900 430 3955 feci
462 3901 772 3957 vobiscum
810 3904 1391 3973 misericordiam,ita
1421 3912 1477 3961 et
1501 3924 1601 3962 vos
1623 3909 1849 3966 faciatis
1953 3905 2009 3957 te
2067 3919 2139 3957 ne
2196 3903 2680 3974 appropinquelis
2741 3907 2811 3961 ad
2872 3925 3065 3965 arcam
3109 3908 3192 3978 lh.
3242 3916 3420 3971 duum
3472 3919 3605 3972 mil-

228 4001 335 4043 cum
360 3991 533 4047 domo
564 3992 755 4063 patris
788 3992 900 4048 mei
936 4011 948 4049 :
979 3993 1247 4065 detisque
1295 3995 1439 4050 mihi
1485 3996 1720 4069 signum
1751 4016 1847 4055 ve-
1952 3988 2098 4045 lium
2130 3992 2202 4046 ad
2237 4008 2595 4057 mensuram:
2617 4000 2674 4048 θῐ
2694 4001 2891 4052 cavete
2921 4015 2994 4053 Πθ
3025 4004 3510 4075 ηρρτορίηςυθίίε
3530 4009 3603 4064 ad

224 4089 351 4147 rum,
372 4083 436 4133 ut
482 4078 729 4135 salvetis
763 4079 843 4149 [b.
877 4086 933 4136 et
964 4082 1283 4153 viviﬁcetis,
1315 4090 1447 4153 etc.,
1475 4091 1533 4141 et
1579 4091 1668 4142 est
1711 4103 1849 4143 sen-
1953 4096 2169 4148 arcam,
2206 4087 2269 4137 ιη
2314 4084 2681 4153 οοεηοεοθίίε
2729 4086 2879 4141 Viam
2932 4106 3033 4160 P3P
3080 4108 3255 4162 quam
3312 4096 3602 4167 ingredia-

223 4179 324 4232 sus,
355 4167 620 4241 Recipite
670 4184 770 4224 eos
821 4169 880 4224 in
930 4172 1151 4226 cultum
1198 4172 1329 4228 fidei
1363 4173 1589 4237 vestrae]
1625 4181 1846 4248 patrem
1953 4169 2121 4237 mini,
2173 4170 2311 4240 quia
2357 4187 2471 4225 Ποῦ
2521 4172 2872 4230 ἃωῦυῙεοείίε
2916 4193 3018 4245 P6P
3067 4196 3193 4235 eam
3249 4182 3321 4236 ab
3372 4184 3495 4239 heri
3548 4191 3605 4242 et

222 4269 389 4311 meum
418 4262 476 4313 et
501 4264 756 4313 matrem
789 4274 1003 4324 meam,
1036 4259 1245 4316 fratres
1275 4278 1341 4317 ac
1374 4278 1604 4319 sorores
1664 4282 1844 4337 meas,
1951 4258 2168 4313 nudius
2219 4258 2468 4320 tertiusl-
2516 4256 2599 4321 lC.
2632 4260 2749 4325 Ινο]
2803 4266 3077 4336 Dixitque
3131 4268 3308 4325 Josue
3367 4275 3437 4327 ad
3502 4291 3604 4345 po-

221 4346 266 4394 et
288 4345 473 4401 omnia
497 4362 634 4418 qua}
658 4362 860 4403 eorum
883 4353 1105 4417 suntﬁt
1120 4350 1341 4406 eruatis
1362 4353 1590 4408 animus
1615 4360 1846 4411 nostras
1951 4346 2157 4417 pulum
2194 4363 2208 4402 ἒ
2239 4348 2720 4417 Sanctificamini,
2756 4368 2884 4408 cras
2915 4355 3070 4410 enim
3104 4359 3275 4414 faciet
3319 4361 3603 4420 Dominus

221 4428 275 4483 de
301 4438 496 4490 ωοιιιο,
531 4434 643 4498 Qui
675 4438 1111 4507 responderunt
1140 4442 1198 4493 ει
1231 4455 1245 4494 ε
1296 4439 1508 4495 Anima
1539 4451 1735 4497 nostra
1769 4443 1847 4498 ait
1950 4436 2103 4490 inter
2131 4452 2229 4490 vos
2260 4436 2571 4492 mirabilia.
2607 4439 2675 4493 Et
2715 4440 2797 4495 ait
2842 4444 2911 4496 ad
2960 4446 3292 4503 sacerdotes
3327 4466 3338 4504 :
3398 4453 3606 4509 Tollite

221 4532 304 4585 pro
331 4524 487 4578 vobis
518 4524 582 4579 in
618 4529 885 4596 mortem,
910 4526 959 4580 si
983 4530 1176 4582 tamen
1210 4543 1323 4583 non
1350 4529 1679 4599 prodideris
1712 4548 1827 4587 nos.

1998 4540 2143 4578 ream
2200 4526 2451 4591 fcederis,
2485 4534 2537 4582 et
2588 4530 2896 4598 praecedite
2945 4535 3254 4605 populum.
3286 4540 3389 4604 Qui
3432 4542 3604 4611 jussa

216 4605 452 4681 Cumque
474 4612 793 4669 tradiderit
814 4614 982 4669 nobis
1006 4615 1287 4671 Dominus
1309 4618 1843 4684 terramfaciemus
1873 4605 1919 4632 υ
1953 4613 2335 4684 complentes,
2367 4614 2628 4671 tulerunt
2658 4622 2715 4672 et
2743 4620 3193 4680 ambulaverunt
3226 4634 3359 4682 ante
3388 4605 3600 4696 eos.[B.

213 4692 259 4747 in
286 4700 335 4751 te
364 4700 831 4757 misericordiam
862 4707 919 4757 et
947 4704 1266 4759 veritatem.
1298 4705 1538 4759 Demisit
1568 4722 1706 4778 ergo
1738 4724 1837 4763 eos
1952 4701 2044 4771 IV,
2079 4701 2139 4756 Ο.
2166 4699 2257 4765 νι]
2290 4703 2559 4775 Dixitque
2583 4707 2871 4763 Dominus
2903 4710 2970 4764 ad
3003 4711 3181 4768 Josue
3216 4732 3228 4770 :
3280 4717 3459 4773 Hodie
3509 4692 3603 4775 in-

216 4798 300 4851 pex-
325 4786 520 4843 {unem
553 4789 625 4844 de
658 4790 914 4845 [θηεειι-ει
946 4807 959 4845 ;
995 4792 1207 4848 domus
1237 4793 1393 4848 enim
1427 4795 1554 4865 ejus
1585 4794 1842 4852 hmrebat
1952 4791 2161 4861 cipiam
2209 4792 2462 4847 exaltare
2492 4801 2546 4848 te
2578 4811 2768 4850 coram
2802 4799 2958 4852 omni
2992 4800 3170 4857 Israel
3206 4820 3219 4857 :
3276 4810 3337 4859 ut
3389 4807 3599 4879 sciant,

216 4886 379 4932 muro.
407 4876 682 4949 Dixitque
711 4879 783 4933 ad
816 4895 914 4935 eos
945 4896 959 4935 :
1000 4881 1075 4935 Ad
1138 4886 1416 4937 montana
1446 4884 1838 4952 conscendite,
1950 4880 2105 4949 quod
2137 4879 2291 4935 sicut
2316 4897 2450 4935 cum
2485 4882 2642 4938 Mose
2677 4883 2778 4950 fui,
2810 4885 2890 4941 ita
2918 4893 2975 4943 et
3005 4892 3193 4947 tecum
3226 4893 3360 4951 sim.
3385 4898 3467 4951 Tu
3501 4876 3604 4953 au-

214 4972 271 5014 ne
297 4961 436 5019 forte
465 4971 781 5022 occurrant
804 4968 969 5025 vobis
991 4974 1346 5026 revertentes
1376 4970 1456 5039 [b.
1487 4988 1840 5044 persequen-
1948 4972 2065 5023 tem
2101 4969 2347 5040 principe
2376 4972 2908 5044 sacerdotibus,qui
2940 4983 3181 5047 portant.
3202 4999 3396 5039 arcam
3431 4986 3602 5041 foede-

216 5046 337 5113 tes]:
370 5053 568 5126 ibique
590 5054 765 5111 latete
797 5058 991 5113 tribus
1023 5059 1253 5130 diebus,
1286 5060 1469 5115 donec
1499 5061 1762 5132 redeant,
1783 5066 1840 5117 et
1950 5058 2046 5125 ris,
2081 5062 2138 5112 et
2167 5058 2260 5112 dic
2290 5058 2396 5113 eis.
2429 5058 2572 5114 Cum
2627 5061 2876 5133 ingressi
2922 5046 3148 5123 fueritis
3184 5077 3403 5141 partem
3434 5089 3598 5143 aqua:

272 5210 390 5289 {Ita
414 5212 584 5267 solus
606 5217 801 5301 Canqn
822 5216 999 5301 Hebr.
1023 5218 1189 5271 verit.
1207 5218 1379 5288 juxta
1398 5219 1453 5300 id
1479 5220 1632 5301 quod
1657 5236 1838 5301 supra
1947 5216 2369 5301 vis‘nu‘merica‘a
2390 5217 2811 5301 versiculorum
2836 5229 2985 5280 notaa
3010 5228 3252 5301 minime
3274 5237 3598 5300 appareant

215 5278 468 5373 feriptum
500 5289 593 5338 est
618 5301 670 5339 v.
704 5286 790 5341 47.
819 5286 1091 5367 Αιίίρυη]
1128 5278 1532 5373 τρεῖιωεοιιὶρῐῖ,
1558 5299 1683 5345 tum
1719 5278 1839 5373 edi-
1947 5289 2018 5373 in.
2039 5292 2195 5373 textu
2231 5294 2436 5373 nostro
2466 5297 2701 5373 prepter
2723 5299 3015 5373 rationem
3059 5300 3139 5373 in;
3162 5278 3594 5373 Prolergromenis

213 5346 244 5399 ti
270 5346 388 5406 libri
422 5352 648 5425 legunt,
673 5367 723 5412 et
744 5374 843 5431 nos
871 5359 1079 5414 erimus
1100 5361 1278 5415 alieni
1310 5378 1323 5415 :
1356 5346 1605 5431 quorum
1645 5363 1837 5418 verbo-
1944 5358 2203 5415 allatam.
2241 5346 2482 5416 Videsis‘
2503 5346 2627 5431 quia
2658 5363 2732 5419 ibi
2768 5346 3279 5424 dic'iint—u—r:

212 5433 559 5510 rum'sensus
586 5444 696 5510 non
727 5429 955 5510 videtur
984 5429 1466 5510 satis‘expeditus
1512 5435 1581 5488 ad
1617 5434 1831 5489 intelli-
1943 5460 2082 5510 ’,ι-ἠ
2132 5430 2283 5510 ΔΟιιῐῐι
2335 5429 2611 5510 Urbiniite
2645 5452 2769 5510 me.
2804 5438 3068 5510 plerique
3117 5440 3213 5494 alii
3264 5458 3397 5496 cum
3447 5444 3588 5500 editi

212 5495 442 5583 gentiam
463 5495 1322 5583 popularem.Advertatlector
1340 5520 1615 5583 versuum
1635 5522 1835 5583 nume-
1942 5501 2099 5583 libri,
2127 5506 2249 5557 tum
2286 5520 2453 5583 mss.,
2476 5505 2655 5583 alieni
2683 5495 2885 5578 legunt
2920 5495 3019 5583 pro
3050 5495 3293 5567 innoxii.
3318 5514 3589 5583 Palatin.,

212 5577 288 5618 ros
306 5565 631 5652 hicat—alibi
653 5571 709 5625 in
723 5572 1205 5652 adnotationibus
1222 5576 1439 5652 nostris
1457 5592 1584 5652 esse
1599 5577 1831 5649 citatos,
1940 5572 2042 5629 illa
2071 5565 2365 5648 expuncta
2395 5565 2708 5645 voce,hanc
2731 5565 3037 5652 posteriori
3062 5599 3239 5640 manu
3263 5565 3588 5646 substituit:

211 5641 361 5702 prout
387 5637 562 5696 divisi
600 5642 968 5715 reperiuntur
998 5646 1059 5703 in
1083 5646 1334 5719 Vulgata
1366 5647 1584 5717 Latina,
1618 5637 1829 5720 quam:
