4068 6172
430 302 540 357 515

1485 305 1544 358 8.
1584 301 1991 357 HIERONYMI
2030 302 2285 357 DIVINA
2319 301 2815 359 BIBLIOTHECA.

3733 304 3849 361 516

429 427 720 495 Jordanis,
769 429 916 484 state
973 426 1032 482 in
1092 443 1178 482 ea.
1230 425 1499 498 Dixitque
1555 425 1732 481 Josue
1775 425 1859 485 ,ad
1921 423 2071 480 ﬁlios
2101 428 2153 494 Α
2184 424 2478 482 eos.Alios
2509 442 2743 497 quoque
2774 425 3083 481 duodecim
3114 424 3343 498 lapides
3369 426 3761 499 posuitJosue
3785 429 3850 483 in

432 516 607 573 Israel
641 517 653 571 Ι
686 517 953 573 Accedite
983 517 1119 585 huc,
1152 522 1209 572 et
1236 516 1433 571 audite
1479 516 1656 571 verba
1708 513 1940 570 Domini
1971 514 2073 568 Dei

428 606 625 662 vestri.
651 607 718 661 Et
748 622 1021 661 rursum:
1063 606 1127 660 In
1158 605 1287 675 hoc,
1312 604 1529 675 inquit,
1547 604 1748 659 scietis
1780 604 1931 675 quod
1966 603 2073 674 [b.]

429 695 585 751 Deus
634 696 829 751 vivens
881 696 939 750 in
995 695 1187 751 medio
1236 694 1410 751 vestri
1461 698 1569 762 est,
1602 698 1659 749 et
1688 693 1987 764 disperdet
2013 692 2074 747 in

431 794 743 857 conspectu
797 793 987 842 vestro
1035 786 1449 853 Cbananeeum,
1506 790 1564 840 et
1617 785 1968 852 Hetthaeum,
2018 788 2076 837 et

428 877 684 944 Evaeum,
743 880 800 931 et
850 877 1240 943 Pberezaeum,
1298 875 1661 945 Gergesmum
1733 886 1963 944 quoque
2018 876 2076 926 et

429 967 851 1033 Amorrbeeum,
874 970 933 1020 et
959 965 1315 1020 Jebusaeum.
1340 964 1501 1031 Ecce,
1527 979 1663 1018 arca
1691 961 1924 1017 fcederis
1950 959 2071 1015 Do-

429 1054 576 1109 mini
608 1054 801 1110 omnis
831 1059 996 1109 terra:
1029 1054 1330 1108 antecedet
1353 1069 1451 1107 vos
1473 1067 1576 1122 per
1594 1051 1932 1107 Jordanem.
1965 1054 2072 1104 Pa-

424 1150 546 1200 rate
569 1144 875 1199 duodecim
901 1144 1052 1197 viros
1075 1144 1145 1197 de
1165 1141 1435 1197 tribubus
1464 1140 1662 1208 Israel,
1686 1139 1950 1211 singulos
1973 1154 2075 1209 per

424 1233 693 1305 singulas
719 1232 927 1287 tribus.
965 1232 1045 1297 [C.
1078 1231 1198 1300 VI.]
1228 1231 1298 1284 Et
1328 1246 1461 1284 cum
1496 1228 1798 1300 posuerint
1827 1226 2075 1299 vestigia

430 1323 642 1393 pedum
694 1337 961 1390 suorum,
985 1321 1313 1375 sacerdotes
1347 1318 1445 1390 qui
1478 1322 1711 1389 portant
1740 1333 1934 1373 arcam
1967 1316 2072 1390 [b.]

424 1410 658 1466 fmderis
682 1411 701 1444 ²
727 1410 958 1464 Domini
993 1409 1090 1463 Dei
1126 1408 1408 1464 universae
1439 1412 1625 1476 terrae,
1649 1408 1707 1461 in
1739 1407 1908 1477 aquis
1938 1407 2073 1461 Jor-

425 1500 616 1569 danis,
643 1516 808 1571 aquae
854 1516 979 1569 qua:
1023 1497 1326 1552 inferiores
1366 1502 1524 1563 sunt,
1559 1497 1870 1550 decurrent
1896 1501 2072 1566 atque

424 1590 731 1646 deﬁcient:
765 1604 891 1659 qua:
917 1592 1113 1642 autem
1146 1587 1395 1657 desuper
1416 1587 1676 1652 veniunt,
1700 1584 1760 1639 in
1786 1601 1899 1639 una
1923 1583 2073 1640 mole

427 1680 771 1735 consistent.
807 1675 891 1740 [Β.
925 1675 1017 1747 V.)
1048 1676 1234 1747 Igitur
1280 1691 1551 1745 egressus
1582 1680 1672 1729 est
1705 1673 1954 1745 populus
2000 1673 2072 1727 de

423 1764 816 1822 tabernaculis
873 1764 998 1819 suis
1055 1764 1229 1833 [Vulg.
1271 1767 1377 1817 tac.
1426 1763 1593 1830 suis],
1627 1766 1691 1816 ut
1751 1761 2073 1867 transirent
2102 1802 2148 1867 Β

422 1856 735 1912 Jordanem
765 1871 777 1908 :
813 1858 870 1908 et
898 1853 1254 1918 sacerdotes,
1277 1852 1372 1922 qui
1409 1851 1717 1921 portabant
1745 1867 1940 1905 arcam
1974 1850 2073 1903 fce-

421 1944 597 2009 deris,
622 1944 941 2014 pergebant
970 1946 1104 1997 ante
1133 1958 1288 1996 eum.
1316 1940 1719 2010 Ingressisque
1749 1939 1833 1995 eis
1864 1939 2071 1994 Jorda-

420 2040 639 2101 nem,et
661 2031 910 2103 pedibus
932 2047 1131 2086 eorum
1161 2030 1361 2085 tinctis
1382 2028 1442 2083 in
1468 2033 1629 2101 parte
1656 2044 1816 2099 aqua;
1841 2028 2069 2098 (Jorda-

419 2122 511 2177 nis
542 2127 741 2177 autem
773 2122 931 2191 ripas
963 2120 1106 2174 alvei
1135 2118 1226 2173 sui
1259 2123 1518 2189 tempore
1550 2117 1760 2173 messis
1792 2115 2068 2187 impleve-

416 2212 547 2273 rat),
585 2213 879 2264 steterunt
908 2224 1074 2278 aqua;
1104 2207 1525 2262 descendentes
1574 2205 1633 2260 in
1684 2222 1801 2261 uno
1830 2204 1979 2271 loco,
2009 2207 2071 2259 et

415 2302 487 2354 ad
524 2302 708 2353 instar
738 2298 954 2353 montis
977 2299 1433 2352 intumescentes
1456 2296 1815 2368 apparebant
1836 2292 2062 2366 procul,

418 2389 491 2442 ab
524 2390 664 2442 urbe
696 2404 823 2457 quae
856 2392 1091 2440 vocatur
1126 2376 1299 2441 AdOm
1351 2401 1536 2456 usque
1580 2386 1651 2440 ad
1704 2384 1898 2440 locum
1928 2388 2066 2438 Sar-

414 2476 557 2530 than
586 2493 598 2529 :
627 2492 753 2546 quas
785 2480 983 2530 autem
1016 2475 1321 2530 inferiores
1352 2478 1539 2539 erant,
1571 2473 1632 2528 in
1665 2490 1825 2529 mare
1854 2472 2065 2528 Solitu-

413 2565 569 2620 dinis
598 2565 773 2635 (quod
807 2580 963 2618 nunc
993 2570 1232 2619 vocatur
1257 2563 2063 2632 Mortuum),descenderunt,

412 2671 722 2726 usquequo
752 2654 991 2708 omnino
1023 2654 1359 2708 deﬁcerent.
1392 2653 1647 2724 Populus
1678 2658 1875 2708 autem
1906 2654 2062 2708 ince-

414 2743 590 2798 debat
621 2747 825 2797 contra
851 2741 1124 2797 Jericho:
1157 2746 1214 2797 et
1244 2741 1596 2809 sacerdotes,
1623 2742 1722 2812 qui
1753 2742 2065 2812 portabant

413 2848 607 2886 arcam
644 2830 870 2886 foederis
903 2830 1157 2895 Domini,
1190 2830 1427 2885 stabant
1478 2847 1655 2901 super
1701 2831 1914 2885 siccam
1950 2830 2061 2884 hu-

416 2936 580 2975 mum
604 2921 662 2975 in
688 2920 879 2975 medio
900 2918 1175 2975 Jordanis
1195 2918 1463 2985 accincti,
1479 2920 1786 2989 omnisque
1808 2918 2061 2991 populus

411 3027 514 3081 per
543 3016 804 3065 arentem
837 3007 1065 3064 alveum
1103 3008 1410 3063 transibat.

481 3099 566 3167 [Β.
601 3098 689 3165 VI,
733 3097 794 3152 Ο.
838 3098 962 3166 VII,
1017 3097 1145 3167 Cap.
1198 3098 1317 3163 IV.J
1374 3097 1596 3162 Quibus
1652 3100 2055 3170 transgressis,

2183 516 2376 571 medio
2405 517 2681 571 Jordanis
2711 516 2894 585 alveo,
2918 517 3017 572 ubi
3051 520 3339 573 steterunt
3369 520 3846 589 sacerdotes.qui

2182 606 2498 675 portabant
2527 621 2724 660 arcam
2757 605 2989 661 fmderis
3016 624 3030 663 :
3062 611 3118 661 et
3141 610 3282 662 sunt
3302 607 3383 662 ibi
3409 624 3596 681 usque
3618 610 3679 664 in
3704 626 3850 681 pre~

2183 697 2409 747 sentem
2462 693 2638 748 diem.
2699 694 3043 749 Sacerdotes
3095 702 3309 762 autem,
3370 697 3470 766 qui
3528 699 3850 767 portabant

2183 796 2403 847 arcam,
2435 782 2672 837 stabant
2718 781 2775 836 in
2824 782 3095 838 Jordanis
3147 784 3366 853 medio,
3415 786 3600 841 donec
3644 786 3849 841 omnia

2181 869 2635 941 complerentur,
2664 887 2791 942 quae
2820 874 3017 940 Iosue,
3076 879 3140 928 ut
3169 873 3503 944 loqueretur
3533 876 3606 930 ad
3657 892 3851 947 pupu-

2179 957 2329 1025 lum,
2380 967 2735 1031 prasceperat
2794 961 3097 1030 Dominus,
3133 968 3189 1017 et
3236 963 3461 1018 dixerat
3508 965 3561 1018 ei
3615 963 3843 1020 Moses.

2182 1048 2621 1120 Festinavitque
2654 1050 2908 1121 populus
2938 1056 2995 1106 et
3024 1051 3565 1123 transiit.Cumque
3589 1054 3847 1109 transis-

2182 1142 2312 1191 sent
2344 1153 2570 1208 omnes,
2591 1140 2865 1195 transivit
2903 1145 2962 1196 et
3010 1156 3145 1196 arca
3193 1140 3445 1211 Domini,
3474 1143 3846 1197 sacerdotes-

2181 1241 2296 1295 que
2325 1226 2648 1297 pergebant
2676 1232 2813 1283 ante
2842 1228 3148 1300 populum.
3179 1228 3302 1284 Filii
3347 1245 3582 1301 quoque
3614 1230 3844 1302 Ruben,

2182 1318 2238 1368 et
2259 1313 2401 1381 Gad,
2426 1321 2484 1369 et
2506 1315 2751 1371 dimidia
2772 1317 2963 1373 tribus
2991 1317 3291 1388 Manasse,
3313 1317 3523 1373 armati
3549 1318 3846 1389 praecede-

2181 1402 2325 1457 bant
2353 1403 2564 1459 fratres
2594 1420 2733 1460 suos
2766 1404 2917 1461 ﬁlios
2955 1405 3152 1473 Israel,
3184 1406 3340 1461 sicut
3368 1406 3455 1461 eis
3486 1410 3846 1479 praeceperat

2184 1491 2374 1547 Moses
2416 1492 2495 1564 [b.
2531 1495 2940 1563 praecedebant
2981 1494 3136 1550 ﬁlios
3186 1495 3388 1563 Israel,
3420 1496 3573 1551 sicut
3626 1496 3846 1553 loculus

2178 1585 2261 1635 est
2289 1581 2365 1635 ad
2392 1597 2481 1636 eos
2524 1581 2709 1637 Moses.
2761 1583 3160 1656 Quadraginta
3208 1584 3393 1639 millia
3441 1591 3841 1657 pugnatorum

2178 1667 2527 1726 incedebant
2556 1687 2753 1727 coram
2785 1672 3071 1741 Domino].
3107 1672 3190 1743 [C.
3224 1673 3313 1744 X.]
3344 1677 3412 1728 Et
3440 1676 3845 1746 quadraginta

2178 1764 2567 1828 pagnatorum
2602 1759 2787 1816 millia
2800 1776 2900 1832 per
2924 1773 3148 1818 turmas
3174 1769 3231 1818 et
3250 1778 3467 1818 cuneos
3490 1763 3846 1820 incedebant

2182 1861 2285 1916 per
2316 1847 2487 1916 plana
2520 1852 2696 1919 atque
2724 1850 3080 1920 campestria
3131 1850 3293 1907 urbis
3342 1850 3595 1908 Jericbo.
3628 1856 3693 1908 In
3740 1853 3843 1909 die

2180 1932 2282 1989 illo
2306 1936 2704 2007 magniﬁcavit
2722 1938 3006 1994 Dominus
3025 1941 3201 1995 Iosue
3222 1956 3417 1995 coram
3439 1941 3601 1996 omni
3626 1938 3838 2012 Israel,

2179 2027 2246 2077 ut
2271 2023 2547 2079 timerent
2577 2041 2735 2093 eum,
2758 2026 2915 2081 sicut
2945 2026 3266 2083 timuerant
3296 2028 3522 2098 Mosen,
3544 2030 3687 2084 dum
3721 2030 3833 2085 ad-

2178 2113 2415 2168 viveret.
2449 2110 2531 2177 [C.
2564 2112 2686 2174 XL]
2719 2114 2990 2186 Dixitque
3022 2117 3092 2171 ad
3125 2132 3260 2172 eum
3297 2134 3310 2172 :
3350 2118 3611 2190 Prae-cipe
3639 2134 3840 2174 sacer-

2177 2200 2539 2272 dotibus,qui
2560 2204 2875 2274 portabant
2904 2221 3099 2260 arcam
3136 2205 3368 2261 foederis
3395 2205 3828 2270 [b.Testamen-

2175 2289 2262 2363 ti],
2314 2295 2379 2345 ut
2426 2293 2749 2347 ascendant
2792 2293 2864 2349 de
2911 2295 3184 2350 Iordane.
3233 2294 3344 2361 Qui
3396 2296 3668 2366 praecepit
3714 2295 3827 2361 eis,

2175 2379 2377 2434 dicens
2412 2395 2425 2433 :
2457 2381 2770 2436 Ascendite
2800 2381 2872 2436 de
2901 2381 3179 2438 Jordane.
3215 2384 3477 2454 Cumque
3526 2385 3831 2439 ascendis-

2172 2473 2301 2524 sent
2349 2474 2648 2539 portantes
2696 2486 2893 2526 arcam
2943 2471 3179 2527 fmderis
3206 2472 3462 2539 Domini,
3494 2477 3551 2527 et
3599 2473 3823 2529 siccam

2174 2555 2425 2612 humum
2456 2556 2681 2613 calcare
2711 2558 3043 2630 coepissent,
3077 2576 3320 2617 reversae
3370 2565 3514 2617 sunt
3559 2577 3723 2633 aqua:
3771 2562 3834 2617 in

2173 2644 2401 2702 alveum
2434 2663 2633 2713 suum,
2664 2652 2720 2703 et
2749 2648 3176 2705 ﬂuebantsicut
3196 2656 3333 2706 ante
3364 2657 3826 2707 consueverant.

2173 2734 2429 2807 Papulus
2479 2741 2669 2792 autem
2720 2739 2985 2794 ascendit
3030 2739 3101 2794 de
3144 2728 3421 2808 Jordane,
3453 2740 3684 2796 decima
3729 2741 3829 2797 die

2171 2824 2346 2896 primi
2404 2824 2649 2890 mensis,
2700 2830 2757 2881 et
2812 2828 3211 2883 castrametati
3268 2833 3411 2886 sunt
3455 2829 3517 2883 in
3565 2827 3831 2901 Galgalis

2171 2917 2373 2970 contra
2392 2913 2735 2970 orientalem
2762 2914 2994 2987 plagam
3017 2916 3183 2971 urbis
3208 2916 3470 2973 Jericho.
3495 2917 3822 2976 Duodecim

2169 3017 2404 3074 quoque
2425 3000 2824 3076 lapides,quos
2847 3005 2919 3060 de
2938 3005 3211 3062 Jordanis
3229 3006 3392 3062 alveo
3415 3013 3825 3079 sumpserant,

2168 3090 2363 3159 posuit
2389 3094 2569 3147 Joaue
2617 3091 2676 3147 in
2725 3093 3009 3165 Galgalis,
3038 3099 3095 3150 et
3124 3094 3269 3150 dixit
3300 3096 3370 3151 ad
3405 3096 3559 3152 ﬁlios
3590 3096 3772 3152 Israel
3806 3114 3820 3153 :

411 3186 556 3240 dixit
588 3186 867 3241 Dominus
884 3185 955 3240 ad
975 3184 1188 3240 Josue:
1224 3185 1379 3255 Elige
1409 3184 1718 3240 duodecim
1753 3187 1905 3242 viros
1935 3188 2059 3242 sin-
2088 3171 2131 3239 C
2170 3177 2248 3249 [C.
2284 3179 2429 3251 XII.)
2460 3180 2701 3246 Quando
2752 3181 3233 3253 interrogaverint
3287 3183 3393 3238 ﬁlii
3452 3186 3630 3241 vestri
3689 3202 3826 3242 cras

409 3273 579 3345 gulos
614 3289 714 3344 per
745 3272 1010 3342 singulas
1042 3273 1233 3327 tribus
1265 3288 1278 3326 :
1313 3277 1370 3326 et
1402 3272 1644 3342 praecipe
1700 3273 1806 3344 eis,
1833 3279 1900 3330 ut
1944 3274 2055 3331 tol-

407 3362 532 3416 lant
563 3362 633 3417 de
668 3363 856 3416 medio
886 3361 1164 3416 Jordanis
1196 3360 1376 3431 alveo,
1401 3362 1499 3416 ubi
1533 3367 1822 3419 steterunt
1859 3380 2054 3419 sacer-

405 3451 609 3505 dotum
648 3450 843 3521 pedes,
871 3450 1180 3505 duodecim
1214 3449 1563 3505 durissimos
1593 3450 1672 3523 [b.
1707 3468 1823 3507 non
1856 3452 2052 3519 habet,

403 3537 779 3608 durissimos]
811 3537 1060 3608 lapides,
1088 3554 1234 3609 quos
1269 3537 1497 3608 ponetis
1546 3538 1606 3592 in
1655 3541 1780 3594 loco
1829 3545 2054 3595 castro-

402 3642 532 3680 rum
561 3625 657 3681 ubi
685 3626 920 3682 ﬁxerilis
942 3626 1050 3682 hac
1072 3631 1237 3682 nocte
1259 3628 1527 3682 tentoria.
1553 3623 1632 3689 [C.
1665 3627 1838 3697 VIII.]
1868 3632 2051 3684 Voca-

397 3714 596 3786 vitque
625 3715 804 3770 Josue
837 3714 1143 3770 duodecim
1167 3713 1340 3782 viros,
1365 3731 1513 3786 quos
1544 3715 1799 3787 elegerat
1820 3718 1890 3772 de
1913 3716 2051 3773 ﬁliis

400 3803 602 3872 Israel,
617 3803 884 3875 singulos
902 3803 1257 3859 detribubus
1272 3803 1546 3875 singulis,
1563 3809 1617 3859 et
1631 3804 1711 3860 ait
1725 3806 1796 3860 ad
1814 3823 1943 3862 eos:
1970 3807 2051 3864 lte

396 3898 532 3947 ante
563 3908 757 3948 arcam
792 3891 1021 3947 Domini
1053 3890 1151 3947 Dei
1173 3891 1351 3946 vestri
1373 3893 1444 3946 ad
1467 3892 1740 3948 Jordanis
1766 3895 2046 3963 medium,

393 3990 448 4036 et
478 3986 704 4052 portate
740 3980 873 4035 inde
903 3978 1121 4052 singuli
1151 3979 1415 4052 singulos
1443 3980 1667 4052 lapides
1696 3983 1753 4037 in
1789 3984 2049 4041 humeris

391 4071 648 4141 vestris,j
660 4075 796 4125 uxta
818 4085 1133 4124 numerum
1158 4066 1417 4124 ﬁliorum
1441 4069 2047 4144 Israel,utsitsignum

389 4158 545 4214 inter
563 4176 683 4214 vos.
710 4162 791 4230 [C.
819 4157 941 4223 IX.]
966 4158 1032 4212 Et
1057 4158 1295 4229 quando
1313 4159 1797 4230 interrogaverint
1818 4178 1918 4217 vos
1941 4163 2046 4218 ﬁlii

388 4249 561 4302 vestri
581 4264 710 4302 cras
728 4248 1009 4301 dicentes:
1036 4246 1182 4312 Quid
1209 4246 1318 4302 sibi
1342 4246 1545 4301 volunt
1569 4247 1664 4303 isti
1688 4248 2048 4320 lapidesPre-

389 4335 756 4405 spondebitis
785 4333 915 4390 eis:
974 4336 1315 4389 Defecerunt
1369 4350 1537 4405 aquae
1584 4335 1864 4392 Jordanis
1912 4346 2046 4395 ante

388 4438 585 4479 arcam
613 4423 844 4478 foederis
873 4423 1281 4491 Domini,cum
1315 4422 1593 4479 transiret
1623 4441 1755 4481 eum
1782 4443 1795 4481 :
1828 4426 2043 4485 idcirco

2163 3273 2360 3339 patres
2390 3286 2550 3338 suos,
2583 3274 2640 3325 et
2667 3270 2920 3327 dixerint
2949 3272 3033 3328 eis
3072 3289 3084 3326 :
3119 3273 3267 3337 Quid
3320 3272 3433 3329 sibi
3485 3273 3691 3330 volunt
3720 3275 3826 3331 isti

2162 3356 2386 3429 lapides
2407 3357 2434 3413 ?
2465 3359 2750 3415 docebitis
2782 3376 2903 3427 eos,
2926 3367 3101 3433 atque
3133 3362 3345 3418 dicetis
3371 3380 3385 3420 ι
3418 3362 3527 3421 Per
3555 3370 3824 3420 arentem

2162 3445 2390 3501 alveum
2424 3448 2697 3504 transivit
2743 3449 2917 3505 Israel
2964 3450 3283 3507 Jordanem
3325 3453 3529 3518 istum,
3561 3455 3826 3509 siccante

2161 3533 2408 3591 Domino
2431 3535 2549 3592 Deo
2576 3541 2767 3592 vestro
2790 3554 2975 3609 aquas
3006 3540 3136 3609 ejus
3167 3539 3226 3595 in
3258 3546 3574 3609 conspectu
3596 3547 3823 3608 vestro,

2160 3623 2341 3679 donec
2371 3625 2703 3681 transiretis
2737 3642 2749 3680 :
2780 3627 2934 3683 sicut
2962 3628 3177 3684 fecerat
3206 3631 3371 3700 prius
3401 3630 3459 3685 in
3512 3630 3661 3689 mari
3693 3630 3813 3686 Ru-

2158 3712 2283 3781 bro,
2316 3714 2469 3785 quod
2503 3714 2742 3771 siccavit
2773 3716 2957 3772 donec
2988 3717 3372 3774 transiremus
3410 3735 3425 3775 :
3478 3724 3541 3775 ut
3588 3719 3825 3776 discant

2158 3817 2363 3858 omnes
2410 3807 2698 3858 terrarum
2752 3804 2950 3875 populi
3010 3806 3392 3862 fortissimam
3423 3807 3655 3864 Domini
3687 3823 3821 3863 ma-

2158 3907 2322 3956 num,
2355 3896 2412 3946 et
2455 3896 2517 3947 ut
2548 3908 2648 3948 vos
2696 3894 2956 3950 timeatis
2985 3894 3303 3952 Dominum
3334 3896 3519 3953 Deum
3548 3901 3817 3957 vestrum

2156 3980 2315 4034 omni
2354 3986 2638 4052 tempore.

2227 4073 2306 4136 (Β.
2340 4067 2461 4138 VII,
2493 4073 2553 4127 C.
2586 4068 2736 4138 XIII,
2764 4074 2898 4144 Cap.
2930 4072 3022 4142 V.)
3052 4077 3373 4145 Postquam
3421 4091 3558 4147 ergo
3607 4076 3816 4133 audie-

2154 4163 2294 4212 runt
2342 4175 2547 4215 omnes
2602 4176 2770 4231 reges
2803 4162 3296 4233 Amorrhaaorum,
3330 4164 3431 4235 qui
3462 4164 3819 4222 habitabant

2153 4250 2317 4303 trans
2346 4247 2662 4304 Jordanem
2695 4251 2767 4305 ad
2800 4250 3220 4308 occidentalem
3252 4252 3586 4325 plagam,et
3612 4254 3818 4310 cuncti

2154 4351 2319 4407 reges
2350 4335 2651 4408 Chanaan,
2682 4337 2786 4409 qui
2836 4340 3164 4412 propinqua
3194 4341 3577 4413 possidebant
3611 4342 3819 4415 magni

2154 4423 2335 4479 maris
2366 4423 2513 4495 loca,
2541 4427 2698 4496 quod
2730 4426 3016 4483 siocasset
3049 4429 3331 4485 Dominus
3362 4430 3584 4485 ﬂuenta
3609 4430 3819 4486 Jorda-

388 4512 563 4582 positi
599 4517 736 4567 sunt
768 4510 994 4583 lapides
1038 4511 1137 4565 isti
1187 4512 1246 4566 in
1300 4517 1751 4569 monumentum
1787 4514 2042 4571 ﬁliorum
2075 4545 2121 4610 D
2154 4512 2246 4567 nis
2278 4528 2473 4569 coram
2506 4514 2643 4569 ﬁliis
2674 4515 2851 4571 Israel
2882 4516 3067 4573 donec
3095 4517 3814 4585 transirent,dissolutum

389 4600 566 4656 Israel
602 4617 787 4672 usque
818 4601 875 4654 in
907 4605 1213 4655 aeternum.
1244 4600 1529 4657 Fecerunt
1559 4618 1694 4674 ergo
1728 4602 1835 4657 ﬁlii
1867 4604 2043 4661 Israel
2075 4600 2115 4610 “’
2152 4604 2241 4657 est
2292 4617 2391 4657 cor
2438 4618 2665 4672 eorum,
2716 4607 2773 4659 et
2823 4621 2939 4660 non
2992 4607 3279 4663 remansit
3324 4606 3383 4663 in
3432 4607 3516 4663 eis
3565 4608 3819 4679 spiritus

322 4726 327 4727 κ
387 4689 544 4745 sicut
573 4690 657 4745 eis
690 4688 966 4759 praecepit
1003 4688 1203 4756 Josue,
1239 4692 1541 4759 portantes
1572 4691 1644 4745 de
1675 4692 1867 4747 medio
1913 4698 2043 4749 Jor-

388 4778 555 4833 danis
580 4779 741 4834 alveo
772 4777 1082 4833 duodecim
1117 4776 1360 4850 lapides,
1396 4782 1460 4833 ut
1505 4779 1556 4833 ei
1606 4778 1893 4837 Dominus
1932 4784 2042 4840 im-

2150 4690 2483 4745 timentium
2514 4690 2821 4749 introitum
2846 4693 3104 4750 ﬁliorum
3130 4696 3543 4766 Israel.(T,III,
3567 4696 3630 4754 Β.
3655 4695 3814 4767 VIII,

2151 4782 2209 4834 C.
2244 4778 2410 4835 XIV.)
2458 4779 2535 4835 Eo
2587 4784 2851 4853 tempore
2883 4782 2963 4837 ait
2990 4786 3279 4840 Dominus
3309 4784 3381 4839 ad
3410 4785 3587 4841 Josue
3628 4801 3643 4841 :
3700 4786 3813 4841 Fac

389 4872 645 4938 perarat,
668 4869 839 4938 juxta
871 4882 1185 4922 numerum
1217 4866 1473 4922 ﬁliorum
1516 4867 1715 4934 Israel,
1749 4885 1936 4941 usque
1967 4872 2039 4927 ad
2148 4868 2257 4923 tibi
2290 4866 2510 4924 cultros
2543 4869 2825 4941 lapideos,
2858 4876 2916 4927 et
2943 4872 3303 4932 circumcide
3345 4876 3605 4931 secundo
3650 4874 3810 4932 ﬁlios

387 4954 606 5026 locum,
632 4957 690 5011 in
723 4973 837 5027 quo
869 4956 1266 5012 castrametati
1297 4961 1455 5025 sunt,
1489 4956 1687 5029 ibique
1719 4966 2044 5029 posuerunt

464 5116 485 5150 ²
515 5117 915 5188 Septuaginta,
946 5115 1144 5171 Canon
1189 5119 1247 5171 et
1292 5116 1578 5188 interpres
1610 5119 1795 5174 Arabs
1827 5120 2043 5177 habent

388 5188 631 5244 verbum
663 5188 922 5258 laeteris:
959 5188 1114 5259 quod
1146 5191 1343 5243 tamen
1375 5188 1543 5245 abest
1572 5189 1631 5244 in
1666 5191 1901 5248 Hebraeo
1933 5194 2040 5249 ho-

393 5261 597 5315 dierno
629 5270 683 5315 et
716 5262 772 5314 in
809 5261 1193 5316 Samaritauo.
1226 5263 1407 5314 MART.

461 5363 530 5371 —
560 5331 713 5387 Nulli
738 5349 768 5387 e
792 5332 1005 5386 nostris
1039 5348 1394 5403 mss.vocem
1426 5331 1645 5401 foederis
1680 5331 1771 5386 hic
1804 5331 2040 5403 habent,

391 5419 563 5472 quam
600 5421 703 5459 nec
732 5405 1031 5474 Hebraeus
1060 5402 1184 5474 ipse
1240 5410 1430 5458 textus
1474 5405 1759 5473 agnoscit.
1796 5402 2039 5463 Palatin.

392 5480 668 5555 praeterea
699 5478 1001 5555 portabunt
1022 5473 1095 5528 in
1116 5477 1309 5555 futuro
1341 5474 1481 5555 legit
1513 5490 1614 5555 pro
1642 5484 1879 5555 portant.

462 5546 483 5579 ³
524 5547 682 5601 Hanc
733 5546 1045 5601 lectionem
1097 5553 1323 5600 mutare
1368 5546 1688 5615 noluimus,
1739 5550 1846 5603 etsi
1894 5566 2037 5609 mss.

393 5617 623 5675 codices
655 5618 930 5675 undecim
962 5616 1161 5689 legant
1202 5631 1403 5673 omnes
1446 5622 1638 5675 contra
1683 5621 1991 5679 Jordanem
2022 5640 2042 5685 .'

2152 4957 2351 5014 Israel.
2405 4959 2484 5020 (Ο.
2528 4959 2671 5022 XV.)
2706 4960 2862 5017 Fecit
2910 4963 3067 5035 quod
3110 4963 3364 5034 iusserat
3408 4965 3717 5036 Dominus,
3752 4970 3814 5021 et

2152 5126 2212 5205 i_n
2234 5128 2491 5205 Elebraeis
2522 5130 2678 5205 enim
2711 5132 3145 5205 exemplaribus
3172 5139 3230 5190 et
3259 5135 3319 5191 in
3351 5136 3563 5194 Graecis
3592 5153 3810 5192 nomen

2150 5201 2398 5279 Iericho,
2430 5217 2544 5279 non
2602 5201 3269 5279 Jordanisjinvenimus.
3306 5208 3527 5264 Sensus
3573 5224 3812 5279 quoque

2152 5271 2461 5326 obscurior
2490 5272 2654 5348 ﬁeret
2675 5274 2734 5329 in
2763 5274 3085 5348 Scriptura,
3110 5278 3161 5333 si
3184 5279 3423 5337 Latinos
3454 5271 3687 5336 codices
3712 5271 3815 5337 se-

2152 5358 2492 5413 queremur.
2528 5344 2716 5401 MART.

2221 5445 2293 5492 -έ
2312 5414 2667 5492 Befragantu
2679 5434 3101 5492 rmss.qomnes
3124 5436 3258 5475 cum
3284 5422 3491 5489 nostri,
3508 5426 3636 5477 tum
3659 5437 3815 5492 quos

2153 5484 2425 5561 Martian.
2452 5484 2766 5556 consuluit,
2791 5489 2892 5560 qui
2918 5491 3039 5561 pari
3063 5507 3353 5548 consensu
3377 5484 3597 5549 habent
3615 5484 3815 5549 contra

2150 5555 2454 5683 ⁸1ζυγάαηεγη
2487 5574 2500 5613 :
2555 5561 2709 5631 quod
2758 5555 2956 5618 tameh
2988 5563 3315 5621 scribarum
3346 5565 3671 5622 oscitantias
3703 5564 3817 5620 tri-

2195 5644 2324 5683 uas.

2195 5644 2324 5684 υειε.
