4068 6172
197 312 287 368 521

1634 311 1848 365 LIBER
1883 310 2124 366 JOSUE.

3479 313 3588 370 522

198 435 279 490 die
308 433 853 505 bac.Lapidavitque
883 450 1013 490 eum
1044 433 1237 490 omnis
1270 433 1487 490 Israel:
1521 438 1579 488 et
1611 437 1824 488 cuncta
1854 435 1908 499 Α
1943 433 2023 498 Ai,
2059 433 2338 505 quoniam
2389 434 2493 489 tibi
2544 435 2774 490 tradam
2825 450 2976 490 eam.
3009 439 3269 507 Cumque
3312 435 3598 494 elevasset

196 542 310 594 quas
337 523 492 578 illius
522 523 849 594 erant,igne
881 528 1228 595 consumpta
1254 523 1824 594 sunt.Congregave-

196 617 320 666 runt
349 628 572 682 quoque
622 628 800 682 super
847 629 981 667 eum
1035 628 1304 667 acervum
1356 627 1636 682 magnum
1680 609 1825 681 lapi-

195 702 344 767 dum,
378 701 474 772 qui
503 706 811 772 permanet
843 718 1030 772 usque
1066 701 1122 755 in
1174 705 1517 771 praesentem
1550 699 1724 754 diem.
1761 698 1827 753 Et

196 805 413 844 aversus
444 796 530 844 est
581 791 742 844 luror
780 791 1014 845 Domini
1050 789 1122 844 ab
1175 791 1279 844 eis.
1316 789 1709 860 Vocatumque
1738 790 1826 843 est

196 895 388 933 nomen
422 878 530 934 loci
563 878 743 947 illius,
776 877 957 934 Vallis
990 878 1196 945 Achor,
1229 894 1416 949 usque
1451 877 1641 932 hodie.

252 1003 331 1074 (T.
365 1005 460 1072 IV,
494 1004 554 1058 Β.
610 1002 748 1068 ΧΙν,
783 1005 840 1058 C.
877 1003 1074 1070 XXXI,
1124 1003 1255 1073 Cap.
1303 1002 1480 1071 VIII).
1514 1000 1669 1055 Dixit
1714 1017 1820 1055 au-

189 1097 291 1147 tem
319 1093 606 1147 Dominus
656 1093 727 1147 ad
759 1092 937 1147 Josue
973 1109 986 1148 :
1019 1091 1102 1146 Ne
1133 1091 1366 1157 timeas,
1400 1105 1590 1160 neque
1622 1087 1820 1144 formi-

188 1181 317 1246 des;
351 1180 488 1236 tolle
544 1186 737 1236 tecum
769 1197 1000 1236 omnem
1051 1179 1487 1235 multitudinem
1532 1183 1819 1249 pugnato-

186 1286 320 1334 rum,
355 1274 413 1324 et
444 1285 808 1342 consurgens
849 1270 1098 1324 ascende
1128 1269 1184 1323 in
1240 1267 1520 1340 oppidum
1553 1268 1639 1321 Ai.
1674 1272 1818 1323 Ecce

185 1358 377 1412 tradidi
411 1359 469 1412 in
506 1374 684 1413 manu
719 1363 818 1413 tua
849 1373 1042 1428 regem
1095 1359 1246 1428 ejus.
1277 1362 1336 1412 et
1383 1355 1667 1427 populum
1720 1372 1817 1410 ur-

187 1450 416 1517 bemque
450 1452 507 1502 et
541 1451 784 1502 terram.
822 1446 1136 1517 Faciesque
1169 1445 1297 1500 urbi
1330 1445 1394 1498 Ai
1425 1449 1483 1500 et
1514 1445 1631 1515 regi
1665 1444 1814 1514 ejus,

184 1535 318 1589 sicut
347 1534 536 1590 fecisti
569 1534 801 1590 Jericho
833 1540 889 1590 et
925 1535 1047 1605 regi
1076 1533 1272 1588 illius:
1310 1533 1564 1604 praedam
1600 1548 1730 1586 vero
1761 1535 1815 1586 et

186 1623 366 1678 omnia
415 1623 743 1679 animantia
789 1623 1076 1694 diripietis
1117 1623 1326 1686 vobis;
1381 1637 1529 1691 pone
1568 1621 1816 1676 insidias

188 1713 297 1764 urbi
329 1717 460 1782 post
491 1728 646 1766 eam.
681 1711 1062 1782 Surrexitque
1088 1711 1291 1779 Josue,
1323 1714 1381 1764 et
1412 1709 1605 1764 omnis
1655 1725 1813 1764 exer-

185 1800 321 1855 citus
351 1800 703 1856 bellatorum
737 1816 868 1855 cum
901 1816 992 1865 eo,
1023 1803 1086 1854 ut
1115 1799 1497 1854 ascenderent
1525 1799 1579 1850 in
1616 1797 1678 1850 Ai
1713 1815 1727 1851 :
1760 1800 1815 1852 et

186 1889 342 1944 electa
377 1889 622 1959 triginta
657 1889 840 1944 millia
869 1890 1123 1944 virorum
1157 1888 1394 1943 fortium
1428 1887 1589 1941 misit
1618 1892 1806 1957 nocte,

187 1979 555 2050 precepitque
586 1979 692 2046 eis,
725 1978 923 2033 dicens
956 1994 970 2032 :
1008 1977 1203 2032 Ponite
1235 1976 1482 2030 insidias
1515 1980 1647 2047 post
1677 1975 1810 2030 civi-

187 2074 339 2122 tatem
365 2111 378 2133 ,
411 2084 524 2123 nec
559 2067 791 2137 longius
839 2066 1142 2134 recedatis,
1175 2071 1230 2120 et
1277 2066 1440 2119 eritis
1471 2081 1674 2120 omnes
1705 2081 1808 2136 pa-

185 2157 294 2210 rati.
342 2157 458 2228 Ego
509 2162 732 2224 autem,
777 2161 832 2212 et
875 2156 1102 2226 reliqua
1144 2154 1463 2210 multitudo
1511 2171 1638 2225 quae
1687 2169 1810 2210 me-

187 2261 294 2299 cum
341 2250 446 2312 est,
510 2246 860 2300 accedemus
909 2261 976 2300 ex
1027 2245 1270 2299 adverso
1323 2253 1524 2298 contra
1575 2243 1806 2298 urbem.

187 2337 416 2406 Cumque
465 2333 718 2388 exierint
765 2338 966 2389 contra
1014 2349 1141 2402 nos,
1175 2333 1329 2388 sicut
1376 2336 1508 2386 ante
1563 2331 1808 2386 fecimus

189 2422 252 2488 (h.
280 2439 376 2477 non
401 2424 577 2478 habet
597 2423 1176 2494 fecimus),fugiemus
1207 2427 1264 2476 et
1284 2427 1448 2492 terga
1474 2425 1768 2476 vertemus
1793 2437 1806 2476 :

189 2511 346 2567 donec
376 2517 803 2584 persequentes
832 2513 904 2566 ab
936 2512 1079 2568 urbe
1110 2511 1342 2582 longius
1392 2509 1810 2581 protrahantur

190 2602 342 2670 (Vulg.
393 2602 871 2672 protrahamur);
906 2601 1202 2673 putabunt
1249 2599 1403 2655 enim
1454 2601 1654 2670 fugere
1703 2615 1809 2654 nos

192 2688 319 2743 sicut
350 2689 729 2762 prius.Nobis
759 2705 895 2761 ergo
927 2689 1308 2759 fugientibus,
1333 2693 1389 2742 et
1418 2687 1534 2741 illis
1564 2702 1810 2758 sequen-

190 2777 340 2846 tibus,
372 2776 742 2848 consurgetis
783 2777 843 2830 in
875 2776 1128 2844 insidiis,
1161 2784 1214 2831 et
1257 2774 1559 2830 vastabitis
1603 2775 1808 2829 civita-

191 2869 285 2920 tem
317 2885 330 2922 :
360 2868 675 2936 tradetque
706 2880 833 2920 eam
867 2865 1149 2920 Dominus
1184 2865 1331 2919 Deus
1362 2868 1555 2918 vester
1585 2863 1642 2917 in
1678 2879 1805 2917 ma-

189 2971 280 3008 nus
304 2961 552 3011 vestras.
587 2955 850 3026 Cumque
893 2952 1160 3025 ceperitis
1203 2953 1409 3008 urbem
1442 2950 1626 3023 (Vulg.
1662 2955 1808 3006 tacet

187 3046 399 3110 urbem),
431 3044 778 3099 succendite
808 3060 957 3108 eam,
991 3046 1047 3098 et
1093 3043 1176 3097 sic
1223 3041 1418 3096 omnia
1469 3041 1714 3106 facietis,
1744 3044 1808 3094 ut

178 3133 300 3200 jussi
327 3133 406 3200 (h.
433 3135 617 3204 juxta
661 3133 901 3188 verbum
937 3131 1158 3187 Domini
1210 3131 1400 3186 facite.
1434 3129 1634 3185 Videte
1665 3129 1806 3200 quia

183 3237 266 3292 ego
309 3224 542 3295 praecipi
551 3240 582 3277 o
633 3222 819 3292 vobis)

187 3317 295 3367 runt
346 3315 413 3368 ad
473 3311 834 3367 insidiarum
904 3309 1121 3375 locum,
1182 3311 1576 3380 sederuntque
1653 3311 1805 3364 inter

190 3401 388 3458 Beth-El
420 3411 473 3458 et
506 3401 600 3466 Ai,
637 3403 705 3456 ad
759 3399 1177 3456 occidentalem
1209 3401 1441 3471 plagam
1497 3399 1662 3454 urbis
1688 3399 1750 3453 Ai
1785 3415 1798 3453 :

193 3487 337 3546 Josue
366 3497 564 3548 autem
601 3490 662 3544 in
693 3494 860 3545 nocte
883 3488 983 3543 illa
1016 3490 1073 3543 in
1106 3489 1296 3544 medio
1330 3488 1548 3543 mansit
1579 3487 1802 3558 populi,

198 3594 523 3653 surgensque
574 3578 838 3634 diluculo
869 3577 1162 3633 recensuit
1210 3577 1419 3645 socios,
1453 3581 1509 3630 et
1538 3577 1803 3632 ascendit

199 3682 298 3722 curn
326 3669 658 3725 senioribus
687 3667 747 3722 in
777 3666 963 3722 fronte
993 3665 1552 3735 exercitus,vallatus
1585 3665 1800 3720 auxilio

194 3763 562 3827 pugnatorum.
595 3761 858 3828 Cumque
890 3755 1184 3811 venissent
1215 3763 1264 3810 et
1298 3753 1701 3810 ascendissent
1731 3771 1800 3810 ex

195 3842 389 3901 adverso
419 3845 699 3913 civitatis,
735 3849 1025 3901 steterunt
1054 3845 1124 3898 ad
1152 3842 1663 3913 septentrionalem
1698 3859 1796 3896 ur-

193 3930 261 3986 bis
286 3935 526 4008 plagam,
563 3936 719 3990 inter
766 3950 942 4005 quam
975 3937 1032 3989 et
1059 3949 1158 3989 eos
1208 3931 1378 3988 vallis
1425 3933 1618 3986 media
1647 3937 1792 3988 erat.

191 4017 408 4095 Quinque
451 4025 647 4080 millia
677 4027 872 4078 autem
917 4022 1074 4077 viros
1122 4021 1394 4092 elegerat,
1432 4025 1488 4074 et
1517 4025 1795 4091 posuerat

188 4107 229 4162 in
254 4111 458 4169 insidiis
501 4114 664 4168 inter
696 4111 928 4166 Betb-El
955 4116 1009 4166 et
1052 4110 1221 4178 Ai,ex
1252 4108 1600 4164 occidentali
1628 4114 1791 4179 parte

188 4197 402 4266 ejusdem
445 4201 704 4257 civitatis
736 4217 749 4255 :
783 4200 978 4255 omnis
1025 4215 1158 4254 vero
1207 4197 1470 4269 reliquus
1502 4197 1790 4254 exercitus

189 4286 241 4338 ad
282 4290 605 4361 aquilonem
654 4290 837 4345 aciem
887 4288 1194 4358 dirigebat,
1243 4287 1327 4342 ita
1374 4290 1438 4341 ut
1485 4287 1790 4343 novissimi

191 4374 542 4436 multitudinis
589 4379 775 4451 (Vulg.
807 4376 959 4432 addit
988 4375 1168 4434 illius)
1210 4374 1627 4432 occidentalem
1660 4374 1790 4446 pla-

191 4478 292 4532 gam
314 4469 464 4525 urbis
494 4468 876 4540 attingerent.
911 4465 1066 4521 Abiit
1096 4481 1232 4537 ergo
1262 4465 1441 4520 Josue
1471 4469 1640 4519 nocte
1665 4464 1786 4535 illa,

1937 520 2207 592 clypeum
2256 541 2323 578 ex
2369 526 2612 578 adverso
2661 523 2934 591 civitatis,
2983 523 3231 592 insidias,
3283 542 3410 598 quae
3441 525 3588 583 late-

1940 611 2489 679 bant,surrexerunt
2518 612 2827 668 confestim
2866 630 2878 667 :
2911 618 2967 670 et
2998 620 3307 686 pergentes
3337 616 3407 672 ad
3441 616 3582 672 civi-

1936 704 2137 769 tatem,
2171 705 2450 771 ceperunt
2481 705 2536 756 et
2588 703 3020 757 succenderunt
3049 719 3197 759 eam.
3230 703 3352 760 Viri
3383 709 3580 762 autem

1936 787 2313 860 civitatis,qui
2351 790 2856 861 persequebantur
2883 794 3086 860 Josue,
3113 791 3494 864 respicientes
3525 797 3583 850 et

1935 877 2197 932 videntes
2220 878 2447 932 fumum
2466 878 2627 932 urbis
2650 879 2720 934 ad
2738 877 2948 934 omium
2967 896 3153 952 usque
3166 883 3576 951 conscendere,

1933 983 2045 1020 non
2083 970 2401 1037 potuerunt
2433 965 2583 1022 ultra
2613 966 2728 1022 huc
2775 966 3032 1041 illucque
3061 968 3342 1042 diffugere
3373 987 3387 1026 :
3422 988 3573 1042 pris-

1931 1055 2132 1109 sertim
2166 1071 2299 1109 cum
2343 1055 2401 1109 hi
2451 1055 2550 1126 qui
2584 1055 3009 1112 simulaverant
3037 1058 3257 1130 fugam,
3289 1063 3347 1115 et
3377 1061 3576 1116 tende-

1930 1144 2072 1199 bant
2095 1145 2163 1198 ad
2188 1144 2798 1213 solitudinem,contra
2815 1152 3232 1217 persequentes
3257 1149 3574 1207 fortissime

1931 1232 2305 1288 restitissent.
2329 1233 2660 1306 Vidensque
2691 1233 2870 1292 Josue
2899 1239 2955 1290 ct
2985 1235 3178 1292 omnis
3211 1237 3389 1294 Israel
3415 1239 3573 1310 quod

1930 1327 2099 1394 capta
2128 1329 2284 1378 esset
2314 1323 2538 1392 civitas,
2571 1327 2627 1379 et
2658 1325 2859 1381 fumus
2891 1325 3053 1381 urbis
3084 1327 3444 1395 ascenderet,
3479 1343 3576 1384 re-

1929 1427 2129 1466 versus
2163 1413 2449 1483 percussit
2481 1413 2634 1468 viros
2693 1413 2780 1468 Ai.
2817 1414 3121 1486 Siquidem
3151 1421 3208 1470 et
3237 1415 3318 1472 illi
3352 1417 3453 1488 qui
3485 1432 3574 1474 ce-

1929 1506 2132 1571 perant
2161 1506 2217 1556 et
2248 1504 2673 1558 succenderant
2705 1503 3023 1570 civitatem,
3067 1505 3288 1576 egressi
3327 1522 3396 1562 ex
3427 1508 3574 1564 urbe

1925 1595 2127 1644 contra
2186 1607 2348 1656 suos,
2411 1592 2634 1648 medios
2693 1592 2951 1649 hostium
3013 1593 3183 1650 ferire
3247 1600 3569 1667 coeperunt.

1924 1677 2188 1750 Cumque
2218 1697 2354 1750 ergo
2377 1696 2444 1736 ex
2476 1686 2722 1752 utraque
2750 1687 2911 1754 parte
2932 1683 3250 1739 adversarii
3281 1686 3572 1742 cederen-

1927 1771 2040 1834 tur,
2069 1768 2150 1822 ita
2183 1776 2246 1823 ut
2274 1769 2477 1825 nullus
2501 1770 2569 1826 de
2601 1775 2764 1826 tanta
2811 1770 3190 1828 multitudine
3221 1772 3566 1845 salvaretur,

1922 1872 2112 1926 regem
2149 1874 2385 1929 quoque
2417 1859 2577 1914 urbis
2607 1859 2673 1912 Ai
2707 1859 3222 1932 apprehenderunt
3249 1862 3564 1931 viventem,

1919 1948 1974 1999 et
2005 1944 2346 2001 obtulerunt
2375 1947 2772 2019 Josue.Igitur
2798 1948 3069 2004 omnibus
3101 1950 3563 2024 interfectis,qui

1920 2033 2192 2089 Israelem
2224 2036 2293 2090 ad
2329 2036 2559 2092 deserta
2611 2039 2947 2093 tendentem
2982 2037 3210 2094 fuerant
3244 2042 3562 2112 persecuti,

1917 2132 1967 2178 et
2002 2122 2058 2178 in
2092 2125 2294 2179 eodem
2351 2124 2472 2180 loco
2503 2125 2697 2196 gladio
2745 2129 3156 2184 corruentibus
3201 2130 3412 2185 reversi
3459 2129 3564 2185 ﬁlii

1918 2211 2094 2267 Israel
2130 2223 2545 2282 percusserunt
2575 2215 2889 2271 civitatem.
2921 2221 3097 2271 Erant
3138 2221 3336 2273 autem
3366 2218 3465 2289 qui
3497 2233 3564 2275 eo

1917 2299 2012 2355 die
2045 2303 2419 2357 considerant
2451 2320 2483 2358 a
2512 2304 2634 2358 viro
2666 2320 2854 2376 usque
2883 2305 2954 2360 ad
2990 2305 3566 2374 mulierem,duode-

1919 2391 2032 2445 cim
2067 2391 2252 2445 millia
2282 2391 2613 2459 hominum,
2647 2410 2850 2450 omnes
2902 2395 3065 2450 urbis
3098 2397 3185 2450 Ai.
3220 2395 3399 2453 Josue
3430 2413 3563 2453 vero

1920 2497 2034 2535 non
2067 2482 2356 2536 contraxit
2386 2499 2627 2537 manum
2649 2483 2898 2554 quamin
2923 2483 3176 2540 sublime
3207 2489 3562 2557 porrexerat,

1917 2574 2120 2623 tenens
2152 2569 2418 2642 clypeum
2454 2572 2641 2628 donec
2672 2573 3141 2628 interficerentur
3169 2589 3372 2629 omnes
3403 2573 3567 2630 habi-

1916 2663 2134 2712 tatores
2191 2661 2278 2715 Ai.
2330 2663 2609 2716 Jumenta
2656 2665 2851 2716 autem
2902 2667 2960 2716 et
3006 2663 3260 2732 praedam
3311 2663 3564 2719 civitatis

1916 2747 2242 2803 diviserunt
2271 2748 2382 2803 sibi
2417 2748 2518 2803 filii
2552 2749 2750 2817 Israel,
2784 2750 2936 2805 sicut
2983 2755 3335 2822 praeceperat
3366 2751 3562 2807 Domi-

1917 2854 2030 2891 nus
2060 2836 2260 2892 Josue.
2297 2838 2403 2903 Qui
2456 2839 2762 2894 succendit
2803 2839 3030 2908 urbem,
3065 2845 3123 2895 et
3153 2840 3288 2894 fecit
3313 2856 3442 2896 eam
3473 2844 3564 2896 tu-

1917 2925 2142 2980 mulum
2177 2927 2629 2997 sempiternum:
2665 2943 2858 2999 regem
2890 2944 3122 2999 quoque
3150 2927 3279 2998 ejus
3309 2945 3562 3000 suspen-

1917 3015 2000 3069 dit
2032 3015 2089 3068 in
2124 3015 2384 3086 patibulo
2417 3032 2604 3087 usque
2636 3017 2706 3072 ad
2739 3021 3143 3088 vesperam.Et
3172 3016 3313 3074 solis
3345 3035 3558 3074 occasu

1914 3105 2187 3176 praecepit
2234 3106 2434 3174 losue,
2466 3110 2523 3161 et
2570 3106 2967 3177 deposuerunt
3013 3106 3258 3162 cadaver
3303 3108 3431 3178 ejus
3489 3108 3561 3164 de

828 3264 841 3276 ο
896 3221 1239 3292 Dimisitque
1289 3236 1387 3276 eos
1435 3225 1490 3275 et
1540 3191 1802 3290 penéxe,
1836 3191 1879 3258 C
1921 3209 2128 3260 cruce;
2163 3195 2653 3266 projeceruntque
2701 3195 2760 3250 in
2811 3195 2938 3267 ipso
2989 3194 3237 3250 introitu
3282 3195 3555 3265 civitatis,

1915 3289 2188 3354 congesto
2242 3300 2418 3352 super
2447 3299 2578 3338 eum
2628 3300 2840 3356 magno
2890 3298 3090 3339 acervo
3134 3283 3423 3356 lapidum,
3453 3284 3558 3355 qui

1913 3376 2214 3444 permanet
2271 3388 2459 3444 usque
2514 3371 2573 3426 in
2633 3377 2980 3444 praesentem
3038 3372 3194 3428 diem
3248 3372 3554 3444 (XXXIII).

1909 3465 2065 3516 Tunc
2095 3460 2404 3516 aedificavit
2433 3461 2612 3517 Josue
2645 3461 2828 3517 altare
2862 3461 3103 3518 Domino
3135 3461 3250 3517 Deo
3282 3461 3464 3518 Israel
3496 3462 3557 3517 in

1911 3555 2109 3605 monte
2169 3549 2361 3615 Ilebal,
2422 3550 2574 3604 sicut
2630 3554 2984 3621 praeceperat
3050 3550 3239 3607 Moses
3299 3549 3558 3606 famulus

1908 3637 2133 3693 Domini
2171 3637 2304 3694 ﬁliis
2357 3638 2552 3706 Israel,
2587 3643 2643 3693 et
2674 3639 2958 3710 scriptum
3007 3644 3096 3694 est
3151 3638 3210 3693 in
3255 3639 3552 3694 volumine

1904 3724 2050 3798 legis
2097 3727 2240 3782 Mosi
2275 3744 2287 3780 :
2321 3726 2518 3782 Altare
2569 3728 2638 3782 de
2687 3727 2979 3798 lapidibus
3044 3726 3350 3798 impolitis,
3402 3744 3549 3799 quos

1906 3815 2124 3870 ferrum
2159 3833 2272 3871 non
2307 3816 2532 3887 tetigit;
2562 3821 2618 3871 et
2648 3815 2862 3871 obtulit
2892 3831 3088 3887 super,
3104 3832 3170 3871 eo
3200 3815 3548 3872 holocausta

1904 3905 2171 3972 Domino,
2206 3905 2644 3976 immolavitque
2674 3904 2945 3975 paciﬁcas
2971 3905 3267 3960 victimas.
3301 3905 3370 3960 Et
3402 3903 3546 3960 scri-

1903 3995 2016 4067 psit
2069 4011 2248 4066 super
2305 3993 2528 4064 lapides
2583 3993 3102 4049 Deuteronomium
3163 3993 3308 4064 legis
3376 3993 3543 4064 Mosi,

1902 4086 2054 4158 quod
2090 4086 2186 4141 ille
2219 4087 2543 4157 digesserat
2569 4101 2764 4140 coram
2794 4084 2931 4139 ﬁliis
2974 4081 3172 4140 Israel.
3207 4083 3411 4139 Omnis
3442 4100 3552 4138 au-

1900 4180 2019 4230 tem
2057 4173 2304 4246 populus
2339 4174 2423 4242 (h.
2458 4179 2514 4228 et
2546 4173 2740 4229 omnis
2769 4172 2974 4242 Israel)
3004 4178 3061 4228 et
3101 4172 3355 4244 majores
3391 4176 3556 4240 natu,

1900 4265 2196 4334 ducesque
2221 4280 2284 4318 ac
2301 4263 2536 4334 judices
2559 4263 2793 4318 stabant
2816 4278 2882 4317 ex
2905 4267 3149 4331 utraque
3191 4265 3355 4333 parte
3382 4278 3551 4328 areae,

1899 4354 1957 4407 in
1994 4357 2312 4424 conspectu
2368 4352 2739 4408 sacerdotum
2788 4350 2867 4409 (h.
2904 4350 3278 4406 sacerdotum
3331 4350 3556 4406 Levita-

1898 4444 2072 4510 rum),
2126 4441 2224 4511 qui
2279 4441 2592 4511 portabant
2641 4456 2838 4495 arcam
2895 4439 3130 4495 lmderis
3175 4437 3432 4506 Dominl,
3485 4443 3551 4494 ut

190 4528 233 4604 ἐι
270 4559 412 4612 stet;t
454 4559 515 4614 in
565 4528 738 4613 vallis
787 4555 979 4612 medio
1027 4555 1108 4627 (C.
1145 4528 1394 4624 XXXII).
1437 4554 1599 4617 Quod
1650 4528 1784 4608 cum
1819 4558 1864 4623 ι)
1897 4532 2119 4627 εάνθηα
2148 4529 2665 4627 ίίθηειβξλάίεθῖιθ·
2719 4528 2910 4627 Media
2949 4545 3085 4627 Ρθτε
3136 4528 3554 4627 θοῗυωρυέίῖῗ

191 4640 387 4700 vidisset
415 4664 512 4702 rex
566 4646 657 4715 Αἱ,
683 4645 982 4702 festinavit
1032 4660 1224 4713 mane,
1274 4647 1331 4698 et
1379 4658 1649 4712 egressus
1697 4647 1788 4697 est

189 4743 292 4784 cum
353 4737 507 4790 omni
564 4735 817 4791 exercitu
878 4733 1152 4800 civitatis,
1226 4731 1554 4802 direxitque
1611 4732 1794 4786 aciem

191 4826 353 4878 contra
380 4825 700 4893 desertum,
731 4826 1012 4897 ignorans
1043 4823 1197 4894 quod
1233 4825 1366 4893 post
1387 4826 1616 4892 tergum
1652 4820 1796 4876 late-

197 4917 297 4965 rent
321 4912 559 4970 insidie.
592 4915 774 4970 Josue
803 4929 936 4968 vero
967 4917 1024 4968 et
1053 4911 1247 4967 omnis
1283 4908 1461 4966 Israel
1494 4914 1798 4966 cesserunt

199 4994 660 5066 loco,simulantes
689 5007 934 5071 metum,
955 5006 1009 5057 et
1044 5001 1327 5071 fugientes
1359 5015 1459 5070 per
1491 4999 1642 5054 viam
1668 4999 1800 5055 soli-

204 5088 404 5146 tudinis.
452 5095 520 5148 At
552 5093 639 5148 illi
681 5092 1064 5148 vociferantes
1114 5089 1351 5161 pariter,
1387 5093 1443 5142 et
1483 5105 1548 5144 se
1595 5094 1799 5145 mutuo

206 5174 550 5250 cohortantes,
586 5181 873 5254 persecuti
907 5183 1048 5235 sunt
1077 5195 1196 5233 eos.
1240 5177 1500 5247 Cumque
1533 5178 1803 5234 recessis-

206 5272 306 5320 sent
334 5285 364 5323 a
391 5271 640 5339 civitate,
672 5275 730 5325 et
775 5286 846 5324 ne
871 5286 1026 5325 unus
1077 5267 1316 5340 quidem
1352 5266 1409 5320 in
1461 5266 1603 5322 urbe
1655 5265 1720 5320 Ai
1751 5270 1806 5323 et

209 5348 400 5412 Beth-El
449 5360 826 5416 remansisset
855 5359 955 5429 qui
1008 5375 1122 5413 non
1158 5360 1600 5427 persequeretur
1628 5355 1805 5411 Israel

216 5441 353 5503 (sicut
386 5454 693 5519 eruperant
741 5453 942 5519 aperta
989 5449 1158 5518 porta
1201 5445 1399 5512 (Vulg.
1441 5453 1586 5500 lacce
1621 5444 1809 5515 porta)

223 5530 398 5600 oppida
443 5535 886 5607 relinquentes),
936 5533 1082 5588 dixit
1141 5532 1421 5587 Dominus
1468 5533 1535 5586 ad
1588 5530 1806 5588 Josue:

226 5611 343 5675 Leva
368 5621 626 5696 clypeum
674 5625 776 5697 qui
800 5623 861 5680 in
894 5640 1070 5679 manu
1104 5626 1204 5678 tua
1235 5624 1342 5691 est,
1376 5624 1578 5677 contra
1607 5621 1813 5678 urbem

489 5768 744 5833 ΡΑτιοι..
763 5729 772 5735 ’
790 5767 1064 5831 XXVIII.

1909 4623 2168 4674 montem
2224 4618 2499 4684 Garizim,
2534 4623 2588 4672 et
2622 4618 2814 4672 media
2848 4619 3021 4687 juxta
3070 4622 3327 4672 montem
3360 4616 3546 4672 Hebal

1905 4713 2060 4768 sicut
2091 4715 2438 4782 praeceperat
2492 4711 2672 4762 Moses
2704 4705 2961 4762 famulus
3017 4706 3268 4761 Domini.
3320 4709 3387 4760 Et
3436 4706 3558 4777 pri-

1908 4817 2070 4856 mum
2104 4799 2341 4870 quidem
2376 4795 2669 4851 benedixit
2701 4793 2951 4866 populos
2983 4794 3162 4850 Israel
3195 4797 3276 4866 (C.
3300 4794 3555 4865 XXXIV).

1911 4894 2045 4950 Post
2076 4894 2195 4946 haec
2226 4887 2365 4960 legit
2412 4887 2611 4943 omnia
2641 4886 2814 4941 verba
2839 4886 3265 4943 benedictionis
3291 4897 3343 4942 el.
3375 4887 3555 4942 male-

1911 4981 2274 5043 dictionis,et
2303 4985 2498 5033 cuncta
2531 4975 2734 5047 (h.non
2768 4975 2968 5046 habet)
2997 4993 3122 5046 quae
3153 4975 3366 5047 scripta
3390 4977 3560 5030 erant

1910 5074 1970 5128 in
2002 5070 2149 5142 legis
2177 5063 2655 5124 volumine.Nibil
2688 5080 2757 5119 ex
2785 5063 2879 5118 bis
2911 5081 3040 5136 quae
3071 5065 3555 5134 Mosesjusserat,

1913 5159 2148 5230 reliquit
2196 5157 2502 5219 intactum,
2536 5153 2636 5208 sed
2692 5152 2961 5207 universa
3011 5151 3312 5224 replicavit
3356 5165 3552 5206 coram

1917 5248 2068 5305 omni
2101 5244 2485 5300 multitudine
2517 5241 2714 5306 Israel,
2745 5241 3091 5296 mulieribus
3120 5257 3184 5296 ac
3215 5237 3473 5312 parvulis
3504 5240 3564 5293 et

1920 5337 2181 5402 advenis,
2216 5332 2316 5406 qui
2345 5332 2496 5386 inter
2525 5348 2623 5386 eos
2653 5329 3051 5385 morabantur.

1992 5465 2072 5535 (Β.
2108 5460 2222 5525 XV,
2258 5461 2384 5529 Cap.
2422 5457 2546 5528 IX).
2595 5455 2819 5522 Quibus
2867 5454 3104 5519 auditis,
3155 5451 3349 5508 cuncti
3397 5465 3565 5522 reges

1923 5559 2084 5610 trans
2113 5550 2454 5612 Jordanem,
2504 5545 2602 5616 qui
2635 5543 3017 5599 versabantur
3055 5543 3110 5596 in
3166 5539 3460 5596 montanis
3509 5542 3569 5594 et

1923 5635 2439 5714 campestribus,in
2473 5632 2790 5690 maritimis
2822 5647 2888 5687 ac
2920 5631 3115 5687 littore
3145 5629 3324 5687 maris
3341 5627 3571 5701 magni,

3166 5749 3242 5808 i7
