  <div class='ocr_page' id='page_1' title='image "/cluster/home/n/w/nwhite01/storage/ocr_20150623/28/hvd.32044052824265/305.png"; bbox 0 0 4068 6172; ppageno 0'>
   <div class='ocr_carea' id='block_1_1' title="bbox 427 328 3831 399">
    <p class='ocr_par' dir='ltr' id='par_1_1' title="bbox 427 328 3831 399">
     <span class='ocr_line' id='line_1_1' title="bbox 427 328 3831 399; baseline -0.003 -3"><span class='ocrx_word' id='word_1_1' title='bbox 427 339 535 399; x_wconf 84' lang='lat'>523</span> <span class='ocrx_word' id='word_1_2' title='bbox 1460 338 1523 391; x_wconf 81' lang='lat'>8.</span> <span class='ocrx_word' id='word_1_3' title='bbox 1563 334 1973 393; x_wconf 75' lang='lat' dir='ltr'>HIBRONYMI</span> <span class='ocrx_word' id='word_1_4' title='bbox 2012 333 2268 391; x_wconf 75' lang='lat' dir='ltr'>DIVINA</span> <span class='ocrx_word' id='word_1_5' title='bbox 2306 334 2801 391; x_wconf 78' lang='lat' dir='ltr'>BIBLIO&#39;I&#39;HECA.</span> <span class='ocrx_word' id='word_1_6' title='bbox 3719 328 3831 386; x_wconf 64' lang='grc'>524</span> 
     </span>
    </p>
   </div>
   <div class='ocr_carea' id='block_1_2' title="bbox 421 457 3836 541">
    <p class='ocr_par' dir='ltr' id='par_1_2' title="bbox 421 457 3836 541">
     <span class='ocr_line' id='line_1_2' title="bbox 421 457 3836 541; baseline -0.003 -15"><span class='ocrx_word' id='word_1_7' title='bbox 421 470 483 526; x_wconf 91' lang='lat' dir='ltr'>hi</span> <span class='ocrx_word' id='word_1_8' title='bbox 515 483 750 541; x_wconf 88' lang='lat' dir='ltr'>quoque</span> <span class='ocrx_word' id='word_1_9' title='bbox 778 465 879 539; x_wconf 90' lang='lat' dir='ltr'>qui</span> <span class='ocrx_word' id='word_1_10' title='bbox 900 462 1430 534; x_wconf 87' lang='lat' dir='ltr'>habitabautjuxta</span> <span class='ocrx_word' id='word_1_11' title='bbox 1450 460 2068 529; x_wconf 69' lang='lat' dir='ltr'>Libanum,Hettheaus</span> <span class='ocrx_word' id='word_1_12' title='bbox 2101 461 2308 528; x_wconf 64' lang='grc' dir='ltr'>Αδωο</span> <span class='ocrx_word' id='word_1_13' title='bbox 2365 458 2766 532; x_wconf 80' lang='lat' dir='ltr'>loquentibus,</span> <span class='ocrx_word' id='word_1_14' title='bbox 2824 460 3048 517; x_wconf 88' lang='lat' dir='ltr'>vocavit</span> <span class='ocrx_word' id='word_1_15' title='bbox 3103 459 3455 517; x_wconf 89' lang='lat' dir='ltr'>Gabaonitas</span> <span class='ocrx_word' id='word_1_16' title='bbox 3511 457 3712 527; x_wconf 86' lang='lat' dir='ltr'>Josue,</span> <span class='ocrx_word' id='word_1_17' title='bbox 3775 465 3836 515; x_wconf 86' lang='lat' dir='ltr'>et</span> 
     </span>
    </p>
   </div>
   <div class='ocr_carea' id='block_1_3' title="bbox 425 550 3837 625">
    <p class='ocr_par' dir='ltr' id='par_1_3' title="bbox 425 550 3837 625">
     <span class='ocr_line' id='line_1_3' title="bbox 425 550 3837 625; baseline -0.002 -11"><span class='ocrx_word' id='word_1_18' title='bbox 425 563 483 614; x_wconf 90' lang='lat' dir='ltr'>et</span> <span class='ocrx_word' id='word_1_19' title='bbox 535 556 933 625; x_wconf 70' lang='lat' dir='ltr'>Amorrhzeus,</span> <span class='ocrx_word' id='word_1_20' title='bbox 992 556 1051 609; x_wconf 91' lang='lat' dir='ltr'>et</span> <span class='ocrx_word' id='word_1_21' title='bbox 1109 550 1495 621; x_wconf 68' lang='lat' dir='ltr'>Chananaaus,</span> <span class='ocrx_word' id='word_1_22' title='bbox 1566 550 1965 617; x_wconf 68' lang='lat' dir='ltr'>Pherezeaeus,</span> <span class='ocrx_word' id='word_1_23' title='bbox 2025 554 2082 605; x_wconf 91' lang='lat' dir='ltr'>et</span> <span class='ocrx_word' id='word_1_24' title='bbox 2191 550 2336 606; x_wconf 85' lang='lat' dir='ltr'>dixit</span> <span class='ocrx_word' id='word_1_25' title='bbox 2382 550 2514 607; x_wconf 87' lang='lat' dir='ltr'>eis:</span> <span class='ocrx_word' id='word_1_26' title='bbox 2563 550 2679 606; x_wconf 88' lang='lat' dir='ltr'>Cur</span> <span class='ocrx_word' id='word_1_27' title='bbox 2725 565 2829 607; x_wconf 90' lang='lat' dir='ltr'>nos</span> <span class='ocrx_word' id='word_1_28' title='bbox 2874 550 3139 623; x_wconf 86' lang='lat' dir='ltr'>decipere</span> <span class='ocrx_word' id='word_1_29' title='bbox 3186 551 3393 607; x_wconf 78' lang='lat' dir='ltr'>fraude</span> <span class='ocrx_word' id='word_1_30' title='bbox 3432 550 3707 607; x_wconf 87' lang='lat' dir='ltr'>voluistis</span> <span class='ocrx_word' id='word_1_31' title='bbox 3750 550 3837 623; x_wconf 89' lang='lat' dir='ltr'>[b.</span> 
     </span>
    </p>
   </div>
   <div class='ocr_carea' id='block_1_4' title="bbox 424 639 3840 715">
    <p class='ocr_par' dir='ltr' id='par_1_4' title="bbox 424 639 3840 715">
     <span class='ocr_line' id='line_1_4' title="bbox 424 639 3840 715; baseline -0.002 -12"><span class='ocrx_word' id='word_1_32' title='bbox 424 647 650 715; x_wconf 59' lang='lat' dir='ltr'>Evasus,</span> <span class='ocrx_word' id='word_1_33' title='bbox 681 651 738 702; x_wconf 91' lang='lat' dir='ltr'>et</span> <span class='ocrx_word' id='word_1_34' title='bbox 781 642 1110 711; x_wconf 71' lang='lat' dir='ltr'>Jebuseaus,</span> <span class='ocrx_word' id='word_1_35' title='bbox 1163 640 1503 713; x_wconf 88' lang='lat' dir='ltr'>congregati</span> <span class='ocrx_word' id='word_1_36' title='bbox 1551 644 1693 697; x_wconf 87' lang='lat' dir='ltr'>sunt</span> <span class='ocrx_word' id='word_1_37' title='bbox 1742 640 1983 712; x_wconf 88' lang='lat' dir='ltr'>pariter,</span> <span class='ocrx_word' id='word_1_38' title='bbox 2020 643 2084 694; x_wconf 89' lang='lat' dir='ltr'>ut</span> <span class='ocrx_word' id='word_1_39' title='bbox 2192 656 2375 712; x_wconf 89' lang='lat' dir='ltr'>quare</span> <span class='ocrx_word' id='word_1_40' title='bbox 2420 639 2736 711; x_wconf 89' lang='lat' dir='ltr'>decepistis</span> <span class='ocrx_word' id='word_1_41' title='bbox 2784 639 2937 711; x_wconf 88' lang='lat' dir='ltr'>nos],</span> <span class='ocrx_word' id='word_1_42' title='bbox 2970 644 3035 695; x_wconf 91' lang='lat' dir='ltr'>ut</span> <span class='ocrx_word' id='word_1_43' title='bbox 3075 640 3346 697; x_wconf 88' lang='lat' dir='ltr'>diceretis</span> <span class='ocrx_word' id='word_1_44' title='bbox 3378 656 3395 698; x_wconf 89' lang='lat'><strong>:</strong></span> <span class='ocrx_word' id='word_1_45' title='bbox 3427 640 3636 697; x_wconf 79' lang='lat' dir='ltr'>Procul</span> <span class='ocrx_word' id='word_1_46' title='bbox 3667 640 3840 698; x_wconf 83' lang='lat' dir='ltr'>valde</span> 
     </span>
    </p>
   </div>
   <div class='ocr_carea' id='block_1_5' title="bbox 427 728 2084 809">
    <p class='ocr_par' dir='ltr' id='par_1_5' title="bbox 427 728 2084 809">
     <span class='ocr_line' id='line_1_5' title="bbox 427 728 2084 809; baseline -0.005 -18"><span class='ocrx_word' id='word_1_47' title='bbox 427 737 763 809; x_wconf 82' lang='lat' dir='ltr'>pugnarent</span> <span class='ocrx_word' id='word_1_48' title='bbox 813 736 1018 789; x_wconf 88' lang='lat' dir='ltr'>contra</span> <span class='ocrx_word' id='word_1_49' title='bbox 1065 731 1244 787; x_wconf 89' lang='lat' dir='ltr'>Josue</span> <span class='ocrx_word' id='word_1_50' title='bbox 1274 736 1331 786; x_wconf 91' lang='lat' dir='ltr'>et</span> <span class='ocrx_word' id='word_1_51' title='bbox 1378 728 1558 785; x_wconf 92' lang='lat' dir='ltr'>lsrael</span> <span class='ocrx_word' id='word_1_52' title='bbox 1591 746 1709 785; x_wconf 91' lang='lat' dir='ltr'>uno</span> <span class='ocrx_word' id='word_1_53' title='bbox 1738 730 1961 797; x_wconf 88' lang='lat' dir='ltr'>animo,</span> <span class='ocrx_word' id='word_1_54' title='bbox 1989 744 2084 784; x_wconf 82' lang='lat' dir='ltr'>ea-</span> 
     </span>
    </p>
   </div>
   <div class='ocr_carea' id='block_1_6' title="bbox 2195 728 3841 799">
    <p class='ocr_par' dir='ltr' id='par_1_6' title="bbox 2195 728 3841 799">
     <span class='ocr_line' id='line_1_6' title="bbox 2195 728 3841 799; baseline 0.001 -16"><span class='ocrx_word' id='word_1_55' title='bbox 2195 729 2534 784; x_wconf 88' lang='lat' dir='ltr'>babitamus</span> <span class='ocrx_word' id='word_1_56' title='bbox 2564 745 2597 784; x_wconf 89' lang='lat' dir='ltr'>a</span> <span class='ocrx_word' id='word_1_57' title='bbox 2625 728 2959 799; x_wconf 91' lang='lat' dir='ltr'>vobis,cum</span> <span class='ocrx_word' id='word_1_58' title='bbox 2990 730 3049 785; x_wconf 91' lang='lat' dir='ltr'>in</span> <span class='ocrx_word' id='word_1_59' title='bbox 3081 730 3273 786; x_wconf 91' lang='lat' dir='ltr'>medio</span> <span class='ocrx_word' id='word_1_60' title='bbox 3308 730 3490 787; x_wconf 83' lang='lat' dir='ltr'>nostri</span> <span class='ocrx_word' id='word_1_61' title='bbox 3515 731 3645 787; x_wconf 89' lang='lat' dir='ltr'>sitis</span> <span class='ocrx_word' id='word_1_62' title='bbox 3665 728 3694 785; x_wconf 70' lang='lat'><strong>7</strong></span> <span class='ocrx_word' id='word_1_63' title='bbox 3724 730 3841 786; x_wconf 86' lang='lat' dir='ltr'>Ita-</span> 
     </span>
    </p>
   </div>
   <div class='ocr_carea' id='block_1_7' title="bbox 432 816 3844 897">
    <p class='ocr_par' dir='ltr' id='par_1_7' title="bbox 432 816 3844 897">
     <span class='ocr_line' id='line_1_7' title="bbox 432 816 3844 897; baseline -0.001 -16"><span class='ocrx_word' id='word_1_64' title='bbox 432 826 667 897; x_wconf 81' lang='lat' dir='ltr'>demque</span> <span class='ocrx_word' id='word_1_65' title='bbox 694 824 967 879; x_wconf 75' lang='lat' dir='ltr'>sententia</span> <span class='ocrx_word' id='word_1_66' title='bbox 999 821 1204 893; x_wconf 89' lang='lat' dir='ltr'>[h.non</span> <span class='ocrx_word' id='word_1_67' title='bbox 1231 819 1447 890; x_wconf 89' lang='lat' dir='ltr'>habet].</span> <span class='ocrx_word' id='word_1_68' title='bbox 1484 818 1569 889; x_wconf 90' lang='grc' dir='ltr'>[Β.</span> <span class='ocrx_word' id='word_1_69' title='bbox 1589 818 1735 885; x_wconf 86' lang='lat' dir='ltr'>XVI,</span> <span class='ocrx_word' id='word_1_70' title='bbox 1762 819 1822 874; x_wconf 89' lang='lat' dir='ltr'>C.</span> <span class='ocrx_word' id='word_1_71' title='bbox 1847 816 2083 888; x_wconf 82' lang='lat' dir='ltr'>XXXV.]</span> <span class='ocrx_word' id='word_1_72' title='bbox 2196 834 2310 890; x_wconf 92' lang='lat' dir='ltr'>que</span> <span class='ocrx_word' id='word_1_73' title='bbox 2340 819 2451 874; x_wconf 87' lang='lat' dir='ltr'>sub</span> <span class='ocrx_word' id='word_1_74' title='bbox 2474 817 2881 874; x_wconf 90' lang='lat' dir='ltr'>maledictione</span> <span class='ocrx_word' id='word_1_75' title='bbox 2902 819 3151 889; x_wconf 90' lang='lat' dir='ltr'>eritis,et</span> <span class='ocrx_word' id='word_1_76' title='bbox 3166 837 3282 876; x_wconf 91' lang='lat' dir='ltr'>non</span> <span class='ocrx_word' id='word_1_77' title='bbox 3304 820 3533 876; x_wconf 82' lang='lat' dir='ltr'>deﬁciet</span> <span class='ocrx_word' id='word_1_78' title='bbox 3553 821 3624 877; x_wconf 91' lang='lat' dir='ltr'>de</span> <span class='ocrx_word' id='word_1_79' title='bbox 3655 822 3844 893; x_wconf 89' lang='lat' dir='ltr'>stirpe</span> 
     </span>
    </p>
   </div>
   <div class='ocr_carea' id='block_1_8' title="bbox 436 908 2086 985">
    <p class='ocr_par' dir='ltr' id='par_1_8' title="bbox 436 908 2086 985">
     <span class='ocr_line' id='line_1_8' title="bbox 436 908 2086 985; baseline -0.005 -15"><span class='ocrx_word' id='word_1_80' title='bbox 436 917 504 971; x_wconf 85' lang='lat' dir='ltr'>At</span> <span class='ocrx_word' id='word_1_81' title='bbox 538 913 600 969; x_wconf 90' lang='lat' dir='ltr'>hi</span> <span class='ocrx_word' id='word_1_82' title='bbox 630 913 730 985; x_wconf 86' lang='lat' dir='ltr'>qui</span> <span class='ocrx_word' id='word_1_83' title='bbox 763 912 1033 967; x_wconf 89' lang='lat' dir='ltr'>habitant</span> <span class='ocrx_word' id='word_1_84' title='bbox 1080 910 1140 965; x_wconf 93' lang='lat' dir='ltr'>in</span> <span class='ocrx_word' id='word_1_85' title='bbox 1184 909 1444 975; x_wconf 89' lang='lat' dir='ltr'>Gabaon,</span> <span class='ocrx_word' id='word_1_86' title='bbox 1478 908 1787 964; x_wconf 88' lang='lat' dir='ltr'>audientes</span> <span class='ocrx_word' id='word_1_87' title='bbox 1842 910 2086 963; x_wconf 86' lang='lat' dir='ltr'>cuncta-</span> 
     </span>
    </p>
   </div>
   <div class='ocr_carea' id='block_1_9' title="bbox 439 994 2088 1073">
    <p class='ocr_par' dir='ltr' id='par_1_9' title="bbox 439 994 2088 1073">
     <span class='ocr_line' id='line_1_9' title="bbox 439 994 2088 1073; baseline -0.006 -14"><span class='ocrx_word' id='word_1_88' title='bbox 439 1019 564 1073; x_wconf 82' lang='lat' dir='ltr'>quae</span> <span class='ocrx_word' id='word_1_89' title='bbox 597 1004 812 1058; x_wconf 85' lang='lat' dir='ltr'>fecerat</span> <span class='ocrx_word' id='word_1_90' title='bbox 853 1001 1032 1056; x_wconf 85' lang='lat' dir='ltr'>Josue</span> <span class='ocrx_word' id='word_1_91' title='bbox 1079 998 1314 1056; x_wconf 88' lang='lat' dir='ltr'>Jericho</span> <span class='ocrx_word' id='word_1_92' title='bbox 1366 1002 1423 1053; x_wconf 90' lang='lat' dir='ltr'>et</span> <span class='ocrx_word' id='word_1_93' title='bbox 1451 1002 1519 1059; x_wconf 81' lang='lat' dir='ltr'>Ai</span> <span class='ocrx_word' id='word_1_94' title='bbox 1551 1012 1565 1052; x_wconf 91' lang='lat'><strong>:</strong></span> <span class='ocrx_word' id='word_1_95' title='bbox 1600 999 1657 1053; x_wconf 90' lang='lat' dir='ltr'>et</span> <span class='ocrx_word' id='word_1_96' title='bbox 1686 995 1897 1052; x_wconf 88' lang='lat' dir='ltr'>callide</span> <span class='ocrx_word' id='word_1_97' title='bbox 1927 994 2088 1067; x_wconf 88' lang='lat' dir='ltr'>cogi-</span> 
     </span>
    </p>
   </div>
   <div class='ocr_carea' id='block_1_10' title="bbox 438 1083 2087 1162">
    <p class='ocr_par' dir='ltr' id='par_1_10' title="bbox 438 1083 2087 1162">
     <span class='ocr_line' id='line_1_10' title="bbox 438 1083 2087 1162; baseline -0.007 -12"><span class='ocrx_word' id='word_1_98' title='bbox 438 1096 657 1162; x_wconf 84' lang='lat' dir='ltr'>tantes,</span> <span class='ocrx_word' id='word_1_99' title='bbox 688 1090 949 1147; x_wconf 87' lang='lat' dir='ltr'>tulerunt</span> <span class='ocrx_word' id='word_1_100' title='bbox 977 1088 1091 1145; x_wconf 85' lang='lat' dir='ltr'>sibi</span> <span class='ocrx_word' id='word_1_101' title='bbox 1141 1087 1380 1155; x_wconf 91' lang='lat' dir='ltr'>cibaria,</span> <span class='ocrx_word' id='word_1_102' title='bbox 1414 1103 1617 1143; x_wconf 89' lang='lat' dir='ltr'>saccos</span> <span class='ocrx_word' id='word_1_103' title='bbox 1646 1090 1873 1142; x_wconf 90' lang='lat' dir='ltr'>veteres</span> <span class='ocrx_word' id='word_1_104' title='bbox 1903 1083 2087 1141; x_wconf 84' lang='lat' dir='ltr'>asinis</span> 
     </span>
    </p>
   </div>
   <div class='ocr_carea' id='block_1_11' title="bbox 440 1175 2091 1254">
    <p class='ocr_par' dir='ltr' id='par_1_11' title="bbox 440 1175 2091 1254">
     <span class='ocr_line' id='line_1_11' title="bbox 440 1175 2091 1254; baseline -0.005 -16"><span class='ocrx_word' id='word_1_105' title='bbox 440 1183 834 1254; x_wconf 87' lang='lat' dir='ltr'>imponentes,</span> <span class='ocrx_word' id='word_1_106' title='bbox 865 1182 923 1235; x_wconf 89' lang='lat' dir='ltr'>et</span> <span class='ocrx_word' id='word_1_107' title='bbox 953 1182 1113 1234; x_wconf 87' lang='lat' dir='ltr'>utres</span> <span class='ocrx_word' id='word_1_108' title='bbox 1162 1176 1419 1232; x_wconf 77' lang='lat' dir='ltr'>vinarios</span> <span class='ocrx_word' id='word_1_109' title='bbox 1460 1175 1672 1232; x_wconf 89' lang='lat' dir='ltr'>scissos</span> <span class='ocrx_word' id='word_1_110' title='bbox 1720 1178 1897 1247; x_wconf 90' lang='lat' dir='ltr'>atque</span> <span class='ocrx_word' id='word_1_111' title='bbox 1945 1190 2091 1229; x_wconf 90' lang='lat' dir='ltr'>con-</span> 
     </span>
    </p>
   </div>
   <div class='ocr_carea' id='block_1_12' title="bbox 443 1261 2093 1341">
    <p class='ocr_par' dir='ltr' id='par_1_12' title="bbox 443 1261 2093 1341">
     <span class='ocr_line' id='line_1_12' title="bbox 443 1261 2093 1341; baseline -0.006 -14"><span class='ocrx_word' id='word_1_112' title='bbox 443 1275 629 1341; x_wconf 88' lang='lat' dir='ltr'>sutos,</span> <span class='ocrx_word' id='word_1_113' title='bbox 664 1268 1175 1338; x_wconf 87' lang='lat' dir='ltr'>calceamentaque</span> <span class='ocrx_word' id='word_1_114' title='bbox 1230 1265 1603 1337; x_wconf 90' lang='lat' dir='ltr'>perantiqua,</span> <span class='ocrx_word' id='word_1_115' title='bbox 1639 1282 1767 1337; x_wconf 80' lang='lat' dir='ltr'>quas</span> <span class='ocrx_word' id='word_1_116' title='bbox 1815 1262 1889 1319; x_wconf 92' lang='lat' dir='ltr'>ad</span> <span class='ocrx_word' id='word_1_117' title='bbox 1934 1261 2093 1317; x_wconf 91' lang='lat' dir='ltr'>indi-</span> 
     </span>
    </p>
   </div>
   <div class='ocr_carea' id='block_1_13' title="bbox 442 1352 2097 1427">
    <p class='ocr_par' dir='ltr' id='par_1_13' title="bbox 442 1352 2097 1427">
     <span class='ocr_line' id='line_1_13' title="bbox 442 1352 2097 1427; baseline -0.005 -12"><span class='ocrx_word' id='word_1_118' title='bbox 442 1361 599 1415; x_wconf 90' lang='lat' dir='ltr'>cium</span> <span class='ocrx_word' id='word_1_119' title='bbox 626 1356 937 1415; x_wconf 86' lang='lat' dir='ltr'>vetustatis</span> <span class='ocrx_word' id='word_1_120' title='bbox 968 1353 1225 1427; x_wconf 91' lang='lat' dir='ltr'>pittaciis</span> <span class='ocrx_word' id='word_1_121' title='bbox 1247 1358 1495 1410; x_wconf 89' lang='lat' dir='ltr'>consuta</span> <span class='ocrx_word' id='word_1_122' title='bbox 1521 1352 1909 1420; x_wconf 88' lang='lat' dir='ltr'>erant,induti</span> <span class='ocrx_word' id='word_1_123' title='bbox 1942 1356 2097 1407; x_wconf 90' lang='lat' dir='ltr'>vete-</span> 
     </span>
    </p>
   </div>
   <div class='ocr_carea' id='block_1_14' title="bbox 446 1441 2097 1516">
    <p class='ocr_par' dir='ltr' id='par_1_14' title="bbox 446 1441 2097 1516">
     <span class='ocr_line' id='line_1_14' title="bbox 446 1441 2097 1516; baseline -0.005 -12"><span class='ocrx_word' id='word_1_124' title='bbox 446 1448 611 1504; x_wconf 88' lang='lat' dir='ltr'>ribus</span> <span class='ocrx_word' id='word_1_125' title='bbox 638 1444 1003 1502; x_wconf 82' lang='lat' dir='ltr'>vestimentis</span> <span class='ocrx_word' id='word_1_126' title='bbox 1036 1462 1049 1499; x_wconf 89' lang='lat'>:</span> <span class='ocrx_word' id='word_1_127' title='bbox 1098 1459 1280 1516; x_wconf 89' lang='lat' dir='ltr'>panes</span> <span class='ocrx_word' id='word_1_128' title='bbox 1312 1458 1548 1515; x_wconf 91' lang='lat' dir='ltr'>quoque</span> <span class='ocrx_word' id='word_1_129' title='bbox 1599 1458 1749 1514; x_wconf 91' lang='lat' dir='ltr'>quos</span> <span class='ocrx_word' id='word_1_130' title='bbox 1780 1441 2097 1513; x_wconf 85' lang='lat' dir='ltr'>portabant</span> 
     </span>
    </p>
   </div>
   <div class='ocr_carea' id='block_1_15' title="bbox 448 1529 2095 1603">
    <p class='ocr_par' dir='ltr' id='par_1_15' title="bbox 448 1529 2095 1603">
     <span class='ocr_line' id='line_1_15' title="bbox 448 1529 2095 1603; baseline -0.004 -10"><span class='ocrx_word' id='word_1_131' title='bbox 448 1538 521 1593; x_wconf 92' lang='lat' dir='ltr'>ob</span> <span class='ocrx_word' id='word_1_132' title='bbox 554 1536 850 1603; x_wconf 83' lang='lat' dir='ltr'>viaticum,</span> <span class='ocrx_word' id='word_1_133' title='bbox 884 1533 1017 1589; x_wconf 91' lang='lat' dir='ltr'>duri</span> <span class='ocrx_word' id='word_1_134' title='bbox 1065 1536 1251 1599; x_wconf 90' lang='lat' dir='ltr'>erant,</span> <span class='ocrx_word' id='word_1_135' title='bbox 1281 1536 1339 1587; x_wconf 91' lang='lat' dir='ltr'>et</span> <span class='ocrx_word' id='word_1_136' title='bbox 1367 1531 1428 1587; x_wconf 93' lang='lat' dir='ltr'>in</span> <span class='ocrx_word' id='word_1_137' title='bbox 1480 1532 1669 1588; x_wconf 85' lang='lat' dir='ltr'>frusta</span> <span class='ocrx_word' id='word_1_138' title='bbox 1694 1529 2046 1587; x_wconf 87' lang='lat' dir='ltr'>comminuti</span> <span class='ocrx_word' id='word_1_139' title='bbox 2080 1546 2095 1587; x_wconf 88' lang='lat'><strong>:</strong></span> 
     </span>
    </p>
   </div>
   <div class='ocr_carea' id='block_1_16' title="bbox 451 1625 2098 1707">
    <p class='ocr_par' dir='ltr' id='par_1_16' title="bbox 451 1625 2098 1707">
     <span class='ocr_line' id='line_1_16' title="bbox 451 1625 2098 1707; baseline -0.005 -17"><span class='ocrx_word' id='word_1_140' title='bbox 451 1636 942 1707; x_wconf 86' lang='lat' dir='ltr'>perrexeruntque</span> <span class='ocrx_word' id='word_1_141' title='bbox 991 1630 1063 1686; x_wconf 92' lang='lat' dir='ltr'>ad</span> <span class='ocrx_word' id='word_1_142' title='bbox 1092 1630 1292 1696; x_wconf 88' lang='lat' dir='ltr'>Josue,</span> <span class='ocrx_word' id='word_1_143' title='bbox 1325 1628 1426 1700; x_wconf 90' lang='lat' dir='ltr'>qui</span> <span class='ocrx_word' id='word_1_144' title='bbox 1473 1632 1616 1685; x_wconf 88' lang='lat' dir='ltr'>tunc</span> <span class='ocrx_word' id='word_1_145' title='bbox 1664 1628 2008 1685; x_wconf 87' lang='lat' dir='ltr'>morabatur</span> <span class='ocrx_word' id='word_1_146' title='bbox 2036 1625 2098 1682; x_wconf 91' lang='lat' dir='ltr'>in</span> 
     </span>
    </p>
   </div>
   <div class='ocr_carea' id='block_1_17' title="bbox 455 1714 2102 1793">
    <p class='ocr_par' dir='ltr' id='par_1_17' title="bbox 455 1714 2102 1793">
     <span class='ocr_line' id='line_1_17' title="bbox 455 1714 2102 1793; baseline -0.005 -13"><span class='ocrx_word' id='word_1_147' title='bbox 455 1723 666 1780; x_wconf 85' lang='lat' dir='ltr'>castris</span> <span class='ocrx_word' id='word_1_148' title='bbox 696 1719 970 1793; x_wconf 67' lang='lat' dir='ltr'>Galgalaa,</span> <span class='ocrx_word' id='word_1_149' title='bbox 1004 1722 1061 1776; x_wconf 91' lang='lat' dir='ltr'>et</span> <span class='ocrx_word' id='word_1_150' title='bbox 1112 1718 1383 1775; x_wconf 89' lang='lat' dir='ltr'>dixerunt</span> <span class='ocrx_word' id='word_1_151' title='bbox 1411 1716 1484 1787; x_wconf 92' lang='lat' dir='ltr'>ei,</span> <span class='ocrx_word' id='word_1_152' title='bbox 1518 1721 1695 1790; x_wconf 91' lang='lat' dir='ltr'>atque</span> <span class='ocrx_word' id='word_1_153' title='bbox 1727 1717 1887 1774; x_wconf 89' lang='lat' dir='ltr'>omni</span> <span class='ocrx_word' id='word_1_154' title='bbox 1920 1714 2102 1773; x_wconf 91' lang='lat' dir='ltr'>simul</span> 
     </span>
    </p>
   </div>
   <div class='ocr_carea' id='block_1_18' title="bbox 2196 907 3845 983">
    <p class='ocr_par' dir='ltr' id='par_1_18' title="bbox 2196 907 3845 983">
     <span class='ocr_line' id='line_1_18' title="bbox 2196 907 3845 983; baseline 0.002 -18"><span class='ocrx_word' id='word_1_155' title='bbox 2196 912 2388 965; x_wconf 89' lang='lat' dir='ltr'>vestra</span> <span class='ocrx_word' id='word_1_156' title='bbox 2415 907 2576 980; x_wconf 91' lang='lat' dir='ltr'>ligna</span> <span class='ocrx_word' id='word_1_157' title='bbox 2605 908 2857 976; x_wconf 57' lang='lat' dir='ltr'>credens,</span> <span class='ocrx_word' id='word_1_158' title='bbox 2889 925 3193 982; x_wconf 89' lang='lat' dir='ltr'>aquasque</span> <span class='ocrx_word' id='word_1_159' title='bbox 3237 915 3613 983; x_wconf 86' lang='lat' dir='ltr'>comportans</span> <span class='ocrx_word' id='word_1_160' title='bbox 3642 909 3701 966; x_wconf 82' lang='lat' dir='ltr'>is</span> <span class='ocrx_word' id='word_1_161' title='bbox 3735 911 3845 968; x_wconf 88' lang='lat' dir='ltr'>do-</span> 
     </span>
    </p>
   </div>
   <div class='ocr_carea' id='block_1_19' title="bbox 2201 995 3848 1071">
    <p class='ocr_par' dir='ltr' id='par_1_19' title="bbox 2201 995 3848 1071">
     <span class='ocr_line' id='line_1_19' title="bbox 2201 995 3848 1071; baseline 0.002 -18"><span class='ocrx_word' id='word_1_162' title='bbox 2201 1013 2366 1053; x_wconf 91' lang='lat' dir='ltr'>mum</span> <span class='ocrx_word' id='word_1_163' title='bbox 2398 996 2497 1053; x_wconf 89' lang='lat' dir='ltr'>Dei</span> <span class='ocrx_word' id='word_1_164' title='bbox 2527 995 2660 1052; x_wconf 91' lang='lat' dir='ltr'>mei.</span> <span class='ocrx_word' id='word_1_165' title='bbox 2689 997 2797 1063; x_wconf 88' lang='lat' dir='ltr'>Qui</span> <span class='ocrx_word' id='word_1_166' title='bbox 2845 1000 3278 1071; x_wconf 86' lang='lat' dir='ltr'>responderunt</span> <span class='ocrx_word' id='word_1_167' title='bbox 3307 1015 3321 1055; x_wconf 88' lang='lat'><strong>:</strong></span> <span class='ocrx_word' id='word_1_168' title='bbox 3353 998 3699 1057; x_wconf 83' lang='lat' dir='ltr'>Nuntiatum</span> <span class='ocrx_word' id='word_1_169' title='bbox 3751 1005 3848 1057; x_wconf 86' lang='lat' dir='ltr'>est</span> 
     </span>
    </p>
   </div>
   <div class='ocr_carea' id='block_1_20' title="bbox 2200 1085 3850 1162">
    <p class='ocr_par' dir='ltr' id='par_1_20' title="bbox 2200 1085 3850 1162">
     <span class='ocr_line' id='line_1_20' title="bbox 2200 1085 3850 1162; baseline 0.001 -19"><span class='ocrx_word' id='word_1_170' title='bbox 2200 1086 2373 1143; x_wconf 91' lang='lat' dir='ltr'>nobis</span> <span class='ocrx_word' id='word_1_171' title='bbox 2402 1086 2485 1155; x_wconf 91' lang='lat' dir='ltr'>[b.</span> <span class='ocrx_word' id='word_1_172' title='bbox 2519 1103 2634 1142; x_wconf 90' lang='lat' dir='ltr'>non</span> <span class='ocrx_word' id='word_1_173' title='bbox 2669 1085 2845 1143; x_wconf 90' lang='lat' dir='ltr'>habet</span> <span class='ocrx_word' id='word_1_174' title='bbox 2874 1086 3067 1159; x_wconf 90' lang='lat' dir='ltr'>nobis]</span> <span class='ocrx_word' id='word_1_175' title='bbox 3093 1087 3277 1145; x_wconf 83' lang='lat' dir='ltr'>servis</span> <span class='ocrx_word' id='word_1_176' title='bbox 3307 1088 3599 1162; x_wconf 87' lang='lat' dir='ltr'>tuis,quia</span> <span class='ocrx_word' id='word_1_177' title='bbox 3627 1090 3850 1161; x_wconf 84' lang='lat' dir='ltr'>promi-</span> 
     </span>
    </p>
   </div>
   <div class='ocr_carea' id='block_1_21' title="bbox 2201 1175 3852 1248">
    <p class='ocr_par' dir='ltr' id='par_1_21' title="bbox 2201 1175 3852 1248">
     <span class='ocr_line' id='line_1_21' title="bbox 2201 1175 3852 1248; baseline 0.002 -16"><span class='ocrx_word' id='word_1_178' title='bbox 2201 1175 2379 1232; x_wconf 87' lang='lat' dir='ltr'>sisset</span> <span class='ocrx_word' id='word_1_179' title='bbox 2423 1176 2707 1231; x_wconf 88' lang='lat' dir='ltr'>Dominus</span> <span class='ocrx_word' id='word_1_180' title='bbox 2736 1180 2888 1232; x_wconf 86' lang='lat' dir='ltr'>Deus</span> <span class='ocrx_word' id='word_1_181' title='bbox 2915 1180 3057 1233; x_wconf 88' lang='lat' dir='ltr'>tuus</span> <span class='ocrx_word' id='word_1_182' title='bbox 3099 1178 3245 1234; x_wconf 89' lang='lat' dir='ltr'>Mosi</span> <span class='ocrx_word' id='word_1_183' title='bbox 3277 1193 3441 1235; x_wconf 88' lang='lat' dir='ltr'>servo</span> <span class='ocrx_word' id='word_1_184' title='bbox 3469 1195 3599 1248; x_wconf 88' lang='lat' dir='ltr'>suo,</span> <span class='ocrx_word' id='word_1_185' title='bbox 3630 1184 3695 1235; x_wconf 92' lang='lat' dir='ltr'>ut</span> <span class='ocrx_word' id='word_1_186' title='bbox 3724 1183 3852 1235; x_wconf 87' lang='lat' dir='ltr'>tra-</span> 
     </span>
    </p>
   </div>
   <div class='ocr_carea' id='block_1_22' title="bbox 2202 1266 3850 1342">
    <p class='ocr_par' dir='ltr' id='par_1_22' title="bbox 2202 1266 3850 1342">
     <span class='ocr_line' id='line_1_22' title="bbox 2202 1266 3850 1342; baseline 0.003 -20"><span class='ocrx_word' id='word_1_187' title='bbox 2202 1267 2365 1323; x_wconf 90' lang='lat' dir='ltr'>deret</span> <span class='ocrx_word' id='word_1_188' title='bbox 2390 1266 2556 1322; x_wconf 90' lang='lat' dir='ltr'>vobis</span> <span class='ocrx_word' id='word_1_189' title='bbox 2584 1281 2819 1323; x_wconf 90' lang='lat' dir='ltr'>omnem</span> <span class='ocrx_word' id='word_1_190' title='bbox 2850 1274 3090 1335; x_wconf 88' lang='lat' dir='ltr'>terram,</span> <span class='ocrx_word' id='word_1_191' title='bbox 3122 1272 3180 1324; x_wconf 92' lang='lat' dir='ltr'>et</span> <span class='ocrx_word' id='word_1_192' title='bbox 3205 1268 3571 1342; x_wconf 79' lang='lat' dir='ltr'>disperderet</span> <span class='ocrx_word' id='word_1_193' title='bbox 3599 1276 3850 1327; x_wconf 87' lang='lat' dir='ltr'>cunctos</span> 
     </span>
    </p>
   </div>
   <div class='ocr_carea' id='block_1_23' title="bbox 2203 1355 3851 1433">
    <p class='ocr_par' dir='ltr' id='par_1_23' title="bbox 2203 1355 3851 1433">
     <span class='ocr_line' id='line_1_23' title="bbox 2203 1355 3851 1433; baseline 0.002 -21"><span class='ocrx_word' id='word_1_194' title='bbox 2203 1355 2567 1412; x_wconf 88' lang='lat' dir='ltr'>habitatores</span> <span class='ocrx_word' id='word_1_195' title='bbox 2596 1356 2724 1427; x_wconf 88' lang='lat' dir='ltr'>ejus</span> <span class='ocrx_word' id='word_1_196' title='bbox 2757 1355 2838 1428; x_wconf 87' lang='lat' dir='ltr'>[b.</span> <span class='ocrx_word' id='word_1_197' title='bbox 2872 1373 2907 1412; x_wconf 94' lang='lat' dir='ltr'>a</span> <span class='ocrx_word' id='word_1_198' title='bbox 2935 1356 3079 1413; x_wconf 82' lang='lat' dir='ltr'>facie</span> <span class='ocrx_word' id='word_1_199' title='bbox 3107 1358 3344 1429; x_wconf 89' lang='lat' dir='ltr'>vestra].</span> <span class='ocrx_word' id='word_1_200' title='bbox 3374 1359 3701 1416; x_wconf 88' lang='lat' dir='ltr'>Timuimus</span> <span class='ocrx_word' id='word_1_201' title='bbox 3736 1360 3851 1433; x_wconf 89' lang='lat' dir='ltr'>igi-</span> 
     </span>
    </p>
   </div>
   <div class='ocr_carea' id='block_1_24' title="bbox 2204 1443 3854 1517">
    <p class='ocr_par' dir='ltr' id='par_1_24' title="bbox 2204 1443 3854 1517">
     <span class='ocr_line' id='line_1_24' title="bbox 2204 1443 3854 1517; baseline 0.002 -17"><span class='ocrx_word' id='word_1_202' title='bbox 2204 1448 2302 1500; x_wconf 89' lang='lat' dir='ltr'>tur</span> <span class='ocrx_word' id='word_1_203' title='bbox 2330 1443 2517 1512; x_wconf 83' lang='lat' dir='ltr'>valde,</span> <span class='ocrx_word' id='word_1_204' title='bbox 2548 1449 2606 1500; x_wconf 91' lang='lat' dir='ltr'>et</span> <span class='ocrx_word' id='word_1_205' title='bbox 2653 1444 3015 1517; x_wconf 81' lang='lat' dir='ltr'>providimus</span> <span class='ocrx_word' id='word_1_206' title='bbox 3045 1447 3360 1504; x_wconf 88' lang='lat' dir='ltr'>animabus</span> <span class='ocrx_word' id='word_1_207' title='bbox 3408 1449 3625 1506; x_wconf 88' lang='lat' dir='ltr'>nostris</span> <span class='ocrx_word' id='word_1_208' title='bbox 3654 1453 3854 1506; x_wconf 87' lang='lat' dir='ltr'>vestro</span> 
     </span>
    </p>
   </div>
   <div class='ocr_carea' id='block_1_25' title="bbox 2206 1533 3857 1606">
    <p class='ocr_par' dir='ltr' id='par_1_25' title="bbox 2206 1533 3857 1606">
     <span class='ocr_line' id='line_1_25' title="bbox 2206 1533 3857 1606; baseline 0.002 -16"><span class='ocrx_word' id='word_1_209' title='bbox 2206 1539 2426 1591; x_wconf 90' lang='lat' dir='ltr'>terrore</span> <span class='ocrx_word' id='word_1_210' title='bbox 2454 1533 2765 1606; x_wconf 89' lang='lat' dir='ltr'>compulsi,</span> <span class='ocrx_word' id='word_1_211' title='bbox 2796 1539 2853 1591; x_wconf 92' lang='lat' dir='ltr'>et</span> <span class='ocrx_word' id='word_1_212' title='bbox 2877 1534 2985 1591; x_wconf 92' lang='lat' dir='ltr'>hoc</span> <span class='ocrx_word' id='word_1_213' title='bbox 3015 1536 3328 1593; x_wconf 88' lang='lat' dir='ltr'>consilium</span> <span class='ocrx_word' id='word_1_214' title='bbox 3358 1536 3659 1594; x_wconf 87' lang='lat' dir='ltr'>inivimus.</span> <span class='ocrx_word' id='word_1_215' title='bbox 3684 1538 3857 1595; x_wconf 82' lang='lat' dir='ltr'>Nunc</span> 
     </span>
    </p>
   </div>
   <div class='ocr_carea' id='block_1_26' title="bbox 2210 1623 3858 1699">
    <p class='ocr_par' dir='ltr' id='par_1_26' title="bbox 2210 1623 3858 1699">
     <span class='ocr_line' id='line_1_26' title="bbox 2210 1623 3858 1699; baseline 0.002 -18"><span class='ocrx_word' id='word_1_216' title='bbox 2210 1628 2405 1681; x_wconf 84' lang='lat' dir='ltr'>autem</span> <span class='ocrx_word' id='word_1_217' title='bbox 2436 1623 2496 1679; x_wconf 91' lang='lat' dir='ltr'>in</span> <span class='ocrx_word' id='word_1_218' title='bbox 2529 1640 2710 1680; x_wconf 90' lang='lat' dir='ltr'>manu</span> <span class='ocrx_word' id='word_1_219' title='bbox 2756 1628 2859 1680; x_wconf 86' lang='lat' dir='ltr'>tua</span> <span class='ocrx_word' id='word_1_220' title='bbox 2905 1642 3115 1681; x_wconf 91' lang='lat' dir='ltr'>sumus</span> <span class='ocrx_word' id='word_1_221' title='bbox 3147 1641 3160 1680; x_wconf 89' lang='lat'><strong>:</strong></span> <span class='ocrx_word' id='word_1_222' title='bbox 3195 1627 3351 1699; x_wconf 89' lang='lat' dir='ltr'>quod</span> <span class='ocrx_word' id='word_1_223' title='bbox 3401 1627 3509 1683; x_wconf 85' lang='lat' dir='ltr'>tibi</span> <span class='ocrx_word' id='word_1_224' title='bbox 3539 1628 3765 1684; x_wconf 87' lang='lat' dir='ltr'>bonum</span> <span class='ocrx_word' id='word_1_225' title='bbox 3798 1632 3858 1685; x_wconf 87' lang='lat' dir='ltr'>et</span> 
     </span>
    </p>
   </div>
   <div class='ocr_carea' id='block_1_27' title="bbox 2210 1711 3859 1789">
    <p class='ocr_par' dir='ltr' id='par_1_27' title="bbox 2210 1711 3859 1789">
     <span class='ocr_line' id='line_1_27' title="bbox 2210 1711 3859 1789; baseline 0.004 -21"><span class='ocrx_word' id='word_1_226' title='bbox 2210 1716 2431 1769; x_wconf 89' lang='lat' dir='ltr'>rectum</span> <span class='ocrx_word' id='word_1_227' title='bbox 2459 1711 2708 1784; x_wconf 90' lang='lat' dir='ltr'>videtur,</span> <span class='ocrx_word' id='word_1_228' title='bbox 2742 1713 2830 1769; x_wconf 80' lang='lat' dir='ltr'>fac</span> <span class='ocrx_word' id='word_1_229' title='bbox 2859 1713 3050 1771; x_wconf 90' lang='lat' dir='ltr'>nobis.</span> <span class='ocrx_word' id='word_1_230' title='bbox 3066 1715 3221 1772; x_wconf 83' lang='lat' dir='ltr'>Fecit</span> <span class='ocrx_word' id='word_1_231' title='bbox 3248 1732 3387 1789; x_wconf 89' lang='lat' dir='ltr'>ergo</span> <span class='ocrx_word' id='word_1_232' title='bbox 3402 1717 3575 1774; x_wconf 82' lang='lat' dir='ltr'>Josue</span> <span class='ocrx_word' id='word_1_233' title='bbox 3605 1720 3675 1773; x_wconf 92' lang='lat' dir='ltr'>ut</span> <span class='ocrx_word' id='word_1_234' title='bbox 3691 1717 3859 1774; x_wconf 87' lang='lat' dir='ltr'>dixe-</span> 
     </span>
    </p>
   </div>
   <div class='ocr_carea' id='block_1_28' title="bbox 455 1801 3863 1915">
    <p class='ocr_par' dir='ltr' id='par_1_28' title="bbox 455 1801 3863 1915">
     <span class='ocr_line' id='line_1_28' title="bbox 455 1801 3863 1915; baseline -0.002 -46"><span class='ocrx_word' id='word_1_235' title='bbox 455 1811 657 1870; x_wconf 88' lang='lat' dir='ltr'>Israeli</span> <span class='ocrx_word' id='word_1_236' title='bbox 690 1828 703 1866; x_wconf 88' lang='lat'><strong>:</strong></span> <span class='ocrx_word' id='word_1_237' title='bbox 736 1810 817 1868; x_wconf 92' lang='lat' dir='ltr'>De</span> <span class='ocrx_word' id='word_1_238' title='bbox 845 1813 1004 1866; x_wconf 88' lang='lat' dir='ltr'>terra</span> <span class='ocrx_word' id='word_1_239' title='bbox 1048 1809 1373 1881; x_wconf 90' lang='lat' dir='ltr'>longinqua</span> <span class='ocrx_word' id='word_1_240' title='bbox 1422 1806 1716 1873; x_wconf 89' lang='lat' dir='ltr'>venimus,</span> <span class='ocrx_word' id='word_1_241' title='bbox 1747 1821 1952 1879; x_wconf 89' lang='lat' dir='ltr'>pacem</span> <span class='ocrx_word' id='word_1_242' title='bbox 1998 1821 2094 1861; x_wconf 80' lang='lat' dir='ltr'>vo-</span> <span class='ocrx_word' id='word_1_243' title='bbox 2131 1848 2182 1915; x_wconf 79' lang='grc' dir='ltr'><strong>Β</strong></span> <span class='ocrx_word' id='word_1_244' title='bbox 2211 1809 2321 1871; x_wconf 88' lang='lat' dir='ltr'>rat,</span> <span class='ocrx_word' id='word_1_245' title='bbox 2351 1806 2410 1858; x_wconf 92' lang='lat' dir='ltr'>et</span> <span class='ocrx_word' id='word_1_246' title='bbox 2454 1801 2723 1858; x_wconf 89' lang='lat' dir='ltr'>liberavit</span> <span class='ocrx_word' id='word_1_247' title='bbox 2750 1817 2850 1859; x_wconf 90' lang='lat' dir='ltr'>eos</span> <span class='ocrx_word' id='word_1_248' title='bbox 2898 1802 2970 1860; x_wconf 92' lang='lat' dir='ltr'>de</span> <span class='ocrx_word' id='word_1_249' title='bbox 3019 1819 3199 1861; x_wconf 89' lang='lat' dir='ltr'>manu</span> <span class='ocrx_word' id='word_1_250' title='bbox 3248 1804 3506 1862; x_wconf 84' lang='lat' dir='ltr'>ﬁliorum</span> <span class='ocrx_word' id='word_1_251' title='bbox 3552 1804 3759 1873; x_wconf 89' lang='lat' dir='ltr'>Israel,</span> <span class='ocrx_word' id='word_1_252' title='bbox 3792 1811 3863 1863; x_wconf 88' lang='lat' dir='ltr'>ut</span> 
     </span>
     <span class='ocr_line' id='line_1_29' title="bbox 455 1891 3852 1915; baseline 0 0"><span class='ocrx_word' id='word_1_253' title='bbox 455 1902 469 1915; x_wconf 76' lang='grc' dir='ltr'>ι</span> <span class='ocrx_word' id='word_1_254' title='bbox 496 1901 510 1915; x_wconf 78' lang='grc' dir='ltr'><strong>ο</strong></span> <span class='ocrx_word' id='word_1_255' title='bbox 746 1899 769 1915; x_wconf 71' lang='grc' dir='ltr'><strong>ρ</strong></span> <span class='ocrx_word' id='word_1_256' title='bbox 846 1914 853 1915; x_wconf 60' lang='lat'><strong><em>,</em></strong></span> <span class='ocrx_word' id='word_1_257' title='bbox 911 1913 919 1915; x_wconf 36' lang='grc' dir='ltr'><strong><em>μ</em></strong></span> <span class='ocrx_word' id='word_1_258' title='bbox 1004 1914 1011 1915; x_wconf 60' lang='lat'><strong><em>,</em></strong></span> <span class='ocrx_word' id='word_1_259' title='bbox 1109 1898 1121 1910; x_wconf 76' lang='grc' dir='ltr'><strong>ο</strong></span> <span class='ocrx_word' id='word_1_260' title='bbox 1206 1901 1220 1915; x_wconf 79' lang='grc' dir='ltr'><strong><em>ι</em></strong></span> <span class='ocrx_word' id='word_1_261' title='bbox 1241 1913 1249 1915; x_wconf 24' lang='grc' dir='ltr'>ξ</span> <span class='ocrx_word' id='word_1_262' title='bbox 1272 1914 1279 1915; x_wconf 60' lang='lat'><strong><em>,</em></strong></span> <span class='ocrx_word' id='word_1_263' title='bbox 1368 1901 1512 1915; x_wconf 35' lang='lat' dir='ltr'>n--x</span> <span class='ocrx_word' id='word_1_264' title='bbox 1534 1913 1589 1915; x_wconf 33' lang='grc' dir='ltr'><em>,Ὗ</em></span> <span class='ocrx_word' id='word_1_265' title='bbox 1616 1897 1926 1915; x_wconf 34' lang='grc' dir='ltr'>Δᾼημμι-μ--</span> <span class='ocrx_word' id='word_1_266' title='bbox 1989 1893 2093 1915; x_wconf 57' lang='grc' dir='ltr'>--ε-ε</span> <span class='ocrx_word' id='word_1_267' title='bbox 2212 1907 2323 1915; x_wconf 54' lang='grc' dir='ltr'>-Α-</span> <span class='ocrx_word' id='word_1_268' title='bbox 2360 1891 2762 1915; x_wconf 68' lang='grc' dir='ltr'>---ξ-1----ι---</span> <span class='ocrx_word' id='word_1_269' title='bbox 2805 1893 3178 1915; x_wconf 64' lang='lat' dir='ltr'>n--_--_!1____</span> <span class='ocrx_word' id='word_1_270' title='bbox 3202 1893 3256 1915; x_wconf 74' lang='lat'>2_</span> <span class='ocrx_word' id='word_1_271' title='bbox 3294 1893 3388 1915; x_wconf 60' lang='grc'>211-</span> <span class='ocrx_word' id='word_1_272' title='bbox 3421 1895 3504 1915; x_wconf 63' lang='grc' dir='ltr'>λε-</span> <span class='ocrx_word' id='word_1_273' title='bbox 3534 1910 3622 1915; x_wconf 59' lang='lat'>---</span> <span class='ocrx_word' id='word_1_274' title='bbox 3656 1895 3852 1915; x_wconf 56' lang='lat'>_-_-2_.</span> 
     </span>
    </p>
   </div>
   <div class='ocr_carea' id='block_1_29' title="bbox 454 1891 3860 1973">
    <p class='ocr_par' dir='ltr' id='par_1_29' title="bbox 454 1891 3860 1973">
     <span class='ocr_line' id='line_1_30' title="bbox 454 1891 3860 1973; baseline -0.002 -15"><span class='ocrx_word' id='word_1_275' title='bbox 454 1901 707 1973; x_wconf 17' lang='lat' dir='ltr'>hiscum,</span> <span class='ocrx_word' id='word_1_276' title='bbox 742 1899 930 1957; x_wconf 86' lang='lat' dir='ltr'>facere</span> <span class='ocrx_word' id='word_1_277' title='bbox 990 1898 1311 1970; x_wconf 89' lang='lat' dir='ltr'>cupientes.</span> <span class='ocrx_word' id='word_1_278' title='bbox 1368 1897 1933 1969; x_wconf 86' lang='lat' dir='ltr'>Responderuntque</span> <span class='ocrx_word' id='word_1_279' title='bbox 1989 1893 2097 1949; x_wconf 89' lang='lat' dir='ltr'>viri</span> <span class='ocrx_word' id='word_1_280' title='bbox 2133 1891 2182 1915; x_wconf 78' lang='lat'>”</span> <span class='ocrx_word' id='word_1_281' title='bbox 2212 1907 2328 1947; x_wconf 92' lang='lat' dir='ltr'>non</span> <span class='ocrx_word' id='word_1_282' title='bbox 2358 1891 2782 1948; x_wconf 89' lang='lat' dir='ltr'>occiderentur.</span> <span class='ocrx_word' id='word_1_283' title='bbox 2805 1893 3183 1966; x_wconf 87' lang='lat' dir='ltr'>Decrevitque</span> <span class='ocrx_word' id='word_1_284' title='bbox 3202 1893 3264 1949; x_wconf 92' lang='lat' dir='ltr'>in</span> <span class='ocrx_word' id='word_1_285' title='bbox 3294 1893 3395 1951; x_wconf 93' lang='lat' dir='ltr'>illo</span> <span class='ocrx_word' id='word_1_286' title='bbox 3414 1895 3509 1952; x_wconf 91' lang='lat' dir='ltr'>die</span> <span class='ocrx_word' id='word_1_287' title='bbox 3527 1910 3627 1952; x_wconf 90' lang='lat' dir='ltr'>eos</span> <span class='ocrx_word' id='word_1_288' title='bbox 3647 1895 3860 1952; x_wconf 90' lang='lat' dir='ltr'>essein</span> 
     </span>
    </p>
   </div>
   <div class='ocr_carea' id='block_1_30' title="bbox 459 1983 2102 2061">
    <p class='ocr_par' dir='ltr' id='par_1_30' title="bbox 459 1983 2102 2061">
     <span class='ocr_line' id='line_1_31' title="bbox 459 1983 2102 2061; baseline -0.005 -13"><span class='ocrx_word' id='word_1_289' title='bbox 459 1991 638 2048; x_wconf 90' lang='lat' dir='ltr'>Israel</span> <span class='ocrx_word' id='word_1_290' title='bbox 669 1990 741 2047; x_wconf 92' lang='lat' dir='ltr'>ad</span> <span class='ocrx_word' id='word_1_291' title='bbox 772 2005 872 2046; x_wconf 91' lang='lat' dir='ltr'>eos</span> <span class='ocrx_word' id='word_1_292' title='bbox 924 1987 1005 2061; x_wconf 93' lang='lat' dir='ltr'>[b.</span> <span class='ocrx_word' id='word_1_293' title='bbox 1040 1988 1112 2043; x_wconf 90' lang='lat' dir='ltr'>ad</span> <span class='ocrx_word' id='word_1_294' title='bbox 1144 1986 1426 2058; x_wconf 76' lang='lat' dir='ltr'>Evaaum],</span> <span class='ocrx_word' id='word_1_295' title='bbox 1461 1990 1632 2057; x_wconf 89' lang='lat' dir='ltr'>atque</span> <span class='ocrx_word' id='word_1_296' title='bbox 1669 1985 1945 2040; x_wconf 87' lang='lat' dir='ltr'>dixerunt</span> <span class='ocrx_word' id='word_1_297' title='bbox 1977 2000 1990 2039; x_wconf 91' lang='lat'>:</span> <span class='ocrx_word' id='word_1_298' title='bbox 2019 1983 2102 2039; x_wconf 89' lang='lat' dir='ltr'>Ne</span> 
     </span>
    </p>
   </div>
   <div class='ocr_carea' id='block_1_31' title="bbox 464 2071 2102 2149">
    <p class='ocr_par' dir='ltr' id='par_1_31' title="bbox 464 2071 2102 2149">
     <span class='ocr_line' id='line_1_32' title="bbox 464 2071 2102 2149; baseline -0.005 -12"><span class='ocrx_word' id='word_1_299' title='bbox 464 2080 663 2137; x_wconf 85' lang='lat' dir='ltr'>forsan</span> <span class='ocrx_word' id='word_1_300' title='bbox 696 2079 754 2134; x_wconf 90' lang='lat' dir='ltr'>in</span> <span class='ocrx_word' id='word_1_301' title='bbox 787 2082 965 2147; x_wconf 90' lang='lat' dir='ltr'>terra,</span> <span class='ocrx_word' id='word_1_302' title='bbox 997 2093 1125 2149; x_wconf 56' lang='lat' dir='ltr'>qua</span> <span class='ocrx_word' id='word_1_303' title='bbox 1156 2076 1326 2131; x_wconf 89' lang='lat' dir='ltr'>nobis</span> <span class='ocrx_word' id='word_1_304' title='bbox 1357 2075 1504 2131; x_wconf 89' lang='lat' dir='ltr'>forte</span> <span class='ocrx_word' id='word_1_305' title='bbox 1535 2071 2102 2144; x_wconf 88' lang='lat' dir='ltr'>debetur,habitetis,</span> 
     </span>
    </p>
   </div>
   <div class='ocr_carea' id='block_1_32' title="bbox 460 2160 2106 2240">
    <p class='ocr_par' dir='ltr' id='par_1_32' title="bbox 460 2160 2106 2240">
     <span class='ocr_line' id='line_1_33' title="bbox 460 2160 2106 2240; baseline -0.006 -14"><span class='ocrx_word' id='word_1_306' title='bbox 460 2175 518 2226; x_wconf 89' lang='lat' dir='ltr'>et</span> <span class='ocrx_word' id='word_1_307' title='bbox 546 2185 661 2224; x_wconf 91' lang='lat' dir='ltr'>non</span> <span class='ocrx_word' id='word_1_308' title='bbox 696 2167 995 2240; x_wconf 89' lang='lat' dir='ltr'>possimus</span> <span class='ocrx_word' id='word_1_309' title='bbox 1044 2166 1234 2222; x_wconf 71' lang='lat' dir='ltr'>fcedus</span> <span class='ocrx_word' id='word_1_310' title='bbox 1277 2163 1426 2219; x_wconf 90' lang='lat' dir='ltr'>inire</span> <span class='ocrx_word' id='word_1_311' title='bbox 1454 2163 1781 2219; x_wconf 89' lang='lat' dir='ltr'>vobiscum.</span> <span class='ocrx_word' id='word_1_312' title='bbox 1813 2166 1886 2219; x_wconf 78' lang='lat' dir='ltr'>At</span> <span class='ocrx_word' id='word_1_313' title='bbox 1913 2161 2001 2216; x_wconf 92' lang='lat' dir='ltr'>illi</span> <span class='ocrx_word' id='word_1_314' title='bbox 2032 2160 2106 2217; x_wconf 89' lang='lat' dir='ltr'>ad</span> 
     </span>
    </p>
   </div>
   <div class='ocr_carea' id='block_1_33' title="bbox 465 2251 2104 2327">
    <p class='ocr_par' dir='ltr' id='par_1_33' title="bbox 465 2251 2104 2327">
     <span class='ocr_line' id='line_1_34' title="bbox 465 2251 2104 2327; baseline -0.007 -12"><span class='ocrx_word' id='word_1_315' title='bbox 465 2258 643 2316; x_wconf 83' lang='lat' dir='ltr'>Josue</span> <span class='ocrx_word' id='word_1_316' title='bbox 678 2273 691 2313; x_wconf 91' lang='lat'>:</span> <span class='ocrx_word' id='word_1_317' title='bbox 725 2255 911 2327; x_wconf 89' lang='lat' dir='ltr'>Servi,</span> <span class='ocrx_word' id='word_1_318' title='bbox 941 2253 1238 2326; x_wconf 76' lang='lat' dir='ltr'>inquiunt,</span> <span class='ocrx_word' id='word_1_319' title='bbox 1270 2253 1358 2308; x_wconf 90' lang='lat' dir='ltr'>tui</span> <span class='ocrx_word' id='word_1_320' title='bbox 1391 2251 1854 2317; x_wconf 91' lang='lat' dir='ltr'>sumus.Quibus</span> <span class='ocrx_word' id='word_1_321' title='bbox 1882 2251 2061 2306; x_wconf 86' lang='lat' dir='ltr'>Josue</span> <span class='ocrx_word' id='word_1_322' title='bbox 2090 2265 2104 2305; x_wconf 90' lang='lat'><strong>:</strong></span> 
     </span>
    </p>
   </div>
   <div class='ocr_carea' id='block_1_34' title="bbox 468 2349 2109 2426">
    <p class='ocr_par' dir='ltr' id='par_1_34' title="bbox 468 2349 2109 2426">
     <span class='ocr_line' id='line_1_35' title="bbox 468 2349 2109 2426; baseline -0.007 -13"><span class='ocrx_word' id='word_1_323' title='bbox 468 2356 739 2426; x_wconf 86' lang='lat' dir='ltr'>Quinam,</span> <span class='ocrx_word' id='word_1_324' title='bbox 763 2354 866 2425; x_wconf 90' lang='lat' dir='ltr'>ait,</span> <span class='ocrx_word' id='word_1_325' title='bbox 899 2353 1041 2409; x_wconf 89' lang='lat' dir='ltr'>estis</span> <span class='ocrx_word' id='word_1_326' title='bbox 1068 2369 1173 2408; x_wconf 91' lang='lat' dir='ltr'>vos</span> <span class='ocrx_word' id='word_1_327' title='bbox 1196 2352 1223 2406; x_wconf 85' lang='lat'><strong>?</strong></span> <span class='ocrx_word' id='word_1_328' title='bbox 1251 2355 1309 2407; x_wconf 91' lang='lat' dir='ltr'>et</span> <span class='ocrx_word' id='word_1_329' title='bbox 1338 2351 1493 2406; x_wconf 90' lang='lat' dir='ltr'>unde</span> <span class='ocrx_word' id='word_1_330' title='bbox 1522 2349 1766 2406; x_wconf 89' lang='lat' dir='ltr'>venistis</span> <span class='ocrx_word' id='word_1_331' title='bbox 1785 2349 1813 2404; x_wconf 82' lang='lat'>?</span> <span class='ocrx_word' id='word_1_332' title='bbox 1841 2353 2109 2421; x_wconf 78' lang='lat' dir='ltr'>Respon-</span> 
     </span>
    </p>
   </div>
   <div class='ocr_carea' id='block_1_35' title="bbox 472 2434 2112 2513">
    <p class='ocr_par' dir='ltr' id='par_1_35' title="bbox 472 2434 2112 2513">
     <span class='ocr_line' id='line_1_36' title="bbox 472 2434 2112 2513; baseline -0.008 -9"><span class='ocrx_word' id='word_1_333' title='bbox 472 2448 687 2504; x_wconf 86' lang='lat' dir='ltr'>derunt</span> <span class='ocrx_word' id='word_1_334' title='bbox 720 2462 732 2502; x_wconf 91' lang='lat'><strong>:</strong></span> <span class='ocrx_word' id='word_1_335' title='bbox 768 2449 845 2499; x_wconf 91' lang='lat' dir='ltr'>De</span> <span class='ocrx_word' id='word_1_336' title='bbox 893 2447 1049 2498; x_wconf 91' lang='lat' dir='ltr'>terra</span> <span class='ocrx_word' id='word_1_337' title='bbox 1078 2442 1400 2513; x_wconf 88' lang='lat' dir='ltr'>longinqua</span> <span class='ocrx_word' id='word_1_338' title='bbox 1428 2439 1595 2496; x_wconf 89' lang='lat' dir='ltr'>valde</span> <span class='ocrx_word' id='word_1_339' title='bbox 1626 2443 1914 2494; x_wconf 90' lang='lat' dir='ltr'>venerunt</span> <span class='ocrx_word' id='word_1_340' title='bbox 1962 2434 2112 2493; x_wconf 88' lang='lat' dir='ltr'>servi</span> 
     </span>
    </p>
   </div>
   <div class='ocr_carea' id='block_1_36' title="bbox 470 2525 2113 2593">
    <p class='ocr_par' dir='ltr' id='par_1_36' title="bbox 470 2525 2113 2593">
     <span class='ocr_line' id='line_1_37' title="bbox 470 2525 2113 2593; baseline -0.007 0"><span class='ocrx_word' id='word_1_341' title='bbox 470 2536 558 2593; x_wconf 90' lang='lat' dir='ltr'>tui</span> <span class='ocrx_word' id='word_1_342' title='bbox 603 2536 661 2591; x_wconf 90' lang='lat' dir='ltr'>in</span> <span class='ocrx_word' id='word_1_343' title='bbox 711 2533 947 2590; x_wconf 89' lang='lat' dir='ltr'>nomine</span> <span class='ocrx_word' id='word_1_344' title='bbox 996 2530 1228 2587; x_wconf 89' lang='lat' dir='ltr'>Domini</span> <span class='ocrx_word' id='word_1_345' title='bbox 1258 2529 1356 2585; x_wconf 89' lang='lat' dir='ltr'>Dei</span> <span class='ocrx_word' id='word_1_346' title='bbox 1404 2528 1509 2584; x_wconf 92' lang='lat' dir='ltr'>tui.</span> <span class='ocrx_word' id='word_1_347' title='bbox 1556 2527 1904 2583; x_wconf 90' lang='lat' dir='ltr'>Audivimus</span> <span class='ocrx_word' id='word_1_348' title='bbox 1955 2525 2113 2582; x_wconf 89' lang='lat' dir='ltr'>enim</span> 
     </span>
    </p>
   </div>
   <div class='ocr_carea' id='block_1_37' title="bbox 474 2616 2113 2697">
    <p class='ocr_par' dir='ltr' id='par_1_37' title="bbox 474 2616 2113 2697">
     <span class='ocr_line' id='line_1_38' title="bbox 474 2616 2113 2697; baseline -0.007 -14"><span class='ocrx_word' id='word_1_349' title='bbox 474 2627 693 2683; x_wconf 85' lang='lat' dir='ltr'>famam</span> <span class='ocrx_word' id='word_1_350' title='bbox 727 2622 997 2697; x_wconf 64' lang='lat' dir='ltr'>potentiae</span> <span class='ocrx_word' id='word_1_351' title='bbox 1030 2622 1178 2690; x_wconf 86' lang='lat' dir='ltr'>ejus,</span> <span class='ocrx_word' id='word_1_352' title='bbox 1199 2623 1410 2674; x_wconf 92' lang='lat' dir='ltr'>cuncta</span> <span class='ocrx_word' id='word_1_353' title='bbox 1436 2634 1563 2689; x_wconf 64' lang='lat' dir='ltr'>quae</span> <span class='ocrx_word' id='word_1_354' title='bbox 1595 2617 1729 2672; x_wconf 89' lang='lat' dir='ltr'>fecit</span> <span class='ocrx_word' id='word_1_355' title='bbox 1757 2617 1818 2671; x_wconf 88' lang='lat' dir='ltr'>in</span> <span class='ocrx_word' id='word_1_356' title='bbox 1851 2616 2113 2688; x_wconf 67' lang='lat' dir='ltr'>)Egypto,</span> 
     </span>
    </p>
   </div>
   <div class='ocr_carea' id='block_1_38' title="bbox 469 2702 2116 2778">
    <p class='ocr_par' dir='ltr' id='par_1_38' title="bbox 469 2702 2116 2778">
     <span class='ocr_line' id='line_1_39' title="bbox 469 2702 2116 2778; baseline -0.01 -6"><span class='ocrx_word' id='word_1_357' title='bbox 469 2718 527 2773; x_wconf 90' lang='lat' dir='ltr'>et</span> <span class='ocrx_word' id='word_1_358' title='bbox 551 2713 785 2769; x_wconf 90' lang='lat' dir='ltr'>duobus</span> <span class='ocrx_word' id='word_1_359' title='bbox 804 2709 1277 2765; x_wconf 73' lang='lat' dir='ltr'>Amorrhzeorum</span> <span class='ocrx_word' id='word_1_360' title='bbox 1300 2702 1667 2778; x_wconf 90' lang='lat' dir='ltr'>regibus,qui</span> <span class='ocrx_word' id='word_1_361' title='bbox 1687 2703 1924 2759; x_wconf 83' lang='lat' dir='ltr'>fuerunt</span> <span class='ocrx_word' id='word_1_362' title='bbox 1953 2706 2116 2757; x_wconf 87' lang='lat' dir='ltr'>trans</span> 
     </span>
    </p>
   </div>
   <div class='ocr_carea' id='block_1_39' title="bbox 465 2790 2120 2870">
    <p class='ocr_par' dir='ltr' id='par_1_39' title="bbox 465 2790 2120 2870">
     <span class='ocr_line' id='line_1_40' title="bbox 465 2790 2120 2870; baseline -0.01 -10"><span class='ocrx_word' id='word_1_363' title='bbox 465 2800 964 2867; x_wconf 87' lang='lat' dir='ltr'>Jordanem,Seon</span> <span class='ocrx_word' id='word_1_364' title='bbox 997 2796 1116 2870; x_wconf 90' lang='lat' dir='ltr'>regi</span> <span class='ocrx_word' id='word_1_365' title='bbox 1148 2795 1404 2865; x_wconf 88' lang='lat' dir='ltr'>Esehon,</span> <span class='ocrx_word' id='word_1_366' title='bbox 1436 2798 1494 2849; x_wconf 91' lang='lat' dir='ltr'>et</span> <span class='ocrx_word' id='word_1_367' title='bbox 1524 2795 1609 2865; x_wconf 89' lang='lat' dir='ltr'>0g</span> <span class='ocrx_word' id='word_1_368' title='bbox 1633 2793 1753 2864; x_wconf 91' lang='lat' dir='ltr'>regi</span> <span class='ocrx_word' id='word_1_369' title='bbox 1784 2792 1995 2857; x_wconf 90' lang='lat' dir='ltr'>Basan,</span> <span class='ocrx_word' id='word_1_370' title='bbox 2018 2790 2120 2862; x_wconf 91' lang='lat' dir='ltr'>qui</span> 
     </span>
    </p>
   </div>
   <div class='ocr_carea' id='block_1_40' title="bbox 476 2880 2125 2954">
    <p class='ocr_par' dir='ltr' id='par_1_40' title="bbox 476 2880 2125 2954">
     <span class='ocr_line' id='line_1_41' title="bbox 476 2880 2125 2954; baseline -0.009 -5"><span class='ocrx_word' id='word_1_371' title='bbox 476 2896 645 2950; x_wconf 90' lang='lat' dir='ltr'>erant</span> <span class='ocrx_word' id='word_1_372' title='bbox 692 2890 750 2945; x_wconf 92' lang='lat' dir='ltr'>in</span> <span class='ocrx_word' id='word_1_373' title='bbox 781 2886 1053 2945; x_wconf 91' lang='lat' dir='ltr'>Astaroth</span> <span class='ocrx_word' id='word_1_374' title='bbox 1089 2904 1102 2942; x_wconf 89' lang='lat'><strong>:</strong></span> <span class='ocrx_word' id='word_1_375' title='bbox 1134 2885 1522 2954; x_wconf 82' lang='lat' dir='ltr'>dixeruntque</span> <span class='ocrx_word' id='word_1_376' title='bbox 1554 2881 1722 2937; x_wconf 89' lang='lat' dir='ltr'>nobis</span> <span class='ocrx_word' id='word_1_377' title='bbox 1753 2880 2036 2947; x_wconf 90' lang='lat' dir='ltr'>seniores,</span> <span class='ocrx_word' id='word_1_378' title='bbox 2067 2882 2125 2935; x_wconf 91' lang='lat' dir='ltr'>et</span> 
     </span>
    </p>
   </div>
   <div class='ocr_carea' id='block_1_41' title="bbox 476 2968 2121 3039">
    <p class='ocr_par' dir='ltr' id='par_1_41' title="bbox 476 2968 2121 3039">
     <span class='ocr_line' id='line_1_42' title="bbox 476 2968 2121 3039; baseline -0.01 -1"><span class='ocrx_word' id='word_1_379' title='bbox 476 2996 682 3039; x_wconf 88' lang='lat' dir='ltr'>omnes</span> <span class='ocrx_word' id='word_1_380' title='bbox 710 2977 1069 3034; x_wconf 88' lang='lat' dir='ltr'>habitatores</span> <span class='ocrx_word' id='word_1_381' title='bbox 1116 2978 1282 3030; x_wconf 83' lang='lat' dir='ltr'>terrae</span> <span class='ocrx_word' id='word_1_382' title='bbox 1332 2977 1544 3028; x_wconf 77' lang='lat' dir='ltr'>nostras</span> <span class='ocrx_word' id='word_1_383' title='bbox 1579 2986 1592 3025; x_wconf 89' lang='lat'><strong>:</strong></span> <span class='ocrx_word' id='word_1_384' title='bbox 1626 2968 1836 3026; x_wconf 90' lang='lat' dir='ltr'>Tollite</span> <span class='ocrx_word' id='word_1_385' title='bbox 1886 2968 1946 3023; x_wconf 92' lang='lat' dir='ltr'>in</span> <span class='ocrx_word' id='word_1_386' title='bbox 1998 2984 2121 3023; x_wconf 90' lang='lat' dir='ltr'>ma-</span> 
     </span>
    </p>
   </div>
   <div class='ocr_carea' id='block_1_42' title="bbox 474 3057 2128 3134">
    <p class='ocr_par' dir='ltr' id='par_1_42' title="bbox 474 3057 2128 3134">
     <span class='ocr_line' id='line_1_43' title="bbox 474 3057 2128 3134; baseline -0.008 -8"><span class='ocrx_word' id='word_1_387' title='bbox 474 3071 651 3126; x_wconf 87' lang='lat' dir='ltr'>nibus</span> <span class='ocrx_word' id='word_1_388' title='bbox 680 3066 902 3123; x_wconf 90' lang='lat' dir='ltr'>cibaria</span> <span class='ocrx_word' id='word_1_389' title='bbox 950 3066 1021 3121; x_wconf 93' lang='lat' dir='ltr'>ob</span> <span class='ocrx_word' id='word_1_390' title='bbox 1070 3061 1478 3134; x_wconf 84' lang='lat' dir='ltr'>longissimam</span> <span class='ocrx_word' id='word_1_391' title='bbox 1527 3060 1795 3127; x_wconf 80' lang='lat' dir='ltr'>viam,et</span> <span class='ocrx_word' id='word_1_392' title='bbox 1842 3057 2128 3113; x_wconf 90' lang='lat' dir='ltr'>occurrite</span> 
     </span>
    </p>
   </div>
   <div class='ocr_carea' id='block_1_43' title="bbox 470 3146 2117 3229">
    <p class='ocr_par' dir='ltr' id='par_1_43' title="bbox 470 3146 2117 3229">
     <span class='ocr_line' id='line_1_44' title="bbox 470 3146 2117 3229; baseline -0.01 -14"><span class='ocrx_word' id='word_1_393' title='bbox 470 3160 577 3229; x_wconf 90' lang='lat' dir='ltr'>eis,</span> <span class='ocrx_word' id='word_1_394' title='bbox 610 3173 677 3212; x_wconf 88' lang='lat' dir='ltr'>ac</span> <span class='ocrx_word' id='word_1_395' title='bbox 707 3155 880 3211; x_wconf 88' lang='lat' dir='ltr'>dicite</span> <span class='ocrx_word' id='word_1_396' title='bbox 912 3171 925 3209; x_wconf 92' lang='lat'>:</span> <span class='ocrx_word' id='word_1_397' title='bbox 961 3151 1121 3208; x_wconf 89' lang='lat' dir='ltr'>Servi</span> <span class='ocrx_word' id='word_1_398' title='bbox 1151 3150 1330 3206; x_wconf 89' lang='lat' dir='ltr'>vestri</span> <span class='ocrx_word' id='word_1_399' title='bbox 1361 3164 1591 3216; x_wconf 89' lang='lat' dir='ltr'>sumus,</span> <span class='ocrx_word' id='word_1_400' title='bbox 1622 3147 1812 3202; x_wconf 79' lang='lat' dir='ltr'>foedus</span> <span class='ocrx_word' id='word_1_401' title='bbox 1842 3146 1984 3200; x_wconf 84' lang='lat' dir='ltr'>inite</span> <span class='ocrx_word' id='word_1_402' title='bbox 2014 3160 2117 3200; x_wconf 90' lang='lat' dir='ltr'>no-</span> 
     </span>
    </p>
   </div>
   <div class='ocr_carea' id='block_1_44' title="bbox 472 3232 2118 3315">
    <p class='ocr_par' dir='ltr' id='par_1_44' title="bbox 472 3232 2118 3315">
     <span class='ocr_line' id='line_1_45' title="bbox 472 3232 2118 3315; baseline -0.009 -12"><span class='ocrx_word' id='word_1_403' title='bbox 472 3248 722 3304; x_wconf 91' lang='lat' dir='ltr'>biscum.</span> <span class='ocrx_word' id='word_1_404' title='bbox 755 3246 1049 3315; x_wconf 88' lang='lat' dir='ltr'>En,panes</span> <span class='ocrx_word' id='word_1_405' title='bbox 1075 3240 1309 3313; x_wconf 91' lang='lat' dir='ltr'>quando</span> <span class='ocrx_word' id='word_1_406' title='bbox 1339 3237 1559 3311; x_wconf 85' lang='lat' dir='ltr'>egressi</span> <span class='ocrx_word' id='word_1_407' title='bbox 1590 3252 1799 3292; x_wconf 90' lang='lat' dir='ltr'>sumus</span> <span class='ocrx_word' id='word_1_408' title='bbox 1830 3235 1900 3291; x_wconf 91' lang='lat' dir='ltr'>de</span> <span class='ocrx_word' id='word_1_409' title='bbox 1930 3232 2118 3290; x_wconf 89' lang='lat' dir='ltr'>domi-</span> 
     </span>
    </p>
   </div>
   <div class='ocr_carea' id='block_1_45' title="bbox 475 3321 2118 3402">
    <p class='ocr_par' dir='ltr' id='par_1_45' title="bbox 475 3321 2118 3402">
     <span class='ocr_line' id='line_1_46' title="bbox 475 3321 2118 3402; baseline -0.01 -10"><span class='ocrx_word' id='word_1_410' title='bbox 475 3336 588 3392; x_wconf 90' lang='lat' dir='ltr'>hus</span> <span class='ocrx_word' id='word_1_411' title='bbox 620 3332 858 3402; x_wconf 91' lang='lat' dir='ltr'>nostris,</span> <span class='ocrx_word' id='word_1_412' title='bbox 892 3335 957 3386; x_wconf 92' lang='lat' dir='ltr'>ut</span> <span class='ocrx_word' id='word_1_413' title='bbox 982 3329 1315 3385; x_wconf 84' lang='lat' dir='ltr'>veniremus</span> <span class='ocrx_word' id='word_1_414' title='bbox 1347 3327 1419 3382; x_wconf 91' lang='lat' dir='ltr'>ad</span> <span class='ocrx_word' id='word_1_415' title='bbox 1441 3342 1564 3392; x_wconf 90' lang='lat' dir='ltr'>vos,</span> <span class='ocrx_word' id='word_1_416' title='bbox 1600 3324 1821 3380; x_wconf 87' lang='lat' dir='ltr'>calidos</span> <span class='ocrx_word' id='word_1_417' title='bbox 1853 3321 2118 3394; x_wconf 85' lang='lat' dir='ltr'>sumpsi-</span> 
     </span>
    </p>
   </div>
   <div class='ocr_carea' id='block_1_46' title="bbox 437 3411 2121 3495">
    <p class='ocr_par' dir='ltr' id='par_1_46' title="bbox 437 3411 2121 3495">
     <span class='ocr_line' id='line_1_47' title="bbox 437 3411 2121 3495; baseline -0.009 -15"><span class='ocrx_word' id='word_1_418' title='bbox 437 3486 447 3495; x_wconf 18' lang='lat'>]</span> <span class='ocrx_word' id='word_1_419' title='bbox 479 3440 635 3493; x_wconf 90' lang='lat' dir='ltr'>mus,</span> <span class='ocrx_word' id='word_1_420' title='bbox 670 3436 824 3477; x_wconf 89' lang='lat' dir='ltr'>nunc</span> <span class='ocrx_word' id='word_1_421' title='bbox 855 3418 995 3476; x_wconf 89' lang='lat' dir='ltr'>sicci</span> <span class='ocrx_word' id='word_1_422' title='bbox 1027 3416 1161 3474; x_wconf 82' lang='lat' dir='ltr'>lacti</span> <span class='ocrx_word' id='word_1_423' title='bbox 1192 3420 1415 3485; x_wconf 84' lang='lat' dir='ltr'>sunt,et</span> <span class='ocrx_word' id='word_1_424' title='bbox 1444 3416 1732 3470; x_wconf 88' lang='lat' dir='ltr'>vetustate</span> <span class='ocrx_word' id='word_1_425' title='bbox 1763 3411 1947 3467; x_wconf 89' lang='lat' dir='ltr'>nimia</span> <span class='ocrx_word' id='word_1_426' title='bbox 1968 3427 2121 3467; x_wconf 89' lang='lat' dir='ltr'>com-</span> 
     </span>
    </p>
   </div>
   <div class='ocr_carea' id='block_1_47' title="bbox 479 3498 2119 3575">
    <p class='ocr_par' dir='ltr' id='par_1_47' title="bbox 479 3498 2119 3575">
     <span class='ocr_line' id='line_1_48' title="bbox 479 3498 2119 3575; baseline -0.009 -6"><span class='ocrx_word' id='word_1_427' title='bbox 479 3511 714 3569; x_wconf 89' lang='lat' dir='ltr'>minuti.</span> <span class='ocrx_word' id='word_1_428' title='bbox 746 3509 915 3567; x_wconf 87' lang='lat' dir='ltr'>Utres</span> <span class='ocrx_word' id='word_1_429' title='bbox 943 3506 1061 3562; x_wconf 92' lang='lat' dir='ltr'>vini</span> <span class='ocrx_word' id='word_1_430' title='bbox 1108 3522 1287 3562; x_wconf 90' lang='lat' dir='ltr'>novos</span> <span class='ocrx_word' id='word_1_431' title='bbox 1327 3502 1725 3575; x_wconf 88' lang='lat' dir='ltr'>implevimus,</span> <span class='ocrx_word' id='word_1_432' title='bbox 1755 3517 1913 3556; x_wconf 89' lang='lat' dir='ltr'>nunc</span> <span class='ocrx_word' id='word_1_433' title='bbox 1961 3498 2119 3572; x_wconf 90' lang='lat' dir='ltr'>rupti</span> 
     </span>
    </p>
   </div>
   <div class='ocr_carea' id='block_1_48' title="bbox 480 3588 2118 3662">
    <p class='ocr_par' dir='ltr' id='par_1_48' title="bbox 480 3588 2118 3662">
     <span class='ocr_line' id='line_1_49' title="bbox 480 3588 2118 3662; baseline -0.009 -5"><span class='ocrx_word' id='word_1_434' title='bbox 480 3605 619 3658; x_wconf 91' lang='lat' dir='ltr'>sunt</span> <span class='ocrx_word' id='word_1_435' title='bbox 648 3604 706 3656; x_wconf 91' lang='lat' dir='ltr'>et</span> <span class='ocrx_word' id='word_1_436' title='bbox 734 3596 1142 3655; x_wconf 90' lang='lat' dir='ltr'>soluti.Vestes</span> <span class='ocrx_word' id='word_1_437' title='bbox 1168 3598 1226 3650; x_wconf 93' lang='lat' dir='ltr'>et</span> <span class='ocrx_word' id='word_1_438' title='bbox 1256 3592 1654 3649; x_wconf 87' lang='lat' dir='ltr'>calceamenta</span> <span class='ocrx_word' id='word_1_439' title='bbox 1685 3588 1902 3662; x_wconf 90' lang='lat' dir='ltr'>quibus</span> <span class='ocrx_word' id='word_1_440' title='bbox 1924 3588 2118 3644; x_wconf 89' lang='lat' dir='ltr'>indui-</span> 
     </span>
    </p>
   </div>
   <div class='ocr_carea' id='block_1_49' title="bbox 477 3677 2118 3760">
    <p class='ocr_par' dir='ltr' id='par_1_49' title="bbox 477 3677 2118 3760">
     <span class='ocr_line' id='line_1_50' title="bbox 477 3677 2118 3760; baseline -0.009 -14"><span class='ocrx_word' id='word_1_441' title='bbox 477 3707 631 3760; x_wconf 89' lang='lat' dir='ltr'>mur,</span> <span class='ocrx_word' id='word_1_442' title='bbox 663 3693 721 3745; x_wconf 90' lang='lat' dir='ltr'>et</span> <span class='ocrx_word' id='word_1_443' title='bbox 748 3704 877 3759; x_wconf 72' lang='lat' dir='ltr'>quae</span> <span class='ocrx_word' id='word_1_444' title='bbox 907 3685 1192 3741; x_wconf 86' lang='lat' dir='ltr'>habemus</span> <span class='ocrx_word' id='word_1_445' title='bbox 1220 3682 1279 3736; x_wconf 90' lang='lat' dir='ltr'>in</span> <span class='ocrx_word' id='word_1_446' title='bbox 1311 3679 1660 3753; x_wconf 88' lang='lat' dir='ltr'>pedibus,ob</span> <span class='ocrx_word' id='word_1_447' title='bbox 1697 3677 2118 3751; x_wconf 88' lang='lat' dir='ltr'>longitudinem</span> 
     </span>
    </p>
   </div>
   <div class='ocr_carea' id='block_1_50' title="bbox 482 3767 2120 3851">
    <p class='ocr_par' dir='ltr' id='par_1_50' title="bbox 482 3767 2120 3851">
     <span class='ocr_line' id='line_1_51' title="bbox 482 3767 2120 3851; baseline -0.009 -16"><span class='ocrx_word' id='word_1_448' title='bbox 482 3777 754 3851; x_wconf 82' lang='lat' dir='ltr'>largioris</span> <span class='ocrx_word' id='word_1_449' title='bbox 786 3775 971 3848; x_wconf 67' lang='grc' dir='ltr'>[ναις.</span> <span class='ocrx_word' id='word_1_450' title='bbox 1006 3770 1312 3844; x_wconf 87' lang='lat' dir='ltr'>longioris]</span> <span class='ocrx_word' id='word_1_451' title='bbox 1343 3769 1446 3824; x_wconf 64' lang='lat' dir='ltr'>vite</span> <span class='ocrx_word' id='word_1_452' title='bbox 1494 3767 1632 3823; x_wconf 89' lang='lat' dir='ltr'>trita</span> <span class='ocrx_word' id='word_1_453' title='bbox 1674 3772 1835 3833; x_wconf 89' lang='lat' dir='ltr'>sunt,</span> <span class='ocrx_word' id='word_1_454' title='bbox 1871 3771 1927 3821; x_wconf 92' lang='lat' dir='ltr'>et</span> <span class='ocrx_word' id='word_1_455' title='bbox 1974 3781 2120 3838; x_wconf 92' lang='lat' dir='ltr'>pene</span> 
     </span>
    </p>
   </div>
   <div class='ocr_carea' id='block_1_51' title="bbox 483 3855 2123 3938">
    <p class='ocr_par' dir='ltr' id='par_1_51' title="bbox 483 3855 2123 3938">
     <span class='ocr_line' id='line_1_52' title="bbox 483 3855 2123 3938; baseline -0.009 -14"><span class='ocrx_word' id='word_1_456' title='bbox 483 3871 835 3938; x_wconf 88' lang='lat' dir='ltr'>consumpta</span> <span class='ocrx_word' id='word_1_457' title='bbox 882 3864 968 3937; x_wconf 88' lang='lat' dir='ltr'>[C.</span> <span class='ocrx_word' id='word_1_458' title='bbox 1021 3860 1306 3931; x_wconf 84' lang='lat' dir='ltr'>XXXVI].</span> <span class='ocrx_word' id='word_1_459' title='bbox 1373 3858 1770 3928; x_wconf 88' lang='lat' dir='ltr'>Susceperunt</span> <span class='ocrx_word' id='word_1_460' title='bbox 1825 3855 2005 3927; x_wconf 90' lang='lat' dir='ltr'>igitur</span> <span class='ocrx_word' id='word_1_461' title='bbox 2050 3855 2123 3910; x_wconf 93' lang='lat' dir='ltr'>de</span> 
     </span>
    </p>
   </div>
   <div class='ocr_carea' id='block_1_52' title="bbox 477 3946 2119 4019">
    <p class='ocr_par' dir='ltr' id='par_1_52' title="bbox 477 3946 2119 4019">
     <span class='ocr_line' id='line_1_53' title="bbox 477 3946 2119 4019; baseline -0.01 -5"><span class='ocrx_word' id='word_1_462' title='bbox 477 3956 715 4015; x_wconf 89' lang='lat' dir='ltr'>cibariis</span> <span class='ocrx_word' id='word_1_463' title='bbox 747 3970 972 4019; x_wconf 89' lang='lat' dir='ltr'>eorum,</span> <span class='ocrx_word' id='word_1_464' title='bbox 1002 3957 1061 4008; x_wconf 90' lang='lat' dir='ltr'>et</span> <span class='ocrx_word' id='word_1_465' title='bbox 1090 3967 1153 4005; x_wconf 91' lang='lat' dir='ltr'>os</span> <span class='ocrx_word' id='word_1_466' title='bbox 1184 3947 1413 4005; x_wconf 87' lang='lat' dir='ltr'>Domini</span> <span class='ocrx_word' id='word_1_467' title='bbox 1445 3962 1559 4001; x_wconf 87' lang='lat' dir='ltr'>non</span> <span class='ocrx_word' id='word_1_468' title='bbox 1590 3946 2119 4016; x_wconf 88' lang='lat' dir='ltr'>interrogaverunt.</span> 
     </span>
    </p>
   </div>
   <div class='ocr_carea' id='block_1_53' title="bbox 484 4043 2123 4127">
    <p class='ocr_par' dir='ltr' id='par_1_53' title="bbox 484 4043 2123 4127">
     <span class='ocr_line' id='line_1_54' title="bbox 484 4043 2123 4127; baseline -0.009 -14"><span class='ocrx_word' id='word_1_469' title='bbox 484 4056 756 4127; x_wconf 84' lang='lat' dir='ltr'>Fecitque</span> <span class='ocrx_word' id='word_1_470' title='bbox 808 4053 990 4109; x_wconf 88' lang='lat' dir='ltr'>Josue</span> <span class='ocrx_word' id='word_1_471' title='bbox 1040 4066 1174 4105; x_wconf 91' lang='lat' dir='ltr'>cum</span> <span class='ocrx_word' id='word_1_472' title='bbox 1206 4047 1290 4104; x_wconf 92' lang='lat' dir='ltr'>eis</span> <span class='ocrx_word' id='word_1_473' title='bbox 1334 4061 1560 4119; x_wconf 88' lang='lat' dir='ltr'>pacem,</span> <span class='ocrx_word' id='word_1_474' title='bbox 1616 4048 1675 4100; x_wconf 92' lang='lat' dir='ltr'>et</span> <span class='ocrx_word' id='word_1_475' title='bbox 1721 4043 1866 4099; x_wconf 89' lang='lat' dir='ltr'>inito</span> <span class='ocrx_word' id='word_1_476' title='bbox 1912 4043 2123 4099; x_wconf 76' lang='lat' dir='ltr'>foedere</span> 
     </span>
    </p>
   </div>
   <div class='ocr_carea' id='block_1_54' title="bbox 482 4131 2124 4219">
    <p class='ocr_par' dir='ltr' id='par_1_54' title="bbox 482 4131 2124 4219">
     <span class='ocr_line' id='line_1_55' title="bbox 482 4131 2124 4219; baseline -0.007 -18"><span class='ocrx_word' id='word_1_477' title='bbox 482 4144 779 4219; x_wconf 88' lang='lat' dir='ltr'>pollicitus</span> <span class='ocrx_word' id='word_1_478' title='bbox 828 4146 916 4197; x_wconf 90' lang='lat' dir='ltr'>est</span> <span class='ocrx_word' id='word_1_479' title='bbox 959 4140 1113 4212; x_wconf 91' lang='lat' dir='ltr'>quod</span> <span class='ocrx_word' id='word_1_480' title='bbox 1164 4154 1278 4192; x_wconf 90' lang='lat' dir='ltr'>non</span> <span class='ocrx_word' id='word_1_481' title='bbox 1327 4134 1777 4191; x_wconf 88' lang='lat' dir='ltr'>occiderentur:</span> <span class='ocrx_word' id='word_1_482' title='bbox 1833 4131 2124 4205; x_wconf 90' lang='lat' dir='ltr'>principes</span> 
     </span>
    </p>
   </div>
   <div class='ocr_carea' id='block_1_55' title="bbox 484 4222 2126 4307">
    <p class='ocr_par' dir='ltr' id='par_1_55' title="bbox 484 4222 2126 4307">
     <span class='ocr_line' id='line_1_56' title="bbox 484 4222 2126 4307; baseline -0.008 -17"><span class='ocrx_word' id='word_1_483' title='bbox 484 4249 717 4307; x_wconf 91' lang='lat' dir='ltr'>quoque</span> <span class='ocrx_word' id='word_1_484' title='bbox 749 4228 1115 4287; x_wconf 90' lang='lat' dir='ltr'>multitudini</span> <span class='ocrx_word' id='word_1_485' title='bbox 1159 4227 1507 4298; x_wconf 88' lang='lat' dir='ltr'>juraverunt</span> <span class='ocrx_word' id='word_1_486' title='bbox 1533 4222 1639 4278; x_wconf 91' lang='lat' dir='ltr'>eis.</span> <span class='ocrx_word' id='word_1_487' title='bbox 1685 4225 1824 4278; x_wconf 89' lang='lat' dir='ltr'>Post</span> <span class='ocrx_word' id='word_1_488' title='bbox 1852 4222 1978 4277; x_wconf 90' lang='lat' dir='ltr'>dies</span> <span class='ocrx_word' id='word_1_489' title='bbox 2017 4238 2126 4277; x_wconf 87' lang='lat' dir='ltr'>au-</span> 
     </span>
    </p>
   </div>
   <div class='ocr_carea' id='block_1_56' title="bbox 484 4310 2125 4385">
    <p class='ocr_par' dir='ltr' id='par_1_56' title="bbox 484 4310 2125 4385">
     <span class='ocr_line' id='line_1_57' title="bbox 484 4310 2125 4385; baseline -0.007 -6"><span class='ocrx_word' id='word_1_490' title='bbox 484 4327 605 4379; x_wconf 88' lang='lat' dir='ltr'>tem</span> <span class='ocrx_word' id='word_1_491' title='bbox 635 4326 754 4377; x_wconf 88' lang='lat' dir='ltr'>tres</span> <span class='ocrx_word' id='word_1_492' title='bbox 804 4319 935 4375; x_wconf 89' lang='lat' dir='ltr'>initi</span> <span class='ocrx_word' id='word_1_493' title='bbox 983 4315 1242 4385; x_wconf 80' lang='lat' dir='ltr'>foederis,</span> <span class='ocrx_word' id='word_1_494' title='bbox 1275 4313 1590 4370; x_wconf 90' lang='lat' dir='ltr'>audierunt</span> <span class='ocrx_word' id='word_1_495' title='bbox 1630 4311 1787 4383; x_wconf 91' lang='lat' dir='ltr'>quod</span> <span class='ocrx_word' id='word_1_496' title='bbox 1833 4310 1893 4366; x_wconf 91' lang='lat' dir='ltr'>in</span> <span class='ocrx_word' id='word_1_497' title='bbox 1938 4311 2125 4367; x_wconf 90' lang='lat' dir='ltr'>vicino</span> 
     </span>
    </p>
   </div>
   <div class='ocr_carea' id='block_1_57' title="bbox 484 4401 2129 4479">
    <p class='ocr_par' dir='ltr' id='par_1_57' title="bbox 484 4401 2129 4479">
     <span class='ocr_line' id='line_1_58' title="bbox 484 4401 2129 4479; baseline -0.008 -12"><span class='ocrx_word' id='word_1_498' title='bbox 484 4410 835 4479; x_wconf 87' lang='lat' dir='ltr'>habitarent,</span> <span class='ocrx_word' id='word_1_499' title='bbox 867 4411 925 4463; x_wconf 92' lang='lat' dir='ltr'>et</span> <span class='ocrx_word' id='word_1_500' title='bbox 953 4406 1109 4461; x_wconf 90' lang='lat' dir='ltr'>inter</span> <span class='ocrx_word' id='word_1_501' title='bbox 1136 4419 1235 4459; x_wconf 92' lang='lat' dir='ltr'>eos</span> <span class='ocrx_word' id='word_1_502' title='bbox 1265 4401 1447 4457; x_wconf 79' lang='lat' dir='ltr'>futuri</span> <span class='ocrx_word' id='word_1_503' title='bbox 1477 4404 1695 4456; x_wconf 90' lang='lat' dir='ltr'>essent.</span> <span class='ocrx_word' id='word_1_504' title='bbox 1714 4402 2129 4470; x_wconf 84' lang='lat' dir='ltr'>Moveruntque</span> 
     </span>
    </p>
   </div>
   <div class='ocr_carea' id='block_1_58' title="bbox 2212 1980 3864 2055">
    <p class='ocr_par' dir='ltr' id='par_1_58' title="bbox 2212 1980 3864 2055">
     <span class='ocr_line' id='line_1_59' title="bbox 2212 1980 3864 2055; baseline 0.004 -20"><span class='ocrx_word' id='word_1_505' title='bbox 2212 1980 2541 2037; x_wconf 88' lang='lat' dir='ltr'>ministerio</span> <span class='ocrx_word' id='word_1_506' title='bbox 2571 1982 2762 2038; x_wconf 91' lang='lat' dir='ltr'>cuncti</span> <span class='ocrx_word' id='word_1_507' title='bbox 2797 1981 3081 2055; x_wconf 89' lang='lat' dir='ltr'>populi,et</span> <span class='ocrx_word' id='word_1_508' title='bbox 3113 1982 3317 2040; x_wconf 87' lang='lat' dir='ltr'>altaris</span> <span class='ocrx_word' id='word_1_509' title='bbox 3350 1984 3600 2053; x_wconf 91' lang='lat' dir='ltr'>Domini,</span> <span class='ocrx_word' id='word_1_510' title='bbox 3624 1985 3864 2042; x_wconf 65' lang='lat' dir='ltr'>caden-</span> 
     </span>
    </p>
   </div>
   <div class='ocr_carea' id='block_1_59' title="bbox 2214 2068 3867 2147">
    <p class='ocr_par' dir='ltr' id='par_1_59' title="bbox 2214 2068 3867 2147">
     <span class='ocr_line' id='line_1_60' title="bbox 2214 2068 3867 2147; baseline 0.003 -22"><span class='ocrx_word' id='word_1_511' title='bbox 2214 2074 2300 2125; x_wconf 89' lang='lat' dir='ltr'>tes</span> <span class='ocrx_word' id='word_1_512' title='bbox 2331 2068 2575 2142; x_wconf 87' lang='lat' dir='ltr'>ligna,et</span> <span class='ocrx_word' id='word_1_513' title='bbox 2603 2087 2790 2143; x_wconf 90' lang='lat' dir='ltr'>aquas</span> <span class='ocrx_word' id='word_1_514' title='bbox 2819 2077 3277 2144; x_wconf 89' lang='lat' dir='ltr'>comportantes,</span> <span class='ocrx_word' id='word_1_515' title='bbox 3303 2090 3489 2146; x_wconf 91' lang='lat' dir='ltr'>usque</span> <span class='ocrx_word' id='word_1_516' title='bbox 3505 2072 3566 2129; x_wconf 87' lang='lat' dir='ltr'>in</span> <span class='ocrx_word' id='word_1_517' title='bbox 3598 2090 3867 2147; x_wconf 66' lang='lat' dir='ltr'>praesens</span> 
     </span>
    </p>
   </div>
   <div class='ocr_carea' id='block_1_60' title="bbox 2216 2158 3562 2233">
    <p class='ocr_par' dir='ltr' id='par_1_60' title="bbox 2216 2158 3562 2233">
     <span class='ocr_line' id='line_1_61' title="bbox 2216 2158 3562 2233; baseline 0.003 -20"><span class='ocrx_word' id='word_1_518' title='bbox 2216 2162 2472 2230; x_wconf 89' lang='lat' dir='ltr'>tempus,</span> <span class='ocrx_word' id='word_1_519' title='bbox 2506 2159 2566 2215; x_wconf 84' lang='lat' dir='ltr'>in</span> <span class='ocrx_word' id='word_1_520' title='bbox 2595 2158 2721 2215; x_wconf 90' lang='lat' dir='ltr'>loco</span> <span class='ocrx_word' id='word_1_521' title='bbox 2747 2177 2921 2232; x_wconf 93' lang='lat' dir='ltr'>quem</span> <span class='ocrx_word' id='word_1_522' title='bbox 2954 2161 3241 2218; x_wconf 87' lang='lat' dir='ltr'>Dominus</span> <span class='ocrx_word' id='word_1_523' title='bbox 3270 2161 3562 2233; x_wconf 86' lang='lat' dir='ltr'>elegisset.</span> 
     </span>
    </p>
   </div>
   <div class='ocr_carea' id='block_1_61' title="bbox 2292 2265 3875 2341">
    <p class='ocr_par' dir='ltr' id='par_1_61' title="bbox 2292 2265 3875 2341">
     <span class='ocr_line' id='line_1_62' title="bbox 2292 2265 3875 2341; baseline 0.006 -24"><span class='ocrx_word' id='word_1_524' title='bbox 2292 2265 2371 2336; x_wconf 86' lang='grc' dir='ltr'>[Β.</span> <span class='ocrx_word' id='word_1_525' title='bbox 2395 2265 2576 2334; x_wconf 87' lang='lat' dir='ltr'>XVII,</span> <span class='ocrx_word' id='word_1_526' title='bbox 2608 2266 2667 2324; x_wconf 90' lang='lat' dir='ltr'>C.</span> <span class='ocrx_word' id='word_1_527' title='bbox 2696 2266 3000 2337; x_wconf 84' lang='lat' dir='ltr'>XXXVIII,</span> <span class='ocrx_word' id='word_1_528' title='bbox 3037 2268 3168 2340; x_wconf 86' lang='lat' dir='ltr'>Cap.</span> <span class='ocrx_word' id='word_1_529' title='bbox 3201 2268 3291 2341; x_wconf 90' lang='lat' dir='ltr'>X].</span> <span class='ocrx_word' id='word_1_530' title='bbox 3326 2270 3461 2334; x_wconf 69' lang='lat' dir='ltr'>Quae</span> <span class='ocrx_word' id='word_1_531' title='bbox 3488 2286 3623 2326; x_wconf 92' lang='lat' dir='ltr'>cum</span> <span class='ocrx_word' id='word_1_532' title='bbox 3655 2270 3875 2327; x_wconf 86' lang='lat' dir='ltr'>audis-</span> 
     </span>
    </p>
   </div>
   <div class='ocr_carea' id='block_1_62' title="bbox 2220 2355 3879 2432">
    <p class='ocr_par' dir='ltr' id='par_1_62' title="bbox 2220 2355 3879 2432">
     <span class='ocr_line' id='line_1_63' title="bbox 2220 2355 3879 2432; baseline 0.005 -23"><span class='ocrx_word' id='word_1_533' title='bbox 2220 2355 2803 2424; x_wconf 89' lang='lat' dir='ltr'>setAdonisedec,rex</span> <span class='ocrx_word' id='word_1_534' title='bbox 2829 2357 3342 2430; x_wconf 86' lang='lat' dir='ltr'>Jerusalem,quod</span> <span class='ocrx_word' id='word_1_535' title='bbox 3365 2358 3592 2416; x_wconf 89' lang='lat' dir='ltr'>scilicet</span> <span class='ocrx_word' id='word_1_536' title='bbox 3611 2359 3879 2432; x_wconf 84' lang='lat' dir='ltr'>cepisset</span> 
     </span>
    </p>
   </div>
   <div class='ocr_carea' id='block_1_63' title="bbox 2219 2443 3885 2518">
    <p class='ocr_par' dir='ltr' id='par_1_63' title="bbox 2219 2443 3885 2518">
     <span class='ocr_line' id='line_1_64' title="bbox 2219 2443 3885 2518; baseline 0.003 -19"><span class='ocrx_word' id='word_1_537' title='bbox 2219 2443 2401 2500; x_wconf 88' lang='lat' dir='ltr'>Josue</span> <span class='ocrx_word' id='word_1_538' title='bbox 2426 2444 2514 2516; x_wconf 86' lang='lat' dir='ltr'>Ai,</span> <span class='ocrx_word' id='word_1_539' title='bbox 2546 2450 2603 2501; x_wconf 93' lang='lat' dir='ltr'>et</span> <span class='ocrx_word' id='word_1_540' title='bbox 2632 2447 3020 2503; x_wconf 88' lang='lat' dir='ltr'>subvertisset</span> <span class='ocrx_word' id='word_1_541' title='bbox 3064 2464 3194 2504; x_wconf 89' lang='lat' dir='ltr'>eam</span> <span class='ocrx_word' id='word_1_542' title='bbox 3228 2448 3404 2518; x_wconf 91' lang='lat' dir='ltr'>(sicut</span> <span class='ocrx_word' id='word_1_543' title='bbox 3446 2448 3603 2505; x_wconf 91' lang='lat' dir='ltr'>enim</span> <span class='ocrx_word' id='word_1_544' title='bbox 3655 2448 3885 2506; x_wconf 85' lang='lat' dir='ltr'>lecerat</span> 
     </span>
    </p>
   </div>
   <div class='ocr_carea' id='block_1_64' title="bbox 2223 2532 3880 2610">
    <p class='ocr_par' dir='ltr' id='par_1_64' title="bbox 2223 2532 3880 2610">
     <span class='ocr_line' id='line_1_65' title="bbox 2223 2532 3880 2610; baseline 0.003 -21"><span class='ocrx_word' id='word_1_545' title='bbox 2223 2532 2456 2589; x_wconf 88' lang='lat' dir='ltr'>Jericho</span> <span class='ocrx_word' id='word_1_546' title='bbox 2498 2539 2556 2590; x_wconf 91' lang='lat' dir='ltr'>et</span> <span class='ocrx_word' id='word_1_547' title='bbox 2603 2535 2723 2607; x_wconf 89' lang='lat' dir='ltr'>regi</span> <span class='ocrx_word' id='word_1_548' title='bbox 2773 2536 2926 2605; x_wconf 89' lang='lat' dir='ltr'>ejus,</span> <span class='ocrx_word' id='word_1_549' title='bbox 2957 2536 3040 2592; x_wconf 92' lang='lat' dir='ltr'>sic</span> <span class='ocrx_word' id='word_1_550' title='bbox 3072 2537 3207 2592; x_wconf 83' lang='lat' dir='ltr'>fecit</span> <span class='ocrx_word' id='word_1_551' title='bbox 3234 2536 3300 2592; x_wconf 90' lang='lat' dir='ltr'>Ai</span> <span class='ocrx_word' id='word_1_552' title='bbox 3332 2542 3390 2593; x_wconf 89' lang='lat' dir='ltr'>et</span> <span class='ocrx_word' id='word_1_553' title='bbox 3419 2538 3541 2610; x_wconf 91' lang='lat' dir='ltr'>regi</span> <span class='ocrx_word' id='word_1_554' title='bbox 3572 2536 3783 2608; x_wconf 88' lang='lat' dir='ltr'>illius),</span> <span class='ocrx_word' id='word_1_555' title='bbox 3817 2540 3880 2594; x_wconf 86' lang='lat' dir='ltr'>et</span> 
     </span>
    </p>
   </div>
   <div class='ocr_carea' id='block_1_65' title="bbox 2227 2622 3883 2697">
    <p class='ocr_par' dir='ltr' id='par_1_65' title="bbox 2227 2622 3883 2697">
     <span class='ocr_line' id='line_1_66' title="bbox 2227 2622 3883 2697; baseline 0.002 -20"><span class='ocrx_word' id='word_1_556' title='bbox 2227 2623 2383 2694; x_wconf 93' lang='lat' dir='ltr'>quod</span> <span class='ocrx_word' id='word_1_557' title='bbox 2416 2622 2867 2693; x_wconf 83' lang='lat' dir='ltr'>transfugissent</span> <span class='ocrx_word' id='word_1_558' title='bbox 2897 2623 2978 2696; x_wconf 89' lang='lat' dir='ltr'>[b.</span> <span class='ocrx_word' id='word_1_559' title='bbox 3004 2641 3207 2697; x_wconf 84' lang='lat' dir='ltr'>pacem</span> <span class='ocrx_word' id='word_1_560' title='bbox 3233 2624 3505 2697; x_wconf 87' lang='lat' dir='ltr'>inissent]</span> <span class='ocrx_word' id='word_1_561' title='bbox 3536 2624 3883 2681; x_wconf 66' lang='lat' dir='ltr'>Gabaonita</span> 
     </span>
    </p>
   </div>
   <div class='ocr_carea' id='block_1_66' title="bbox 2229 2711 3891 2783">
    <p class='ocr_par' dir='ltr' id='par_1_66' title="bbox 2229 2711 3891 2783">
     <span class='ocr_line' id='line_1_67' title="bbox 2229 2711 3891 2783; baseline 0.003 -17"><span class='ocrx_word' id='word_1_562' title='bbox 2229 2711 2300 2766; x_wconf 87' lang='lat' dir='ltr'>ad</span> <span class='ocrx_word' id='word_1_563' title='bbox 2336 2711 2535 2783; x_wconf 87' lang='lat' dir='ltr'>Israel,</span> <span class='ocrx_word' id='word_1_564' title='bbox 2566 2717 2625 2767; x_wconf 92' lang='lat' dir='ltr'>et</span> <span class='ocrx_word' id='word_1_565' title='bbox 2653 2718 2850 2767; x_wconf 89' lang='lat' dir='ltr'>essent</span> <span class='ocrx_word' id='word_1_566' title='bbox 2879 2714 3141 2769; x_wconf 83' lang='lat' dir='ltr'>fcederati</span> <span class='ocrx_word' id='word_1_567' title='bbox 3172 2730 3399 2782; x_wconf 90' lang='lat' dir='ltr'>eorum,</span> <span class='ocrx_word' id='word_1_568' title='bbox 3441 2714 3642 2770; x_wconf 90' lang='lat' dir='ltr'>timuit</span> <span class='ocrx_word' id='word_1_569' title='bbox 3691 2713 3891 2771; x_wconf 89' lang='lat' dir='ltr'>valde.</span> 
     </span>
    </p>
   </div>
   <div class='ocr_carea' id='block_1_67' title="bbox 2229 2799 3887 2875">
    <p class='ocr_par' dir='ltr' id='par_1_67' title="bbox 2229 2799 3887 2875">
     <span class='ocr_line' id='line_1_68' title="bbox 2229 2799 3887 2875; baseline 0.002 -20"><span class='ocrx_word' id='word_1_570' title='bbox 2229 2799 2380 2856; x_wconf 87' lang='lat' dir='ltr'>Urbs</span> <span class='ocrx_word' id='word_1_571' title='bbox 2409 2801 2565 2856; x_wconf 91' lang='lat' dir='ltr'>enim</span> <span class='ocrx_word' id='word_1_572' title='bbox 2591 2817 2806 2875; x_wconf 89' lang='lat' dir='ltr'>magna</span> <span class='ocrx_word' id='word_1_573' title='bbox 2825 2807 2950 2857; x_wconf 89' lang='lat' dir='ltr'>erat</span> <span class='ocrx_word' id='word_1_574' title='bbox 2971 2801 3232 2870; x_wconf 90' lang='lat' dir='ltr'>Gabaon,</span> <span class='ocrx_word' id='word_1_575' title='bbox 3252 2807 3310 2859; x_wconf 92' lang='lat' dir='ltr'>et</span> <span class='ocrx_word' id='word_1_576' title='bbox 3339 2819 3458 2858; x_wconf 91' lang='lat' dir='ltr'>una</span> <span class='ocrx_word' id='word_1_577' title='bbox 3479 2801 3770 2875; x_wconf 91' lang='lat' dir='ltr'>regalium</span> <span class='ocrx_word' id='word_1_578' title='bbox 3795 2803 3887 2858; x_wconf 83' lang='lat' dir='ltr'>ci-</span> 
     </span>
    </p>
   </div>
   <div class='ocr_carea' id='block_1_68' title="bbox 2230 2888 3883 2963">
    <p class='ocr_par' dir='ltr' id='par_1_68' title="bbox 2230 2888 3883 2963">
     <span class='ocr_line' id='line_1_69' title="bbox 2230 2888 3883 2963; baseline 0.003 -19"><span class='ocrx_word' id='word_1_579' title='bbox 2230 2888 2498 2960; x_wconf 88' lang='lat' dir='ltr'>vitatum,</span> <span class='ocrx_word' id='word_1_580' title='bbox 2527 2898 2583 2945; x_wconf 91' lang='lat' dir='ltr'>et</span> <span class='ocrx_word' id='word_1_581' title='bbox 2614 2892 2802 2962; x_wconf 88' lang='lat' dir='ltr'>major</span> <span class='ocrx_word' id='word_1_582' title='bbox 2829 2891 3043 2963; x_wconf 90' lang='lat' dir='ltr'>oppido</span> <span class='ocrx_word' id='word_1_583' title='bbox 3074 2893 3165 2958; x_wconf 90' lang='lat' dir='ltr'>Ai,</span> <span class='ocrx_word' id='word_1_584' title='bbox 3197 2908 3519 2963; x_wconf 90' lang='lat' dir='ltr'>omnesque</span> <span class='ocrx_word' id='word_1_585' title='bbox 3557 2891 3883 2948; x_wconf 85' lang='lat' dir='ltr'>bellatores</span> 
     </span>
    </p>
   </div>
   <div class='ocr_carea' id='block_1_69' title="bbox 2234 2978 3888 3053">
    <p class='ocr_par' dir='ltr' id='par_1_69' title="bbox 2234 2978 3888 3053">
     <span class='ocr_line' id='line_1_70' title="bbox 2234 2978 3888 3053; baseline 0.002 -20"><span class='ocrx_word' id='word_1_586' title='bbox 2234 2979 2362 3050; x_wconf 91' lang='lat' dir='ltr'>ejus</span> <span class='ocrx_word' id='word_1_587' title='bbox 2391 2978 2881 3036; x_wconf 81' lang='lat' dir='ltr'>tortissimi.Misit</span> <span class='ocrx_word' id='word_1_588' title='bbox 2896 2996 3032 3053; x_wconf 90' lang='lat' dir='ltr'>ergo</span> <span class='ocrx_word' id='word_1_589' title='bbox 3055 2980 3416 3037; x_wconf 86' lang='lat' dir='ltr'>Adonisedec</span> <span class='ocrx_word' id='word_1_590' title='bbox 3430 2997 3529 3036; x_wconf 90' lang='lat' dir='ltr'>rex</span> <span class='ocrx_word' id='word_1_591' title='bbox 3546 2979 3888 3037; x_wconf 84' lang='lat' dir='ltr'>Jerusalem</span> 
     </span>
    </p>
   </div>
   <div class='ocr_carea' id='block_1_70' title="bbox 2237 3068 3893 3141">
    <p class='ocr_par' dir='ltr' id='par_1_70' title="bbox 2237 3068 3893 3141">
     <span class='ocr_line' id='line_1_71' title="bbox 2237 3068 3893 3141; baseline 0.001 -17"><span class='ocrx_word' id='word_1_592' title='bbox 2237 3068 2309 3124; x_wconf 90' lang='lat' dir='ltr'>ad</span> <span class='ocrx_word' id='word_1_593' title='bbox 2338 3068 2521 3124; x_wconf 91' lang='lat' dir='ltr'>Oham</span> <span class='ocrx_word' id='word_1_594' title='bbox 2545 3083 2737 3139; x_wconf 90' lang='lat' dir='ltr'>regem</span> <span class='ocrx_word' id='word_1_595' title='bbox 2768 3068 3020 3139; x_wconf 89' lang='lat' dir='ltr'>Hebron,</span> <span class='ocrx_word' id='word_1_596' title='bbox 3052 3078 3105 3125; x_wconf 87' lang='lat' dir='ltr'>et</span> <span class='ocrx_word' id='word_1_597' title='bbox 3139 3070 3211 3124; x_wconf 91' lang='lat' dir='ltr'>ad</span> <span class='ocrx_word' id='word_1_598' title='bbox 3246 3069 3482 3125; x_wconf 89' lang='lat' dir='ltr'>Phiram</span> <span class='ocrx_word' id='word_1_599' title='bbox 3504 3084 3701 3141; x_wconf 89' lang='lat' dir='ltr'>regem</span> <span class='ocrx_word' id='word_1_600' title='bbox 3734 3069 3893 3125; x_wconf 80' lang='lat' dir='ltr'>lari-</span> 
     </span>
    </p>
   </div>
   <div class='ocr_carea' id='block_1_71' title="bbox 2156 3156 3899 3265">
    <p class='ocr_par' dir='ltr' id='par_1_71' title="bbox 2156 3156 3899 3265">
     <span class='ocr_line' id='line_1_72' title="bbox 2156 3156 3899 3265; baseline 0.001 -52"><span class='ocrx_word' id='word_1_601' title='bbox 2156 3198 2199 3265; x_wconf 74' lang='lat' dir='ltr'><strong><em>C</em></strong></span> <span class='ocrx_word' id='word_1_602' title='bbox 2238 3157 2430 3225; x_wconf 90' lang='lat' dir='ltr'>muth,</span> <span class='ocrx_word' id='word_1_603' title='bbox 2461 3157 2533 3265; x_wconf 50' lang='lat' dir='ltr'>id</span> <span class='ocrx_word' id='word_1_604' title='bbox 2555 3156 2771 3265; x_wconf 59' lang='lat' dir='ltr'>:Iaphie</span> <span class='ocrx_word' id='word_1_605' title='bbox 2801 3173 3031 3229; x_wconf 88' lang='lat' dir='ltr'>quoque</span> <span class='ocrx_word' id='word_1_606' title='bbox 3061 3173 3256 3231; x_wconf 89' lang='lat' dir='ltr'>regem</span> <span class='ocrx_word' id='word_1_607' title='bbox 3290 3157 3575 3265; x_wconf 67' lang='lat' dir='ltr'>Lachis,et</span> <span class='ocrx_word' id='word_1_608' title='bbox 3604 3159 3677 3213; x_wconf 90' lang='lat' dir='ltr'>ad</span> <span class='ocrx_word' id='word_1_609' title='bbox 3715 3158 3899 3214; x_wconf 88' lang='lat' dir='ltr'>Dabir</span> 
     </span>
    </p>
   </div>
   <div class='ocr_carea' id='block_1_72' title="bbox 2240 3245 3893 3319">
    <p class='ocr_par' dir='ltr' id='par_1_72' title="bbox 2240 3245 3893 3319">
     <span class='ocr_line' id='line_1_73' title="bbox 2240 3245 3893 3319; baseline 0 -16"><span class='ocrx_word' id='word_1_610' title='bbox 2240 3263 2434 3319; x_wconf 87' lang='lat' dir='ltr'>regem</span> <span class='ocrx_word' id='word_1_611' title='bbox 2467 3245 2672 3318; x_wconf 88' lang='lat' dir='ltr'>Eglon,</span> <span class='ocrx_word' id='word_1_612' title='bbox 2704 3247 2906 3303; x_wconf 90' lang='lat' dir='ltr'>dicens</span> <span class='ocrx_word' id='word_1_613' title='bbox 2938 3263 2951 3301; x_wconf 88' lang='lat'><strong>:</strong></span> <span class='ocrx_word' id='word_1_614' title='bbox 2986 3248 3300 3303; x_wconf 89' lang='lat' dir='ltr'>Ascendite</span> <span class='ocrx_word' id='word_1_615' title='bbox 3348 3247 3421 3302; x_wconf 88' lang='lat' dir='ltr'>ad</span> <span class='ocrx_word' id='word_1_616' title='bbox 3472 3263 3586 3313; x_wconf 90' lang='lat' dir='ltr'>me,</span> <span class='ocrx_word' id='word_1_617' title='bbox 3632 3251 3691 3303; x_wconf 89' lang='lat' dir='ltr'>et</span> <span class='ocrx_word' id='word_1_618' title='bbox 3741 3249 3893 3303; x_wconf 85' lang='lat' dir='ltr'>ferte</span> 
     </span>
    </p>
   </div>
   <div class='ocr_carea' id='block_1_73' title="bbox 2227 3336 3879 3408">
    <p class='ocr_par' dir='ltr' id='par_1_73' title="bbox 2227 3336 3879 3408">
     <span class='ocr_line' id='line_1_74' title="bbox 2227 3336 3879 3408; baseline 0.001 -17"><span class='ocrx_word' id='word_1_619' title='bbox 2227 3336 2588 3408; x_wconf 72' lang='lat' dir='ltr'>praesidium,</span> <span class='ocrx_word' id='word_1_620' title='bbox 2623 3341 2688 3391; x_wconf 91' lang='lat' dir='ltr'>ut</span> <span class='ocrx_word' id='word_1_621' title='bbox 2716 3351 3121 3408; x_wconf 87' lang='lat' dir='ltr'>expugnemus</span> <span class='ocrx_word' id='word_1_622' title='bbox 3169 3337 3431 3403; x_wconf 87' lang='lat' dir='ltr'>Gabaon,</span> <span class='ocrx_word' id='word_1_623' title='bbox 3460 3352 3643 3408; x_wconf 89' lang='lat' dir='ltr'>quare</span> <span class='ocrx_word' id='word_1_624' title='bbox 3673 3341 3879 3392; x_wconf 84' lang='lat' dir='ltr'>trans-</span> 
     </span>
    </p>
   </div>
   <div class='ocr_carea' id='block_1_74' title="bbox 2226 3425 3882 3498">
    <p class='ocr_par' dir='ltr' id='par_1_74' title="bbox 2226 3425 3882 3498">
     <span class='ocr_line' id='line_1_75' title="bbox 2226 3425 3882 3498; baseline -0.002 -13"><span class='ocrx_word' id='word_1_625' title='bbox 2226 3426 2441 3498; x_wconf 75' lang='lat' dir='ltr'>mgerit</span> <span class='ocrx_word' id='word_1_626' title='bbox 2469 3425 2758 3498; x_wconf 81' lang='lat' dir='ltr'>(h.pacem</span> <span class='ocrx_word' id='word_1_627' title='bbox 2779 3426 2996 3498; x_wconf 90' lang='lat' dir='ltr'>inierit)</span> <span class='ocrx_word' id='word_1_628' title='bbox 3018 3426 3089 3483; x_wconf 91' lang='lat' dir='ltr'>ad</span> <span class='ocrx_word' id='word_1_629' title='bbox 3110 3426 3292 3482; x_wconf 89' lang='lat' dir='ltr'>Josue</span> <span class='ocrx_word' id='word_1_630' title='bbox 3312 3430 3370 3482; x_wconf 90' lang='lat' dir='ltr'>et</span> <span class='ocrx_word' id='word_1_631' title='bbox 3399 3426 3471 3483; x_wconf 92' lang='lat' dir='ltr'>ad</span> <span class='ocrx_word' id='word_1_632' title='bbox 3492 3425 3644 3481; x_wconf 80' lang='lat' dir='ltr'>filios</span> <span class='ocrx_word' id='word_1_633' title='bbox 3667 3426 3882 3483; x_wconf 89' lang='lat' dir='ltr'>Israel.</span> 
     </span>
    </p>
   </div>
   <div class='ocr_carea' id='block_1_75' title="bbox 2230 3514 3882 3588">
    <p class='ocr_par' dir='ltr' id='par_1_75' title="bbox 2230 3514 3882 3588">
     <span class='ocr_line' id='line_1_76' title="bbox 2230 3514 3882 3588; baseline 0.001 -18"><span class='ocrx_word' id='word_1_634' title='bbox 2230 3514 2789 3587; x_wconf 85' lang='lat' dir='ltr'>[T.V.].Congregati</span> <span class='ocrx_word' id='word_1_635' title='bbox 2816 3514 2995 3585; x_wconf 82' lang='lat' dir='ltr'>igitur</span> <span class='ocrx_word' id='word_1_636' title='bbox 3014 3516 3407 3572; x_wconf 87' lang='lat' dir='ltr'>ascenderunt</span> <span class='ocrx_word' id='word_1_637' title='bbox 3426 3516 3686 3587; x_wconf 88' lang='lat' dir='ltr'>quinque</span> <span class='ocrx_word' id='word_1_638' title='bbox 3706 3531 3882 3588; x_wconf 85' lang='lat' dir='ltr'>reges</span> 
     </span>
    </p>
   </div>
   <div class='ocr_carea' id='block_1_76' title="bbox 2230 3603 3893 3676">
    <p class='ocr_par' dir='ltr' id='par_1_76' title="bbox 2230 3603 3893 3676">
     <span class='ocr_line' id='line_1_77' title="bbox 2230 3603 3893 3676; baseline 0.001 -18"><span class='ocrx_word' id='word_1_639' title='bbox 2230 3603 2725 3671; x_wconf 68' lang='lat' dir='ltr'>Amorrhaaorum,</span> <span class='ocrx_word' id='word_1_640' title='bbox 2785 3620 2884 3659; x_wconf 91' lang='lat' dir='ltr'>rex</span> <span class='ocrx_word' id='word_1_641' title='bbox 2929 3604 3279 3675; x_wconf 85' lang='lat' dir='ltr'>Jerusalem,</span> <span class='ocrx_word' id='word_1_642' title='bbox 3331 3621 3429 3661; x_wconf 86' lang='lat' dir='ltr'>rex</span> <span class='ocrx_word' id='word_1_643' title='bbox 3481 3604 3743 3676; x_wconf 79' lang='lat' dir='ltr'>Hebron,</span> <span class='ocrx_word' id='word_1_644' title='bbox 3791 3620 3893 3660; x_wconf 89' lang='lat' dir='ltr'>rex</span> 
     </span>
    </p>
   </div>
   <div class='ocr_carea' id='block_1_77' title="bbox 2226 3692 3893 3766">
    <p class='ocr_par' dir='ltr' id='par_1_77' title="bbox 2226 3692 3893 3766">
     <span class='ocr_line' id='line_1_78' title="bbox 2226 3692 3893 3766; baseline -0.001 -17"><span class='ocrx_word' id='word_1_645' title='bbox 2226 3692 2549 3763; x_wconf 86' lang='lat' dir='ltr'>Jarimuth,</span> <span class='ocrx_word' id='word_1_646' title='bbox 2584 3708 2683 3748; x_wconf 85' lang='lat' dir='ltr'>rex</span> <span class='ocrx_word' id='word_1_647' title='bbox 2715 3692 2946 3764; x_wconf 91' lang='lat' dir='ltr'>Lachis,</span> <span class='ocrx_word' id='word_1_648' title='bbox 2981 3709 3079 3749; x_wconf 88' lang='lat' dir='ltr'>rex</span> <span class='ocrx_word' id='word_1_649' title='bbox 3109 3692 3311 3766; x_wconf 87' lang='lat' dir='ltr'>Eglon,</span> <span class='ocrx_word' id='word_1_650' title='bbox 3336 3692 3515 3749; x_wconf 90' lang='lat' dir='ltr'>simul</span> <span class='ocrx_word' id='word_1_651' title='bbox 3550 3709 3686 3748; x_wconf 91' lang='lat' dir='ltr'>cum</span> <span class='ocrx_word' id='word_1_652' title='bbox 3721 3709 3893 3749; x_wconf 85' lang='lat' dir='ltr'>exer-</span> 
     </span>
    </p>
   </div>
   <div class='ocr_carea' id='block_1_78' title="bbox 2229 3780 3897 3853">
    <p class='ocr_par' dir='ltr' id='par_1_78' title="bbox 2229 3780 3897 3853">
     <span class='ocr_line' id='line_1_79' title="bbox 2229 3780 3897 3853; baseline 0.001 -17"><span class='ocrx_word' id='word_1_653' title='bbox 2229 3780 2443 3837; x_wconf 90' lang='lat' dir='ltr'>citibus</span> <span class='ocrx_word' id='word_1_654' title='bbox 2492 3780 2640 3846; x_wconf 85' lang='lat' dir='ltr'>suis,</span> <span class='ocrx_word' id='word_1_655' title='bbox 2686 3787 2743 3837; x_wconf 84' lang='lat' dir='ltr'>et</span> <span class='ocrx_word' id='word_1_656' title='bbox 2792 3783 3184 3837; x_wconf 88' lang='lat' dir='ltr'>castrametati</span> <span class='ocrx_word' id='word_1_657' title='bbox 3232 3787 3371 3837; x_wconf 85' lang='lat' dir='ltr'>sunt</span> <span class='ocrx_word' id='word_1_658' title='bbox 3422 3782 3577 3838; x_wconf 90' lang='lat' dir='ltr'>circa</span> <span class='ocrx_word' id='word_1_659' title='bbox 3623 3782 3897 3853; x_wconf 86' lang='lat' dir='ltr'>Gabaon,</span> 
     </span>
    </p>
   </div>
   <div class='ocr_carea' id='block_1_79' title="bbox 2233 3869 3894 3942">
    <p class='ocr_par' dir='ltr' id='par_1_79' title="bbox 2233 3869 3894 3942">
     <span class='ocr_line' id='line_1_80' title="bbox 2233 3869 3894 3942; baseline 0.002 -17"><span class='ocrx_word' id='word_1_660' title='bbox 2233 3874 2644 3942; x_wconf 87' lang='lat' dir='ltr'>oppugnantes</span> <span class='ocrx_word' id='word_1_661' title='bbox 2674 3886 2822 3926; x_wconf 90' lang='lat' dir='ltr'>eam.</span> <span class='ocrx_word' id='word_1_662' title='bbox 2856 3872 2939 3941; x_wconf 91' lang='lat' dir='ltr'>[C.</span> <span class='ocrx_word' id='word_1_663' title='bbox 2972 3869 3251 3942; x_wconf 83' lang='lat' dir='ltr'>XXXIX].</span> <span class='ocrx_word' id='word_1_664' title='bbox 3284 3870 3653 3927; x_wconf 84' lang='lat' dir='ltr'>Habitatores</span> <span class='ocrx_word' id='word_1_665' title='bbox 3686 3877 3894 3929; x_wconf 85' lang='lat' dir='ltr'>autem</span> 
     </span>
    </p>
   </div>
   <div class='ocr_carea' id='block_1_80' title="bbox 2230 3959 3896 4032">
    <p class='ocr_par' dir='ltr' id='par_1_80' title="bbox 2230 3959 3896 4032">
     <span class='ocr_line' id='line_1_81' title="bbox 2230 3959 3896 4032; baseline 0.001 -17"><span class='ocrx_word' id='word_1_666' title='bbox 2230 3959 2469 4016; x_wconf 88' lang='lat' dir='ltr'>Gabaon</span> <span class='ocrx_word' id='word_1_667' title='bbox 2517 3959 2674 4015; x_wconf 77' lang='lat' dir='ltr'>urbis</span> <span class='ocrx_word' id='word_1_668' title='bbox 2719 3960 2945 4016; x_wconf 57' lang='lat' dir='ltr'>obsessa</span> <span class='ocrx_word' id='word_1_669' title='bbox 2977 3960 3062 4032; x_wconf 86' lang='lat' dir='ltr'>[b.</span> <span class='ocrx_word' id='word_1_670' title='bbox 3097 3977 3213 4016; x_wconf 90' lang='lat' dir='ltr'>non</span> <span class='ocrx_word' id='word_1_671' title='bbox 3258 3960 3452 4026; x_wconf 89' lang='lat' dir='ltr'>habet]</span> <span class='ocrx_word' id='word_1_672' title='bbox 3493 3963 3790 4017; x_wconf 85' lang='lat' dir='ltr'>miserunt</span> <span class='ocrx_word' id='word_1_673' title='bbox 3819 3962 3896 4017; x_wconf 87' lang='lat' dir='ltr'>ad</span> 
     </span>
    </p>
   </div>
   <div class='ocr_carea' id='block_1_81' title="bbox 2229 4049 3898 4124">
    <p class='ocr_par' dir='ltr' id='par_1_81' title="bbox 2229 4049 3898 4124">
     <span class='ocr_line' id='line_1_82' title="bbox 2229 4049 3898 4124; baseline 0.001 -19"><span class='ocrx_word' id='word_1_674' title='bbox 2229 4049 2433 4120; x_wconf 86' lang='lat' dir='ltr'>Josue,</span> <span class='ocrx_word' id='word_1_675' title='bbox 2466 4049 2565 4120; x_wconf 92' lang='lat' dir='ltr'>qui</span> <span class='ocrx_word' id='word_1_676' title='bbox 2599 4053 2742 4104; x_wconf 91' lang='lat' dir='ltr'>tunc</span> <span class='ocrx_word' id='word_1_677' title='bbox 2774 4049 3117 4106; x_wconf 90' lang='lat' dir='ltr'>morabatur</span> <span class='ocrx_word' id='word_1_678' title='bbox 3153 4049 3212 4106; x_wconf 89' lang='lat' dir='ltr'>in</span> <span class='ocrx_word' id='word_1_679' title='bbox 3244 4049 3450 4106; x_wconf 90' lang='lat' dir='ltr'>castris</span> <span class='ocrx_word' id='word_1_680' title='bbox 3479 4050 3637 4123; x_wconf 87' lang='lat' dir='ltr'>apud</span> <span class='ocrx_word' id='word_1_681' title='bbox 3667 4049 3898 4124; x_wconf 87' lang='lat' dir='ltr'>Galga-</span> 
     </span>
    </p>
   </div>
   <div class='ocr_carea' id='block_1_82' title="bbox 2234 4137 3894 4208">
    <p class='ocr_par' dir='ltr' id='par_1_82' title="bbox 2234 4137 3894 4208">
     <span class='ocr_line' id='line_1_83' title="bbox 2234 4137 3894 4208; baseline 0.002 -16"><span class='ocrx_word' id='word_1_682' title='bbox 2234 4137 2376 4208; x_wconf 89' lang='lat' dir='ltr'>lam,</span> <span class='ocrx_word' id='word_1_683' title='bbox 2407 4143 2465 4194; x_wconf 91' lang='lat' dir='ltr'>et</span> <span class='ocrx_word' id='word_1_684' title='bbox 2496 4138 2772 4193; x_wconf 89' lang='lat' dir='ltr'>dixerunt</span> <span class='ocrx_word' id='word_1_685' title='bbox 2819 4139 2869 4193; x_wconf 94' lang='lat' dir='ltr'>ei</span> <span class='ocrx_word' id='word_1_686' title='bbox 2906 4155 2920 4195; x_wconf 90' lang='lat'>:</span> <span class='ocrx_word' id='word_1_687' title='bbox 2972 4138 3055 4195; x_wconf 90' lang='lat' dir='ltr'>Ne</span> <span class='ocrx_word' id='word_1_688' title='bbox 3084 4139 3352 4197; x_wconf 90' lang='lat' dir='ltr'>retrahas</span> <span class='ocrx_word' id='word_1_689' title='bbox 3383 4156 3594 4195; x_wconf 90' lang='lat' dir='ltr'>manus</span> <span class='ocrx_word' id='word_1_690' title='bbox 3643 4143 3784 4196; x_wconf 86' lang='lat' dir='ltr'>tuas</span> <span class='ocrx_word' id='word_1_691' title='bbox 3817 4141 3894 4196; x_wconf 89' lang='lat' dir='ltr'>ab</span> 
     </span>
    </p>
   </div>
   <div class='ocr_carea' id='block_1_83' title="bbox 2239 4227 3901 4301">
    <p class='ocr_par' dir='ltr' id='par_1_83' title="bbox 2239 4227 3901 4301">
     <span class='ocr_line' id='line_1_84' title="bbox 2239 4227 3901 4301; baseline 0.001 -18"><span class='ocrx_word' id='word_1_692' title='bbox 2239 4227 2457 4283; x_wconf 90' lang='lat' dir='ltr'>auxilio</span> <span class='ocrx_word' id='word_1_693' title='bbox 2488 4243 2791 4283; x_wconf 91' lang='lat' dir='ltr'>servorum</span> <span class='ocrx_word' id='word_1_694' title='bbox 2824 4231 3063 4284; x_wconf 90' lang='lat' dir='ltr'>tuorum</span> <span class='ocrx_word' id='word_1_695' title='bbox 3097 4247 3111 4285; x_wconf 93' lang='lat'><strong>:</strong></span> <span class='ocrx_word' id='word_1_696' title='bbox 3145 4230 3395 4285; x_wconf 89' lang='lat' dir='ltr'>ascende</span> <span class='ocrx_word' id='word_1_697' title='bbox 3426 4228 3563 4301; x_wconf 86' lang='lat' dir='ltr'>cito,</span> <span class='ocrx_word' id='word_1_698' title='bbox 3592 4232 3651 4285; x_wconf 89' lang='lat' dir='ltr'>et</span> <span class='ocrx_word' id='word_1_699' title='bbox 3703 4228 3901 4285; x_wconf 87' lang='lat' dir='ltr'>libera</span> 
     </span>
    </p>
   </div>
   <div class='ocr_carea' id='block_1_84' title="bbox 2235 4316 3904 4389">
    <p class='ocr_par' dir='ltr' id='par_1_84' title="bbox 2235 4316 3904 4389">
     <span class='ocr_line' id='line_1_85' title="bbox 2235 4316 3904 4389; baseline 0.001 -16"><span class='ocrx_word' id='word_1_700' title='bbox 2235 4333 2366 4387; x_wconf 87' lang='lat' dir='ltr'>nos,</span> <span class='ocrx_word' id='word_1_701' title='bbox 2400 4316 2601 4388; x_wconf 74' lang='lat' dir='ltr'>terque</span> <span class='ocrx_word' id='word_1_702' title='bbox 2631 4316 2973 4389; x_wconf 69' lang='lat' dir='ltr'>praesidium</span> <span class='ocrx_word' id='word_1_703' title='bbox 3000 4334 3014 4374; x_wconf 93' lang='lat'>:</span> <span class='ocrx_word' id='word_1_704' title='bbox 3048 4318 3454 4375; x_wconf 80' lang='lat' dir='ltr'>convenerunt</span> <span class='ocrx_word' id='word_1_705' title='bbox 3484 4316 3643 4375; x_wconf 90' lang='lat' dir='ltr'>enim</span> <span class='ocrx_word' id='word_1_706' title='bbox 3672 4318 3904 4375; x_wconf 87' lang='lat' dir='ltr'>adver-</span> 
     </span>
    </p>
   </div>
   <div class='ocr_carea' id='block_1_85' title="bbox 2236 4407 3905 4480">
    <p class='ocr_par' dir='ltr' id='par_1_85' title="bbox 2236 4407 3905 4480">
     <span class='ocr_line' id='line_1_86' title="bbox 2236 4407 3905 4480; baseline 0 -17"><span class='ocrx_word' id='word_1_707' title='bbox 2236 4423 2371 4463; x_wconf 88' lang='lat' dir='ltr'>sum</span> <span class='ocrx_word' id='word_1_708' title='bbox 2404 4421 2508 4461; x_wconf 89' lang='lat' dir='ltr'>nos</span> <span class='ocrx_word' id='word_1_709' title='bbox 2538 4420 2742 4462; x_wconf 92' lang='lat' dir='ltr'>omnes</span> <span class='ocrx_word' id='word_1_710' title='bbox 2771 4421 2939 4478; x_wconf 90' lang='lat' dir='ltr'>reges</span> <span class='ocrx_word' id='word_1_711' title='bbox 2968 4407 3580 4480; x_wconf 76' lang='lat' dir='ltr'>Amorrhesorum,qui</span> <span class='ocrx_word' id='word_1_712' title='bbox 3613 4407 3905 4463; x_wconf 87' lang='lat' dir='ltr'>habitant</span> 
     </span>
    </p>
   </div>
   <div class='ocr_carea' id='block_1_86' title="bbox 484 4487 3907 4567">
    <p class='ocr_par' dir='ltr' id='par_1_86' title="bbox 484 4487 3907 4567">
     <span class='ocr_line' id='line_1_87' title="bbox 484 4487 3907 4567; baseline -0.001 -10"><span class='ocrx_word' id='word_1_713' title='bbox 484 4504 675 4557; x_wconf 90' lang='lat' dir='ltr'>castra</span> <span class='ocrx_word' id='word_1_714' title='bbox 703 4497 808 4552; x_wconf 79' lang='lat' dir='ltr'>filii</span> <span class='ocrx_word' id='word_1_715' title='bbox 857 4494 1060 4562; x_wconf 88' lang='lat' dir='ltr'>Israel,</span> <span class='ocrx_word' id='word_1_716' title='bbox 1090 4497 1147 4549; x_wconf 90' lang='lat' dir='ltr'>et</span> <span class='ocrx_word' id='word_1_717' title='bbox 1187 4494 1476 4548; x_wconf 89' lang='lat' dir='ltr'>venerunt</span> <span class='ocrx_word' id='word_1_718' title='bbox 1522 4488 1582 4544; x_wconf 92' lang='lat' dir='ltr'>in</span> <span class='ocrx_word' id='word_1_719' title='bbox 1615 4487 1877 4545; x_wconf 91' lang='lat' dir='ltr'>civitates</span> <span class='ocrx_word' id='word_1_720' title='bbox 1925 4504 2127 4544; x_wconf 90' lang='lat' dir='ltr'>eorum</span> <span class='ocrx_word' id='word_1_721' title='bbox 2237 4494 2300 4549; x_wconf 90' lang='lat' dir='ltr'>in</span> <span class='ocrx_word' id='word_1_722' title='bbox 2341 4494 2663 4551; x_wconf 90' lang='lat' dir='ltr'>montanis.</span> <span class='ocrx_word' id='word_1_723' title='bbox 2714 4495 3112 4567; x_wconf 78' lang='lat' dir='ltr'>Ascenditque</span> <span class='ocrx_word' id='word_1_724' title='bbox 3158 4495 3337 4552; x_wconf 89' lang='lat' dir='ltr'>Josue</span> <span class='ocrx_word' id='word_1_725' title='bbox 3385 4496 3457 4551; x_wconf 90' lang='lat' dir='ltr'>de</span> <span class='ocrx_word' id='word_1_726' title='bbox 3502 4494 3786 4567; x_wconf 84' lang='lat' dir='ltr'>Galgalis,</span> <span class='ocrx_word' id='word_1_727' title='bbox 3844 4499 3907 4552; x_wconf 89' lang='lat' dir='ltr'>et</span> 
     </span>
    </p>
   </div>
   <div class='ocr_carea' id='block_1_87' title="bbox 482 4570 3903 4655">
    <p class='ocr_par' dir='ltr' id='par_1_87' title="bbox 482 4570 3903 4655">
     <span class='ocr_line' id='line_1_88' title="bbox 482 4570 3903 4655; baseline -0.004 0"><span class='ocrx_word' id='word_1_728' title='bbox 482 4586 576 4643; x_wconf 69' lang='lat' dir='ltr'>die</span> <span class='ocrx_word' id='word_1_729' title='bbox 604 4585 799 4654; x_wconf 62' lang='lat' dir='ltr'>teri-l0:</span> <span class='ocrx_word' id='word_1_730' title='bbox 831 4597 1083 4655; x_wconf 64' lang='lat' dir='ltr'>quarum</span> <span class='ocrx_word' id='word_1_731' title='bbox 1116 4579 1237 4634; x_wconf 45' lang='lat' dir='ltr'>hac</span> <span class='ocrx_word' id='word_1_732' title='bbox 1264 4575 1548 4632; x_wconf 64' lang='grc' dir='ltr'>νοοὸδυιθι</span> <span class='ocrx_word' id='word_1_733' title='bbox 1589 4579 1748 4645; x_wconf 65' lang='lat' dir='ltr'>sunt,</span> <span class='ocrx_word' id='word_1_734' title='bbox 1782 4574 2043 4644; x_wconf 68' lang='lat' dir='ltr'>Gabaon,</span> <span class='ocrx_word' id='word_1_735' title='bbox 2075 4578 2133 4630; x_wconf 69' lang='grc' dir='ltr'>δι</span> <span class='ocrx_word' id='word_1_736' title='bbox 2162 4570 2207 4635; x_wconf 87' lang='lat' dir='ltr'>D</span> <span class='ocrx_word' id='word_1_737' title='bbox 2239 4583 2434 4639; x_wconf 90' lang='lat' dir='ltr'>omnis</span> <span class='ocrx_word' id='word_1_738' title='bbox 2464 4584 2753 4639; x_wconf 81' lang='lat' dir='ltr'>exercitus</span> <span class='ocrx_word' id='word_1_739' title='bbox 2784 4582 3137 4640; x_wconf 90' lang='lat' dir='ltr'>bellatorum</span> <span class='ocrx_word' id='word_1_740' title='bbox 3169 4601 3302 4641; x_wconf 90' lang='lat' dir='ltr'>cum</span> <span class='ocrx_word' id='word_1_741' title='bbox 3337 4584 3655 4655; x_wconf 88' lang='lat' dir='ltr'>eo,virique</span> <span class='ocrx_word' id='word_1_742' title='bbox 3690 4584 3903 4641; x_wconf 83' lang='lat' dir='ltr'>fortis-</span> 
     </span>
    </p>
   </div>
   <div class='ocr_carea' id='block_1_88' title="bbox 482 4664 2130 4747">
    <p class='ocr_par' dir='ltr' id='par_1_88' title="bbox 482 4664 2130 4747">
     <span class='ocr_line' id='line_1_89' title="bbox 482 4664 2130 4747; baseline -0.008 -15"><span class='ocrx_word' id='word_1_743' title='bbox 482 4675 753 4747; x_wconf 89' lang='lat' dir='ltr'>Caphira,</span> <span class='ocrx_word' id='word_1_744' title='bbox 785 4677 843 4729; x_wconf 91' lang='lat' dir='ltr'>et</span> <span class='ocrx_word' id='word_1_745' title='bbox 874 4670 1102 4741; x_wconf 90' lang='lat' dir='ltr'>Beroth,</span> <span class='ocrx_word' id='word_1_746' title='bbox 1135 4673 1191 4724; x_wconf 90' lang='lat' dir='ltr'>et</span> <span class='ocrx_word' id='word_1_747' title='bbox 1219 4664 1685 4722; x_wconf 83' lang='lat' dir='ltr'>Cariath-Iarim.</span> <span class='ocrx_word' id='word_1_748' title='bbox 1717 4664 1785 4719; x_wconf 87' lang='lat' dir='ltr'>Et</span> <span class='ocrx_word' id='word_1_749' title='bbox 1834 4680 1951 4719; x_wconf 89' lang='lat' dir='ltr'>non</span> <span class='ocrx_word' id='word_1_750' title='bbox 2002 4679 2130 4735; x_wconf 86' lang='lat' dir='ltr'>per-</span> 
     </span>
    </p>
   </div>
   <div class='ocr_carea' id='block_1_89' title="bbox 483 4752 2132 4830">
    <p class='ocr_par' dir='ltr' id='par_1_89' title="bbox 483 4752 2132 4830">
     <span class='ocr_line' id='line_1_90' title="bbox 483 4752 2132 4830; baseline -0.008 -8"><span class='ocrx_word' id='word_1_751' title='bbox 483 4766 799 4822; x_wconf 90' lang='lat' dir='ltr'>cusserunt</span> <span class='ocrx_word' id='word_1_752' title='bbox 844 4777 964 4825; x_wconf 89' lang='lat' dir='ltr'>eos,</span> <span class='ocrx_word' id='word_1_753' title='bbox 1017 4775 1082 4815; x_wconf 90' lang='lat' dir='ltr'>eo</span> <span class='ocrx_word' id='word_1_754' title='bbox 1133 4756 1288 4830; x_wconf 89' lang='lat' dir='ltr'>quod</span> <span class='ocrx_word' id='word_1_755' title='bbox 1333 4755 1642 4826; x_wconf 89' lang='lat' dir='ltr'>jurassent</span> <span class='ocrx_word' id='word_1_756' title='bbox 1691 4753 1775 4809; x_wconf 89' lang='lat' dir='ltr'>eis</span> <span class='ocrx_word' id='word_1_757' title='bbox 1836 4752 2132 4824; x_wconf 89' lang='lat' dir='ltr'>principes</span> 
     </span>
    </p>
   </div>
   <div class='ocr_carea' id='block_1_90' title="bbox 481 4840 2129 4911">
    <p class='ocr_par' dir='ltr' id='par_1_90' title="bbox 481 4840 2129 4911">
     <span class='ocr_line' id='line_1_91' title="bbox 481 4840 2129 4911; baseline -0.007 -2"><span class='ocrx_word' id='word_1_758' title='bbox 481 4850 885 4910; x_wconf 90' lang='lat' dir='ltr'>multitudinis</span> <span class='ocrx_word' id='word_1_759' title='bbox 936 4848 995 4902; x_wconf 92' lang='lat' dir='ltr'>in</span> <span class='ocrx_word' id='word_1_760' title='bbox 1046 4845 1285 4902; x_wconf 90' lang='lat' dir='ltr'>nomine</span> <span class='ocrx_word' id='word_1_761' title='bbox 1332 4843 1559 4898; x_wconf 89' lang='lat' dir='ltr'>Domini</span> <span class='ocrx_word' id='word_1_762' title='bbox 1595 4842 1698 4897; x_wconf 91' lang='lat' dir='ltr'>Dei</span> <span class='ocrx_word' id='word_1_763' title='bbox 1745 4840 1923 4896; x_wconf 90' lang='lat' dir='ltr'>Israel</span> <span class='ocrx_word' id='word_1_764' title='bbox 1955 4841 2036 4911; x_wconf 87' lang='lat' dir='ltr'>[b.</span> <span class='ocrx_word' id='word_1_765' title='bbox 2070 4841 2129 4897; x_wconf 93' lang='lat' dir='ltr'>in</span> 
     </span>
    </p>
   </div>
   <div class='ocr_carea' id='block_1_91' title="bbox 480 4929 2133 5007">
    <p class='ocr_par' dir='ltr' id='par_1_91' title="bbox 480 4929 2133 5007">
     <span class='ocr_line' id='line_1_92' title="bbox 480 4929 2133 5007; baseline -0.009 -8"><span class='ocrx_word' id='word_1_766' title='bbox 480 4942 729 4999; x_wconf 91' lang='lat' dir='ltr'>Domino</span> <span class='ocrx_word' id='word_1_767' title='bbox 792 4943 904 4994; x_wconf 91' lang='lat' dir='ltr'>Deo</span> <span class='ocrx_word' id='word_1_768' title='bbox 955 4933 1178 5007; x_wconf 90' lang='lat' dir='ltr'>Israel].</span> <span class='ocrx_word' id='word_1_769' title='bbox 1258 4932 1646 4989; x_wconf 82' lang='lat' dir='ltr'>Murmuravit</span> <span class='ocrx_word' id='word_1_770' title='bbox 1703 4929 1903 5002; x_wconf 89' lang='lat' dir='ltr'>itaque</span> <span class='ocrx_word' id='word_1_771' title='bbox 1960 4946 2133 4985; x_wconf 91' lang='lat' dir='ltr'>omne</span> 
     </span>
    </p>
   </div>
   <div class='ocr_carea' id='block_1_92' title="bbox 480 5027 2131 5113">
    <p class='ocr_par' dir='ltr' id='par_1_92' title="bbox 480 5027 2131 5113">
     <span class='ocr_line' id='line_1_93' title="bbox 480 5027 2131 5113; baseline -0.008 -17"><span class='ocrx_word' id='word_1_772' title='bbox 480 5040 694 5113; x_wconf 90' lang='lat' dir='ltr'>vulgus</span> <span class='ocrx_word' id='word_1_773' title='bbox 748 5041 950 5093; x_wconf 91' lang='lat' dir='ltr'>contra</span> <span class='ocrx_word' id='word_1_774' title='bbox 997 5032 1312 5106; x_wconf 90' lang='lat' dir='ltr'>principes.</span> <span class='ocrx_word' id='word_1_775' title='bbox 1366 5030 1451 5102; x_wconf 94' lang='lat' dir='ltr'>[C.</span> <span class='ocrx_word' id='word_1_776' title='bbox 1492 5027 1790 5101; x_wconf 86' lang='lat' dir='ltr'>XXXVII].</span> <span class='ocrx_word' id='word_1_777' title='bbox 1843 5027 1948 5093; x_wconf 90' lang='lat' dir='ltr'>Qui</span> <span class='ocrx_word' id='word_1_778' title='bbox 2005 5044 2131 5083; x_wconf 90' lang='lat' dir='ltr'>res-</span> 
     </span>
    </p>
   </div>
   <div class='ocr_carea' id='block_1_93' title="bbox 481 5116 2129 5203">
    <p class='ocr_par' dir='ltr' id='par_1_93' title="bbox 481 5116 2129 5203">
     <span class='ocr_line' id='line_1_94' title="bbox 481 5116 2129 5203; baseline -0.008 -16"><span class='ocrx_word' id='word_1_779' title='bbox 481 5129 817 5203; x_wconf 88' lang='lat' dir='ltr'>ponderunt</span> <span class='ocrx_word' id='word_1_780' title='bbox 868 5124 955 5181; x_wconf 91' lang='lat' dir='ltr'>eis</span> <span class='ocrx_word' id='word_1_781' title='bbox 1002 5141 1014 5179; x_wconf 91' lang='lat'>:</span> <span class='ocrx_word' id='word_1_782' title='bbox 1063 5120 1409 5178; x_wconf 86' lang='lat' dir='ltr'>Juravimus</span> <span class='ocrx_word' id='word_1_783' title='bbox 1454 5117 1572 5172; x_wconf 91' lang='lat' dir='ltr'>illis</span> <span class='ocrx_word' id='word_1_784' title='bbox 1620 5116 1682 5171; x_wconf 91' lang='lat' dir='ltr'>in</span> <span class='ocrx_word' id='word_1_785' title='bbox 1734 5119 1968 5172; x_wconf 88' lang='lat' dir='ltr'>nomine</span> <span class='ocrx_word' id='word_1_786' title='bbox 2017 5116 2129 5174; x_wconf 91' lang='lat' dir='ltr'>Do-</span> 
     </span>
    </p>
   </div>
   <div class='ocr_carea' id='block_1_94' title="bbox 483 5204 2132 5283">
    <p class='ocr_par' dir='ltr' id='par_1_94' title="bbox 483 5204 2132 5283">
     <span class='ocr_line' id='line_1_95' title="bbox 483 5204 2132 5283; baseline -0.007 -9"><span class='ocrx_word' id='word_1_787' title='bbox 483 5218 632 5275; x_wconf 91' lang='lat' dir='ltr'>mini</span> <span class='ocrx_word' id='word_1_788' title='bbox 689 5216 791 5272; x_wconf 88' lang='lat' dir='ltr'>Dei</span> <span class='ocrx_word' id='word_1_789' title='bbox 852 5211 1030 5270; x_wconf 88' lang='lat' dir='ltr'>Israel</span> <span class='ocrx_word' id='word_1_790' title='bbox 1089 5212 1167 5283; x_wconf 89' lang='lat' dir='ltr'>[h.</span> <span class='ocrx_word' id='word_1_791' title='bbox 1231 5209 1289 5264; x_wconf 91' lang='lat' dir='ltr'>in</span> <span class='ocrx_word' id='word_1_792' title='bbox 1347 5206 1593 5263; x_wconf 89' lang='lat' dir='ltr'>Domino</span> <span class='ocrx_word' id='word_1_793' title='bbox 1648 5211 1765 5261; x_wconf 92' lang='lat' dir='ltr'>Deo</span> <span class='ocrx_word' id='word_1_794' title='bbox 1820 5204 2041 5273; x_wconf 88' lang='lat' dir='ltr'>Israel],</span> <span class='ocrx_word' id='word_1_795' title='bbox 2075 5210 2132 5263; x_wconf 90' lang='lat' dir='ltr'>et</span> 
     </span>
    </p>
   </div>
   <div class='ocr_carea' id='block_1_95' title="bbox 484 5293 2130 5375">
    <p class='ocr_par' dir='ltr' id='par_1_95' title="bbox 484 5293 2130 5375">
     <span class='ocr_line' id='line_1_96' title="bbox 484 5293 2130 5375; baseline -0.007 -11"><span class='ocrx_word' id='word_1_796' title='bbox 484 5307 701 5363; x_wconf 91' lang='lat' dir='ltr'>idcirco</span> <span class='ocrx_word' id='word_1_797' title='bbox 762 5321 877 5361; x_wconf 91' lang='lat' dir='ltr'>non</span> <span class='ocrx_word' id='word_1_798' title='bbox 928 5316 1248 5375; x_wconf 84' lang='lat' dir='ltr'>possumus</span> <span class='ocrx_word' id='word_1_799' title='bbox 1292 5314 1392 5354; x_wconf 91' lang='lat' dir='ltr'>eos</span> <span class='ocrx_word' id='word_1_800' title='bbox 1440 5294 1800 5366; x_wconf 88' lang='lat' dir='ltr'>contingere.</span> <span class='ocrx_word' id='word_1_801' title='bbox 1853 5293 1962 5349; x_wconf 90' lang='lat' dir='ltr'>Sed</span> <span class='ocrx_word' id='word_1_802' title='bbox 2021 5295 2130 5352; x_wconf 92' lang='lat' dir='ltr'>hoc</span> 
     </span>
    </p>
   </div>
   <div class='ocr_carea' id='block_1_96' title="bbox 484 5382 2129 5456">
    <p class='ocr_par' dir='ltr' id='par_1_96' title="bbox 484 5382 2129 5456">
     <span class='ocr_line' id='line_1_97' title="bbox 484 5382 2129 5456; baseline -0.007 -3"><span class='ocrx_word' id='word_1_803' title='bbox 484 5396 770 5453; x_wconf 86' lang='lat' dir='ltr'>faciemus</span> <span class='ocrx_word' id='word_1_804' title='bbox 818 5392 923 5449; x_wconf 92' lang='lat' dir='ltr'>eis.</span> <span class='ocrx_word' id='word_1_805' title='bbox 958 5391 1347 5447; x_wconf 85' lang='lat' dir='ltr'>Reserventur</span> <span class='ocrx_word' id='word_1_806' title='bbox 1395 5384 1655 5456; x_wconf 91' lang='lat' dir='ltr'>quidem,</span> <span class='ocrx_word' id='word_1_807' title='bbox 1705 5387 1770 5437; x_wconf 91' lang='lat' dir='ltr'>ut</span> <span class='ocrx_word' id='word_1_808' title='bbox 1799 5382 2019 5452; x_wconf 87' lang='lat' dir='ltr'>vivant,</span> <span class='ocrx_word' id='word_1_809' title='bbox 2058 5402 2129 5441; x_wconf 89' lang='lat' dir='ltr'>ne</span> 
     </span>
    </p>
   </div>
   <div class='ocr_carea' id='block_1_97' title="bbox 484 5470 2128 5542">
    <p class='ocr_par' dir='ltr' id='par_1_97' title="bbox 484 5470 2128 5542">
     <span class='ocr_line' id='line_1_98' title="bbox 484 5470 2128 5542; baseline -0.007 -1"><span class='ocrx_word' id='word_1_810' title='bbox 484 5488 687 5541; x_wconf 87' lang='lat' dir='ltr'>contra</span> <span class='ocrx_word' id='word_1_811' title='bbox 727 5499 835 5539; x_wconf 89' lang='lat' dir='ltr'>nos</span> <span class='ocrx_word' id='word_1_812' title='bbox 883 5481 969 5536; x_wconf 85' lang='lat' dir='ltr'>ira</span> <span class='ocrx_word' id='word_1_813' title='bbox 1018 5474 1251 5533; x_wconf 90' lang='lat' dir='ltr'>Domini</span> <span class='ocrx_word' id='word_1_814' title='bbox 1298 5473 1645 5537; x_wconf 88' lang='lat' dir='ltr'>concitetur,</span> <span class='ocrx_word' id='word_1_815' title='bbox 1677 5470 1727 5526; x_wconf 88' lang='lat' dir='ltr'>si</span> <span class='ocrx_word' id='word_1_816' title='bbox 1778 5471 2128 5542; x_wconf 86' lang='lat' dir='ltr'>pejeraveri-</span> 
     </span>
    </p>
   </div>
   <div class='ocr_carea' id='block_1_98' title="bbox 481 5560 2130 5636">
    <p class='ocr_par' dir='ltr' id='par_1_98' title="bbox 481 5560 2130 5636">
     <span class='ocr_line' id='line_1_99' title="bbox 481 5560 2130 5636; baseline -0.008 -5"><span class='ocrx_word' id='word_1_817' title='bbox 481 5591 616 5630; x_wconf 90' lang='lat' dir='ltr'>mus</span> <span class='ocrx_word' id='word_1_818' title='bbox 650 5590 663 5628; x_wconf 91' lang='lat'><strong>:</strong></span> <span class='ocrx_word' id='word_1_819' title='bbox 691 5573 791 5629; x_wconf 89' lang='lat' dir='ltr'>sed</span> <span class='ocrx_word' id='word_1_820' title='bbox 816 5572 900 5627; x_wconf 90' lang='lat' dir='ltr'>sic</span> <span class='ocrx_word' id='word_1_821' title='bbox 921 5569 1213 5636; x_wconf 85' lang='lat' dir='ltr'>vivant,ut</span> <span class='ocrx_word' id='word_1_822' title='bbox 1236 5567 1295 5619; x_wconf 91' lang='lat' dir='ltr'>in</span> <span class='ocrx_word' id='word_1_823' title='bbox 1316 5579 1461 5619; x_wconf 90' lang='lat' dir='ltr'>usus</span> <span class='ocrx_word' id='word_1_824' title='bbox 1486 5562 1770 5617; x_wconf 77' lang='lat' dir='ltr'>universae</span> <span class='ocrx_word' id='word_1_825' title='bbox 1792 5560 2130 5619; x_wconf 90' lang='lat' dir='ltr'>multitudi-</span> 
     </span>
    </p>
   </div>
   <div class='ocr_carea' id='block_1_99' title="bbox 478 5651 2128 5734">
    <p class='ocr_par' dir='ltr' id='par_1_99' title="bbox 478 5651 2128 5734">
     <span class='ocr_line' id='line_1_100' title="bbox 478 5651 2128 5734; baseline -0.005 -14"><span class='ocrx_word' id='word_1_826' title='bbox 478 5663 577 5720; x_wconf 85' lang='lat' dir='ltr'>sin</span> <span class='ocrx_word' id='word_1_827' title='bbox 604 5661 763 5734; x_wconf 85' lang='lat' dir='ltr'>ligna</span> <span class='ocrx_word' id='word_1_828' title='bbox 815 5659 1063 5725; x_wconf 72' lang='lat' dir='ltr'>caedant,</span> <span class='ocrx_word' id='word_1_829' title='bbox 1114 5667 1418 5726; x_wconf 87' lang='lat' dir='ltr'>aquasque</span> <span class='ocrx_word' id='word_1_830' title='bbox 1467 5654 1854 5723; x_wconf 87' lang='lat' dir='ltr'>comportent.</span> <span class='ocrx_word' id='word_1_831' title='bbox 1903 5651 2128 5717; x_wconf 89' lang='lat' dir='ltr'>Quibus</span> 
     </span>
    </p>
   </div>
   <div class='ocr_carea' id='block_1_100' title="bbox 2241 4672 3899 4746">
    <p class='ocr_par' dir='ltr' id='par_1_100' title="bbox 2241 4672 3899 4746">
     <span class='ocr_line' id='line_1_101' title="bbox 2241 4672 3899 4746; baseline 0 -17"><span class='ocrx_word' id='word_1_832' title='bbox 2241 4672 2396 4729; x_wconf 87' lang='lat' dir='ltr'>simi.</span> <span class='ocrx_word' id='word_1_833' title='bbox 2432 4673 2514 4745; x_wconf 89' lang='grc' dir='ltr'>[Β.</span> <span class='ocrx_word' id='word_1_834' title='bbox 2545 4672 2762 4738; x_wconf 89' lang='lat' dir='ltr'>XVIII].</span> <span class='ocrx_word' id='word_1_835' title='bbox 2819 4673 3086 4746; x_wconf 83' lang='lat' dir='ltr'>Dixitque</span> <span class='ocrx_word' id='word_1_836' title='bbox 3131 4674 3416 4731; x_wconf 88' lang='lat' dir='ltr'>Dominus</span> <span class='ocrx_word' id='word_1_837' title='bbox 3447 4674 3520 4730; x_wconf 93' lang='lat' dir='ltr'>ad</span> <span class='ocrx_word' id='word_1_838' title='bbox 3549 4674 3769 4732; x_wconf 82' lang='lat' dir='ltr'>Josue:</span> <span class='ocrx_word' id='word_1_839' title='bbox 3808 4673 3899 4729; x_wconf 82' lang='lat' dir='ltr'>Ne</span> 
     </span>
    </p>
   </div>
   <div class='ocr_carea' id='block_1_101' title="bbox 2241 4761 3900 4819">
    <p class='ocr_par' dir='ltr' id='par_1_101' title="bbox 2241 4761 3900 4819">
     <span class='ocr_line' id='line_1_102' title="bbox 2241 4761 3900 4819; baseline 0.001 -3"><span class='ocrx_word' id='word_1_840' title='bbox 2241 4761 2452 4817; x_wconf 85' lang='lat' dir='ltr'>timeas</span> <span class='ocrx_word' id='word_1_841' title='bbox 2483 4778 2628 4817; x_wconf 91' lang='lat' dir='ltr'>eos:</span> <span class='ocrx_word' id='word_1_842' title='bbox 2683 4761 2741 4816; x_wconf 92' lang='lat' dir='ltr'>in</span> <span class='ocrx_word' id='word_1_843' title='bbox 2794 4778 3007 4818; x_wconf 90' lang='lat' dir='ltr'>manus</span> <span class='ocrx_word' id='word_1_844' title='bbox 3054 4763 3208 4819; x_wconf 89' lang='lat' dir='ltr'>enim</span> <span class='ocrx_word' id='word_1_845' title='bbox 3253 4768 3386 4819; x_wconf 83' lang='lat' dir='ltr'>tuas</span> <span class='ocrx_word' id='word_1_846' title='bbox 3433 4761 3651 4818; x_wconf 88' lang='lat' dir='ltr'>tradidi</span> <span class='ocrx_word' id='word_1_847' title='bbox 3702 4761 3900 4819; x_wconf 86' lang='lat' dir='ltr'>illos:</span> 
     </span>
    </p>
   </div>
   <div class='ocr_carea' id='block_1_102' title="bbox 2241 4849 3905 4924">
    <p class='ocr_par' dir='ltr' id='par_1_102' title="bbox 2241 4849 3905 4924">
     <span class='ocr_line' id='line_1_103' title="bbox 2241 4849 3905 4924; baseline 0.002 -20"><span class='ocrx_word' id='word_1_848' title='bbox 2241 4849 2441 4906; x_wconf 90' lang='lat' dir='ltr'>nullus</span> <span class='ocrx_word' id='word_1_849' title='bbox 2472 4849 2580 4906; x_wconf 90' lang='lat' dir='ltr'>tibi</span> <span class='ocrx_word' id='word_1_850' title='bbox 2620 4866 2689 4906; x_wconf 91' lang='lat' dir='ltr'>ex</span> <span class='ocrx_word' id='word_1_851' title='bbox 2731 4850 2815 4907; x_wconf 91' lang='lat' dir='ltr'>eis</span> <span class='ocrx_word' id='word_1_852' title='bbox 2865 4851 3135 4908; x_wconf 86' lang='lat' dir='ltr'>resistere</span> <span class='ocrx_word' id='word_1_853' title='bbox 3179 4852 3410 4924; x_wconf 89' lang='lat' dir='ltr'>poterit.</span> <span class='ocrx_word' id='word_1_854' title='bbox 3460 4850 3638 4907; x_wconf 87' lang='lat' dir='ltr'>Irruit</span> <span class='ocrx_word' id='word_1_855' title='bbox 3685 4850 3905 4923; x_wconf 81' lang='lat' dir='ltr'>itaque</span> 
     </span>
    </p>
   </div>
   <div class='ocr_carea' id='block_1_103' title="bbox 2237 4939 3906 5013">
    <p class='ocr_par' dir='ltr' id='par_1_103' title="bbox 2237 4939 3906 5013">
     <span class='ocr_line' id='line_1_104' title="bbox 2237 4939 3906 5013; baseline 0.002 -20"><span class='ocrx_word' id='word_1_856' title='bbox 2237 4939 2409 4994; x_wconf 85' lang='lat' dir='ltr'>Iosue</span> <span class='ocrx_word' id='word_1_857' title='bbox 2439 4954 2617 5011; x_wconf 88' lang='lat' dir='ltr'>super</span> <span class='ocrx_word' id='word_1_858' title='bbox 2665 4956 2763 4996; x_wconf 89' lang='lat' dir='ltr'>eos</span> <span class='ocrx_word' id='word_1_859' title='bbox 2795 4945 3050 5013; x_wconf 90' lang='lat' dir='ltr'>repente,</span> <span class='ocrx_word' id='word_1_860' title='bbox 3081 4946 3204 4997; x_wconf 90' lang='lat' dir='ltr'>tota</span> <span class='ocrx_word' id='word_1_861' title='bbox 3235 4944 3401 4997; x_wconf 91' lang='lat' dir='ltr'>nocte</span> <span class='ocrx_word' id='word_1_862' title='bbox 3450 4940 3780 4997; x_wconf 88' lang='lat' dir='ltr'>ascendens</span> <span class='ocrx_word' id='word_1_863' title='bbox 3826 4941 3906 4997; x_wconf 86' lang='lat' dir='ltr'>de</span> 
     </span>
    </p>
   </div>
   <div class='ocr_carea' id='block_1_104' title="bbox 2240 5025 3907 5100">
    <p class='ocr_par' dir='ltr' id='par_1_104' title="bbox 2240 5025 3907 5100">
     <span class='ocr_line' id='line_1_105' title="bbox 2240 5025 3907 5100; baseline 0.002 -17"><span class='ocrx_word' id='word_1_864' title='bbox 2240 5025 2591 5100; x_wconf 83' lang='lat' dir='ltr'>Galgalis.Et</span> <span class='ocrx_word' id='word_1_865' title='bbox 2618 5030 2994 5087; x_wconf 88' lang='lat' dir='ltr'>conturbavit</span> <span class='ocrx_word' id='word_1_866' title='bbox 3020 5046 3119 5086; x_wconf 91' lang='lat' dir='ltr'>eos</span> <span class='ocrx_word' id='word_1_867' title='bbox 3142 5030 3425 5087; x_wconf 89' lang='lat' dir='ltr'>Dominus</span> <span class='ocrx_word' id='word_1_868' title='bbox 3448 5047 3482 5087; x_wconf 90' lang='lat' dir='ltr'>a</span> <span class='ocrx_word' id='word_1_869' title='bbox 3508 5029 3652 5086; x_wconf 79' lang='lat' dir='ltr'>facie</span> <span class='ocrx_word' id='word_1_870' title='bbox 3674 5028 3907 5087; x_wconf 89' lang='lat' dir='ltr'>Israel:</span> 
     </span>
    </p>
   </div>
   <div class='ocr_carea' id='block_1_105' title="bbox 2238 5116 3903 5192">
    <p class='ocr_par' dir='ltr' id='par_1_105' title="bbox 2238 5116 3903 5192">
     <span class='ocr_line' id='line_1_106' title="bbox 2238 5116 3903 5192; baseline 0.002 -18"><span class='ocrx_word' id='word_1_871' title='bbox 2238 5116 2627 5189; x_wconf 90' lang='lat' dir='ltr'>contrivitque</span> <span class='ocrx_word' id='word_1_872' title='bbox 2650 5117 2824 5190; x_wconf 89' lang='lat' dir='ltr'>plaga</span> <span class='ocrx_word' id='word_1_873' title='bbox 2844 5134 3059 5191; x_wconf 90' lang='lat' dir='ltr'>magna</span> <span class='ocrx_word' id='word_1_874' title='bbox 3080 5118 3139 5174; x_wconf 92' lang='lat' dir='ltr'>in</span> <span class='ocrx_word' id='word_1_875' title='bbox 3162 5118 3422 5187; x_wconf 89' lang='lat' dir='ltr'>Gabaon,</span> <span class='ocrx_word' id='word_1_876' title='bbox 3446 5135 3513 5175; x_wconf 88' lang='lat' dir='ltr'>ae</span> <span class='ocrx_word' id='word_1_877' title='bbox 3536 5124 3903 5192; x_wconf 89' lang='lat' dir='ltr'>persecutus</span> 
     </span>
    </p>
   </div>
   <div class='ocr_carea' id='block_1_106' title="bbox 2239 5204 3911 5280">
    <p class='ocr_par' dir='ltr' id='par_1_106' title="bbox 2239 5204 3911 5280">
     <span class='ocr_line' id='line_1_107' title="bbox 2239 5204 3911 5280; baseline 0.001 -18"><span class='ocrx_word' id='word_1_878' title='bbox 2239 5210 2328 5262; x_wconf 90' lang='lat' dir='ltr'>est</span> <span class='ocrx_word' id='word_1_879' title='bbox 2345 5204 2528 5277; x_wconf 84' lang='lat' dir='ltr'>[Vulg.</span> <span class='ocrx_word' id='word_1_880' title='bbox 2550 5205 2715 5262; x_wconf 76' lang='lat' dir='ltr'>addit</span> <span class='ocrx_word' id='word_1_881' title='bbox 2743 5208 2864 5280; x_wconf 91' lang='lat' dir='ltr'>eos]</span> <span class='ocrx_word' id='word_1_882' title='bbox 2889 5223 2988 5279; x_wconf 90' lang='lat' dir='ltr'>per</span> <span class='ocrx_word' id='word_1_883' title='bbox 3006 5206 3161 5264; x_wconf 88' lang='lat' dir='ltr'>viam</span> <span class='ocrx_word' id='word_1_884' title='bbox 3184 5224 3465 5265; x_wconf 89' lang='lat' dir='ltr'>ascensus</span> <span class='ocrx_word' id='word_1_885' title='bbox 3486 5206 3875 5264; x_wconf 79' lang='lat' dir='ltr'>Beth-Boron</span> <span class='ocrx_word' id='word_1_886' title='bbox 3894 5251 3911 5277; x_wconf 90' lang='lat'>,</span> 
     </span>
    </p>
   </div>
   <div class='ocr_carea' id='block_1_107' title="bbox 2239 5294 3899 5368">
    <p class='ocr_par' dir='ltr' id='par_1_107' title="bbox 2239 5294 3899 5368">
     <span class='ocr_line' id='line_1_108' title="bbox 2239 5294 3899 5368; baseline 0.002 -18"><span class='ocrx_word' id='word_1_887' title='bbox 2239 5300 2295 5350; x_wconf 89' lang='lat' dir='ltr'>et</span> <span class='ocrx_word' id='word_1_888' title='bbox 2347 5296 2638 5367; x_wconf 85' lang='lat' dir='ltr'>percussit</span> <span class='ocrx_word' id='word_1_889' title='bbox 2686 5311 2876 5368; x_wconf 89' lang='lat' dir='ltr'>usque</span> <span class='ocrx_word' id='word_1_890' title='bbox 2921 5298 3102 5352; x_wconf 86' lang='lat' dir='ltr'>Azeca</span> <span class='ocrx_word' id='word_1_891' title='bbox 3158 5300 3214 5351; x_wconf 89' lang='lat' dir='ltr'>et</span> <span class='ocrx_word' id='word_1_892' title='bbox 3273 5294 3531 5352; x_wconf 89' lang='lat' dir='ltr'>Maceda.</span> <span class='ocrx_word' id='word_1_893' title='bbox 3580 5294 3660 5368; x_wconf 86' lang='lat' dir='ltr'>[C.</span> <span class='ocrx_word' id='word_1_894' title='bbox 3702 5295 3899 5367; x_wconf 72' lang='lat' dir='ltr'>XL].</span> 
     </span>
    </p>
   </div>
   <div class='ocr_carea' id='block_1_108' title="bbox 2237 5380 3915 5457">
    <p class='ocr_par' dir='ltr' id='par_1_108' title="bbox 2237 5380 3915 5457">
     <span class='ocr_line' id='line_1_109' title="bbox 2237 5380 3915 5457; baseline 0 -16"><span class='ocrx_word' id='word_1_895' title='bbox 2237 5384 2502 5457; x_wconf 89' lang='lat' dir='ltr'>Cumque</span> <span class='ocrx_word' id='word_1_896' title='bbox 2544 5384 2815 5457; x_wconf 83' lang='lat' dir='ltr'>lugerent</span> <span class='ocrx_word' id='word_1_897' title='bbox 2845 5382 2998 5443; x_wconf 80' lang='lat' dir='ltr'>ﬁlios</span> <span class='ocrx_word' id='word_1_898' title='bbox 3028 5383 3208 5441; x_wconf 89' lang='lat' dir='ltr'>Israel</span> <span class='ocrx_word' id='word_1_899' title='bbox 3238 5384 3320 5457; x_wconf 89' lang='lat' dir='ltr'>[b.</span> <span class='ocrx_word' id='word_1_900' title='bbox 3354 5400 3387 5439; x_wconf 90' lang='lat' dir='ltr'>a</span> <span class='ocrx_word' id='word_1_901' title='bbox 3415 5384 3560 5440; x_wconf 84' lang='lat' dir='ltr'>facie</span> <span class='ocrx_word' id='word_1_902' title='bbox 3592 5380 3830 5449; x_wconf 90' lang='lat' dir='ltr'>Israel],</span> <span class='ocrx_word' id='word_1_903' title='bbox 3850 5390 3915 5441; x_wconf 84' lang='lat' dir='ltr'>et</span> 
     </span>
    </p>
   </div>
   <div class='ocr_carea' id='block_1_109' title="bbox 2238 5471 3917 5543">
    <p class='ocr_par' dir='ltr' id='par_1_109' title="bbox 2238 5471 3917 5543">
     <span class='ocr_line' id='line_1_110' title="bbox 2238 5471 3917 5543; baseline 0 -14"><span class='ocrx_word' id='word_1_904' title='bbox 2238 5478 2435 5530; x_wconf 90' lang='lat' dir='ltr'>essent</span> <span class='ocrx_word' id='word_1_905' title='bbox 2467 5474 2524 5528; x_wconf 89' lang='lat' dir='ltr'>in</span> <span class='ocrx_word' id='word_1_906' title='bbox 2553 5474 2839 5531; x_wconf 89' lang='lat' dir='ltr'>descensu</span> <span class='ocrx_word' id='word_1_907' title='bbox 2871 5473 3560 5543; x_wconf 86' lang='lat' dir='ltr'>Beth-Horon,Dominus</span> <span class='ocrx_word' id='word_1_908' title='bbox 3591 5471 3765 5529; x_wconf 88' lang='lat' dir='ltr'>misit</span> <span class='ocrx_word' id='word_1_909' title='bbox 3798 5489 3917 5529; x_wconf 84' lang='lat' dir='ltr'>su-</span> 
     </span>
    </p>
   </div>
   <div class='ocr_carea' id='block_1_110' title="bbox 2239 5561 3911 5637">
    <p class='ocr_par' dir='ltr' id='par_1_110' title="bbox 2239 5561 3911 5637">
     <span class='ocr_line' id='line_1_111' title="bbox 2239 5561 3911 5637; baseline -0.001 -18"><span class='ocrx_word' id='word_1_910' title='bbox 2239 5578 2342 5635; x_wconf 89' lang='lat' dir='ltr'>per</span> <span class='ocrx_word' id='word_1_911' title='bbox 2372 5578 2471 5619; x_wconf 87' lang='lat' dir='ltr'>eos</span> <span class='ocrx_word' id='word_1_912' title='bbox 2503 5562 2730 5635; x_wconf 89' lang='lat' dir='ltr'>lapides</span> <span class='ocrx_word' id='word_1_913' title='bbox 2760 5580 3007 5637; x_wconf 89' lang='lat' dir='ltr'>magnos</span> <span class='ocrx_word' id='word_1_914' title='bbox 3038 5565 3109 5619; x_wconf 90' lang='lat' dir='ltr'>de</span> <span class='ocrx_word' id='word_1_915' title='bbox 3135 5562 3279 5620; x_wconf 77' lang='lat' dir='ltr'>coelo</span> <span class='ocrx_word' id='word_1_916' title='bbox 3330 5579 3519 5636; x_wconf 90' lang='lat' dir='ltr'>usque</span> <span class='ocrx_word' id='word_1_917' title='bbox 3550 5561 3623 5618; x_wconf 88' lang='lat' dir='ltr'>ad</span> <span class='ocrx_word' id='word_1_918' title='bbox 3659 5568 3861 5620; x_wconf 81' lang='lat' dir='ltr'>Azoca</span> <span class='ocrx_word' id='word_1_919' title='bbox 3894 5580 3911 5618; x_wconf 88' lang='lat'><strong>:</strong></span> 
     </span>
    </p>
   </div>
   <div class='ocr_carea' id='block_1_111' title="bbox 2237 5649 3922 5725">
    <p class='ocr_par' dir='ltr' id='par_1_111' title="bbox 2237 5649 3922 5725">
     <span class='ocr_line' id='line_1_112' title="bbox 2237 5649 3922 5725; baseline 0.001 -17"><span class='ocrx_word' id='word_1_920' title='bbox 2237 5656 2295 5709; x_wconf 90' lang='lat' dir='ltr'>et</span> <span class='ocrx_word' id='word_1_921' title='bbox 2324 5651 2541 5709; x_wconf 85' lang='lat' dir='ltr'>mortui</span> <span class='ocrx_word' id='word_1_922' title='bbox 2571 5655 2712 5710; x_wconf 90' lang='lat' dir='ltr'>sunt</span> <span class='ocrx_word' id='word_1_923' title='bbox 2754 5650 2941 5710; x_wconf 89' lang='lat' dir='ltr'>multo</span> <span class='ocrx_word' id='word_1_924' title='bbox 2993 5652 3194 5725; x_wconf 89' lang='lat' dir='ltr'>plures</span> <span class='ocrx_word' id='word_1_925' title='bbox 3223 5649 3522 5724; x_wconf 80' lang='lat' dir='ltr'>lapidibus</span> <span class='ocrx_word' id='word_1_926' title='bbox 3563 5649 3922 5724; x_wconf 78' lang='lat' dir='ltr'>grandinis,</span> 
     </span>
    </p>
   </div>
  </div>
