4068 6172
311 364 403 417 525

1740 362 1954 416 LIBER
1990 359 2237 416 JOSUE.

3595 363 3701 419 526

312 502 466 559 quam
497 501 642 556 quos
675 485 871 559 gladio
903 488 1318 559 percusserant
1355 484 1460 540 ﬁlii
1519 484 1717 541 Israel.
1768 485 1932 539 Tunc
1960 489 2016 554 Α
2045 483 2358 554 suspendit
2386 500 2566 554 super
2592 484 2853 557 quinque
2877 486 3109 558 stipites
3136 503 3149 542 :
3184 488 3537 559 fueruntque
3568 504 3704 544 sus-

309 577 519 632 locutus
547 581 636 631 est
664 576 844 631 Josue
862 575 1130 641 Domino,
1154 575 1213 631 in
1231 574 1324 630 die
1343 573 1713 646 quatradidit
1733 575 1938 628 Amor-

311 665 512 721 rbaeum
534 664 596 720 in
618 669 935 736 conspectu
960 664 1214 719 filiorum
1240 662 1438 733 Israel,
1458 663 1719 735 dixitque
1741 678 1935 718 coram

313 754 417 810 eis:
466 751 585 823 Sol,
645 759 849 809 contra
893 754 1133 809 Gabaon
1169 770 1239 808 ne
1292 753 1599 821 movearis,
1665 756 1721 807 et
1777 751 1940 820 luna,

309 847 493 899 contra
521 841 731 898 vallem
777 841 1006 898 Aialon.
1038 842 1121 914 [C.
1148 842 1315 913 XLI.]
1336 842 1752 912 Steteruntqne
1774 840 1859 896 sol
1885 844 1943 895 et

308 932 449 997 luna,
481 932 666 988 donec
698 930 1051 987 ulciscretur
1080 949 1141 987 se
1171 948 1313 1003 gens
1346 932 1417 987 de
1470 931 1728 985 inimicis
1789 929 1934 984 suis.

309 1027 494 1077 Nonne
524 1021 807 1092 scriptum
839 1026 929 1077 est
959 1021 1066 1077 hoc
1102 1021 1160 1075 in
1188 1021 1337 1076 libro
1363 1020 1669 1076 Justorum
1695 1024 1710 1055 ¹
1738 1018 1817 1089 [h.
1853 1036 1941 1074 re-

310 1112 396 1181 cti,
422 1110 478 1166 id
503 1116 594 1167 est
639 1111 764 1182 Dei]
797 1111 823 1165 '7
853 1111 1025 1167 Stetit
1072 1112 1269 1182 itaque
1294 1109 1380 1166 sol
1412 1109 1469 1164 in
1530 1109 1721 1165 medio
1787 1109 1939 1179 coeli,

307 1205 355 1256 et
380 1217 488 1255 non
524 1200 818 1255 festinavit
835 1200 1181 1256 occumbere
1211 1199 1400 1271 spatio
1434 1198 1609 1253 unius
1639 1197 1775 1253 diei.
1818 1202 1943 1253 Non

303 1290 397 1344 fuit
420 1294 556 1345 ante
586 1293 643 1346 et
672 1289 850 1359 [ναις.
903 1291 1030 1360 nec]
1066 1294 1266 1361 postea
1295 1293 1414 1343 tam
1444 1288 1619 1360 longa
1677 1288 1801 1343 dies
1860 1286 1941 1358 [h.

306 1376 923 1446 talisdies],obediente
954 1378 1197 1434 Domino
1216 1378 1338 1434 voci
1353 1377 1632 1442 hominis,
1651 1382 1946 1449 pugnante

302 1484 390 1537 pro
421 1467 621 1523 Israel.
660 1468 1067 1540 Reversusque
1096 1472 1185 1524 est
1212 1467 1393 1523 Josue
1422 1483 1557 1523 cum
1580 1468 1742 1522 omni
1764 1466 1945 1522 Israel

298 1557 350 1611 in
380 1562 572 1612 castra
602 1556 876 1628 Galgalss.
910 1555 993 1631 [C.
1026 1556 1221 1627 Χωιά
1254 1556 1550 1628 Fugerunt
1580 1556 1738 1611 enim
1771 1557 1946 1627 quin-

300 1662 400 1716 que
427 1661 619 1717 reges,
654 1650 713 1701 et
740 1662 803 1701 se
833 1645 1272 1701 absconderunt
1328 1645 1388 1699 in
1448 1644 1734 1716 spelunca
1786 1646 1948 1717 urbis

301 1734 548 1791 Maceda.
579 1734 1049 1807 Nuntiatumque
1082 1739 1171 1790 est
1198 1734 1399 1799 Josue,
1425 1735 1580 1804 quod
1604 1734 1821 1790 inventi
1855 1751 1949 1791 es-

300 1828 417 1878 sent
443 1823 714 1895 quinque
735 1839 902 1895 reges
926 1823 1177 1879 latentes
1200 1824 1260 1879 in
1288 1823 1570 1895 spelunca
1591 1824 1769 1896 [ναις.
1794 1824 1947 1880 addit

298 1912 468 1983 urbis]
506 1912 764 1968 Maceda.
790 1913 894 1979 Qui
928 1912 1199 1985 pramepit
1230 1913 1427 1983 sociis,
1459 1917 1516 1969 et
1546 1913 1664 1969 ait:
1718 1912 1939 1970 Volvite

293 2006 443 2059 sexta
468 2001 739 2077 ingentia
766 2003 837 2057 ad
869 2019 934 2058 os
965 2003 1278 2075 speluncae,
1310 2006 1369 2059 et
1398 2002 1596 2075 ponite
1624 2003 1779 2059 viros
1844 2003 1934 2059 in-

294 2091 574 2159 dustrios,
606 2091 708 2164 qui
737 2090 970 2147 clausos
991 2092 1327 2147 custodiant
1355 2109 1374 2147 :
1398 2108 1503 2148 vos
1532 2096 1733 2147 autem
1757 2090 1936 2148 nolite

294 2185 459 2251 stare,
497 2180 609 2238 sed
640 2180 1064 2253 persequimini
1093 2180 1313 2249 hostes,
1341 2188 1399 2236 et
1427 2184 1719 2236 extremos
1751 2198 1934 2253 quos-

290 2284 392 2340 que
412 2269 775 2343 fugientium
806 2270 1045 2326 caedite:
1081 2287 1150 2326 ne
1178 2269 1493 2326 dimittatis
1544 2287 1643 2326 eos
1694 2270 1932 2326 urbium

292 2375 526 2415 suarum
555 2360 777 2416 intrare
808 2359 1099 2431 praesidia,
1159 2376 1307 2432 quos
1356 2359 1600 2415 tradidit
1648 2359 1933 2415 Dominus

291 2454 433 2505 Deus
460 2449 524 2505 in
560 2465 779 2505 manus
834 2454 1079 2505 vestras.
1122 2449 1299 2505 Caesis
1351 2448 1534 2521 igitur
1582 2449 1934 2504 adversariis

293 2536 451 2610 plaga
469 2554 715 2610 magna,
741 2541 800 2594 et
823 2554 1009 2609 usque
1032 2538 1101 2593 ad
1124 2537 1605 2593 internectionem
1632 2554 1775 2608 pene
1796 2554 1933 2593 con-

293 2629 560 2698 sumptis,
595 2625 658 2681 hi
686 2626 785 2698 qui
820 2626 998 2683 Israel
1046 2627 1295 2698 effugere
1319 2630 1659 2699 potuerunt,
1683 2625 1934 2699 ingressi

292 2720 422 2770 sunt
463 2715 734 2771 civitates
792 2717 1073 2772 munitas.
1134 2716 1540 2787 Reversusque
1596 2720 1688 2771 est
1739 2715 1933 2771 omnis

292 2805 576 2861 exercitus
610 2804 680 2859 ad
696 2804 872 2860 Josue
889 2804 950 2859 in
972 2804 1346 2875 Maceda,ubi
1364 2809 1503 2861 tunc
1525 2808 1693 2861 erant
1714 2809 1932 2871 castra,

292 2894 408 2948 sani
440 2900 499 2950 et
532 2894 769 2966 integro
800 2909 1085 2950 numero:
1144 2894 1462 2966 nullusque
1514 2897 1719 2949 contra
1780 2892 1931 2948 ﬁlios

290 2981 453 3037 Israel
486 2982 711 3037 mutire
742 2998 923 3038 ausus
973 2987 1081 3038 est.
1110 2982 1194 3054 [C.
1249 2982 1470 3053 XLIII.]
1538 2982 1932 3054 Praecepitque

285 3067 475 3136 Josue,
507 3070 752 3124 dicens:
789 3070 1021 3142 Aperite
1052 3087 1117 3126 os
1162 3070 1473 3142 spelunca,
1524 3074 1580 3126 et
1631 3070 1931 3140 producite

278 3158 339 3211 ad
365 3173 455 3213 me
486 3158 755 3231 quinque
787 3174 951 3230 reges
981 3159 1081 3230 qui
1113 3158 1172 3214 in
1204 3177 1272 3215 ea
1300 3158 1553 3215 latitant.
1609 3160 1927 3214 Fecerunt-

1975 1867 2023 1932 B

2048 572 2215 644 pensi
2241 589 2426 645 usque
2457 574 2528 628 ad
2543 589 2874 646 vesperum.
2897 577 3160 647 Cumque
3184 577 3557 632 occumberet
3590 576 3702 649 sol,

2050 660 2326 732 prmcepit
2356 661 2550 728 sociis,
2588 667 2650 717 ut
2667 663 3027 735 deponerent
3048 680 3147 720 eos
3166 665 3238 720 de
3262 664 3571 737 patibulis.
3591 665 3703 733 Qui

2052 750 2350 820 depositos
2383 751 2761 820 projecerunt
2789 751 2848 806 in
2883 751 3248 824 speluncam,
3280 753 3340 808 in
3370 770 3487 825 qua
3517 753 3707 811 latue-

2053 842 2207 907 rant,
2234 843 2291 893 et
2322 844 2649 910 posuerunt
2681 856 2855 911 super
2915 857 2980 897 os
3035 843 3163 913 ejus
3221 859 3361 898 saxa
3411 843 3698 915 ingentia,

2053 943 2182 999 quae
2215 934 2561 999 permanent
2593 945 2781 1000 usque
2810 928 2868 984 in
2904 947 3182 1003 praesens.
3220 933 3295 999 [C.
3347 932 3540 1003 XLV.)
3590 934 3700 989 Eo-

2054 1016 2186 1072 dem
2219 1017 2310 1071 die
2332 1017 2628 1072 Macedam
2662 1035 2892 1089 quoque
2923 1020 3077 1091 cepit
3106 1024 3307 1088 Josue,
3331 1026 3388 1077 et
3414 1024 3704 1093 percussit

2052 1104 2112 1159 in
2146 1121 2244 1160 ore
2274 1105 2474 1177 gladii,
2509 1122 2823 1178 regemque
2854 1107 3014 1164 illius
3046 1108 3341 1165 interfecit
3381 1116 3440 1166 et
3497 1127 3702 1167 omnes

2056 1196 2413 1252 habitatores
2436 1197 2604 1267 ejus:
2636 1214 2750 1254 non
2783 1197 3009 1254 dimisit
3041 1200 3099 1255 in
3134 1215 3201 1256 ea
3232 1200 3438 1256 saltem
3498 1216 3705 1273 parvas

2053 1285 2316 1358 reliquis.
2353 1287 2623 1359 Fecitque
2649 1287 2770 1360 regi
2804 1289 3058 1356 Maceda,
3093 1289 3249 1345 sicut
3298 1289 3513 1346 fecerat
3574 1291 3699 1362 regi

2053 1374 2307 1429 Jericho.
2342 1374 2751 1445 Transivitque
2782 1392 2915 1431 cum
2949 1377 3110 1433 omni
3144 1377 3319 1434 Israel
3349 1378 3419 1433 de
3466 1379 3705 1435 Maceda

2056 1462 2115 1518 in
2144 1463 2337 1530 Libna,
2357 1469 2414 1519 et
2444 1465 2744 1536 pugnabat
2769 1470 2975 1521 contra
3031 1483 3154 1522 eam
3183 1484 3195 1521 :
3231 1484 3410 1539 quam
3458 1466 3704 1523 tradidit

2057 1551 2345 1607 Dominus
2375 1569 2509 1607 cum
2536 1569 2668 1625 rege
2699 1570 2806 1609 suo
2839 1556 2895 1609 in
2931 1571 3107 1610 manu
3142 1555 3342 1623 Israel,
3399 1570 3704 1628 percusse-

2060 1645 2315 1712 runtque
2344 1642 2549 1697 urbem
2573 1643 2631 1697 in
2662 1659 2760 1698 ore
2791 1644 3073 1715 gradii,et
3104 1661 3308 1701 omnes
3340 1645 3705 1701 habitatores

2059 1731 2209 1800 ejus.
2244 1730 2369 1785 Non
2392 1730 2739 1787 dimiserunt
2770 1732 2827 1786 in
2860 1748 2926 1788 ea
2966 1732 3116 1789 ullas
3175 1734 3476 1805 reliquias.
3532 1735 3705 1790 Fece-

2063 1823 2319 1890 runtque
2350 1820 2466 1889 regi
2530 1820 2736 1892 Libna,
2766 1822 2920 1877 sicut
2951 1822 3210 1878 fecerant
3256 1824 3387 1896 regi
3444 1824 3701 1881 Jericho.

2052 1907 2138 1979 [C.
2172 1907 2381 1981 XLVI.]
2410 1908 2491 1964 De
2520 1909 2706 1965 Libna
2735 1910 3003 1967 transivit
3033 1910 3093 1966 in
3136 1911 3339 1968 Lachis
3370 1929 3498 1968 cum
3539 1913 3703 1969 omni

2044 1996 2225 2052 Israel
2250 2014 2263 2050 :
2297 2004 2352 2052 et
2378 1997 2632 2052 exercitu
2666 2015 2768 2069 per
2792 2015 3001 2071 gyrum
3024 2000 3311 2071 disposito
3328 2002 3706 2073 oppugnabat

2041 2100 2194 2141 eam.
2232 2086 2617 2159 Tradiditque
2642 2086 2931 2144 Dominus
2965 2088 3174 2145 Lachis
3205 2090 3265 2144 in
3289 2106 3470 2147 manu
3503 2089 3703 2161 Israel,

2041 2180 2097 2230 et
2126 2175 2276 2246 cepit
2300 2191 2430 2231 eam
2454 2175 2545 2231 die
2571 2175 2775 2247 altero,
2810 2181 2986 2248 atque
3018 2178 3308 2250 percussit
3338 2179 3399 2235 in
3430 2196 3529 2237 ore
3575 2179 3699 2253 gla-

2041 2263 2143 2330 dii,
2186 2279 2540 2336 omnemque
2570 2264 2828 2321 animam
2865 2280 2997 2337 quae
3041 2265 3232 2323 fuerat
3288 2266 3350 2324 in
3399 2284 3488 2335 ea,
3540 2268 3696 2326 sicut

2041 2352 2255 2407 fecerat
2288 2352 2483 2409 Libna.
2545 2355 2623 2419 [C.
2676 2353 2912 2426 XLVII.)
2972 2356 3051 2410 Eo
3100 2361 3364 2429 tempore
3418 2358 3686 2413 ascendit

2041 2441 2395 2509 Horam,rex
2428 2444 2624 2509 Gezer,
2663 2448 2729 2498 ut
2787 2444 3166 2501 auxiliaretur
3220 2446 3450 2515 Lachis,
3511 2464 3686 2519 quem

2042 2532 2331 2601 percussit
2386 2531 2563 2586 Josue
2595 2548 2730 2586 cum
2758 2532 2920 2587 omni
2956 2537 3174 2605 populo
3217 2537 3345 2607 ejus
3377 2553 3566 2608 usque
3615 2537 3689 2592 ad

2038 2619 2510 2675 internetionem.
2534 2620 2616 2691 [C.
2640 2620 2911 2695 XLVIII.]
2940 2622 3351 2695 Transivitque
3385 2626 3456 2681 de
3484 2625 3693 2682 Lachis

2040 2708 2100 2762 in
2136 2708 2341 2781 Eglon,
2391 2714 2448 2764 et
2495 2710 2885 2766 circumdedit
2940 2716 3119 2783 atque
3153 2714 3509 2785 expugnavit
3565 2731 3695 2771 eam

2041 2799 2243 2853 eadem
2268 2799 2401 2853 die:
2436 2800 2841 2871 percussitque
2872 2800 2930 2855 in
2970 2816 3068 2856 ore
3102 2800 3283 2872 gladii
3329 2819 3532 2859 omnes
3564 2803 3696 2859 ani-

2042 2903 2169 2942 mas
2201 2904 2327 2959 quas
2378 2887 2630 2942 erantin
2680 2904 2767 2956 ea,
2821 2890 2992 2961 juxta
3044 2889 3242 2946 omnia
3298 2907 3424 2963 qua
3483 2892 3697 2948 fecerat

2042 2976 2270 3032 Lachis.
2304 2977 2386 3047 [C.
2433 2976 2658 3049 XLIX.]
2717 2978 2994 3033 Ascendit
3062 2996 3295 3052 quoque
3357 2996 3492 3036 cum
3537 2982 3694 3037 omni

2041 3064 2220 3120 Israel
2253 3065 2322 3121 de
2353 3065 2535 3137 Eglon
2559 3065 2617 3119 in
2651 3066 2903 3133 Hebron,
2931 3072 2988 3123 et
3008 3069 3287 3139 pugnavit
3316 3074 3517 3126 contra
3540 3087 3692 3139 eam,

2043 3154 2333 3225 cepitque,
2367 3159 2423 3209 et
2455 3155 2744 3224 percussit
2777 3155 2835 3209 in
2870 3172 2967 3211 ore
2992 3155 3198 3228 gladii,
3233 3175 3428 3231 regem
3460 3176 3694 3232 quoque

285 3260 387 3314 que
416 3246 683 3301 ministri
717 3251 783 3301 ut
812 3245 1586 3319 sibifueratimperatum,et
1602 3246 1929 3301 eduxerunt
1959 3238 2001 3304 C
2040 3243 2187 3313 ejus,
2220 3248 2276 3298 et
2306 3244 2505 3298 omnia
2534 3243 2749 3315 oppida
2782 3245 3036 3315 regionis
3069 3245 3248 3313 illius,
3275 3247 3693 3321 universasque

289 3334 351 3387 ad
379 3350 517 3390 eum
556 3334 824 3405 quinque
858 3351 1022 3407 reges
1054 3336 1126 3390 de
1157 3334 1458 3407 spelunca,
1508 3352 1703 3407 regem
1759 3334 1935 3390 Jeru-

295 3422 496 3494 salem,
532 3440 733 3493 regem
760 3422 1009 3490 Hebron,
1043 3440 1239 3495 regem
1270 3424 1587 3490 Jarimuth,
1619 3440 1813 3494 regem
1828 3424 1935 3478 La-

289 3510 433 3577 cbis,
469 3528 678 3585 regem
711 3512 914 3585 Eglon.
940 3514 1021 3584 [C.
1055 3512 1271 3585 XLIV.)
1300 3516 1561 3585 Cumque
1592 3514 1787 3568 educti
1845 3529 1937 3568 es-

291 3606 414 3655 sent
439 3602 513 3656 ad
549 3616 715 3667 eum,
746 3602 969 3657 vocavit
999 3617 1204 3657 omnes
1225 3602 1378 3658 viros
1410 3602 1610 3670 Israel,
1645 3608 1699 3658 et
1731 3602 1811 3658 ait
1864 3603 1936 3657 ad

296 3688 598 3761 principes
630 3690 920 3747 exercitus
942 3691 1043 3763 qui
1076 3707 1276 3747 secum
1310 3697 1474 3747 erant
1501 3710 1513 3748 :
1547 3693 1625 3746 Ite
1657 3697 1713 3747 et
1744 3692 1941 3762 ponite

286 3779 457 3847 pedes
510 3794 701 3850 super
745 3777 895 3834 colla
942 3795 1145 3851 regum
1188 3779 1459 3836 istorum.
1494 3780 1601 3844 Qui
1641 3798 1774 3835 cum
1808 3798 1938 3851 per-

279 3867 607 3935 rexissent,
645 3870 705 3922 et
737 3867 1135 3938 subjectorum
1169 3869 1417 3940 pedibus
1448 3869 1597 3925 colla
1622 3868 1937 3937 calcarent,

279 3970 523 4010 rursum
561 3953 652 4010 ait
683 3955 754 4009 ad
786 3971 923 4010 eos:
975 3955 1166 4012 Nolite
1211 3956 1437 4028 timere,
1505 3974 1610 4013 nec
1655 3957 1939 4030 paveatis,

282 4042 712 4100 confortamini
740 4048 796 4099 et
825 4049 1007 4100 estote
1037 4045 1260 4101 robusti
1288 4064 1300 4102 :
1336 4046 1418 4101 sic
1448 4048 1602 4102 enim
1629 4047 1802 4102 faciet
1834 4053 1941 4102 Do-

287 4130 482 4188 minus
517 4132 755 4188 cuuctis
788 4132 1057 4189 hostibus
1088 4134 1319 4204 vestris,
1351 4135 1660 4191 adversum
1680 4152 1827 4208 quos
1849 4136 1940 4190 di-

286 4219 542 4277 micatis.
574 4221 991 4292 Percussitque
1011 4224 1209 4293 Josue,
1234 4227 1291 4279 et
1311 4224 1601 4280 interfecit
1621 4240 1742 4295 eos,
1767 4228 1942 4296 atque

355 4476 372 4507 ¹
406 4471 747 4546 Indefinata
773 4471 957 4546 nimis
989 4477 1231 4546 apparet
1262 4474 1380 4530 haec
1394 4475 1939 4535 delibroJustorum.

288 4542 425 4616 sive,
460 4544 617 4600 recti
644 4542 1085 4616 intelligentiaf
1106 4546 1329 4602 nullum
1356 4552 1443 4603 est
1472 4548 1629 4603 enim
1687 4564 1718 4603 e
1765 4565 1938 4603 cano-

2047 3334 2279 3389 animas
2309 3352 2435 3406 quae
2469 3334 2527 3388 in
2558 3352 2625 3389 ea
2654 3336 2884 3390 fuerant
2916 3342 3332 3394 commoratse:
3384 3357 3498 3395 non
3557 3339 3691 3395 reli-

2046 3423 2171 3493 quit
2200 3424 2259 3477 in
2292 3441 2358 3478 ea
2388 3422 2540 3478 ullas
2572 3423 2889 3495 reliquias:
2925 3425 3080 3480 sicut
3110 3427 3325 3483 fecerat
3354 3429 3561 3500 Eglon,
3609 3429 3693 3485 sic

2048 3512 2183 3567 fecit
2213 3518 2269 3567 et
2297 3514 2553 3581 Hebron,
2594 3518 2801 3568 cuncta
2834 3530 2959 3585 quae
2992 3514 3050 3569 in
3109 3532 3176 3570 ea
3232 3518 3446 3588 reperit
3484 3535 3696 3575 consu-

2048 3618 2213 3657 mens
2235 3602 2449 3673 gladio.
2484 3602 2563 3673 [C.
2612 3603 2694 3673 L.]
2765 3603 2903 3658 Inde
2961 3620 3227 3658 reversus
3286 3606 3344 3659 in
3401 3607 3697 3679 Dabiram,

2048 3690 2202 3761 cepit
2223 3708 2346 3745 eam
2382 3696 2557 3761 atque
2589 3692 2873 3746 vastavit:
2912 3708 3108 3763 regem
3159 3710 3391 3764 quoque
3437 3696 3592 3765 ejus,
3641 3702 3699 3750 et

2050 3779 2248 3834 omnia
2280 3795 2381 3851 per
2402 3779 2711 3835 circuitum
2742 3780 2981 3851 oppida,
3022 3782 3313 3852 percussit
3344 3783 3399 3837 in
3436 3800 3532 3838 ore
3572 3784 3696 3855 gla-

2050 3867 2170 3938 dii:
2221 3885 2338 3923 non
2371 3868 2595 3923 dimisit
2625 3869 2683 3923 in
2731 3885 2798 3924 ea
2830 3868 2981 3924 ullas
3013 3869 3293 3941 reliquias
3320 3888 3333 3926 :
3365 3872 3519 3927 sicut
3547 3873 3694 3928 fece-

2052 3961 2142 4011 rat
2174 3958 2399 4012 Hebron
2432 3962 2488 4012 et
2519 3958 2702 4011 Libna
2730 3962 2786 4013 et
2816 3958 3055 4029 regibus
3084 3974 3309 4029 eorum,
3369 3960 3523 4015 sicut
3560 3959 3695 4016 fecit

2050 4044 2231 4101 Dabir
2259 4052 2317 4102 et
2339 4046 2459 4118 regi
2493 4045 2672 4101 illius.
2692 4046 2905 4117 [C.LI.]
2936 4046 3229 4102 Percussit
3258 4047 3457 4119 itaque
3515 4048 3694 4105 Josue

2051 4151 2282 4190 omnem
2315 4140 2527 4191 terram
2578 4139 2919 4189 montanam
2968 4138 3026 4190 et
3074 4134 3457 4192 meridianam
3515 4142 3694 4210 atque

2050 4228 2466 4295 campestrem,
2500 4230 2555 4279 et
2585 4223 2861 4295 Asedoth,
2921 4224 3300 4297 cumregibus
3356 4226 3515 4298 suis;
3578 4243 3692 4283 non

2054 4493 2179 4545 xm,
2214 4474 2340 4547 170):
2373 4498 2399 4522 (ι
2430 4473 2487 4527 Si
2521 4471 2898 4547 Balaam......
2931 4489 3135 4547 vanum
3189 4476 3450 4546 populum
3504 4476 3695 4547 sonat,

2056 4546 2570 4620 perspicuumest,
2598 4545 2811 4620 inquit,
2844 4545 2998 4615 quod
3029 4545 3400 4620 vanusprius
3430 4545 3697 4620 gentium

286 4613 427 4692 uicis
459 4616 794 4692 Scripturis
824 4613 1150 4692 _vp_lumen_.
1183 4620 1337 4689 quod
1372 4635 1486 4674 non
1530 4619 1626 4687 sit,
1661 4636 1743 4692 ac
1789 4625 1939 4676 recte
1971 4614 2016 4677 D
2050 4613 2303 4692 populus
2333 4617 2627 4692 desideret
2655 4613 2876 4692 habere
2891 4613 3256 4692 consortium
3281 4613 3696 4692 cum'anima-

289 4685 706 4761 dicaturgliber
733 4687 853 4761 Dei.
884 4685 1318 4761 Meliusgita'que
1360 4685 1621 4746 sanctus»
1658 4690 1937 4761 Hierony-

290 4771 444 4832 mus,
480 4759 709 4832 lib.gxﬁu
740 4760 1061 4832 Comment.
1098 4760 1154 4815 in
1188 4759 1299 4817 Isa.
1330 4778 1454 4832 cap.
1490 4780 1640 4830 xmv,
1676 4763 1776 4816 ubi
1807 4759 1935 4817 con-

288 4831 475 4901 ceptis
502 4830 705 4886 verbis
760 4831 978 4886 librum
1034 4833 1343 4901 Geneseos,
1402 4830 1613 4888 librum
1664 4836 1941 4901 iustorum

289 4900 582 4972 appellari
616 4902 916 4958 definivit:
949 4926 977 4953 «
1011 4904 1134 4959 Alio
1164 4900 1418 4969 nomine,
1439 4900 1941 4976 inquit,Israelem

289 4980 479 5043 vocat,
534 4976 996 5045 isuaunnﬁwv)
1052 4977 1209 5045 enim
1267 4978 1508 5030 verbum
1566 4977 1942 5042 Hebraicum,

292 5041 510 5115 caeteri,
534 5041 850 5114 ede-Statov,
886 5041 1025 5115 sive,
1058 5044 1235 5113 εὐθὺν,
1256 5047 1314 5102 id
1342 5052 1451 5110 est,
1469 5048 1869 5102 rectissimum
1892 5052 1948 5102 et

292 5122 520 5188 rectum
561 5116 937 5188 interpretati
968 5124 1143 5173 sunt:
1178 5117 1288 5173 soli
1312 5118 1459 5184 LXX,
1490 5118 1945 5184 dilectissimum,

294 5186 579 5259 ingentes
615 5188 691 5259 de
722 5186 850 5256 suo,
880 5188 1074 5243 Israel.
1121 5190 1360 5259 Proprie
1416 5190 1569 5245 enim
1621 5190 1793 5259 juxta
1847 5192 1948 5243 He-

296 5257 485 5313 brbos
518 5263 584 5312 et
614 5257 942 5314 litterarum
984 5260 1181 5327 ﬁdem,
1214 5257 1415 5325 Israel,
1448 5257 1641 5317 rectus
1672 5262 1773 5317 Dei
1803 5260 1952 5315 dici-

298 5331 393 5384 tur
420 5346 435 5385 :
468 5328 583 5384 Vir
614 5344 805 5385 autem
835 5331 1041 5385 videns
1080 5332 1287 5397 Deum,
1320 5348 1438 5388 non
1495 5333 1554 5386 in
1620 5332 1951 5401 elementis,

299 5402 407 5475 sed
430 5401 494 5454 in
530 5402 1004 5475 sonovocisest'
1052 5402 1215 5458 Unde
1231 5409 1288 5458 et
1318 5403 1465 5459 liber
1503 5404 1793 5460 Geneseos
1850 5420 1952 5475 ap-

300 5470 925 5545 pellatur,_eb0émv,id
958 5476 1045 5528 est
1065 5475 1366 5545 justorum,
1396 5476 1712 5541 Abraham,
1771 5470 1953 5543 Isaac,

301 5547 359 5613 et
420 5540 639 5599 Israel.
674 5563 698 5594 ι
747 5544 961 5601 Eadem
1006 5540 1180 5613 affert
1236 5540 1362 5602 libi
1405 5564 1458 5602 Vl
1506 5540 1833 5603 Comment.
1895 5540 1955 5600 in

301 5611 540 5686 Ezech.,
604 5629 723 5686 cap.
774 5632 937 5683 xvm,
985 5611 1241 5672 recitans
1288 5615 1391 5672 illa
1418 5618 1595 5673 verba
1652 5617 1888 5673 Balaam
1942 5632 1957 5672 :

298 5684 586 5743 ﬂoriatur
618 5684 803 5744 anima
827 5702 952 5745 mea
989 5689 1052 5744 in
1103 5689 1396 5746 animabus
1439 5690 1725 5763 justorum
1772 5688 1957 5762 (Num.

2050 4687 2159 4746 bus
2184 4691 2505 4760 justorum,
2538 4688 2855 4754 Abraham,
2891 4687 3051 4741 Isaac
3076 4687 3355 4761 et_._lacob,
3378 4689 3693 4761 ᾳυὶεὖθεὶς,

2049 4764 2104 4818 id
2130 4758 2218 4817 est
2246 4762 2382 4815 recti
2412 4765 2469 4814 et
2491 4760 2632 4830 justi
2663 4764 3098 4829 noncupantur.
3129 4758 3290 4816 Unde
3320 4766 3375 4816 et
3395 4758 3693 4817 Geneseos

2048 4834 2195 4889 liber
2225 4848 2295 4886 ex
2323 4830 3079 4904 eorumvocabulonomen
3138 4835 3378 4904 accepit.
3414 4856 3441 4883 ››
3490 4838 3617 4887 Hac
3666 4848 3697 4889 θ

2051 4903 2503 4962 Commentariis
2524 4901 2858 4973 Hieronymi
2891 4901 3323 4973 adnotavimus,
3361 4910 3424 4959 ut
3464 4907 3699 4960 videant

2054 4992 2211 5032 nunc
2240 4975 2425 5029 critici
2456 4976 2808 5030 recentiores
2854 4989 3027 5040 quam
3061 4972 3231 5044 longe
3289 4976 3407 5031 sint
3448 4992 3480 5030 a
3539 4992 3693 5042 vero,

2055 5049 2154 5120 qui
2180 5052 2391 5120 putant
2422 5051 2818 5120 commentum
2852 5060 2982 5120 esse
3012 5051 3316 5101 auctorum
3358 5046 3694 5113 Gemaroth,

2054 5113 2269 5174 librum
2290 5118 2576 5171 Geneseos
2604 5115 2881 5188 appellari
2914 5113 3129 5188 librum
3177 5121 3501 5172 Justorum.
3532 5121 3697 5188 Certe

2058 5191 2107 5246 si
2140 5193 2535 5244 commentum
2567 5186 3010 5257 est,'antiqruius
3041 5186 3475 5244 demonstratur
3503 5186 3696 5243 omni-

2059 5263 2170 5317 bus
2199 5259 2618 5326 Thalmudicis,
2648 5256 2753 5315 nec
2800 5256 2994 5329 solum
3035 5261 3186 5327 apud
3246 5261 3539 5329 Hebraeos,
3598 5258 3701 5313 sed

2060 5332 2214 5403 apud
2238 5332 2801 5403 veteresscriptores
2848 5328 3026 5403 etiam
3085 5330 3508 5386 ecclesiasticos
3564 5328 3705 5403 olim

2064 5400 2387 5473 acceptum.
2424 5400 2822 5457 Plura'adhuc
2853 5400 2924 5453 de
2956 5400 3099 5453 libro
3126 5406 3437 5471 Juslorum,
3469 5418 3601 5456 cum
3635 5402 3707 5455 ad

2068 5475 2395 5532 secundum
2424 5473 2715 5529 Samuelis
2748 5473 2963 5527 librum
2994 5478 3234 5526 ventum
3267 5474 3399 5527 erit.
3430 5477 3610 5527 MART.

2139 5577 2205 5587 -——
2242 5545 2384 5600 Vide
2416 5561 2541 5614 quas
2568 5546 2737 5601 nobis
2760 5546 2816 5599 in
2838 5543 3285 5599 Commentariis
3308 5545 3366 5598 in
3394 5544 3554 5599 Isaia:
3586 5555 3712 5612 cap.

2069 5634 2201 5673 xuv
2231 5620 2285 5673 et
2303 5614 2617 5674 Ezechielis
2649 5634 2809 5685 xvm,
2840 5614 2949 5669 hac
2978 5629 3158 5688 super
3186 5632 3248 5672 re
3278 5620 3420 5673 sunt
3448 5614 3714 5675 animad-

2073 5704 2267 5746 versa.
