4068 6172
400 295 506 350 527

1446 299 1506 353 Β.
1548 297 1953 355 ΗῙΕΒΟΝῩΜΙ
1991 302 2245 361 DIVINA
2282 310 2778 373 BIBLIO'I‘HECA.

3662 325 3754 382 528

392 439 620 499 dimisit
648 441 709 498 in
765 441 848 498 eis
904 441 1054 497 ullas
1106 439 1410 512 reliquias,
1468 441 1571 497 sed
1629 458 1803 498 omne
1887 445 2042 515 quod
2074 433 2124 497 Α
2158 433 2391 503 quidem
2428 440 2688 509 verbum,
2722 441 3157 513 quodjusserat
3183 444 3462 503 Dominus
3490 447 3641 506 Mosi.
3669 428 3752 509 ci.

389 533 613 604 spirare
644 534 889 604 poterat,
923 530 1234 597 interfecit,
1270 529 1423 586 sicut
1444 536 1797 603 praeceperat
1827 532 1876 587 ei
1925 532 2035 589 Do-

393 622 589 678 minus
622 626 771 678 Deus
803 620 1002 689 Israel,
1037 620 1485 676 aCades-Barne
1508 637 1696 692 usque
1720 621 1789 676 ad
1823 621 2038 678 Gazam

396 712 474 784 [h.
510 711 667 783 Aza].
693 710 935 767 Omnem
967 713 1179 765 terram
1205 709 1395 765 Gosen
1418 726 1603 780 usque
1620 709 1882 780 Gabaon,
1915 712 2043 767 uni-

395 818 591 857 versos
614 817 774 872 reges
805 804 861 856 et
890 800 1157 871 regiones
1193 816 1418 870 eorum,
1453 816 1568 855 uno
1596 800 1751 871 cepit
1795 800 2035 872 impetu,

393 897 566 963 atque
595 889 841 947 vastavit
869 907 882 958 ;
916 888 1201 945 Dominus
1227 889 1385 944 enim
1408 888 1559 944 Deus
1592 888 1769 945 Israel
1816 906 2041 962 pugna-

393 982 494 1037 bat
524 998 628 1053 pro
659 996 747 1045 eo,
781 994 1162 1049 reversusque
1184 981 1274 1033 est
1304 993 1439 1032 cum
1470 976 1629 1032 omni
1657 976 1832 1032 Israel
1861 979 1930 1033 ad
1954 977 2041 1035 lo-

395 1087 530 1127 cum
562 1073 858 1125 castorum
887 1069 945 1123 in
981 1066 1243 1139 Galgala,

465 1159 548 1230 [C.
583 1158 699 1229 LII,
736 1157 864 1229 Cap.
896 1157 1022 1226 Xl.]
1055 1158 1187 1221 Quae
1219 1172 1354 1211 cum
1386 1154 1650 1211 audisset
1708 1154 1881 1211 Jabin
1941 1172 2041 1211 rex

395 1254 559 1318 Asor,
594 1246 757 1304 misit
788 1248 857 1302 ad
889 1245 1073 1302 Jobab
1099 1261 1290 1317 regem
1323 1244 1558 1315 Madon,
1612 1248 1669 1300 et
1711 1244 1783 1299 ad
1843 1260 2039 1316 regem

391 1339 691 1407 Semeron,
726 1340 901 1407 atque
931 1336 1001 1390 ad
1037 1350 1227 1406 regem
1255 1332 1523 1405 Achsaph
1552 1350 1565 1388 :
1600 1334 1671 1388 ad
1698 1350 1859 1405 reges
1893 1350 2039 1405 quo-

390 1444 504 1501 que
527 1426 840 1499 Aquilonis
871 1424 969 1497 qui
1022 1423 1367 1479 habitabant
1394 1424 1451 1478 in
1511 1422 1807 1478 montanis
1865 1428 1921 1478 et
1977 1423 2037 1478 in

387 1516 633 1589 planitie
665 1518 872 1571 contra
901 1512 1207 1568 meridiem
1240 1511 1574 1583 Chineroth,
1604 1513 1662 1567 in
1691 1512 2039 1585 campestri-

390 1606 502 1662 bus
535 1614 767 1678 quoque
799 1606 857 1659 et
888 1603 946 1657 in
981 1602 1317 1672 regionibus
1343 1601 1644 1672 Dorjuxta
1666 1618 1827 1657 mare
1843 1618 1863 1662 ;
1895 1601 2040 1657 Cha-

389 1710 776 1765 nanzsumque
808 1693 880 1747 ab
910 1692 1132 1748 oriente
1162 1691 1610 1757 etoccidente,et
1633 1691 2037 1746 Amorrhzeum

390 1791 566 1858 atque
594 1782 927 1838 Hetthaeum
962 1798 1026 1837 ac
1058 1780 1431 1837 Pherezaeum
1465 1784 1520 1874 et
1568 1780 1931 1874 Iebusgumﬂ
1974 1781 2033 1836 in
2072 1809 2119 1874 Β

393 1874 716 1932 montanis:
743 1873 972 1928 Evmum
998 1887 1227 1942 quoque
1251 1870 1351 1942 qui
1373 1869 1677 1924 habitabat
1706 1870 1774 1924 ad
1810 1870 2037 1926 radices

390 1965 665 2031 Hermon,
692 1963 751 2017 in
784 1967 941 2017 terra
973 1960 1222 2031 Mispha.
1256 1960 1601 2031 Egressique
1632 1962 1771 2013 sunt
1829 1976 2035 2015 omnes

387 2070 526 2111 cum
558 2052 771 2108 turmis
796 2050 921 2106 suis
944 2049 1197 2121 populus
1223 2047 1445 2103 multus
1459 2046 1636 2103 nimis
1660 2048 1814 2102 sicut
1837 2064 2035 2115 arena,

388 2160 511 2214 quae
543 2141 719 2198 estin
750 2139 946 2196 littore
978 2138 1181 2208 maris,
1233 2136 1367 2208 equi
1426 2152 1660 2208 quoque
1718 2142 1774 2191 et
1825 2153 2036 2192 currus

385 2233 686 2288 immensae
719 2226 1140 2284 multitudinis.
1172 2226 1696 2296 Conveneruntque
1719 2241 1925 2280 omnes
1948 2242 2037 2281 re-

386 2337 488 2393 ges
518 2319 614 2376 isti
647 2320 706 2373 in
731 2333 917 2373 unum
950 2316 1021 2371 ad
1056 2332 1240 2387 aquas
1301 2314 1543 2383 Merom,
1578 2318 1642 2368 ut
1708 2317 2036 2385 pugnarent

385 2414 588 2466 contra
613 2407 811 2464 Israel.
849 2405 1113 2476 Dixitque
1145 2403 1433 2459 Dominus
1465 2404 1536 2458 ad
1560 2403 1744 2458 Josue
1778 2420 1791 2457 :
1826 2403 1906 2458 Ne
1962 2403 2037 2458 ti-

388 2516 549 2555 meas
579 2514 715 2554 eos:
748 2513 874 2552 cras
903 2494 1057 2550 enim
1092 2493 1203 2549 hac
1235 2493 1438 2548 eadem
1485 2492 1625 2548 hora
1654 2507 1761 2564 ego
1807 2492 2035 2548 tradam

387 2604 591 2644 omnes
614 2586 760 2642 istos
790 2583 1187 2639 vulnerandos
1234 2580 1315 2653 [h.
1371 2580 1734 2652 vulneratos]
1792 2580 1852 2635 in
1904 2596 2038 2636 con-

386 2682 587 2751 spectu
622 2674 802 2732 Israel
828 2689 1041 2743 :equos
1074 2687 1273 2727 eorum
1301 2669 1710 2740 subnervabis,
1735 2675 1791 2725 et
1819 2687 2033 2726 currus

385 2769 521 2841 igne
544 2780 871 2837 comgures.
907 2761 990 2831 [C.
1021 2759 1193 2830 LIII.]
1228 2759 1513 2830 Venitque
1543 2760 1739 2823 Josue,
1763 2759 2033 2815 etomnis

386 2858 673 2913 exercitus
695 2868 826 2909 cum
854 2866 920 2906 eo
951 2850 1263 2906 adversum
1297 2847 1427 2903 illos
1459 2847 1531 2902 ad
1562 2864 1746 2918 aquas
1806 2848 2027 2903 Merom

388 2945 606 3015 subito,
641 2948 697 2999 et
748 2942 1051 2996 irruerunt
1100 2954 1277 3008 super
1326 2953 1425 2992 eos
1485 2936 1842 3006 tradiditque
1896 2934 2030 2992 illos

386 3035 670 3091 Dominus
692 3032 752 3086 in
786 3046 964 3085 manu
998 3027 1197 3083 Israel.
1232 3025 1337 3091 Qui
1374 3029 1793 3097 percusserunt
1823 3040 1943 3103 eos,
1974 3029 2032 3081 et

386 3120 671 3196 persecuti
719 3122 859 3176 sunt
914 3133 1102 3189 usque
1155 3116 1225 3171 ad
1284 3114 1557 3169 Sidonem
1619 3130 1915 3185 magnam,
1974 3118 2031 3170 et

385 3228 568 3283 aquas
602 3207 1001 3279 Miserephcth
1040 3205 1115 3272 [h.
1153 3202 1565 3273 Miserephoth,
1621 3203 1679 3257 in
1735 3202 2030 3269 Latinum,

388 3306 578 3372 Aquas
608 3297 883 3366 Calidas],
917 3308 1313 3365 campumque
1342 3290 1587 3363 Misphe,
1649 3290 1751 3363 qui
1812 3295 1903 3347 est
1960 3291 2033 3346 ad

386 3387 730 3445 orientalem
763 3384 926 3440 illius
959 3387 1184 3456 partem
1243 3383 1328 3436 Ita
1358 3380 1654 3452 percussit
1685 3396 1913 3447 omnes,
1972 3384 2037 3436 ut

387 3477 582 3535 nullas
612 3475 936 3533 dimitteret
965 3488 1033 3527 ex
1065 3471 1150 3526 eis
1205 3468 1522 3542 reliquias:
1577 3468 1826 3540 fecitque
1883 3468 2037 3525 sicut

389 3568 741 3640 praeceperat
770 3563 819 3617 ei
854 3560 1152 3629 Dominus,
1185 3573 1367 3629 equos
1406 3573 1605 3623 eorum
1639 3557 2032 3629 subnervavit,

388 3652 867 3727 currusqueigne
888 3647 1236 3705 combussit.
1268 3647 1669 3714 Reversusque
1709 3645 1909 3701 statim
1942 3662 2035 3702 ce-

390 3749 477 3819 pit
507 3750 673 3811 Asor,
705 3746 759 3798 et
791 3755 980 3810 regem
1004 3740 1131 3810 ejus
1150 3735 1440 3810 percussit
1460 3734 1677 3806 gladio.
1701 3739 1848 3789 Asor
1875 3734 2033 3790 enim

390 3832 721 3907 antiquitus
752 3831 901 3886 inter
957 3826 1157 3883 omnia
1224 3840 1401 3896 regna
1456 3822 1579 3877 haec
1638 3822 2034 3895 principatum

389 3925 643 3980 tenebat.
678 3916 1089 3987 Percussitque
1119 3930 1324 3970 omnes
1354 3913 1583 3967 animas
1631 3928 1755 3983 quas
1814 3912 2033 3969 ibidem

391 4012 790 4069 morabantur.
824 4023 941 4061 non
975 4003 1204 4059 dimisit
1234 4002 1288 4056 in
1322 4018 1391 4057 ea
1422 3999 1572 4056 ullas
1596 4000 1897 4071 reliquias,
1925 4003 2027 4058 sed

388 4117 579 4175 usque
609 4099 680 4155 ad
741 4093 1201 4152 internecionem
1226 4091 1500 4146 universa
1519 4090 1785 4155 vastavit,
1809 4090 2032 4162 ipsam-

386 4208 502 4265 que
554 4190 759 4244 urbem
812 4181 1140 4240 combussit
1213 4178 1505 4234 incendio.
1572 4177 1656 4246 ξε.
1721 4180 1886 4248 LIV.]
1964 4180 2035 4235 Et

385 4297 591 4338 omnes
620 4295 722 4351 per
764 4274 1077 4332 circuitum
1136 4272 1421 4339 civitates,
1483 4285 1769 4342 regesque
1828 4287 2031 4327 earum

380 4371 554 4443 cepit,
588 4364 878 4441 percussit
911 4366 1086 4434 atque
1118 4360 1350 4429 delevit,
1384 4359 1539 4414 sicut
1570 4364 1930 4429 praeceperat
1978 4360 2029 4415 ei

380 4466 570 4517 Moses
602 4454 863 4513 famulus
893 4449 1148 4508 Domini.
1173 4450 1410 4519 Absque
1433 4446 1847 4519 urbibus,quaa
1863 4452 2031 4504 erant

2151 522 2448 597 pititaque
2473 528 2653 585 Josue
2682 547 2915 587 omnem
2949 536 3165 588 terram
3201 538 3550 605 montanam,
3579 546 3629 595 et
3657 558 3758 597 me-

2151 612 2465 685 ridianam,
2498 624 2835 691 terramque
2866 621 3081 689 Gosen,
3114 626 3173 678 et
3210 622 3521 695 planitiem,
3553 633 3603 683 et
3624 631 3755 685 occi-

2148 700 2439 759 dentalem
2473 706 2724 777 plagam,
2752 713 3129 783 montemque
3149 711 3344 780 Israel,
3370 718 3424 769 et
3441 719 3761 787 campestria

2148 790 2278 860 ejus
2312 809 2325 848 :
2359 798 2416 848 et
2446 802 2669 866 partem
2703 799 2924 855 montis
2941 816 3069 871 quas
3092 801 3496 858 ascenditSeir
3512 809 3755 876 usquead

2149 879 2463 951 Baal-Gad,
2499 901 2601 957 per
2619 885 2919 958 planitiem
2936 889 3140 945 Libani
3156 890 3357 946 subter
3376 902 3615 948 montem
3636 896 3761 949 Her-

2151 984 2317 1026 mon:
2351 988 2557 1029 omnes
2589 992 2756 1047 reges
2786 993 2989 1033 eorum
3023 980 3199 1051 cepit,
3233 982 3520 1051 percussit
3547 988 3599 1039 et
3628 984 3762 1040 occi-

2149 1057 2252 1115 dit.
2312 1061 2495 1118 Multo
2544 1068 2808 1137 tempore
2862 1069 3147 1139 pugnavit
3200 1069 3381 1125 Josue
3438 1075 3631 1127 contra
3682 1091 3763 1130 re-

2151 1163 2253 1219 ges
2284 1148 2445 1206 istos.
2482 1152 2605 1209 Non
2666 1154 2774 1211 fuit
2823 1156 3025 1212 civitas
3075 1174 3203 1229 quas
3244 1174 3305 1213 se
3334 1162 3580 1215 traderet
3633 1162 3754 1219 ﬁliis

2150 1237 2352 1307 Israel,
2386 1247 2595 1311 praeter
2624 1244 2876 1314 Evaeum,
2905 1247 3005 1318 qui
3039 1246 3344 1304 habitabat
3398 1248 3454 1303 in
3510 1251 3765 1308 Gabaon:

2148 1343 2352 1384 omnes
2376 1330 2643 1387 bellando
2676 1334 2850 1405 cepit.
2885 1335 2967 1406 [C.
3003 1334 3143 1407 LV.]
3175 1336 3403 1392 Domini
3446 1339 3596 1393 enim
3645 1357 3764 1396 sen-

2144 1418 2330 1473 tentia
2361 1420 2569 1485 fuerat,
2602 1427 2665 1477 ut
2694 1422 3116 1480 indurarentur
3139 1425 3316 1481 corda
3340 1442 3561 1495 eorum,
3590 1433 3645 1484 et
3672 1446 3769 1499 pu-

2146 1513 2397 1577 gnarent
2426 1514 2630 1567 contra
2660 1511 2859 1582 Israel,
2890 1518 2947 1569 et
2976 1514 3275 1582 caderent,
3294 1522 3352 1570 et
3369 1531 3767 1574 nonmereren-

2146 1598 2243 1650 tur
2272 1595 2451 1652 ullam
2486 1598 2879 1668 clementiam,
2914 1617 2980 1657 ae
3012 1603 3291 1675 perirent,
3324 1604 3476 1660 sicut
3504 1621 3770 1678 preceps-

2145 1688 2238 1739 rat
2266 1684 2553 1743 Dominus
2582 1688 2750 1744 Mosi.
2784 1690 2865 1761 [T.
2901 1690 2997 1756 VI,
3027 1691 3089 1747 C.
3125 1691 3279 1763 LVI.]
3315 1692 3378 1748 In
3400 1698 3655 1764 tempore
3683 1693 3773 1751 illo

2147 1773 2307 1829 venit
2334 1773 2533 1843 Josue,
2562 1781 2619 1832 et
2648 1776 2945 1834 interfecit
2974 1779 3215 1835 Enacim
3261 1782 3335 1837 de
3368 1782 3679 1852 montanis,
3708 1784 3772 1840 de

2150 1862 2325 1931 [Vulg.
2359 1873 2499 1920 tacet
2530 1865 2620 1937 de]
2655 1868 2906 1936 Hebron,
2940 1872 2998 1923 et
3028 1868 3222 1936 Debir,
3255 1874 3314 1924 et
3361 1870 3545 1939 Anab,
3608 1877 3662 1926 et
3712 1873 3777 1928 de

2146 1952 2305 2006 omni
2340 1958 2537 2009 monte
2564 1955 2733 2023 Juda,
2767 1960 2824 2011 et
2852 1955 3048 2026 Israel,
3075 1958 3370 2030 urbesque
3404 1975 3602 2015 eorum
3634 1958 3775 2016 dele-

2145 2040 2247 2095 vit.
2282 2041 2401 2097 Non
2436 2042 2679 2115 reliquit
2712 2043 2899 2100 ullum
2933 2047 3004 2102 de
3035 2047 3216 2117 stirpe
3246 2047 3517 2114 Enacim,
3549 2050 3605 2105 in
3636 2054 3778 2105 terra

2147 2128 2401 2185 filiorum
2435 2131 2612 2188 Israel
2645 2151 2658 2188 :
2686 2133 2909 2205 absque
2938 2135 2997 2189 in
3021 2135 3360 2192 civitatibus
3387 2136 3471 2208 [h.
3495 2153 3601 2195 non
3635 2138 3780 2194 habet

2147 2219 2206 2273 in
2235 2218 2593 2293 civitatibus]
2624 2222 2795 2297 Gaza,
2823 2229 2881 2279 et
2911 2224 3082 2293 Geth,
3116 2231 3173 2281 et
3211 2232 3415 2299 Azata,
3475 2227 3536 2284 in
3583 2229 3783 2300 quibus

2148 2308 2290 2363 solis
2322 2309 2507 2365 relicti
2539 2316 2696 2367 sunt.
2726 2312 2891 2384 Cepit
2915 2330 3051 2386 ergo
3079 2314 3261 2371 Josue
3293 2333 3531 2372 omnem
3556 2322 3780 2383 terram,

2147 2398 2303 2452 sicut
2330 2397 2560 2455 locutus
2591 2405 2678 2456 est
2708 2402 2989 2459 Dominus
3038 2405 3109 2459 ad
3161 2404 3391 2474 Mosen,
3452 2412 3512 2461 et
3560 2405 3788 2462 tradidit

2146 2502 2274 2541 eam
2306 2488 2363 2542 in
2395 2489 2829 2559 possessionem
2862 2491 3001 2547 ﬁliis
3025 2492 3228 2559 Israel,
3256 2496 3585 2550 secundum
3608 2500 3787 2568 partes

2145 2579 2203 2630 et
2231 2575 2421 2630 tribus
2445 2593 2607 2632 suas.
2641 2578 2984 2651 Quievitque
3012 2585 3166 2637 terra
3197 2599 3230 2637 a
3252 2582 3500 2654 praeliis.

2215 2662 2372 2734 [Cap.
2398 2664 2543 2736 XII.)
2577 2666 2647 2721 Hi
2679 2671 2820 2722 sunt
2851 2685 3016 2740 reges
3048 2686 3197 2740 quos
3229 2677 3654 2742 percusserunt
3688 2670 3785 2726 ﬁlii

2146 2751 2343 2818 Israel,
2377 2760 2434 2808 et
2458 2756 2846 2824 possederunt
2880 2762 3096 2813 terram
3127 2776 3335 2815 eorum
3370 2766 3539 2817 trans
3584 2761 3785 2817 Jorda-

2143 2855 2277 2895 nem
2305 2841 2377 2896 ad
2402 2842 2545 2898 solis
2577 2848 2767 2901 ortum
2799 2846 2837 2913 ¹,
2873 2863 2906 2901 a
2934 2852 3191 2903 torrente
3218 2852 3427 2906 Arnon
3482 2867 3667 2922 usque
3716 2849 3783 2905 ad

2144 2935 2403 2985 montem
2446 2936 2715 2999 Hermon,
2767 2941 2824 2989 et
2866 2951 3102 2992 omnem
3155 2937 3510 2996 orientalem
3571 2940 3789 3011 plagam

2143 3036 2273 3091 quas
2334 3021 2572 3093 respicit
2643 3022 3045 3081 solitudinem.
3095 3026 3177 3098 [C.
3240 3028 3435 3097 LVIl.]
3497 3034 3645 3086 Seon
3699 3044 3789 3084 rex

2143 3110 2639 3177 Amorrhaeorum,
2674 3113 3073 3184 quihabitavit
3094 3116 3151 3171 in
3176 3117 3437 3189 Esebon,
3459 3118 3793 3175 dominatus

2080 3166 2106 3184 ,,
2530 3166 2537 3167 κ
2629 3166 2639 3177 ,
2686 3166 2749 3184 ιν
2768 3166 2775 3167 κ
3096 3166 3151 3171 --
3176 3166 3437 3189 -η-υη
3462 3166 3792 3175 --.οη-..η-

2063 3175 2108 3236 (λ
2145 3206 2234 3254 est
2261 3198 2330 3253 ab
2360 3202 2558 3267 Aroer,
2584 3218 2710 3271 quae
2747 3202 2860 3258 sita
2889 3209 2979 3259 est
3028 3221 3207 3276 super
3263 3208 3466 3278 ripam
3526 3205 3794 3263 torrentis

2142 3292 2367 3347 Arnon.
2399 3293 2455 3344 et
2478 3290 2683 3345 medias
2704 3291 2882 3359 partis
2913 3292 2969 3347 in
2990 3292 3159 3361 valle,
3180 3293 3543 3369 dimidiique
3564 3294 3796 3352 Galaad.

2146 3390 2333 3446 usque
2351 3377 2420 3431 ad
2436 3381 2754 3434 torrentem
2783 3380 3100 3451 Jaboc,!qui
3117 3387 3205 3437 est
3220 3385 3529 3440 terminus
3552 3384 3796 3439 filiorum

2144 3469 2416 3520 Ammon.
2454 3467 2517 3521 Et
2548 3483 2581 3521 a
2610 3467 2929 3523 solitudine
2960 3486 3147 3541 usque
3176 3471 3251 3527 ad
3287 3488 3458 3528 mare
3481 3471 3799 3530 Cheneroth

2144 3557 2348 3608 contra
2376 3554 2684 3623 orientem,
2716 3562 2775 3611 et
2804 3573 2993 3628 usque
3035 3559 3107 3613 ad
3140 3575 3303 3615 mare
3348 3563 3593 3626 deserti.
3652 3561 3798 3634 quod

2144 3646 2233 3697 est
2263 3658 2423 3698 mare
2453 3642 2871 3714 salsissimum,
2898 3647 2970 3701 ad
3022 3647 3375 3706 orientalem
3434 3650 3674 3723 plagam
3705 3666 3800 3722 per

2144 3731 2297 3786 viam
2342 3748 2466 3803 quas
2540 3733 2705 3788 ducit
2752 3734 3238 3793 Beth-Iisimoth:
3320 3744 3383 3795 et
3441 3742 3517 3796 ab
3567 3738 3800 3796 australi

2145 3825 2327 3891 parte,
2358 3837 2486 3892 quas
2560 3823 2826 3893 subjacet
2880 3824 3407 3900 Asedothonisga.
3477 3830 3558 3896 [Β.
3612 3827 3802 3901 ιΧΙΧ.)

2146 3910 2461 3965 Terminus
2491 3912 2573 3981 Og
2604 3913 2758 3985 regis
2789 3913 3000 3983 Basan,
3034 3914 3105 3969 de
3153 3914 3434 3988 reliquiis
3491 3920 3799 3992 Raphaim,

2145 4001 2243 4069 qui
2264 3998 2547 4055 habitavit
2574 3999 2632 4055 in
2665 4002 2959 4068 Astaroth,
2984 4008 3041 4058 et
3068 4003 3126 4058 in
3149 4006 3353 4074 Edrai,
3388 4014 3449 4063 et
3472 4009 3803 4065 dominatus

2143 4092 2232 4142 est
2261 4087 2320 4142 in
2353 4094 2547 4144 monte
2567 4088 2841 4158 Hermon,
2871 4091 3207 4163 etSalacha,
3236 4098 3428 4168 atque
3451 4097 3511 4153 in
3540 4099 3807 4153 universa

2142 4175 2353 4243 Basan,
2384 4194 2571 4248 usque
2602 4179 2673 4234 ad
2706 4180 3023 4235 terminum
3056 4179 3288 4251 Gesuri,
3324 4192 3385 4239 et
3449 4185 3706 4243 Machati
3755 4186 3809 4239 et

2143 4264 2398 4320 dimidiae
2430 4267 2616 4337 partis
2644 4266 2858 4323 Galaad
2894 4284 2907 4323 :
2941 4269 3261 4325 terminum
3287 4271 3455 4329 Seon
3486 4275 3649 4345 regis
3678 4272 3810 4328 Ess-

2142 4354 2281 4409 bon.
2315 4355 2504 4410 Moses
2546 4356 2807 4412 famutus
2838 4356 3092 4428 Domini,
3116 4363 3174 4414 et
3197 4359 3307 4415 filii
3332 4362 3529 4418 Israel
3574 4377 3807 4435 percus-

2140 4446 2345 4498 serunt
2386 4460 2510 4510 eos,
2566 4445 2923 4517 tradiditque
2977 4451 3194 4502 terram
3228 4463 3450 4507 eorum
3511 4455 3706 4509 Moses
3750 4449 3807 4505 in

376 4550 437 4605 in
469 4548 720 4604 collibus
750 4548 807 4600 et
836 4543 894 4597 in
925 4538 1172 4595 tumulis
1223 4537 1366 4606 sine,
1426 4541 1665 4592 caeteras
1723 4538 2029 4594 succendit
2058 4537 2103 4601 D
2136 4532 2567 4603 possessionem
2598 4533 2927 4601 Rubenitis,
2978 4540 3034 4591 et
3088 4536 3367 4595 Gadditis
3427 4546 3491 4596 et
3553 4539 3808 4596 dimidia

378 4636 591 4695 Israel:
626 4649 803 4690 unam
836 4634 1065 4686 tantum
1098 4631 1247 4682 Asnr
1275 4625 1732 4681 munitissimam
1774 4625 2014 4682 ﬂamma

375 4723 747 4796 consumpsit
778 4721 862 4793 [h.
893 4718 1317 4773 Verumtamen
1374 4714 1549 4769 urbes
1581 4729 1706 4783 quae
1737 4719 1903 4769 erant
1952 4715 2012 4770 in

371 4813 622 4872 tumulis
651 4812 774 4867 sitas
807 4824 923 4864 non
954 4804 1258 4862 succendit
1287 4802 1481 4859 Israel.
1539 4802 1721 4857 Unam
1779 4806 2011 4859 tantum

369 4908 516 4961 Aser
572 4899 1009 4958 muniissimam
1067 4894 1241 4949 Josue
1303 4892 1543 4948 ﬂamma
1598 4893 2009 4963 consumpsit].

369 4995 732 5061 Omnemque
755 4986 1011 5060 praedam
1044 4983 1291 5038 istarum
1349 4981 1585 5036 urbium
1627 4997 1694 5035 ac
1742 4980 2012 5050 jumenla

367 5082 693 5138 diviserunt
723 5076 832 5132 sibi
864 5068 1786 5138 liliiIsrael,cunctishominibus
1828 5070 2009 5125 inter-

366 5171 554 5227 fectis.
586 5169 753 5223 Sicut
786 5164 1139 5237 praeceperat
1190 5157 1478 5213 Dominus
1510 5157 1653 5212 Mosi
1688 5173 1848 5213 servo
1879 5175 2005 5226 suo,

364 5262 449 5316 ita
480 5257 753 5331 praecepit
780 5258 971 5311 Moses
998 5252 1194 5314 Josue,
1227 5251 1283 5303 et
1313 5245 1411 5301 ille
1442 5245 1712 5301 universa
1754 5246 2009 5317 comple-

360 5352 444 5405 vit
476 5365 492 5404 :
516 5364 631 5403 non
667 5341 948 5418 praeteriit
976 5340 1049 5395 de
1078 5335 1371 5393 universis
1394 5334 1686 5390 mandatis
1701 5351 1804 5390 nec
1821 5352 2007 5393 unum

428 5582 451 5615 ‘
481 5583 544 5636 In
570 5580 802 5635 Canone
831 5572 1070 5645 legitur,
1101 5568 1287 5645 aeolis
1309 5572 1452 5645 ortu.
1478 5568 1539 5625 Id
1570 5582 1704 5626 vero
1754 5569 1920 5628 ﬂuxit
1977 5588 2008 5629 e

2123 4621 2301 4690 tribui
2332 4626 2619 4678 Manasse.
2652 4622 2737 4693 (Β.
2770 4625 2900 4691 XX,
2929 4622 2991 4679 C.
3043 4622 3265 4696 LVIII.)
3299 4626 3380 4682 Hi
3441 4636 3589 4685 sunt
3650 4643 3812 4700 reges

2124 4715 2311 4779 terrae,
2337 4727 2486 4781 quos
2519 4711 2811 4781 percussit
2844 4712 3046 4785 Josue,
3072 4717 3130 4768 et
3185 4713 3298 4770 filii
3356 4717 3579 4786 Israel,
3643 4728 3805 4772 trans

2120 4800 2437 4863 Jordanem
2471 4802 2543 4855 ad
2574 4800 2995 4857 occidentalem
3027 4801 3290 4875 plagam,
3327 4821 3363 4861 a
3400 4804 3715 4864 Baal-Gad
3749 4806 3805 4860 in

2121 4904 2329 4961 campo
2362 4889 2586 4957 Libani,
2622 4906 2811 4962 usque
2843 4891 2914 4946 ad
2941 4897 3195 4947 montem
3221 4894 3411 4965 cujus
3428 4913 3579 4967 pars
3603 4911 3808 4952 ascen-

2123 4979 2210 5034 dit
2243 4979 2302 5033 in
2332 4979 2490 5035 Seir:
2528 4979 3031 5051 tradiditqueeam
3054 4980 3320 5037 Josuein
3349 4984 3817 5055 possessionem

2120 5066 2601 5147 tribubuslsrael,
2624 5067 2880 5140 singulis
2918 5072 3127 5139 partes
3176 5087 3352 5139 suas,
3382 5077 3516 5130 tam
3554 5074 3619 5130 in
3654 5090 3821 5130 mon-

2118 5157 2273 5223 tanis
2306 5172 2481 5230 quam
2508 5156 2567 5212 in
2602 5157 2793 5229 planis
2829 5161 3008 5230 atque
3048 5161 3539 5231 campestribus.
3576 5164 3643 5220 In
3692 5166 3824 5220 Ase-

2119 5246 2285 5314 doth,
2317 5251 2374 5301 et
2404 5245 2741 5314 solitudine,
2774 5262 2841 5302 ac
2885 5246 3129 5302 meridie
3185 5249 3526 5308 Hetthaaus
3591 5252 3709 5307 fuit
3763 5256 3822 5307 et

2118 5336 2492 5393 Amorrhaeus
2522 5334 2908 5405 Chananaaus,
2938 5340 2997 5391 et
3048 5334 3428 5409 Pherezaaus,
3486 5344 3706 5399 Evazus
3762 5344 3821 5398 et

2120 5569 2248 5643 sine
2280 5583 2319 5632 Π
2370 5570 2539 5629 locali
2594 5571 2651 5627 in
2684 5571 2825 5628 fine.
2888 5569 3071 5643 Hodie
3101 5569 3161 5626 in
3192 5568 3465 5633 Hebrao
3497 5582 3598 5635 est
3627 5588 3808 5642 nmis

356 5654 502 5709 LXX
558 5641 999 5722 Interpretib'us,
1059 5641 1159 5715 qui
1215 5641 1483 5715 legebant
1509 5654 1668 5709 mm
1699 5646 2008 5737 miszerach
2114 5642 2468 5717 mizrehhah,
2498 5644 2556 5701 id
2586 5648 2675 5702 est
2705 5644 2785 5703 ad
2808 5647 3011 5701 ortum.
3043 5646 3229 5700 Maa'r.
