4068 6172
289 374 395 430 529

1756 379 1969 433 LIBEB.
2002 376 2239 433 JOSUR.

3594 373 3704 430 530

289 502 599 557 Jebusasus
617 502 979 559 RexJericho
996 519 1183 559 unus:
1206 503 1549 575 rexAi,quae
1566 505 1738 559 estex
1763 501 1943 557 latere
1972 503 2027 570 Α
2056 500 2280 557 viculos
2313 501 2440 572 ejus
2472 500 2657 572 (Vulg.
2680 499 2929 571 earum),
2962 499 3057 570 qui
3089 503 3229 555 sunt
3258 499 3317 555 in
3348 500 3697 573 campestri-

290 590 511 659 Bethel,
534 608 711 659 unus,
733 609 831 647 rex
850 592 1180 649 Jerusalem
1202 610 1378 661 unus,
1394 610 1491 649 rex
1511 593 1739 648 Hebron
1765 608 1939 660 unus,

290 697 384 733 rex
401 680 701 735 Jarimuth
721 698 896 752 unus,
913 698 1009 736 rex
1029 682 1236 738 Lachis
1256 699 1432 751 unus,
1447 699 1545 737 rex
1564 680 1742 752 Eglon
1760 696 1939 748 unus,

288 785 383 823 rex
417 768 601 823 Gezer
630 786 805 839 unus,
838 786 937 825 rex
970 771 1137 826 Debir
1186 788 1361 838 unus,
1397 786 1497 826 rex
1544 771 1730 825 Geder
1761 786 1938 837 unus,

282 873 379 911 rex
408 861 629 912 Harma
661 875 833 925 unus,
861 875 960 914 rex
995 860 1181 915 Harab
1217 877 1394 930 unus,
1419 877 1517 915 rex
1545 859 1725 914 Libna
1757 875 1934 927 unus,

282 962 384 1000 rex
414 946 666 1002 Adulam
719 964 895 1018 unus,
925 964 1024 1003 rex
1071 949 1307 1004 Maceda
1356 966 1532 1014 unus,
1564 965 1661 1003 rex
1694 948 1935 1003 Beth-El

278 1052 457 1100 unus,
495 1052 594 1091 rex
647 1037 934 1109 Tapphua
993 1055 1166 1105 unus,
1219 1053 1319 1093 rex
1376 1036 1568 1108 Epher
1626 1054 1799 1106 unus,
1840 1052 1937 1091 rex

278 1124 475 1193 Aphec
508 1141 683 1191 unus,
722 1141 823 1179 rex
850 1125 1139 1181 Lassaron
1176 1142 1353 1192 unus,
1385 1143 1483 1180 rex
1512 1125 1722 1180 Madon
1758 1141 1931 1191 unus,

278 1229 376 1268 rex
438 1220 588 1268 Asor
647 1230 825 1279 unus,
873 1230 971 1270 rex
1029 1214 1295 1271 Simeron
1356 1214 1556 1269 Maron
1619 1230 1794 1285 unus,
1838 1230 1935 1268 rex

280 1302 556 1373 Achsaph
621 1320 799 1373 unus,
846 1319 941 1358 rex
998 1303 1232 1359 Thanac
1290 1320 1465 1371 unus,
1499 1320 1598 1358 rex
1654 1302 1933 1373 Mageddo

278 1407 459 1458 unus,
510 1408 608 1445 rex
665 1392 844 1447 Cedes
904 1409 1077 1461 unus,
1112 1410 1209 1448 rex
1263 1393 1580 1448 Jacanaam
1639 1390 1932 1447 Charmeli

276 1496 462 1541 unus,
496 1498 593 1534 rex
637 1480 772 1547 Dor,
808 1487 863 1536 et
889 1482 1197 1553 provincias
1227 1481 1311 1554 (h.
1344 1482 1415 1537 de
1464 1480 1782 1553 provincia)
1816 1480 1933 1535 Dor

273 1584 454 1635 unus,
479 1585 578 1623 rex
604 1568 878 1624 Gentium
902 1570 1100 1642 Galgal
1135 1586 1310 1638 unus,
1364 1588 1458 1626 rex
1499 1570 1711 1626 Thirsa
1733 1587 1890 1626 unus
1915 1586 1928 1625 :

280 1673 497 1713 omnes
532 1674 693 1728 reges
725 1658 966 1730 triginta
994 1664 1050 1714 et
1080 1676 1256 1715 unus.

348 1781 446 1851 (Τ.
482 1780 603 1851 VII,
636 1782 693 1838 C.
749 1782 893 1849 LIX,
928 1782 1056 1855 Cap.
1089 1784 1269 1855 XIII.)
1326 1782 1506 1839 Josue
1561 1798 1738 1839 senex
1796 1799 1928 1854 pro-

275 1874 579 1940 vectzeque
608 1871 798 1926 aetatis
828 1875 974 1939 erat,
1005 1876 1063 1927 et
1114 1872 1259 1927 dixit
1290 1872 1575 1928 Dominus
1629 1873 1695 1928 ad
1754 1889 1925 1928 eum:
1958 1878 2005 1940 Β

271 1958 560 2026 Senuisti,
593 1965 651 2015 et
679 1959 973 2029 longaevus
1004 1977 1087 2031 es,
1118 1966 1390 2033 terraque
1420 1960 1713 2017 latissima
1757 1963 1921 2017 dere-

273 2046 416 2102 licta
447 2052 562 2118 est,
582 2065 708 2120 quae
739 2050 987 2105 necdum
1011 2054 1099 2105 est
1122 2054 1276 2106 sorte
1296 2048 1485 2105 divisa
1508 2067 1521 2104 :
1545 2051 1739 2106 omnis
1759 2052 1924 2108 vide—

274 2137 413 2193 licet
463 2137 723 2205 Galilaea,
774 2138 1132 2208 Philisthim,
1182 2144 1239 2194 et
1286 2139 1557 2195 universa
1605 2140 1835 2197 Gesuri.
1879 2142 1925 2197 A

272 2225 454 2281 ﬂuvio
479 2228 736 2294 turbido,
768 2229 868 2299 qui
897 2228 1101 2299 irrigat
1129 2229 1465 2300 Egyptum,
1488 2245 1675 2300 usque
1703 2231 1771 2285 ad
1806 2234 1928 2285 ter-

276 2314 478 2370 minos
510 2322 767 2372 Accaron
799 2322 999 2372 contra
1038 2316 1372 2388 aquilonem
1399 2333 1412 2371 :
1440 2321 1595 2373 terra
1624 2318 1926 2388 Chanaan,

270 2421 401 2473 qua:
431 2404 496 2459 in
530 2406 792 2477 quinque
847 2404 1078 2478 regulos
1137 2405 1422 2461 Philistim
1482 2407 1784 2477 dividitur,
1815 2411 1924 2464 Ga-

272 2510 447 2557 zaaos,
502 2499 563 2547 et
623 2494 845 2549 Azotios
900 2494 1687 2561 Ascalonitas,Gethaaos,el
1746 2503 1927 2552 Acca-

269 2583 532 2636 ronitas.
566 2582 649 2636 Ad
710 2581 1014 2637 meridiem
1072 2599 1206 2637 vero
1263 2587 1404 2637 sunt
1436 2584 1514 2647 (h.
1548 2585 1628 2638 Ad
1660 2590 1924 2640 austrum

266 2676 403 2725 sunt
444 2670 647 2741 EVM.)
678 2671 872 2725 omnis
901 2675 1057 2725 terra
1085 2671 1384 2737 Chanaan,
1417 2676 1476 2728 et
1518 2677 1713 2728 Maera
1760 2674 1925 2730 Sido-

270 2759 541 2827 niorum,
594 2774 783 2831 usque
842 2759 1076 2831 Apheca
1130 2764 1188 2815 et
1244 2760 1532 2817 terminos
1582 2764 1927 2833 Amorrhtei,

273 2850 530 2919 ejusque
561 2847 815 2903 conﬁnia
842 2848 995 2919 (h...)
1028 2847 1231 2903 Libani
1262 2866 1496 2921 quoque
1522 2852 1680 2922 regio
1728 2856 1929 2908 contra

269 2937 566 2993 orientem
600 2936 778 3008 (h...),
812 2954 847 2992 a
889 2936 1020 2991 Baal
1052 2938 1173 2992 Gad
1226 2940 1337 2993 sub
1397 2948 1592 2995 monte
1648 2946 1926 3008 Hermon,

275 3026 476 3081 donec
505 3026 855 3096 ingrediaris
886 3026 1111 3081 Emath.
1137 3026 1413 3082 Omnium
1441 3028 1539 3099 qui
1573 3028 1839 3085 habitant
1868 3018 1928 3085 in

271 3121 546 3181 monte,a
576 3116 794 3170 Libano
826 3132 1013 3186 usque
1044 3117 1114 3171 ad
1146 3133 1328 3188 aquas
1359 3118 1771 3188 Miserephnth,
1797 3120 1931 3175 uni-

268 3205 556 3302 versique
612 3204 883 3305 ﬁidonii;
909 3204 993 3304 (I3.
1026 3205 1177 3305 ξξςι)
1208 3206 1343 3305 Εεςο⁹
1376 3223 1508 3305 sum
1568 3209 1694 3305 qui_
1726 3209 1928 3264 delebo
1959 3238 2000 3305 C

264 3294 341 3363 (h.
366 3293 639 3364 ejiciam)
663 3310 761 3348 eos
791 3310 825 3348 a
857 3294 1002 3348 facie
1031 3293 1285 3349 ﬁliorum
1320 3294 1518 3350 Israel.
1553 3296 1760 3352 Veniat
1791 3314 1928 3369 ergo

266 3383 319 3437 in
351 3387 595 3454 partem
641 3381 994 3437 haereditalis
1051 3382 1249 3450 Israel,
1280 3384 1435 3439 sicut
1493 3387 1739 3457 praecepi
1799 3387 1926 3445 tibi.

264 3475 345 3538 (C.
384 3471 543 3539 LX.)
576 3472 644 3525 Et
676 3488 834 3526 nunc
876 3471 1068 3527 divide
1116 3476 1331 3528 terram
1385 3473 1442 3527 in
1492 3476 1925 3544 possessionem

270 3575 489 3616 novem
522 3559 822 3629 tribubus,
855 3568 908 3615 et
955 3559 1210 3614 dimidia;
1243 3560 1423 3616 tribui
1472 3568 1761 3633 Manasse,
1793 3580 1927 3619 cum

268 3666 385 3721 qua
419 3648 632 3703 Ruben
668 3654 724 3703 et
752 3648 870 3704 Gad
897 3651 1286 3720 possederunt
1306 3654 1519 3705 terram
1543 3668 1721 3722 quam
1749 3654 1928 3707 tradi-

267 3739 352 3793 dit
365 3738 465 3794 eis
486 3737 680 3792 Moses
704 3737 962 3792 famulus
988 3738 1211 3793 Domini
1234 3742 1398 3794 trans
1421 3739 1635 3795 fluenta
1651 3741 1928 3798 Jordanis

269 3829 337 3883 ad
372 3826 733 3883 orientalem
768 3826 1019 3898 plagam.
1055 3827 1140 3882 Ab
1171 3831 1375 3895 Aroer,
1408 3844 1535 3900 quae
1568 3830 1682 3885 sita
1729 3836 1819 3886 est
1864 3832 1923 3887 in

269 3918 398 3989 ripa
429 3915 715 3972 torrentis
748 3920 967 3984 Arnon,
998 3919 1055 3972 et
1084 3915 1145 3970 in
1176 3914 1346 3971 vallis
1378 3918 1593 3985 medio,
1624 3919 1925 3976 universa-

268 4021 383 4077 que
416 4003 780 4075 campestria
829 4002 1092 4069 Medaba,
1129 4020 1316 4076 usque
1358 4006 1569 4077 Dibon,
1601 4013 1659 4063 et
1688 4013 1926 4065 cunctas

267 4094 544 4149 civitates
563 4096 711 4147 Seon
744 4092 899 4162 regis
926 4091 1270 4161 Amorrhaei,
1298 4093 1398 4165 qui
1424 4097 1685 4165 regnavit
1706 4095 1765 4152 in
1789 4097 1926 4153 Ese-

267 4183 379 4238 bon
418 4196 617 4253 usque
649 4181 719 4235 ad
752 4179 1035 4236 terminos
1084 4179 1341 4237 ﬁliorum
1394 4184 1666 4251 Ammon,
1700 4190 1759 4240 et
1816 4186 1926 4242 Ga-

266 4271 395 4327 laad
436 4316 453 4341 ,
488 4287 553 4326 se
583 4269 900 4325 terminum
935 4268 1139 4326 Gesuri
1183 4276 1239 4325 et
1287 4271 1558 4339 Machati,
1589 4277 1645 4328 et
1691 4291 1925 4331 omnem

270 4366 541 4416 montem
566 4363 845 4427 Hermon,
867 4362 925 4414 et
946 4358 1279 4415 universam
1312 4360 1525 4425 Basan,
1549 4379 1738 4433 usque
1768 4364 1920 4420 Sale-

270 4449 405 4516 cha,
439 4464 618 4503 omne
651 4463 893 4518 regnum
924 4450 1005 4518 Ug
1048 4448 1108 4503 in
1158 4449 1370 4513 Basan,
1402 4452 1499 4520 qui
1554 4453 1814 4523 regnavit
1866 4453 1925 4508 in

272 4538 560 4594 Astaroth
593 4541 653 4591 at
683 4536 875 4603 Edrai,
908 4537 1033 4608 ipse
1065 4537 1175 4592 l‘uit
1203 4537 1274 4592 de
1306 4538 1571 4609 reliquiis
1605 4540 1925 4613 Raphaim:

2052 591 2163 644 bus
2192 606 2204 643 :
2239 589 2426 644 Dibon
2460 606 2715 661 quoque,
2750 593 2805 643 et
2834 588 3272 658 Bamoth-Baal,
3308 594 3364 644 et
3410 590 3692 661 oppidum

2048 677 2410 744 Baal-Maou,
2441 679 2607 743 .lasa,
2630 681 2687 732 et
2713 678 3050 747 Cedemoth,
3082 682 3139 732 et
3168 678 3499 749 Mephaath,
3529 683 3584 735 et
3611 679 3693 735 Ci-

2047 766 2345 836 riathaim,
2378 770 2434 822 et
2460 766 2722 833 Sibama,
2753 770 2810 821 et
2855 767 3356 822 Sereth-Assahar
3386 768 3445 822 in
3495 773 3693 824 monte

2047 854 2351 911 convallis.
2379 854 2793 911 Deth-Phohor
2809 861 2866 910 et
2886 855 3479 927 Asedoth-Phisga,et
3522 857 3691 913 Beth-

2041 944 2353 1012 Jisimoth;
2388 961 2591 999 omnes
2647 945 2821 999 urbes
2870 951 3248 1015 campestres,
3301 946 3689 1018 universaque

2043 1050 2223 1106 regna
2239 1034 2388 1089 Seon
2408 1034 2561 1106 regis
2585 1033 2921 1103 Amorrhasi,
2945 1034 3044 1105 qui
3069 1034 3332 1107 regnavit
3354 1034 3411 1090 in
3434 1036 3684 1102 Esebon,

2044 1139 2217 1195 quem
2251 1122 2543 1195 percussit
2571 1122 2763 1177 Moses
2806 1139 2939 1178 cum
2990 1122 3358 1194 principibus
3404 1124 3633 1180 Madian
3667 1140 3683 1180 :

2041 1212 2140 1267 Evi
2193 1216 2249 1267 et
2307 1212 2540 1277 Recem,
2573 1216 2629 1266 et
2687 1211 2818 1277 Sur,
2861 1216 2917 1267 et
2972 1216 3117 1278 Hur,
3167 1218 3225 1268 et
3280 1211 3459 1283 Reba,
3507 1214 3685 1269 duces

2039 1302 2219 1373 (Vulg.
2246 1310 2351 1359 lac.
2379 1300 2578 1371 duces)
2599 1301 2747 1356 Seon
2769 1300 3129 1357 habitatores
3150 1304 3336 1357 terrae.
3361 1302 3429 1357 Et
3448 1302 3682 1357 Balaam

2038 1390 2227 1446 ﬁlium
2275 1395 2416 1445 Beor
2446 1389 2738 1445 hariolum
2772 1392 3113 1447 occiderunt
3139 1390 3242 1445 ﬁlii
3281 1391 3461 1447 Israel
3490 1391 3684 1464 gladio

2038 1496 2171 1535 cum
2204 1481 2429 1535 caeteris
2489 1479 2829 1535 interfectis.
2865 1480 3193 1551 Factusque
3251 1485 3340 1537 est
3394 1481 3684 1537 terminus

2038 1567 2293 1623 ﬁliorum
2328 1568 2529 1624 Ruben
2560 1568 2835 1625 Jordanis
2867 1568 3103 1625 ﬂuvius.
3127 1575 3258 1626 Haec
3280 1575 3369 1625 est
3390 1572 3683 1643 possessio

2038 1657 2461 1713 Rubenitarum
2489 1673 2590 1728 per
2608 1660 2986 1729 cognationes
3010 1676 3148 1715 suas
3172 1658 3408 1715 urbium
3439 1664 3494 1716 et
3518 1661 3684 1717 vicu-

2034 1746 2249 1802 lorum.
2282 1747 2365 1818 (C.
2399 1746 2592 1815 LXII.)
2627 1748 2907 1819 Deditque
2963 1749 3151 1804 Moses
3211 1749 3391 1804 tribui
3441 1751 3564 1805 Gad
3626 1756 3682 1805 et

2036 1835 2175 1891 ﬁliis
2205 1836 2333 1907 ejus
2352 1852 2454 1907 per
2484 1836 2860 1906 cognationes
2882 1854 3019 1892 suas
3045 1837 3682 1909 possessionem,cujus

2037 1923 2158 1979 haec
2188 1923 2395 1979 divisio
2428 1928 2518 1979 est
2548 1924 2630 1996 (h.
2665 1926 2834 1996 cujus
2882 1925 2994 1981 iste
3025 1932 3113 1981 est
3170 1928 3499 1997 terminus).
3536 1929 3673 1983 Ter-

2036 2013 2232 2069 minus
2260 2013 2443 2081 Jaser,
2478 2021 2535 2069 et
2563 2031 2766 2070 omnes
2798 2014 3057 2071 civitates
3089 2015 3676 2087 Galaad,dimidiam-

2035 2119 2149 2174 que
2172 2108 2394 2174 partem
2418 2106 2585 2158 terra:
2608 2103 2860 2159 ﬁliorum
2885 2111 3155 2175 Ammon,
3178 2124 3367 2179 usque
3383 2115 3453 2163 ad
3472 2115 3674 2180 Aroer,

2035 2207 2165 2262 qua:
2194 2195 2284 2246 est
2314 2196 2517 2247 contra
2563 2191 2781 2247 Rabba.
2815 2197 2887 2248 Et
2916 2194 2987 2248 ab
3039 2195 3268 2251 Esebon
3324 2214 3509 2270 usque
3568 2200 3677 2254 Ra-

2036 2280 2221 2343 math,
2249 2279 2472 2350 Misphe
2504 2284 2561 2335 et
2593 2281 2858 2336 Batonim
2888 2299 2900 2336 z
2936 2288 2992 2337 et
3022 2301 3053 2338 a
3084 2287 3338 2341 Manaim
3389 2304 3575 2360 usque
3606 2290 3677 2344 ad

2036 2370 2166 2440 h...)
2190 2370 2507 2424 terminum
2539 2371 2733 2427 Dabir.
2755 2374 2817 2426 In
2868 2371 3015 2427 valle
3046 2389 3281 2445 quoque
3303 2376 3445 2431 Beth
3480 2380 3678 2433 Aram.

2036 2462 2093 2515 et
2141 2458 2549 2525 Beth-Nemra,
2581 2464 2639 2515 et
2689 2460 2959 2529 Soccoth,
2991 2466 3048 2518 et
3100 2464 3333 2535 Saphon
3392 2467 3680 2539 reliquam

2037 2553 2261 2620 partem
2298 2547 2460 2619 regni
2490 2551 2637 2604 Seon
2698 2550 2850 2621 regis
2908 2551 3175 2609 Esebon:
3210 2554 3389 2625 hujus
3447 2574 3680 2629 quoque

2035 2635 2311 2692 Jordanis
2339 2636 2475 2691 ﬁnis
2501 2641 2592 2693 est
2610 2654 2798 2710 usque
2821 2640 2890 2694 ad
2918 2646 3236 2697 extremam
3260 2652 3479 2714 partem
3501 2647 3681 2702 maris

2036 2724 2362 2780 Chenereth
2395 2730 2559 2781 trans
2590 2726 2905 2783 Jordanem
2940 2729 3011 2784 ad
3045 2730 3388 2786 orientalem
3420 2733 3677 2806 plagam,

2039 2814 2169 2870 Haec
2200 2820 2290 2869 est
2320 2814 2614 2886 possessio
2646 2816 2902 2871 ﬁliorum
2934 2819 3054 2872 Gad
3086 2836 3189 2890 per
3230 2820 3487 2877 familias
3517 2840 3677 2891 suas,

2039 2903 2309 2959 civitates
2341 2910 2398 2959 et
2428 2904 2577 2959 villae
2610 2922 2832 2961 earum.
2856 2906 2940 2978 (C.
2964 2910 3190 2980 LXIII.)
3221 2911 3390 2966 Dedit
3420 2918 3477 2968 et
3504 2914 3681 2970 dimi-

2040 2994 2151 3048 dias
2180 2992 2359 3048 tribui
2390 2998 2679 3061 Manasse,
2702 2994 2957 3067 ﬁliisque
2978 2998 3285 3069 ejusjuxta
3301 3004 3680 3073 cognationes

2041 3099 2178 3138 suas
2224 3082 2676 3154 possessionem,
2708 3084 2878 3154 cujus
2934 3085 3042 3141 hoc
3100 3087 3457 3160 principium
3488 3097 3613 3147 est:
3648 3108 3682 3147 a

2039 3171 2293 3227 Manaim
2327 3172 2658 3228 universam
2692 3174 2898 3241 Basan,
2919 3180 2975 3230 et
2994 3180 3205 3232 cuncta
3227 3194 3404 3251 regna
3420 3184 3504 3253 0g
3529 3182 3681 3253 regis

2042 3266 2251 3329 Basan,
2285 3277 2607 3333 omnesque
2655 3262 2810 3318 vicos
2855 3263 3001 3331 Jair,
3037 3265 3135 3337 qui
3186 3272 3327 3323 sunt
3363 3268 3422 3324 in
3471 3271 3682 3339 Basan,

2043 3350 2346 3422 sexaginta
2394 3349 2626 3422 oppida.
2658 3355 2731 3406 Et
2786 3352 3093 3409 dimidiam
3152 3360 3381 3428 partem
3440 3358 3685 3429 Galaad,

2045 3441 2333 3507 Astaroth,
2384 3445 2442 3495 et
2498 3441 2688 3507 Edrai,
2746 3443 2920 3498 urbes
2978 3444 3143 3516 regni
3201 3446 3285 3519 0g
3340 3450 3398 3504 in
3458 3450 3682 3506 Basan:

2042 3530 2180 3586 ﬁliis
2211 3529 2449 3597 Machir,
2486 3529 2589 3585 ﬁlii
2617 3531 2905 3603 Manasse,
2939 3534 3199 3590 dimidiae
3244 3538 3395 3607 parti
3430 3538 3684 3596 ﬁliorum

2039 3620 2262 3675 Machir
2283 3621 2452 3690 juxta
2483 3620 2863 3692 cognationes
2885 3638 3038 3678 suas.
3067 3623 3226 3680 Hanc
3249 3628 3681 3697 possessionem

2042 3708 2244 3765 divisit
2266 3710 2455 3765 Moses
2475 3708 2532 3764 in
2551 3711 2978 3780 campestribus
2996 3714 3161 3768 Moab
3184 3718 3348 3771 trans
3364 3717 3679 3773 Jordanem

2041 3803 2243 3855 contra
2263 3796 2494 3853 Jericho
2517 3798 2589 3852 ad
2616 3798 2954 3855 orientalem
2979 3800 3234 3874 plagam.
3258 3804 3459 3859 Tribui
3482 3812 3678 3862 autem

2038 3888 2170 3943 Levi
2202 3904 2317 3942 non
2362 3886 2522 3942 dedit
2577 3889 3011 3959 possessionem
3064 3893 3339 3961 quoniam
3394 3894 3680 3952 Dominus

2042 3978 2194 4033 Deus
2224 3975 2402 4031 Israel
2434 3976 2557 4047 ipse
2587 3980 2675 4031 est
2704 3978 2998 4048 possessio
3029 3980 3174 4051 ejus,
3208 3985 3273 4036 ut
3310 3986 3541 4039 locutus
3590 3989 3680 4042 est

2039 4064 2145 4120 illi.

2109 4190 2191 4261 (C.
2226 4187 2420 4253 LXIV,
2453 4187 2583 4260 Cap.
2618 4189 2784 4261 XIV.)
2816 4190 2934 4246 Hoc
2963 4197 3054 4248 est
3086 4196 3239 4265 quod
3292 4198 3682 4267 possederunt

2041 4278 2146 4334 ﬁlii
2177 4276 2353 4333 Israel
2385 4277 2445 4332 in
2476 4281 2629 4334 terra
2687 4279 2984 4351 Chanaan,
3018 4298 3196 4355 quam
3256 4286 3543 4343 dederunt
3600 4290 3684 4346 eis

2039 4367 2276 4424 Eleazar
2305 4369 2579 4423 sacerdos
2610 4374 2667 4424 et
2695 4368 2869 4426 Josue
2917 4370 3073 4428 ﬁlius
3102 4374 3256 4443 Nun,
3287 4380 3345 4431 et
3390 4377 3684 4450 principes

2042 4454 2401 4509 familiarum
2437 4470 2539 4526 per
2566 4455 2755 4511 tribus
2780 4458 2951 4513 Israel
2980 4476 2992 4513 :
3016 4467 3171 4517 sorte
3195 4466 3396 4520 omnia
3423 4465 3685 4523 dividen-

2042 4548 2153 4611 tes,
2175 4543 2326 4599 sicut
2344 4550 2695 4616 przeceperat
2717 4545 2999 4603 Dominus
3016 4549 3075 4603 in
3096 4567 3271 4607 manu
3293 4553 3453 4625 Mosi,
3475 4572 3679 4612 novem

276 4626 695 4697 percussitque
726 4640 825 4679 eos
857 4625 1065 4691 Moses,
1098 4629 1277 4696 atque
1307 4625 1538 4683 delevit.
1575 4628 1930 4685 Noluerunt-
1964 4615 2008 4680 D
2039 4633 2313 4689 tribubus
2342 4637 2400 4688 et
2429 4615 2685 4689 dimidiae
2712 4636 2912 4692 tribui.
2952 4639 3184 4695 Duabus
3212 4642 3368 4698 enim
3414 4615 3683 4702 tribubus

275 4733 391 4787 que
423 4712 767 4786 disperdere
797 4712 900 4768 ﬁlii
932 4713 1108 4770 Israel
1142 4713 1350 4770 Gesuri
1401 4719 1459 4771 et
1517 4716 1803 4773 Maachati
1832 4736 1845 4774 :
1877 4724 1933 4775 et

275 4803 703 4859 habitaverunt
727 4801 787 4857 in
820 4801 1011 4858 medio
1043 4802 1219 4857 Israel
1251 4819 1440 4874 usque
1489 4805 1550 4859 in
1586 4811 1930 4876 prasentem

278 4893 465 4948 diem.
499 4890 709 4946 Tribui
736 4894 931 4946 autem
988 4891 1121 4945 Levi
1145 4907 1260 4946 non
1284 4892 1447 4947 dedit
1468 4897 1931 4965 possessionem;

278 4983 385 5036 sed
424 4979 719 5036 sacriﬁcia
748 4983 804 5034 et
831 4978 1084 5035 victima;
1115 4980 1197 5050 (h.
1219 4984 1277 5035 et
1307 4980 1574 5052 victimae,
1595 5000 1709 5039 non
1738 4984 1934 5057 habet)

278 5068 526 5126 Domini
562 5068 656 5124 Dei
703 5067 899 5134 Israel,
931 5067 1061 5139 ipsa
1110 5072 1199 5124 est
1246 5069 1373 5139 ejus
1423 5070 1750 5141 hereditas,
1787 5074 1939 5130 sicut

278 5158 526 5215 locutus
558 5162 651 5214 est
681 5157 786 5213 illi.
816 5158 899 5230 (C.
923 5156 1090 5229 LXI.)
1124 5158 1289 5213 Dedit
1318 5174 1452 5230 ergo
1484 5160 1675 5218 Moses
1706 5179 1937 5233 posses-

285 5249 521 5306 sionem
554 5246 732 5303 tribui
770 5246 1022 5302 ﬁliorum
1080 5246 1286 5302 Ruben
1337 5248 1508 5318 juxta
1565 5252 1939 5322 cognationes

289 5354 455 5394 suas.
492 5336 740 5409 Fuitque
771 5335 1060 5390 terminus
1090 5351 1288 5391 eorum
1322 5336 1395 5391 ab
1433 5339 1634 5405 Aroer,
1668 5357 1798 5412 qum
1828 5342 1941 5398 sita

292 5425 479 5483 estin
527 5424 655 5497 ripa
698 5423 975 5480 torrentis
1024 5425 1244 5494 Arnon,
1275 5427 1331 5479 et
1374 5425 1431 5479 in
1482 5426 1629 5483 valle
1675 5430 1940 5501 ejusdem

294 5514 577 5571 torrentis
614 5513 805 5569 media
831 5529 844 5566 :
871 5513 1201 5568 universam
1227 5512 1526 5583 planitiem
1551 5516 1632 5587 (h.
1657 5524 1715 5574 et
1736 5520 1957 5576 urbem.

297 5620 433 5676 qua:
462 5608 554 5659 est
579 5602 640 5657 in
674 5602 864 5657 medio
889 5602 1155 5673 ejusdem
1189 5603 1481 5667 torrentis,
1514 5610 1571 5659 et
1609 5606 1943 5665 universam

2040 4726 2096 4778 et
2108 4721 2365 4777 dimidia:
2384 4723 2623 4778 dederat
2637 4723 2828 4781 Moses
2846 4729 3009 4782 trans
3021 4728 3334 4787 Jordanem
3359 4735 3685 4804 possessio-

2042 4827 2213 4866 nem:
2242 4812 2465 4881 absque
2493 4813 2724 4884 Levitis,
2758 4816 2860 4885 qui
2914 4817 3061 4872 nihil
3114 4825 3279 4876 terra
3338 4830 3687 4895 acceperunt

2045 4899 2199 4955 inter
2228 4900 2437 4955 fratres
2468 4916 2606 4956 suos
2634 4919 2645 4955 :
2676 4903 2769 4957 sed
2799 4906 2857 4958 in
2890 4921 3080 4961 eorum
3109 4921 3485 4967 successerunt
3511 4914 3686 4969 locum

2044 4988 2127 5058 (h.
2162 5004 2268 5044 non
2302 4990 2461 5044 habet
2489 5006 2574 5056 ea,
2608 4991 2700 5046 sed
2727 4994 2845 5047 sic:
2881 4996 3167 5059 Quoniam
3201 4998 3304 5054 ﬁlii
3356 5000 3571 5073 Joseph
3625 5003 3683 5057 in

2047 5076 2194 5132 duas
2228 5077 2387 5132 fuere
2422 5077 2593 5134 divisi
2624 5079 2835 5149 tribus)
2868 5082 2970 5137 ﬁlii
2996 5084 3214 5157 Joseph
3248 5087 3307 5143 in
3339 5090 3488 5146 duas
3519 5090 3686 5147 divisi

2047 5165 2261 5233 tribus,
2299 5165 2568 5223 Manasse
2597 5174 2654 5223 et
2683 5170 2956 5241 Ephraim
2984 5188 2996 5229 :
3032 5192 3137 5231 nec
3189 5183 3557 5249 acceperunt.
3586 5178 3689 5235 Le-

2047 5254 2176 5310 vitis
2205 5254 2380 5309 aliam
2409 5255 2466 5309 in
2501 5260 2655 5312 terra
2677 5266 2923 5329 partem,
2951 5263 3065 5318 nisi
3096 5266 3270 5321 urbes
3309 5268 3378 5321 ad
3416 5266 3689 5323 habitan-

2051 5343 2216 5411 dum,
2249 5349 2307 5399 et
2366 5345 2705 5403 suburbana
2736 5364 2935 5405 earum
2970 5353 3039 5407 ad
3076 5354 3285 5409 alenda
3332 5355 3606 5425 jumenta
3636 5362 3693 5413 et

2052 5448 2261 5503 pecora
2291 5450 2419 5489 sua.
2452 5435 2613 5491 Sicut
2669 5446 3022 5510 praeceperat
3073 5441 3357 5499 Dominus
3416 5446 3582 5511 Mosi,
3611 5446 3694 5503 ita

2054 5521 2317 5577 fecerunt
2350 5522 2452 5577 ﬁlii
2484 5526 2683 5596 Israel,
2708 5534 2765 5583 et
2794 5530 3120 5585 diviserunt
3151 5535 3386 5587 terram.
3411 5535 3496 5605 (B.
3521 5535 3690 5608 XXII,

2056 5610 2118 5668 C.
2142 5611 2324 5683 LXV.)
2353 5614 2735 5671 Accesserant
2765 5616 2961 5689 itaque
2994 5618 3095 5673 ﬁlii
3142 5620 3297 5675 Juda
3326 5638 3359 5676 a
3404 5622 3584 5681 Josue
3633 5626 3693 5683 in

300 5690 635 5765 planitiem)
664 5706 791 5764 quas
821 5690 985 5748 ducit
1014 5689 1280 5762 Medaba,
1307 5690 1554 5764 Esebon,
1588 5698 1949 5771 cunctosque
2061 5701 2318 5774 Galgala,
2347 5702 2694 5776 loculusque
2724 5710 2814 5762 est
2844 5707 2913 5763 ad
2945 5724 3078 5765 eum
3128 5708 3343 5768 Chaleb
3382 5712 3541 5773 ﬁlius
3595 5715 3688 5775 Je-
