4068 6172
314 293 417 350 531

1369 297 1430 350 S.
1468 294 1878 351 HIERONYMI
1914 293 2170 357 DIVINA
2208 293 2707 353 BIBLIOTHECA.

3596 304 3695 360 532

315 420 552 492 phonne
577 419 879 476 Cenezzsus
903 437 915 475 :
940 419 1105 475 Nosti
1140 418 1282 491 quid
1314 418 1547 475 locutus
1579 418 1653 475 sit
1674 419 1964 475 Dominus
1993 420 2049 486 Α
2080 420 2517 491 magnum].Hic
2533 421 2642 475 erit
2671 420 2806 476 ﬁnis
2837 420 3171 478 meridianas
3186 421 3473 495 plagae.Ab
3491 427 3698 486 oriente

317 509 388 564 ad
421 511 616 564 Mosen
648 508 948 565 hominem
974 508 1072 562 Dei
1104 508 1175 562 de
1196 523 1291 563 me
1309 515 1366 563 et
1384 513 1437 563 te
1459 507 1517 563 in
1552 508 1971 563 Cades-Barne.

320 597 725 669 Quadraginta
740 613 1032 652 annorum
1066 598 1467 668 eramquando
1494 612 1588 651 me
1612 597 1977 652 misitMoses

324 685 587 741 famulus
609 685 847 740 Domini
882 687 951 740 de
983 686 1413 755 Cades-Barne,
1448 690 1513 741 ut
1543 686 1975 741 considerarem

324 774 959 847 terram,nuntiavique
976 776 1026 830 ei
1052 776 1210 847 quod
1245 775 1389 829 mibi
1420 792 1619 831 verum
1643 775 1974 830 videbatur.

324 866 554 922 Fratres
585 871 781 919 autem
817 864 1063 935 mei,qui
1098 865 1483 919 ascenderant
1514 863 1979 931 mecum,dissol-

322 958 532 1010 verunt
562 970 661 1009 cor
682 952 884 1025 populi
912 970 924 1008 :
958 958 1015 1008 et
1044 953 1431 1009 nihilominus
1462 970 1567 1026 ego
1593 959 1829 1009 secutus
1849 969 1977 1008 sum

327 1042 643 1098 Dominum
678 1042 867 1096 Deum
924 1058 1143 1096 meum.
1180 1041 1524 1114 Juravitque
1554 1043 1748 1097 Moses
1797 1042 1855 1096 in
1890 1042 1982 1097 die

328 1132 451 1200 illo,
484 1131 727 1186 dicens:
760 1132 938 1185 Terra
969 1147 1146 1202 quam
1215 1131 1465 1185 calcavit
1524 1148 1625 1203 pes
1684 1136 1844 1196 tuus,
1876 1130 1987 1186 erit

325 1220 619 1294 possessio
650 1223 837 1285 tua,et
866 1220 1125 1274 ﬁliorum
1154 1224 1393 1275 tuorum
1425 1221 1481 1274 in
1507 1225 1787 1275 aeternum
1818 1219 1985 1290 :quia

328 1313 569 1367 secutus
602 1323 663 1363 es
695 1309 1011 1363 Dominum
1047 1308 1231 1363 Deum
1272 1325 1492 1363 meum.
1515 1308 1818 1365 Concessit
1850 1324 1984 1380 ergo

334 1397 624 1453 Dominus
655 1398 835 1451 vitam
870 1396 1199 1464 mihi,sicut
1230 1396 1530 1469 pollicitus
1548 1397 1711 1452 estin
1740 1414 1988 1468 praesen-

336 1494 453 1542 tem
487 1485 661 1541 diem.
688 1485 1092 1556 Quadraginta
1124 1488 1181 1540 et
1212 1487 1474 1556 quinque
1532 1486 1669 1541 anni
1729 1490 1888 1555 sunt,
1921 1502 1990 1540 ex

339 1592 459 1647 quo
492 1574 729 1629 locutus
762 1579 851 1630 est
880 1574 1169 1629 Dominus
1199 1575 1437 1629 verbum
1474 1574 1630 1629 istud
1663 1575 1734 1629 ad
1764 1580 1987 1640 Mosen,

342 1664 583 1736 quando
619 1662 966 1718 ambulabat
996 1663 1176 1719 Israel
1221 1678 1322 1735 per
1353 1663 1733 1719 solitudinem
1769 1680 1783 1719 ε
1819 1662 1991 1718 hodie

338 1753 636 1825 octoginta
667 1752 930 1823 quinque
963 1768 1252 1806 annorum
1284 1769 1439 1823 sum,
1465 1754 1549 1808 sic
1579 1752 1802 1819 valens,
1836 1758 1900 1807 ut
1924 1768 1989 1807 eo

345 1842 610 1897 valebam
643 1846 906 1912 tempore
938 1842 1172 1912 quando
1205 1842 1276 1896 ad
1311 1841 1737 1912 explorandum
1772 1842 1993 1896 missus

339 1947 508 2001 sum,
541 1929 704 1985 illius
736 1929 794 1983 in
829 1945 923 1984 me
955 1929 1243 2000 temporis
1275 1929 1557 1985 fortitudo
1591 1946 1779 2001 usque
1827 1928 1999 1985 hodie

339 2022 823 2093 perseverat,tam
839 2019 908 2073 ad
932 2018 1269 2074 bellandum
1289 2035 1463 2090 quam
1490 2020 1558 2074 ad
1585 2020 1865 2091 gradiend
1877 2035 1999 2073 um.

339 2110 425 2167 Da
454 2125 592 2181 ergo
628 2107 774 2162 mihi
807 2112 1068 2163 montem
1100 2108 1306 2174 istum,
1338 2125 1514 2179 quem
1574 2108 1875 2181 pollicitus
1908 2112 2001 2162 est

341 2199 719 2268 Dominus,te
751 2213 990 2268 quoque
1023 2196 1321 2264 audiente,
1352 2198 1411 2252 in
1444 2214 1562 2269 quo
1595 2198 1835 2253 Enacim
1859 2200 2001 2251 sunt

346 2292 405 2344 et
437 2288 615 2343 urbes
649 2285 730 2359 [h.
771 2302 944 2358 quem
1000 2285 1296 2357 pollicitus
1354 2290 1445 2341 est
1500 2286 1784 2343 Dominus
1818 2286 1875 2341 in
1908 2286 2001 2341 die

350 2376 473 2444 illa,
502 2375 643 2446 quia
670 2379 732 2430 tu
770 2391 1003 2447 quoque
1026 2374 1266 2445 audisti,
1300 2375 1454 2446 quod
1485 2376 1723 2431 Enacim
1748 2380 1889 2431 sunt
1920 2362 2001 2430 ibi

350 2470 408 2523 et
438 2464 636 2537 urbes]
668 2480 894 2537 magnas
928 2468 1105 2535 atque
1140 2465 1402 2532 munitae,
1438 2464 1486 2519 si
1519 2465 1665 2521 forte
1695 2464 1772 2521 sit
1802 2464 2000 2519 Domi-

352 2571 467 2611 nus
501 2570 752 2620 mecum,
786 2560 841 2608 et
887 2557 1085 2624 potero
1117 2552 1310 2608 delere
1373 2569 1493 2623 eos,
1527 2553 1680 2609 sicut
1734 2553 2005 2625 promisit

356 2642 524 2699 mihi.
558 2640 641 2714 [C.
674 2640 897 2711 LXVI.]
948 2640 1366 2712 Benedixitque
1398 2641 1448 2695 ei
1470 2642 1733 2708 Josue,et
1763 2642 2005 2697 tradidit

353 2730 540 2805 [Vulg.
568 2730 696 2786 add.
730 2731 803 2801 ei]
836 2728 1067 2785 Hebron
1116 2731 1177 2785 in
1231 2730 1684 2801 possessionem.
1720 2736 1908 2802 Atque
1937 2748 2005 2786 ex

351 2838 419 2877 eo
478 2820 593 2875 fuit
646 2818 880 2875 Hebron
938 2819 1155 2875 Chaleb
1215 2819 1335 2874 ﬁlio
1391 2819 1698 2891 Jephonne
1737 2821 2003 2875 Cenezazo

351 2926 540 2981 usque
570 2909 628 2963 in
661 2912 1007 2980 praesentem
1042 2909 1234 2963 diem:
1259 2909 1400 2979 quia
1429 2914 1666 2964 secutuc
1699 2914 1787 2963 est
1811 2908 2003 2963 Domi-

352 3014 497 3054 num
529 2999 709 3053 Deum
742 2996 942 3052 Israel.
973 2996 1197 3053 Nomen
1252 2998 1487 3053 Hebron
1520 3003 1654 3053 ante
1683 2999 2001 3053 vocabatur

352 3087 723 3143 Cariat-Arbe
757 3101 769 3138 :
801 3085 985 3140 Adam
1015 3084 1309 3140 maximus
1342 3086 1423 3140 ibi
1468 3086 1619 3141 inter
1652 3086 1881 3141 Enacim
1915 3085 1996 3141 si-

353 3181 453 3231 tus
484 3179 609 3229 est:
642 3179 699 3229 et
730 3178 885 3229 terra
914 3175 1165 3229 cessavit
1197 3191 1230 3228 a
1261 3173 1494 3245 prmliis.

428 3266 513 3337 [Β.
544 3264 756 3330 XXIII,
791 3265 851 3319 C.
898 3263 1113 3331 LXVII,
1148 3263 1278 3335 Cap.
1314 3263 1453 3336 XV.]
1492 3264 1680 3334 Igitur
1704 3281 1832 3319 sors
1848 3263 1994 3318 ﬁlio-

357 3371 484 3410 rum
514 3353 677 3409 Judas
710 3370 812 3425 per
841 3353 1221 3424 cognationes
1252 3370 1390 3408 suas
1421 3353 1719 3421 istafuit,a
1749 3352 1997 3408 termino

357 3445 565 3511 Edom,
588 3443 884 3497 desertum
920 3443 1019 3497 Sin
1045 3446 1248 3497 contra
1278 3443 1604 3509 meridiem,
1629 3447 1686 3497 et
1718 3458 1896 3513 usque
1926 3442 1999 3495 ad

357 3538 677 3588 extremam
714 3536 935 3598 partem
964 3530 1240 3586 australis
1272 3530 1470 3604 plaga.
1518 3531 1755 3587 Initium
1789 3532 1916 3602 ejus
1968 3547 2003 3585 a

361 3621 706 3677 summitate
739 3621 919 3675 maris
951 3620 1286 3691 salsissimi,
1318 3625 1375 3675 et
1396 3638 1429 3675 a
1458 3619 1661 3693 lingua
1691 3620 1840 3690 ejus,
1876 3636 2002 3691 quae

361 3710 601 3782 respicit
631 3709 954 3765 meridiem.
991 3708 1415 3781 Egrediturque
1446 3715 1648 3764 contra
1692 3724 2005 3764 ascensum

364 3799 722 3871 Scorpionis,
754 3803 811 3854 et
844 3799 1163 3871 pertransit
1210 3798 1267 3853 in
1323 3799 1500 3854 Sina:
1535 3798 1917 3868 ascenditque
1948 3797 2006 3851 in

365 3889 847 3956 Cades-Barne,et
877 3887 1137 3959 pervenit
1169 3887 1227 3942 in
1260 3887 1794 3953 Esron,ascendens
1817 3887 2008 3941 Adda-

368 3996 453 4048 ra,
489 3984 543 4034 et
573 3977 925 4032 circumiens
956 3976 1193 4042 Carcaa,
1227 3980 1401 4047 atque
1446 3976 1581 4031 inde
1613 3974 2012 4047 pertransiens

368 4067 428 4122 in
464 4071 773 4131 Asemona,
806 4069 863 4120 et
894 4064 1233 4136 perveniens
1287 4065 1357 4119 ad
1390 4068 1703 4119 torrentem
1734 4064 1961 4136 Egypti
1995 4083 2009 4123 :

368 4162 658 4225 eruntque
688 4154 1071 4223 terminiejus
1089 4169 1246 4209 mare
1279 4153 1555 4225 Magnum
1580 4154 1662 4225 [h.
1693 4168 1811 4209 non
1841 4152 2016 4209 habet

438 4282 452 4314 ¹
489 4278 829 4333 Contrarius
860 4281 949 4333 est
991 4277 1050 4331 in
1098 4277 1335 4333 Hebraeo
1390 4294 1601 4333 sensus
1661 4278 1843 4348 hujus
1881 4277 2017 4344 loci,

371 4367 565 4421 neque
594 4366 726 4404 vero
760 4350 837 4421 ibi
861 4348 1098 4414 dicitur,
1130 4349 1315 4404 Axam
1351 4366 1587 4405 suasam
1623 4350 1803 4405 fuisse
1836 4366 1869 4404 a
1896 4349 2019 4404 viro

374 4420 482 4477 suo
511 4420 834 4487 Othoniele,
868 4425 934 4476 ut
963 4425 1186 4491 peteret
1215 4437 1422 4491 agrum
1475 4438 1508 4475 a
1539 4426 1701 4492 patre
1728 4437 1835 4476 suo
1864 4422 2018 4492 Chae

2084 525 2215 564 vero
2247 508 2357 564 erit
2387 509 2646 578 initium,
2680 526 2841 565 mare
2868 510 3257 566 salsissimum
3299 530 3479 584 usque
3509 516 3573 571 ad
3607 534 3700 573 ex-

2083 600 2275 651 trema
2301 595 2661 668 Jordanis,et
2689 614 2755 653 ea
2772 614 2902 670 quae
2922 599 3244 669 respiciunt
3261 599 3329 655 ad
3363 602 3703 673 aquilonem,

2086 702 2121 739 a
2151 685 2353 756 lingua
2383 686 2564 742 maris
2618 703 2806 758 usque
2840 689 2908 743 sd
2943 690 3216 743 eumdem
3248 689 3555 747 Jordauem
3598 693 3706 748 ﬂu-

2087 774 2667 847 vium.Ascenditque
2692 777 2983 831 terminus
3005 776 3063 831 in
3097 776 3423 849 Beth-Agla,
3448 785 3503 834 et
3530 784 3706 838 trans-

2087 864 2132 919 it
2164 863 2233 918 ab
2265 864 2538 935 aquilone
2568 865 2626 919 in
2659 865 3069 921 Beth-Araba:
3121 867 3442 923 ascendens
3468 870 3535 923 ad
3567 869 3706 942 lapi-

2089 954 2218 1008 dem
2254 955 2401 1009 Boen
2436 953 2538 1007 11111
2570 953 2794 1019 Ruben,
2828 959 2884 1008 et
2912 955 3158 1010 tendens
3191 972 3379 1026 usque
3426 957 3494 1011 ad
3528 959 3710 1014 lermi-

2090 1058 2196 1097 nos
2248 1042 2470 1097 Debera
2526 1043 2597 1097 de
2656 1042 2809 1098 Valle
2866 1042 3077 1112 Achor,
3139 1050 3343 1100 contra
3397 1046 3712 1116 aquilonem

2091 1130 2413 1202 respiciens
2444 1130 2702 1203 Galgala,
2736 1148 2860 1203 quae
2893 1136 2981 1187 est
3011 1149 3078 1187 ex
3096 1134 3338 1189 adverso
3370 1136 3715 1192 ascensionis

2095 1220 2451 1285 Adommim,
2487 1221 2558 1275 ab
2590 1218 2831 1275 australi
2864 1225 3030 1292 parte
3058 1222 3373 1277 torrentis:
3408 1225 3721 1296 transitque

2095 1325 2436 1381 aquas,quae
2465 1314 2747 1364 vocantur
2785 1310 2935 1365 Fons
2967 1309 3377 1380 solis,eterunt
3408 1314 3589 1367 exitus
3605 1314 3720 1385 ejus

2094 1399 2164 1454 ad
2198 1399 2416 1454 fontem
2447 1400 2637 1467 Rogel.
2699 1398 3094 1470 Ascenditque
3147 1417 3249 1471 per
3280 1401 3595 1457 convallem
3626 1402 3723 1458 filii

2096 1488 2321 1542 Ennom
2353 1504 2422 1542 ex
2454 1489 2628 1543 latere
2676 1486 2929 1543 Jebusaai
2988 1488 3060 1544 ad
3119 1489 3453 1561 meridiem,
3503 1491 3618 1546 hac
3648 1497 3727 1547 est

2096 1575 2443 1646 Jerusalem,
2468 1580 2525 1631 et
2556 1576 2689 1631 inde
2738 1593 2801 1632 se
2829 1577 3059 1649 erigens
3091 1579 3159 1632 ad
3194 1579 3469 1634 verticem
3503 1580 3727 1647 montis,

2100 1666 2202 1737 qui
2233 1670 2324 1721 est
2341 1670 2543 1721 contra
2567 1665 2899 1721 Ge-Ennom
2920 1668 2989 1722 ad
3015 1666 3378 1724 occidentem
3412 1668 3470 1724 in
3495 1669 3731 1725 summi-

2100 1758 2220 1810 tate
2252 1753 2418 1810 vallis
2453 1754 2743 1825 Raphaim
2774 1760 2974 1811 contra
2999 1755 3357 1827 aquilonem.
3392 1757 3733 1813 Pertransit-

2107 1860 2221 1916 que
2250 1861 2284 1898 a
2308 1843 2521 1899 vertice
2550 1845 2766 1900 montis
2798 1862 2984 1917 usque
3013 1846 3085 1901 ad
3118 1846 3338 1902 fontem
3373 1863 3535 1919 aqua:
3556 1847 3736 1918 Neph-

2106 1933 2265 2003 thoa,
2299 1937 2357 1987 et
2390 1933 2653 2003 pervenit
2684 1949 2874 2005 usque
2922 1936 2994 1989 ad
3026 1934 3182 1991 vicos
3214 1936 3437 1992 montis
3469 1936 3692 2007 Ephron
3723 1952 3737 1991 ι

2107 2021 2543 2092 inclinaturque
2573 2021 2633 2076 in
2684 2021 2877 2089 Baala,
2911 2039 3038 2094 qua
3069 2028 3159 2079 est
3186 2024 3655 2090 Cariatb-Iarim,
3692 2023 3744 2080 id

2108 2113 2204 2178 est,
2275 2110 2405 2165 urbe
2451 2111 2730 2166 silvarum
2780 2111 2862 2182 [h.
2922 2128 3039 2167 non
3097 2112 3320 2182 habet].
3380 2114 3452 2168 Et
3496 2111 3751 2169 circumit

2109 2199 2181 2254 de
2263 2198 2436 2254 Baala
2485 2203 2690 2255 contra
2745 2200 3131 2265 occidentem,
3211 2218 3407 2273 usque
3463 2204 3534 2257 ad
3595 2217 3751 2257 mon-

2109 2292 2230 2343 tem
2258 2287 2420 2342 Seir:
2482 2288 2811 2360 transitque
2864 2289 3034 2359 juxta
3087 2289 3243 2346 latus
3306 2291 3528 2346 montis
3578 2290 3749 2345 Jarim

2111 2375 2183 2430 ad
2215 2373 2551 2444 aquilonem
2596 2376 2655 2430 in
2707 2376 2978 2444 Cheslon,
3037 2382 3094 2433 et
3139 2378 3452 2435 descendit
3480 2378 3540 2433 in
3590 2376 3751 2433 Beth-

2108 2467 2332 2528 Sames,
2391 2464 2719 2536 transitque
2775 2465 2834 2520 in
2894 2466 3184 2522 Thamna.
3232 2467 3309 2523 Et
3339 2466 3603 2539 pervenit
3629 2482 3756 2521 con-

2110 2556 2199 2607 tra
2253 2551 2589 2622 aquilonem
2642 2552 2824 2623 partis
2882 2556 3132 2610 Accaron
3191 2571 3260 2610 ex
3314 2555 3545 2611 latere:
3605 2553 3757 2610 incli-

2114 2645 2406 2712 naturque
2435 2641 2755 2711 Sechrcna,
2785 2646 2842 2697 et
2859 2644 3075 2699 transit
3106 2650 3369 2701 montem
3403 2643 3579 2700 Baala
3604 2662 3617 2700 :
3638 2659 3758 2715 per-

2109 2731 2384 2800 venitque
2413 2730 2471 2785 in
2503 2729 2763 2795 Jebneel,
2794 2734 2853 2786 et
2909 2732 3090 2787 maris
3146 2733 3347 2804 Magni
3399 2737 3603 2789 contra
3622 2730 3763 2788 occi-

2113 2819 2346 2873 dentem
2377 2819 2492 2874 fine
2522 2818 2913 2874 concluditur.
2962 2821 3023 2874 Hi
3060 2825 3198 2876 sunt
3231 2822 3479 2877 termini
3513 2820 3759 2876 filiorum

2109 2907 2259 2962 Juda
2317 2923 2422 2978 per
2468 2907 2778 2962 circuitum
2840 2908 2898 2962 in
2974 2909 3440 2981 cognationibus
3497 2909 3647 2967 suis.
3680 2907 3762 2980 lC.

2110 2995 2382 3066 LXVIII]
2415 2995 2629 3051 Chaleb
2660 3013 2793 3051 vero
2837 2996 2955 3052 ﬁlio
2985 2997 3292 3069 Jephonne
3343 2999 3511 3056 dedit
3545 3002 3763 3072 partem

2112 3086 2171 3139 in
2207 3086 2398 3141 medio
2433 3085 2685 3140 filiorum
2716 3086 3055 3155 Juda,sicut
3084 3092 3450 3159 prmeeperat
3480 3087 3534 3144 ei
3574 3085 3769 3143 Domi-

2116 3191 2228 3229 nus
2257 3190 2270 3228 :
2303 3173 2724 3229 Cariath-Arbe
2755 3172 2939 3245 patris
2970 3174 3146 3244 Euac,
3205 3176 3345 3247 ipsa
3401 3180 3494 3233 est
3526 3176 3762 3232 llebron.

2100 3263 2445 3335 Delevitque
2475 3278 2543 3317 ex
2573 3278 2641 3317 ea
2672 3262 2895 3318 Chaleb
2944 3266 3066 3319 tres
3123 3262 3277 3319 filios
3313 3266 3498 3335 Enac,
3529 3264 3689 3322 Sesai
3716 3268 3771 3319 et

2101 3350 2353 3407 Abiman
2412 3355 2471 3405 et
2524 3349 2796 3405 Tholmai
2864 3351 2942 3405 de
2974 3352 3157 3423 stirpe
3199 3352 3386 3409 Enac.
3422 3358 3616 3425 Atpue
3647 3352 3772 3407 inde

2104 3440 2502 3495 conscendens
2533 3438 2691 3494 venit
2723 3440 2793 3494 ad
2827 3437 3191 3496 habitatores
3210 3440 3421 3512 Dabir,
3457 3458 3588 3515 quae
3614 3441 3771 3514 prius

2101 3528 2420 3584 vocabatur
2450 3527 2973 3600 Cariatb-Sepher,
2996 3528 3052 3583 id
3080 3533 3181 3598 est,
3212 3532 3425 3586 civitas
3461 3534 3776 3587 litterarum

2110 3605 2187 3672 [h.
2240 3633 2354 3672 non
2404 3616 2623 3689 habet].
2670 3616 2754 3690 [C.
2786 3616 3009 3688 LXIX]
3063 3617 3335 3687 Dixitque
3390 3620 3643 3676 Chaleb:
3676 3617 3778 3684 Qui

2108 3705 2464 3778 percusserit
2499 3704 3032 3778 Cariath-Cepber,
3066 3710 3123 3761 et
3177 3709 3412 3779 ceperit
3451 3725 3607 3779 eam,
3642 3709 3782 3763 dabo

2135 3793 2197 3849 lli
2250 3800 2429 3849 Axam
2486 3793 2675 3849 tiliam
2731 3810 2920 3850 meam
2969 3810 3211 3850 uxorem
3245 3838 3260 3851 .
3318 3796 3615 3869 Cepitque
3663 3811 3782 3851 eam

2115 3882 2436 3949 Othoniel,
2486 3881 2646 3938 filius
2715 3883 2923 3949 Genez,
2984 3883 3168 3939 frater
3227 3882 3460 3942 Chaleb
3507 3886 3715 3958 junior
3769 3900 3781 3939 :

2115 3974 2389 4043 deditque
2417 3972 2469 4028 ei
2504 3974 2683 4027 Axam
2734 3970 2914 4027 ﬁliam
2952 3988 3122 4029 suam
3156 3990 3430 4031 uxorem.
3486 3978 3625 4042 Qum
3658 3989 3786 4031 cum

2119 4066 2424 4135 pergerent
2457 4060 2658 4126 simul,
2692 4076 2873 4116 suasa
2903 4065 2992 4117 est
3035 4078 3070 4117 a
3099 4062 3223 4117 viro
3255 4080 3374 4121 suo
3413 4070 3483 4120 ut
3516 4069 3733 4133 peteret
3759 4079 3791 4118 a

2120 4157 2282 4224 patre
2316 4167 2422 4207 suo
2454 4167 2661 4223 agrum
2695 4153 2740 4205 ι.
2804 4149 2887 4221 [Ο.
2945 4152 3144 4223 LXX.]
3202 4154 3675 4227 Suspiravitque
3731 4154 3793 4207 ut

2123 4294 2251 4332 rum
2284 4276 2393 4331 hoc
2421 4276 2543 4330 loco
2589 4274 2977 4347 Hieronymus
3036 4278 3472 4334 consuetudini
3531 4279 3663 4335 LXX
3696 4282 3789 4333 Se-

2124 4350 2377 4414 niorum,
2413 4346 2728 4422 ut_et_alibi
2760 4347 2998 4422 saepius,
3033 4364 3095 4422 se
3132 4352 3467 4422 coaptavit,
3507 4352 3788 4422 docetque

2125 4422 2183 4475 in
2216 4418 2527 4494 Epitaphic
2557 4418 2762 4485 Paulae,
2789 4418 3169 4494 Othonielem,
3222 4418 3424 4478 lilium
3454 4418 3789 4494 Jephonne,

374 4494 502 4549 leb:
543 4494 642 4549 sed
679 4493 833 4564 quod
866 4489 1120 4563 ipsemet
1154 4489 1278 4547 Axa
1306 4489 1606 4573 impulerit
1644 4491 1914 4547 maritum
1948 4491 2019 4547 ad
2052 4509 2099 4573 Β
2131 4509 2234 4573 pro
2265 4489 2507 4559 australi
2542 4494 2696 4572 terra
2725 4495 2782 4545 et
2813 4492 2994 4573 arida,
3020 4508 3203 4573 aquas
3219 4489 3592 4573 superiores
3623 4500 3679 4550 et
3708 4495 3792 4547 in-

379 4583 697 4654 petendum
745 4597 950 4654 agrum
986 4580 1347 4654 huiusmodi.
1379 4564 1546 4654 53W“)
1572 4583 2021 4654 ﬁnnVDnTvatte-

375 4651 593 4709 it'thehu
624 4651 836 4718 lz'schot,
868 4652 925 4707 id
976 4656 1085 4717 est,
1118 4654 1167 4706 et
1198 4652 1308 4706 illa
1337 4651 1601 4706 excitavit
1651 4668 1777 4706 eum
1828 4652 2024 4723 (mari-

379 4732 503 4779 tum
556 4724 794 4792 scilicet)
825 4724 896 4778 ad
924 4724 1244 4797 peteuelum.
1296 4724 1456 4797 Quod
1515 4722 1850 4797 constanter
1880 4722 2021 4795 legi-

376 4803 475 4852 tur
502 4797 681 4852 etiam
733 4794 935 4862 infra,’
967 4794 1245 4849 Judicum
1304 4812 1343 4859 ι,
1385 4795 1465 4864 14,
1498 4796 1597 4849 ubi
1630 4794 1702 4849 de
1756 4796 1872 4850 Axa
1903 4794 2022 4851 sive

378 4868 571 4924 Achsa
602 4868 802 4923 eadem
836 4870 1170 4922 narrantur.
1232 4866 1475 4921 Veritati
1534 4865 1826 4921 Hebraicm
1885 4883 2020 4922 cono

380 4941 557 4995 sentit
585 4938 953 4994 Corbeiensis
1011 4954 1168 4993 unus
1227 4954 1338 4992 ms.
1397 4937 1576 4992 codex
1606 4937 1927 4993 Biblicrum
1960 4939 2019 4993 in

382 5017 581 5066 nostra
640 5009 990 5065 bibliotheca
1046 5010 1102 5064 S.
1166 5008 1501 5065 Germania
1532 5015 1721 5065 Pratis
1766 5026 1932 5063 num.
1968 5011 2018 5065 1.

382 5082 576 5138 Prima
634 5082 787 5137 enim
822 5097 999 5136 manu
1055 5080 1137 5136 sic
1192 5080 1365 5135 habet
1392 5081 1566 5136 Josue
1596 5098 1687 5147 xv,
1722 5081 1788 5135 18
1818 5097 1830 5136 ;
1868 5080 2019 5149 Quae,

382 5172 505 5210 cum
537 5160 823 5223 pergerent
850 5152 1039 5217 simul,
1083 5156 1258 5208 suasit
1290 5154 1406 5207 viro
1464 5156 1523 5207 ut
1552 5156 1756 5220 peteret
1801 5170 1834 5207 a
1862 5156 2023 5219 patre

378 5243 477 5283 suo
506 5242 725 5295 agrum.
759 5229 919 5279 Hanc
951 5223 1259 5279 lectionem
1316 5239 1493 5295 prope
1524 5230 1648 5279 erat
1707 5228 1771 5277 ut
1802 5224 2021 5294 ample-

384 5304 698 5362 cteremur,
758 5295 872 5351 nisi
925 5296 1222 5350 unanimis
1279 5295 1527 5350 aliorum
1580 5311 1724 5349 mss.
1757 5296 2020 5352 codicum

381 5386 706 5428 consensus
761 5372 881 5423 tam
941 5365 1036 5438 hic
1066 5383 1243 5438 quam
1290 5366 1558 5421 Judicum
1591 5368 1779 5436 capite
1808 5368 2020 5437 primo,

382 5443 542 5497 aliud
578 5441 903 5496 suasisset:
938 5445 994 5493 et
1022 5436 1221 5493 lectori
1255 5438 1413 5493 haud
1466 5453 1606 5492 sane
1638 5436 2026 5507 probarentur

386 5515 445 5569 in
481 5530 597 5568 una
625 5513 1060 5569 Scrinturarum
1094 5508 1426 5565 narratione
1470 5510 1709 5564 diversae
1742 5526 1807 5565 ac
1842 5511 2023 5566 dissi-

386 5586 593 5641 dentes
619 5581 883 5656 ejusdem
933 5586 1236 5638 contextus
1282 5581 1811 5653 interpretationes.
1843 5586 2024 5640 Ceste-

2135 4562 2371 4644 l‘eriores
2404 4562 2734 4644 suscepisse
2780 4562 3185 4644 possidendas.
3219 4562 3554 4644 Unde__non
3580 4567 3795 4638 impro-

2132 4634 2346 4689 babilis
2395 4634 2635 4707 Omnino
2678 4632 2908 4707 exsistit
2958 4635 3321 4705 conjectura,
3360 4632 3796 4707 Hieronymum

2132 4707 2349 4782 deﬁxa
2380 4705 2452 4758 ab
2474 4703 3299 4782 _Othoniel_e__persuasa,idem
3334 4703 3614 4782 sensisse
3643 4707 3796 4782 quod

2131 4777 2271 4833 LXX
2302 4777 2705 4831 translatores.
2733 4776 3005 4831 Liberum
3043 4782 3239 4833 tamen
3300 4779 3474 4837 circa
3536 4776 3678 4837 hec‘
3721 4780 3798 4835 le-

2132 4850 2309 4905 ctoris
2340 4854 2464 4903 esto
2486 4847 2806 4917 judicium.
2841 4848 3027 4903 MART.

2202 4970 2270 4979 —
2308 4942 2383 4992 De
2408 4936 2629 4991 Hebraei
2663 4939 2861 4991 textus
2890 4952 3069 4992 sensu
3120 4937 3515 5007 disputatum
3551 4938 3801 4998 eruditis

2130 5011 2271 5065 viris
2301 5010 2361 5063 in
2402 5015 2713 5079 utramque
2762 5013 2986 5080 partem
3024 5026 3037 5063 :
3070 5009 3300 5064 videtur
3322 5011 3495 5068 enim
3530 5019 3798 5069 econtra-

2132 5083 2216 5137 rio
2250 5080 3090 5152 pronuntiare,qnodgipsamet
3119 5084 3239 5136 Axa
3267 5083 3477 5138 virum
3516 5101 3694 5140 suum
3728 5082 3799 5139 ad

2135 5150 2448 5227 petendum
2483 5150 2686 5222 agrum
2715 5150 3019 5227 excitarit;
3054 5154 3585 5221 quemadmodum
3620 5162 3679 5212 et
3701 5173 3800 5227 pa-

2132 5222 2368 5279 rallelus
2400 5229 2591 5277 textus
2623 5222 2831 5291 capitis
2845 5222 3041 5295 primi,
3068 5228 3194 5295 tum
3229 5229 3475 5283 veteres
3499 5222 3806 5283 versiones

2132 5296 2367 5371 Syriaca
2393 5299 2569 5371 atque
2595 5294 2862 5371 Arabica,
2908 5294 3077 5371 mul_t_i
3111 5295 3393 5371 denique
3442 5299 3807 5371 interpretes

2133 5365 2201 5423 ex
2234 5368 2307 5422 iis
2339 5367 2535 5434 etiam,
2568 5365 2668 5440 qui
2700 5366 2997 5440 adhaerent
3025 5366 3260 5423 Hebrmo
3286 5365 3302 5368 ⁷
3322 5365 3632 5440 pressius;
3662 5371 3803 5426 Vul-

2134 5445 2327 5511 gatam
2356 5439 2728 5511 sententia_m,
2774 5436 3200 5511 lectionemque
3244 5436 3541 5511 codicum
3574 5436 3805 5498 Latino-

2128 5508 2265 5567 rum
2321 5508 2700 5581 probant.AEt
2746 5510 2918 5564 refert
2952 5510 3190 5581 quidem
3218 5509 3539 5581 _Martian.
3592 5514 3654 5571 in
3689 5530 3805 5571 uno

2132 5579 2463 5640 Corbeiensi
2501 5579 2787 5652 scriptum
2830 5579 3118 5637 invenisse
3142 5579 3343 5654 prima
3369 5600 3592 5659 manu,
3626 5588 3805 5643 euasit
