4068 6172
286 329 392 386 533

1741 340 1957 395 LIBER
1990 340 2230 398 JmUE.

3588 348 3697 406 534

284 449 526 505 sedebat
546 449 607 505 in
632 450 820 507 asino.
853 451 955 508 Cui
978 451 1192 510 Chaleb
1222 470 1237 510 :
1269 454 1415 519 Quid
1459 456 1642 513 habes
1666 460 1689 513 Ρ
1717 457 1930 529 inquit.
1963 460 2016 527 Α
2045 460 2310 519 civitates
2351 477 2579 531 novem,
2611 470 2667 518 et
2692 464 2842 518 villas
2870 479 3095 521 earum.
3130 466 3301 521 Maon
3334 470 3391 522 et
3431 467 3698 525 Chermel

282 544 353 594 At
383 539 488 595 illa
513 542 857 613 respondit:
893 546 973 597 Da
1004 542 1150 598 mihi
1184 544 1690 603 benedictionem:
1728 552 1938 604 terram

284 629 601 685 australem
643 635 697 685 et
727 638 972 686 arentem
1022 632 1101 699 [h.
1137 649 1254 689 non
1286 633 1485 706 habet]
1520 636 1730 691 dedisti
1770 635 1939 711 mihi,

276 720 462 791 junge
485 719 856 793 etirriguam.
890 720 1061 776 Dedit
1092 722 1288 793 itaque
1317 723 1369 779 ei
1399 724 1615 781 Chaleb
1646 725 1936 799 irriguum

283 810 561 883 superius
617 814 676 864 et
731 810 998 865 inferius.
1058 810 1189 866 Haec
1248 816 1336 867 est
1393 814 1688 885 possessio
1745 817 1936 872 tribus

280 899 542 955 ﬁliorum
589 899 745 955 Juda
801 916 906 973 per
984 901 1363 974 cognationes
1419 920 1581 960 suas.
1640 909 1934 978 Erantque

276 989 544 1045 civitates
588 989 660 1045 ab
712 990 987 1046 extremis
1040 992 1300 1060 partibus
1350 992 1603 1049 filiorum
1634 995 1789 1050 Juda
1821 996 1931 1068 [h.]

279 1077 603 1133 terminum
656 1078 835 1134 Edom
886 1096 920 1134 a
962 1080 1248 1137 meridie:
1300 1081 1541 1137 Cabsael
1592 1088 1650 1138 et
1698 1084 1933 1139 Ederet

275 1167 487 1240 Jagur,
511 1172 567 1223 et
589 1168 729 1223 Cina
750 1172 808 1223 et
825 1168 1085 1237 Dimona,
1109 1170 1328 1239 Adeda,
1360 1175 1416 1226 et
1433 1172 1616 1228 Cedes
1640 1179 1697 1228 et
1719 1181 1864 1229 Asor
1888 1176 1930 1243 ί,

274 1265 328 1315 et
348 1259 657 1326 Jethnam,
679 1258 819 1331 Zipb
843 1264 900 1314 et
918 1258 1133 1330 Telem,
1162 1259 1366 1317 Baloth
1398 1268 1456 1317 et
1483 1267 1633 1318 Asor
1663 1279 1812 1318 nova
1843 1263 1925 1334 [h.

278 1356 432 1403 Asor
464 1365 616 1404 nova
660 1347 791 1403 ideo
838 1347 1057 1403 dicitur
1084 1349 1224 1421 quia
1267 1349 1449 1407 altera
1479 1357 1625 1407 Asor
1650 1355 1843 1423 vetus]
1874 1356 1933 1408 et

275 1437 542 1506 Carioth,
598 1441 779 1492 Esron
827 1436 951 1493 haec
1003 1442 1093 1493 est
1135 1439 1304 1494 Asor.
1353 1441 1585 1506 Amam,
1634 1441 1829 1511 Same,
1875 1446 1932 1497 et

277 1526 537 1592 Molsda,
571 1530 630 1581 et
657 1525 1037 1581 Aser-Gadda
1066 1529 1124 1581 et
1150 1527 1845 1597 Asemon.Beth-Phelet,
1876 1532 1934 1585 et

267 1615 599 1673 Aser-Sual
620 1619 674 1671 et
697 1615 1021 1671 Ber-Sabee
1065 1620 1121 1671 et
1146 1616 1464 1686 Baziothia,
1497 1617 1637 1673 Bala
1665 1624 1723 1673 et
1750 1618 1929 1686 Hiim,

266 1706 443 1761 Esem
500 1709 557 1760 et
606 1702 901 1775 Eltholad,
949 1712 1004 1760 et
1046 1702 1167 1759 Xiil
1217 1709 1273 1759 et
1319 1704 1556 1777 Harma,
1607 1706 1831 1779 Siceleg
1875 1711 1932 1762 et

269 1796 622 1853 Medemena
645 1800 705 1852 et
724 1799 1049 1860 Sensenna,
1082 1795 1337 1852 Lebaoth
1373 1801 1430 1851 et
1458 1796 1620 1852 Silim
1644 1802 1699 1853 et
1732 1802 1851 1853 Aen
1875 1802 1932 1853 et
1961 1818 2007 1884 Β

266 1890 585 1942 Remmon.
620 1885 837 1941 Omnes
871 1884 1132 1940 civitates
1170 1885 1373 1957 viginti
1414 1887 1659 1943 novem'
1690 1892 1746 1943 et
1775 1886 1920 1942 villae

266 1992 502 2031 earum.
538 1975 623 2043 [C.
657 1972 896 2047 LXXII.]
945 1974 1010 2028 In
1055 1973 1482 2046 campestribus
1510 1991 1644 2031 vero
1678 1994 1691 2031 :
1727 1974 1920 2032 Estaol

264 2071 319 2122 ct
345 2070 539 2122 Saraa
587 2067 645 2118 et
685 2065 895 2133 Asena,
927 2066 984 2119 et
1032 2064 1219 2119 Zanoe
1259 2068 1317 2119 et
1344 2065 1774 2135 Aen-Gannim,
1806 2066 1920 2121 Ta-

264 2153 519 2225 phphua
547 2157 607 2207 et
638 2152 866 2219 Enaim,
894 2156 952 2207 et
979 2152 1297 2219 Jarimuth,
1330 2152 1599 2221 Adulam,
1624 2152 1843 2209 Soccho
1866 2157 1923 2209 et

264 2245 447 2297 Azeca
497 2247 559 2297 et
613 2240 826 2311 Sarim,
881 2239 1175 2295 Aditbaim
1225 2245 1282 2296 et
1330 2241 1552 2297 Gedera
1597 2247 1655 2298 et
1683 2243 1919 2297 Gidero-

265 2334 455 2389 thaim
487 2350 501 2388 :
536 2337 599 2388 et
630 2332 803 2388 urbes
827 2332 1292 2404 quatuordecim,
1316 2336 1375 2388 et
1403 2332 1548 2387 villa:
1570 2350 1791 2389 earum.
1816 2335 1920 2388 Sa-

266 2443 381 2481 nan
416 2430 482 2481 et
511 2424 737 2480 Adesse
765 2427 823 2480 et
851 2422 1262 2497 Magdal-Gad,
1290 2424 1498 2480 Delean
1530 2430 1586 2480 et
1605 2426 1844 2497 Mespha
1865 2430 1923 2481 et

259 2513 524 2579 Jecthel,
576 2512 784 2568 Lachis
835 2516 890 2567 et
937 2512 1156 2580 Bescat,
1206 2518 1263 2568 et
1308 2512 1515 2585 Aglon,
1562 2515 1833 2570 Chebbon
1865 2517 1923 2570 et

259 2603 515 2659 Leemas
546 2606 606 2657 et
635 2600 857 2657 Cethlis
905 2600 1204 2671 Gideroth,
1253 2602 1585 2674 Bet-Dagon
1626 2607 1681 2657 et
1710 2602 1924 2658 Neema

258 2698 313 2748 et
342 2691 638 2746 Maceda:
673 2689 930 2745 civitates
977 2689 1255 2760 sedecim,
1283 2694 1341 2746 et
1378 2689 1523 2745 villa:
1554 2707 1778 2748 earum.
1810 2690 1921 2747 La-

259 2784 416 2837 bana
449 2785 514 2836 et
546 2779 722 2835 Ether
766 2783 823 2833 et
846 2784 1026 2846 Asan,
1062 2778 1318 2849 Jephtha
1346 2784 1403 2834 et
1448 2779 1601 2835 Esna
1631 2784 1688 2835 et
1717 2779 1918 2845 Nesib,

257 2876 313 2926 et
343 2870 517 2927 Ceila
547 2874 606 2925 et
651 2867 861 2924 Achzib
909 2872 966 2923 et
1015 2868 1278 2924 Maresa:
1332 2868 1596 2925 civitates
1627 2884 1831 2924 novem
1865 2874 1923 2926 et

255 2959 414 3015 villae
445 2974 679 3014 earum.
710 2959 967 3013 Accaron
990 2973 1125 3012 cum
1152 2956 1297 3012 vicis
1326 2961 1383 3012 et
1412 2956 1634 3013 villulis
1660 2958 1803 3013 suis.
1835 2959 1921 3013 Ab

254 3052 532 3105 Accaron
568 3063 752 3120 usque
798 3046 869 3101 ad
922 3062 1120 3101 mare:
1166 3046 1368 3101 omnia
1415 3062 1539 3119 quae
1569 3051 1819 3118 vergunt
1847 3048 1917 3102 ad

253 3139 520 3193 Azotum
545 3141 603 3192 et
622 3135 845 3191 viculos
868 3136 1014 3204 ejus.
1048 3139 1263 3190 Azotus
1293 3151 1424 3190 cum
1452 3135 1596 3190 vicis
1617 3138 1674 3191 et
1701 3134 1921 3192 villulis

250 3230 578 3287 suis.Gaza
609 3244 743 3283 cum
784 3225 993 3283 viculis
1035 3227 1213 3299 [Vulg.
1237 3225 1403 3298 vicis]
1433 3230 1490 3282 et
1517 3226 1739 3283 villulis
1769 3228 1914 3295 suis,

249 3335 455 3394 usque
510 3319 583 3374 ad
634 3321 951 3373 torrentem
1003 3315 1254 3387 Egypti,
1315 3332 1473 3372 mare
1530 3316 1805 3387 Magnum
1861 3322 1919 3373 et

250 3410 597 3467 terminum
649 3407 799 3477 ejus.
834 3406 904 3460 Et
959 3405 1019 3459 in
1053 3409 1249 3460 monte
1284 3419 1299 3458 :
1331 3405 1523 3459 Samir
1556 3410 1614 3461 et
1644 3406 1833 3461 Jathir
1862 3409 1920 3461 et

248 3500 509 3564 Soccbo,
544 3502 602 3551 et
633 3500 836 3551 Danna
858 3499 917 3550 et
936 3493 1414 3565 Cariath-Senna,
1440 3494 1556 3548 haec
1582 3497 1672 3549 est
1702 3494 1877 3549 Dabir
1900 3512 1913 3561 ;

252 3590 424 3644 Anab
452 3591 516 3643 et
549 3584 829 3651 lstbemo,
863 3587 919 3638 et
953 3582 1147 3649 Anim,
1181 3580 1369 3638 Gosen
1399 3586 1459 3638 et
1489 3581 1635 3638 Olon
1666 3588 1722 3638 et
1751 3582 1913 3639 Gilo:

252 3678 535 3734 civitates
582 3671 855 3728 undecim
887 3674 945 3727 et
972 3670 1118 3727 villae
1161 3687 1383 3727 earum.
1414 3672 1566 3726 Arab
1598 3675 1655 3727 et
1686 3672 1877 3726 Ruma
1897 3673 1918 3707 ³

254 3773 309 3822 et
338 3768 569 3827 Esaan,
596 3767 652 3818 et
673 3761 887 3817 Janum
913 3765 970 3816 et
991 3759 1543 3832 Beth-Thapbphua
1571 3764 1631 3816 et
1659 3760 1914 3832 Apheca,

255 3854 524 3910 Amata‘
545 3855 605 3906 et
630 3848 1072 3917 Cariath-Arbe,
1102 3847 1226 3903 haec
1264 3852 1354 3903 est
1390 3847 1620 3904 Hebron
1654 3852 1711 3903 et
1749 3848 1915 3903 Sior:

249 3980 402 4043 viro,
465 3972 627 4045 quod
683 3975 885 4045 postea
942 3972 1236 4025 mutatum
1292 3974 1399 4025 est.
1432 3970 1645 4045 Verum
1681 3974 1916 4045 praeter-

252 4041 443 4120 quam
478 4041 636 4120 quod
660 4041 1011 4120 “adulteras
1040 4057 1253 4120 manus
1300 4041 1556 4120 perpessi
1605 4042 1823 4098 codicis
1851 4058 1917 4098 eo

249 4112 381 4193 ipso
406 4120 476 4174 in
497 4112 630 4196 loco
654 4117 810 4170 ﬂuxa
829 4118 917 4170 est
939 4113 1103 4196 fides,
1127 4112 1485 4196 contrarium
1504 4130 1747 4196 sensum
1773 4130 1917 4196 prse-

252 4184 464 4249 {erunt
484 4189 586 4245 alii
611 4203 840 4251 omnes,
861 4184 1053 4257 quiin
1089 4184 1283 4257 verbis
1312 4188 1542 4257 tantum
1574 4186 1646 4239 ab
1679 4201 1740 4239 se
1771 4184 1918 4241 invi-

250 4281 381 4320 cem
419 4260 749 4317 abludunt.
778 4258 819 4313 E
870 4254 1091 4312 nostris
1152 4254 1400 4311 Urbinas
1430 4255 1624 4327 habet,
1659 4257 1763 4325 Qui
1792 4273 1919 4312 eum

246 4341 558 4407 pergerent
629 4330 819 4407 simul.
873 4334 982 4385 etc.
1034 4326 1284 4407 Palatia.
1340 4327 1583 4407 Qumque
1630 4333 1920 4407 pergerent

249 4399 459 4471 "simul,
490 4404 675 4459 suam
721 4403 777 4457 ei
818 4409 879 4455 ut
926 4407 1149 4470 peteret,
1199 4402 1308 4453 etc.
1356 4401 1497 4471 Quae
1520 4404 1713 4455 tamen
1747 4399 1916 4457 lectio

252 4497 361 4551 pro
395 4470 759 4551 veteraque
790 4489 904 4528 non
936 4473 1196 4543 apparet,
1248 4470 1504 4541 sequiori
1544 4487 1724 4527 manu
1755 4472 1916 4528 vide-

251 4548 353 4606 tur
385 4548 741 4605 substitute.

327 4626 345 4658 ¹
386 4619 922 4689 UtriusqueuAsor
943 4611 1213 4689 meminit
1255 4614 1495 4689 sanctus
1523 4612 1914 4689 Hieronymus

250 4692 415 4749 libro
443 4692 519 4747 de
539 4684 687 4746 locis
715 4685 1047 4754 Hebraicis;
1076 4700 1142 4740 ac
1163 4684 1332 4754 juxta
1362 4688 1707 4755 prasentem
1734 4686 1915 4741 adno-

250 4766 557 4820 tationem
587 4760 862 4825 Canonis,
896 4759 1069 4814 istam
1100 4761 1263 4828 Asorﬁ
1284 4772 1495 4828 novam
1527 4755 1588 4811 in
1617 4757 1919 4828 Scriptura

250 4836 627 4908 appellatam
641 4831 874 4908 fuisse
890 4830 1069 4908 dicit,
1123 4828 1195 4908 a_d
1208 4827 1675 4908 -distingljonem
1706 4828 1918 4885 veteris

250 4897 436 4976 A'shr,
471 4922 602 4978 qua
634 4904 745 4959 fuit
771 4903 974 4978 civitas
1007 4898 1169 4978 regni
1200 4897 1401 4978 Jabin.‘
1430 4899 1613 4978 Miar.

328 4970 695 5034 —'U'rbinas
719 4991 855 5040 ms.,
880 4970 1096 5044 σαρκὶ]
1116 4974 1173 5026 et
1190 4986 1348 5044 Δωρι-
1367 4970 1609 5040 Addada,
1642 4974 1698 5026 et
1723 4970 1916 5042 Aziph,

251 5060 309 5109 et
339 5052 555 5113 Celem,
587 5046 841 5117 denique
887 5040 964 5101 et'
988 5046 1121 5099 Asor
1148 5042 1197 5117 et
1245 5040 1395 5096 Naba
1433 5058 1595 5108 nova,
1627 5044 1779 5117 quod
1812 5040 1918 5098 no-

254 5140 402 5180 men
443 5120 599 5177 Naba
630 5114 761 5191 proi
784 5121 935 5191 Nova
982 5116 1544 5191 repetitum_temere
1575 5119 1686 5191 est.
1715 5114 1920 5191 Plures

253 5202 467 5252 autem
494 5183 876 5264 cognomines
908 5183 1064 5243 Aser
1083 5185 1257 5241 urbes
1288 5183 1348 5240 S.
1381 5189 1552 5241 Pater
1579 5185 1681 5242 lib.
1716 5187 1787 5243 de
1811 5186 1919 5241 No-

257 5267 538 5324 minibus
567 5265 850 5319 recenset.

332 5340 358 5373 ²
390 5338 557 5393 Idem
603 5352 740 5401 ms.,
784 5331 1030 5388 civitates
1081 5328 1314 5401 triginta
1360 5342 1574 5397 novem,
1607 5330 1714 5382 etc.
1748 5326 1922 5395 Equi-

260 5411 408 5490 dem
440 5409 492 5465 si
523 5399 954 5490 descripturum
1001 5399 1237 5490 urbijum
1274 5414 1583 5490 numerum
1616 5403 1922 5490 supputes,

265 5482 495 5537 nedum
526 5470 739 5550 viginti
758 5471 1153 5550 novem,quod_
1173 5470 1403 5550 prafert
1422 5471 1715 5550 impressa
1728 5470 1916 5550 lectio.

264 5554 375 5609 sed
403 5540 649 5624 triginta
679 5548 942 5624 quinque
972 5540 1247 5624 reperias,
1276 5540 1573 5624 quibus'si
1608 5542 1925 5624 a_ddas.H_e-

268 5626 451 5692 bron,
480 5613 656 5680 ﬂabit
696 5613 755 5679 et
802 5613 1300 5687 Cariath’Sepher,
1326 5614 1452 5685 jam
1484 5620 1659 5671 erunt
1684 5613 1926 5686 triginta

266 5702 432 5758 octo.

2046 554 2107 605 et
2128 551 2296 623 Ziph,
2330 557 2386 607 et
2414 552 2569 621 Jota,
2604 556 2660 607 et
2707 552 2928 609 Jezrael
2959 558 3015 609 et
3058 554 3370 611 Jacadaam
3403 561 3459 611 et
3486 558 3698 624 Zanoe,

2048 640 2280 706 Accain,
2314 641 2529 706 Gebaa,
2581 646 2637 697 et
2687 642 3018 699 Thamma:
3070 643 3332 700 civitates
3382 645 3605 714 decem,
3639 651 3698 703 et

2044 728 2195 783 villas
2219 745 2445 786 earum.
2481 730 2654 797 Alud,
2687 735 2745 786 et
2776 732 3089 797 Beth-Sur,
3124 737 3178 787 et
3211 733 3422 800 Gedor,
3449 734 3694 803 Mareth,

2044 822 2102 874 et
2154 818 2508 888 Beth-Anot,
2571 827 2625 874 et
2698 820 3022 876 Elthecon:
3077 821 3342 877 civitates
3394 839 3493 879 sex
3542 823 3692 880 villa:

2042 922 2262 963 earum.
2317 908 2749 976 Cariath-Baal,
2784 909 2905 965 hanc
2938 916 3026 965 est
3070 910 3529 979 Cariath-Iarim,
3562 914 3693 969 urbs

2039 998 2316 1052 silvarum
2347 998 2428 1070 [h.
2464 1015 2579 1053 non
2612 998 2832 1069 habet].
2863 1004 2917 1053 et
2956 999 3184 1054 Arebba
3217 1017 3230 1054 :
3268 1001 3531 1058 civitates
3562 1003 3690 1059 duae

2040 1090 2099 1140 et
2131 1084 2279 1140 villas
2312 1103 2532 1141 earum.
2572 1088 2635 1142 In
2668 1087 2896 1142 deserto
2947 1087 3329 1158 Beth-Araba,
3361 1090 3600 1160 Middin,
3634 1098 3694 1149 et

2043 1173 2327 1242 Schacha,
2360 1176 2681 1247 Anebsam,
2712 1179 2768 1230 et
2817 1175 3026 1231 civitas
3056 1175 3228 1245 Salis,
3260 1180 3319 1231 et
3346 1178 3649 1235 En-Gaddi
3676 1197 3689 1235 :

2041 1262 2310 1319 civitates
2359 1278 2482 1335 sex,
2510 1269 2566 1320 et
2612 1263 2760 1318 villae
2805 1279 3030 1319 earum.
3083 1263 3170 1333 [C.
3217 1264 3479 1337 LXXIII]
3510 1267 3692 1323 Jebn-

2042 1368 2224 1408 seum
2278 1357 2471 1408 autem
2524 1352 2919 1410 habitatorem
2965 1352 3293 1409 Jerusalem
3339 1371 3455 1410 non
3487 1360 3697 1427 potue-

2041 1446 2181 1495 runt
2212 1441 2317 1495 filii
2345 1440 2499 1497 Juda
2530 1440 2722 1497 delere
2749 1458 2762 1496 :
2798 1442 3207 1514 habitavitque
3234 1443 3541 1500 Jebusaeus
3562 1461 3697 1502 cum

2039 1529 2176 1585 ﬁliis
2204 1529 2357 1585 Juda
2379 1531 2438 1585 in
2462 1530 2784 1586 Jerusalem
2820 1547 3016 1603 usque
3057 1531 3114 1585 in
3148 1537 3497 1603 prasentem
3519 1534 3695 1590 diem.

2112 1618 2197 1690 [Β.
2228 1618 2435 1689 XXIV,
2470 1618 2599 1691 Cap.
2650 1619 2819 1692 XVI.]
2851 1620 3075 1676 Cecidit
3113 1637 3348 1694 quoque
3382 1638 3510 1678 sors
3542 1622 3696 1681 Iilio-

2039 1723 2168 1762 rum
2201 1708 2446 1780 Joseph,
2480 1709 2550 1764 ab
2598 1709 2857 1765 Jordane
2906 1714 3108 1765 contra
3154 1710 3383 1766 Jericho
3422 1716 3479 1767 et
3507 1729 3694 1785 aquas

2037 1797 2167 1866 ejus
2210 1796 2281 1852 ab
2303 1797 2563 1853 oriente:
2598 1797 2855 1853 solitudo
2889 1815 3018 1870 quas
3063 1799 3328 1854 ascendit
3357 1802 3427 1857 de
3455 1802 3691 1858 Jericho

2036 1885 2107 1939 ad
2142 1890 2422 1941 montana
2456 1886 2632 1957 [ναις.
2668 1887 2948 1957 montem]
2984 1886 3227 1942 Beth-El
3261 1904 3273 1942 :
3309 1892 3363 1944 et
3394 1890 3693 1961 egreditur

2030 1975 2102 2030 de
2131 1973 2385 2043 Beth-El,
2438 1974 2694 2030 Luzam:
2747 1975 3074 2045 transitque
3123 1976 3444 2033 terminum
3474 1978 3673 2036 Archi-

2029 2063 2292 2118 Ataroth.
2325 2064 2395 2118 Et
2423 2063 2727 2120 descendit
2756 2064 2827 2118 ad
2885 2063 3244 2120 occidentem
3272 2067 3440 2136 juxta
3470 2069 3673 2124 termi-

2031 2167 2173 2205 num
2195 2151 2469 2223 Jephleti,
2505 2167 2693 2223 usque
2725 2152 2795 2206 ad
2819 2151 2930 2224 [h.]
2957 2154 3275 2209 terminum
3304 2155 3675 2213 Beth-Horon

2031 2239 2350 2307 inferioris,
2411 2244 2468 2296 et
2516 2241 2746 2297 Gazer:
2803 2241 3209 2314 ﬁniunturque
3253 2245 3518 2315 regiones
3548 2247 3677 2316 eius

2034 2330 2179 2384 mari
2210 2332 2437 2401 Magno.
2474 2331 2553 2402 [C.
2592 2329 2856 2403 LXXVI.]
2903 2331 3409 2402 Possederuntque
3440 2333 3545 2389 filii
3574 2334 3680 2391 Jo-

2030 2418 2173 2489 seph
2204 2422 2471 2475 Manasse
2510 2424 2567 2475 et
2597 2420 2893 2491 Ephraim.
2946 2420 3017 2476 Et
3049 2421 3234 2477 factus
3266 2427 3356 2478 est
3385 2425 3679 2482 terminus

2030 2506 2281 2563 filiorum
2334 2507 2605 2580 Ephraim
2656 2525 2757 2580 per
2804 2508 3183 2581 cognationes
3234 2528 3372 2567 suas
3407 2528 3419 2566 :
3453 2517 3512 2568 et
3542 2530 3679 2585 pos-

2030 2595 2216 2651 sessio
2268 2612 2469 2652 eorum
2548 2602 2751 2652 contra
2823 2598 3131 2665 orientem,
3206 2600 3682 2658 Ataroth-Addar

2030 2701 2218 2754 usque
2274 2685 2641 2742 Beth-Horon
2700 2686 3083 2757 superiorem.
3168 2689 3679 2764 Egrediunturque

2030 2774 2284 2830 confinia
2331 2774 2390 2829 in
2443 2790 2648 2831 mare:
2682 2775 3113 2832 Mechmethath
3163 2793 3296 2831 vero
3338 2778 3675 2849 aquilonem

2030 2863 2288 2935 respicit,
2320 2868 2378 2920 et
2425 2863 2695 2919 circumit
2742 2864 2849 2937 [h.]
2899 2865 3216 2920 terminum
3250 2871 3452 2923 contra
3484 2869 3679 2925 orien-

2028 2957 2143 3008 tem
2187 2952 2247 3007 in
2280 2952 2713 3008 Tanath-Selo:
2765 2957 2823 3008 et
2854 2954 3175 3026 pertransit
3221 2956 3293 3011 ab
3325 2957 3548 3013 oriente
3577 2958 3677 3013 Ja-

2029 3057 2156 3098 noe.
2210 3042 2641 3114 Descenditque
2690 3042 2759 3097 de
2805 3042 2990 3098 Janoe
3019 3041 3080 3098 in
3132 3044 3375 3100 Ataroth
3410 3050 3467 3101 et
3498 3045 3679 3104 Nara-

2031 3131 2168 3186 tha:
2202 3135 2257 3187 et
2288 3131 2552 3202 pervenit
2582 3131 2642 3185 in
2673 3131 2928 3198 Jericho,
2960 3136 3018 3188 et
3047 3133 3346 3204 egreditur
3376 3135 3446 3190 ad
3476 3136 3680 3191 Jorda-

2032 3236 2187 3277 nem.
2249 3225 2326 3276 De
2378 3219 2702 3292 Taphphua
2762 3221 3080 3293 pertransit
3142 3227 3343 3278 contra
3400 3240 3562 3281 mare
3617 3226 3677 3280 in

2026 3309 2232 3365 vallem
2257 3309 2628 3375 Arundineti,
2663 3314 2921 3381 euntque
2953 3326 3227 3382 egressus
3267 3313 3396 3383 ejus
3425 3312 3485 3369 in
3517 3330 3676 3370 mare

2026 3398 2419 3455 salsissimum
2441 3398 2522 3469 [h.
2541 3414 2652 3454 non
2672 3399 2834 3453 habet
2858 3398 3301 3472 salsissimum].
3329 3400 3409 3472 [C.
3428 3402 3673 3475 LXXV.]

2027 3488 2157 3543 Haec
2182 3491 2269 3543 est
2313 3486 2609 3559 possessio
2639 3488 2832 3543 tribus
2860 3487 3114 3543 filiorum
3149 3489 3424 3561 Ephraim
3458 3508 3561 3563 per
3594 3493 3676 3548 18-

2028 3576 2223 3633 milias
2254 3593 2414 3633 suas.
2439 3575 2740 3648 Urbesque
2765 3581 3045 3647 separatae
3069 3582 3210 3634 sunt
3233 3577 3368 3634 filiis
3402 3579 3675 3651 Ephraim

2027 3666 2086 3721 in
2122 3665 2315 3721 medio
2364 3666 2754 3738 possessionis
2807 3665 3064 3721 ﬁliorum
3110 3665 3402 3737 Manasse,
3435 3673 3492 3723 et
3528 3669 3675 3724 villas

2027 3772 2248 3812 earum.
2308 3754 2392 3827 [C.
2454 3754 2733 3826 LXXVI.]
2789 3758 2855 3809 Et
2922 3771 3038 3810 non
3094 3754 3512 3812 interfecerunt
3566 3758 3674 3814 ﬁlii

2026 3843 2301 3917 Ephraim
2342 3843 2761 3910 Chananaum,
2815 3842 2914 3915 qui
2970 3842 3274 3899 habitabat
3330 3844 3391 3900 in
3444 3845 3667 3903 Gazer:

2099 3969 2121 4003 ²
2158 3974 2258 4024 Pro
2288 3970 2486 4033 Ruma,
2514 3968 2790 4023 Hebraeus
2820 3970 2877 4023 et
2904 3966 3209 4023 Chaldaeus
3241 3967 3442 4039 legunt
3470 3970 3670 4039 Duma,

2027 4046 2264 4113 propter
2284 4040 2738 4113 similitudinem
2768 4039 2961 4113 Besch,
2995 4043 3064 4113 et_
3086 4040 3302 4113 Dqleth,
3338 4057 3464 4111 quas
3499 4058 3675 4113 parvo

2028 4109 2708 4184 apicewdistinguuntur.
2755 4112 3022 4184 Contra,_
3044 4109 3208 4184 Isaia;
3239 4109 3371 4181 cap:
3399 4109 3515 4182 xxi,
3545 4114 3676 4184 qui-

2028 4181 2162 4239 dam
2199 4181 2571 4238 Hebraeorum
2607 4198 2708 4253 pro
2752 4182 2948 4254 Dugma,
2990 4182 3158 4237 Roma
3188 4181 3392 4254 legunt
3427 4200 3440 4239 :
3474 4181 3673 4240 volen-

2026 4260 2116 4328 tes
2147 4254 2519 4328 prophetiam.
2564 4252 2767 4309 centra
2821 4252 3147 4328 Romanum
3188 4252 3439 4328 regnum
3474 4255 3672 4328 dirigi,

2025 4324 2230 4382 frivola
2258 4324 2657 4398 persuasione,
2690 4340 2803 4396 qua
2829 4340 3065 4398 semper
3093 4324 3152 4380 in
3185 4326 3449 4398 Idumaeas
3483 4324 3676 4398 nomi-l

2027 4414 2099 4453 ne
2130 4396 2421 4453 Romanos
2472 4396 2809 4451 existimant
2856 4396 3266 4451 demonstrari.
3318 4397 3462 4452 Vide
3501 4397 3603 4456 lib.
3638 4416 3673 4453 v

2028 4470 2354 4525 Comment.
2389 4467 2573 4524 sancti
2607 4466 2941 4539 Hieronymi
2972 4466 3031 4522 in
3064 4468 3299 4523 Isaiam.
3343 4468 3526 4525 Mm'r.

2098 4573 2164 4581 —
2194 4540 2389 4596 Nostri
2425 4557 2535 4596 ms.
2569 4542 2739 4595 Roma
2782 4538 2983 4609 legunt
3027 4540 3151 4610 pari
3184 4556 3475 4595 consensu
3511 4558 3523 4595 :
3559 4544 3669 4597 lle-

2024 4614 2216 4669 braaus
2264 4613 2438 4667 habet
2483 4614 2682 4667 Dama.
2726 4611 2953 4667 Confer.
2987 4616 3369 4667 commentar.
3416 4611 3476 4668 in
3507 4612 3670 4669 Isaia

2023 4700 2148 4741 08D.
2180 4699 2298 4739 XXI.

2329 4769 2464 4809 cum
2495 4752 2721 4824 aliquot
2768 4768 2916 4808 mss.
2947 4751 3149 4824 legunt
3189 4752 3489 4810 Athmatha
3522 4770 3535 4809 :
3570 4754 3670 4810 alii

2025 4828 2301 4893 Atmatha,
2334 4824 2421 4879 vel
2468 4824 2757 4880 Admatha.
2808 4824 3004 4879 Canon
3059 4828 3251 4879 autem
3290 4826 3483 4882 Umata
3514 4844 3671 4882 nunc

2027 4898 2205 4953 habet
2236 4914 2337 4968 pro
2385 4898 2642 4964 Humata,
2695 4895 2815 4950 sive
2855 4895 3097 4951 Hhumta
3140 4895 3421 4953 hodierno
3450 4902 3672 4954 Masso-

2029 4967 2351 5039 retbarum.
2386 4967 2534 5023 Illud
2586 4971 2781 5021 tamen
2835 4968 3029 5039 Umata
3075 4968 3324 5039 derivari
3373 4970 3563 5039 potuit
3606 4986 3675 5023 ex

2027 5038 2188 5111 Εὐμὰ
2220 5041 2375 5095 LXX
2406 5038 3123 5111 interpretumLPrimitus
3155 5038 3442 5110 scriptum
3473 5040 3585 5095 fuit
3613 5039 3672 5111 in

2029 5109 2261 5168 Canone
2310 5112 2507 5167 Amata
2529 5109 2575 5182 εξ
2610 5109 3188 5182 quod_Hieronymus
3244 5109 3387 5182 legit
3416 5112 3476 5165 in
3510 5110 3678 5166 libris

2032 5186 2293 5240 locorum
2326 5187 2383 5238 et
2413 5180 2719 5237 nominum
2744 5180 3159 5237 Hebraico'rum
3187 5198 3200 5238 :
3226 5180 3512 5253 nusquam
3542 5197 3675 5236 vero

2030 5258 2275 5311 Humata
2305 5252 2393 5309 vel
2428 5255 2641 5311 Umata.
2694 5253 2868 5307 Porro
2897 5253 2957 5308 in
2992 5254 3328 5309 nominibus
3358 5252 3679 5308 emendan-

2032 5328 2146 5393 dis,
2197 5343 2324 5397 quas
2357 5326 2417 5379 in
2468 5324 2679 5380 Graecis
2729 5329 2784 5379 et
2832 5324 3057 5397 Latinis
3106 5324 3427 5391 codicibus,
3472 5328 3681 5395 praeter

2034 5396 2241 5471 pauca,
2270 5397 2470 5471 omnia
2499 5400 2776 5471 corrupta
2806 5396 3196 5471 Hieronymus
3227 5402 3542 5471 repererat,
3566 5411 3676 5471 nos

2034 5466 2267 5540 quoque
2319 5469 2402 5523 ita
2450 5466 2818 5534 sudavimus,
2869 5476 2930 5523 ut
2978 5466 3191 5522 millies
3238 5467 3475 5522 taederet
3505 5466 3677 5538 ccepti

2034 5541 2250 5597 laboris
2281 5557 2347 5597 ac
2379 5540 2625 5597 huiusce
2657 5538 3064 5595 restitutionis.
3098 5543 3281 5594 MART.

2056 5555 2250 5597 κλῦθι-ιε
2281 5557 2347 5597 80
2379 5555 2625 5597 01110808
2657 5555 3064 5595 ι’θεῑιιιηιοοιε.
3100 5555 3281 5594 MART.

2104 5558 2250 5597 DOI‘IS
2281 5557 2347 5597 ΗΟ
2379 5556 2625 5610 Πυλαεεθ
2657 5556 3064 5595 ι’θεῑιιιηιοοιε.
3100 5556 3281 5594 MART.

2104 5644 2173 5653 ——
2204 5612 2446 5667 Palatin.
2500 5628 2668 5681 mss.,
2714 5614 2913 5671 Alma:
2964 5609 3234 5675 Urbinas,
3273 5608 3529 5667 Amatha.
3563 5609 3677 5668 He-

2031 5686 2227 5745 braice
2253 5687 2343 5745 est
2370 5694 2560 5748 mam
