4068 6172
422 331 531 388 535

1471 333 1529 385 Β.
1572 330 1978 386 HIERONYMI
2014 332 2274 387 DIVINA
2310 333 2815 388 BIBLIOTHECA.

3695 336 3786 392 536

423 458 826 530 habitavitque
857 456 1220 514 Chananeus
1253 455 1312 510 in
1346 454 1538 511 medio
1577 455 1854 528 Ephraim
1889 472 2081 528 usque
2116 460 2167 526 Α
2199 457 2302 512 tibi
2338 458 2633 530 possessio
2668 459 2884 515 montis
2935 459 3230 532 Ephraim.
3265 458 3364 514 Cui
3409 461 3790 532 responderunt

427 537 486 604 in
517 549 670 605 diem
701 547 852 602 hanc
886 545 1260 601 tributarius.

498 637 579 708 [Ο.
612 635 878 705 LXXVII,
913 638 1044 705 ϐαρ.
1079 633 1282 705 XVII.]
1337 634 1559 690 Cecidit
1589 637 1786 690 autem
1821 650 1949 689 sors
1979 634 2083 688 tri-

425 723 523 779 bui
548 729 818 778 Manasse
849 720 997 793 (ipse
1027 725 1116 776 est
1147 722 1304 775 enim
1343 721 1774 792 primogenitae
1798 719 2042 791 Joseph)
2070 734 2081 772 :

423 810 646 865 Machir
701 809 1089 882 primogenito
1149 815 1421 865 Manasse
1490 810 1636 880 patri
1695 810 1939 879 Galaad,
1983 807 2082 879 qui

429 898 536 953 fuit
566 898 653 954 vir
686 900 870 971 [Vulg.
905 907 1008 953 lac.
1070 898 1178 970 vir]
1231 903 1544 970 pugnator,
1588 899 1913 970 habuitque
1961 914 2087 970 pos-

427 989 748 1044 sessianem
797 987 1014 1045 Galaad
1049 993 1103 1042 et
1159 983 1388 1043 Basan:
1428 993 1482 1042 et
1527 988 1793 1060 reliquiis
1829 988 2082 1042 ﬁliorum

428 1084 698 1134 Manasse
748 1078 922 1148 juxta
981 1076 1233 1132 familias
1287 1094 1451 1143 suas,
1515 1077 1652 1132 ﬁliis
1709 1077 1969 1146 Abiezer,
2030 1080 2087 1130 et

431 1167 570 1222 ﬁliis
620 1166 854 1234 Helech,
905 1171 961 1220 et
1011 1165 1149 1220 ﬁliis
1199 1167 1407 1235 Esriel,
1441 1171 1495 1221 et
1544 1166 1681 1222 ﬁliis
1726 1166 1992 1236 Sechem,
2030 1171 2087 1220 et

431 1255 571 1311 filiis
601 1255 876 1327 Epher,et
909 1255 1044 1309 ﬁliis
1076 1256 1330 1310 Semida.
1370 1256 1464 1310 Isti
1499 1259 1637 1310 sunt
1667 1255 1769 1309 ﬁlii
1796 1260 2083 1320 Manasse,

437 1343 544 1400 ﬁlii
605 1344 848 1417 Joseph,
911 1361 1124 1409 mares,
1187 1361 1290 1415 per
1345 1346 1727 1416 cognationes
1786 1361 1920 1398 suas
2003 1344 2083 1414 [Ο.

431 1433 739 1503 LXXVIII.]
793 1433 1088 1505 Salpbaad
1123 1449 1260 1488 vero
1319 1433 1440 1488 ﬁlio
1466 1434 1674 1504 Epher,
1709 1433 1809 1486 filii
1843 1432 2087 1488 Gelaad.

438 1522 545 1578 ﬁlii
576 1523 818 1591 Machir,
854 1522 959 1576 ﬁlii
989 1526 1286 1589 Manasse,
1324 1539 1434 1577 non
1470 1528 1636 1577 erant
1664 1522 1790 1590 ﬁlii,
1825 1524 1926 1576 sed
1961 1521 2094 1577 solae

432 1611 561 1668 ﬁlias
590 1629 602 1667 :
638 1629 892 1683 quarum
945 1611 1058 1666 ista
1092 1616 1234 1667 sunt
1269 1613 1542 1666 nomina:
1578 1611 1768 1667 Maala
1800 1617 1855 1666 et
1886 1612 2007 1666 Noa
2037 1615 2093 1665 et

433 1702 574 1775 Egla
604 1705 661 1756 et
689 1701 908 1757 Melcha
941 1706 998 1756 et
1025 1701 1265 1757 Thersa.
1300 1704 1724 1772 Veneruntquo
1759 1701 1816 1755 in
1850 1715 2092 1770 conspe-

443 1797 543 1848 ctu
597 1790 848 1847 Eleazari
898 1790 1242 1859 sacerdotis,
1292 1794 1348 1846 et
1413 1791 1611 1857 Josue,
1672 1790 1776 1844 ﬁlii
1834 1791 1987 1854 Nun,
2038 1793 2095 1844 et

453 1881 813 1954 principum,
845 1881 1145 1936 dicentes:
1204 1879 1484 1936 Dominus
1535 1878 1807 1951 praecepit
1849 1895 1950 1948 per
1981 1894 2099 1932 ma-

458 1987 601 2026 num
634 1970 873 2037 Mosi,ut
902 1970 1140 2024 daretur
1163 1969 1332 2024 nobis
1354 1970 1648 2040 possessio
1676 1969 1733 2022 in
1768 1968 1959 2023 medio
1992 1969 2106 2021 fra-

458 2064 617 2114 trum
652 2062 1008 2113 nostrorum.
1043 2058 1328 2128 Deditque
1360 2059 1626 2128 eisjuxta
1657 2058 1969 2128 imperium
2003 2058 2109 2113 Do-

464 2147 611 2204 mini
634 2147 1085 2218 possessionem,
1105 2147 1162 2201 in
1189 2148 1380 2203 medio
1409 2148 1655 2203 fratrum
1679 2147 1860 2219 patris
1882 2164 2105 2203 earum.

465 2238 536 2293 Et
582 2237 921 2292 ceciderunt
977 2235 1224 2290 funiculi
1284 2241 1554 2292 Manasse
1610 2237 1835 2304 decem,
1888 2237 2110 2308 absque

464 2331 621 2383 terra
649 2325 859 2380 Galaad
895 2329 950 2380 et
995 2325 1179 2380 Basan
1206 2329 1368 2380 trans
1397 2326 1734 2380 Jordanem.
1771 2326 1924 2380 Filiae
1952 2325 2106 2380 enim

464 2420 732 2471 Manasse
764 2413 1152 2486 possederunt
1195 2414 1594 2469 hiereditatem
1637 2414 1694 2469 in
1730 2415 1920 2470 medio
1961 2415 2107 2470 ﬁlio-

465 2522 597 2562 rum
627 2505 774 2574 ejus.
808 2502 894 2576 [C.
942 2503 1216 2573 LXXIXJ
1259 2507 1434 2559 Terra
1481 2507 1678 2559 autem
1708 2503 1922 2560 Galaad
1959 2504 2110 2559 ceci-

465 2596 552 2651 dit
583 2595 641 2648 in
672 2596 887 2650 sortem
935 2593 1189 2646 ﬁliorum
1224 2598 1491 2648 Manasse
1536 2593 1636 2665 qui
1681 2593 1887 2664 reliqui
1920 2598 2111 2664 erant,

463 2684 710 2756 Fuitque
739 2682 1027 2737 terminus
1079 2686 1345 2737 Manasse
1376 2682 1447 2738 ab
1481 2684 1636 2752 Aser,
1669 2682 2108 2753 Machmathah,

464 2789 592 2847 quis
653 2770 890 2843 respicit
945 2769 1199 2841 Sichem,
1253 2775 1308 2826 et
1376 2771 1676 2843 egreditur
1733 2772 1803 2827 ad
1848 2772 2108 2826 dextram

457 2865 629 2936 juxta
678 2860 1037 2916 habitatores
1115 2859 1292 2914 fontis
1345 2859 1706 2932 Taphphum.
1767 2860 1993 2915 Etenim
2052 2859 2108 2913 in

468 2955 684 3008 sortem
725 2955 995 3006 Manasse
1043 2949 1330 3003 ceciderat
1378 2952 1533 3003 terra
1577 2948 1934 3020 Taphphuze,
1987 2965 2112 3018 quae

470 3046 559 3096 est
579 3040 750 3111 juxta
779 3038 1059 3092 terminos
1089 3042 1358 3094 Manasse
1393 3037 1645 3092 ﬁliorum
1669 3037 1969 3109 Ephraim.
2010 3043 2114 3092 De-

472 3128 810 3197 scenditque
833 3126 1121 3181 terminus
1159 3125 1326 3180 vallis
1347 3127 1693 3181 Arundineti
1716 3127 1773 3181 in
1807 3127 2112 3181 meridiem

2195 545 2296 600 ﬁlii
2327 547 2543 617 Joseph
2575 567 2587 598 :
2623 547 2747 603 Non
2791 549 3118 620 poterimus
3150 549 3218 602 ad
3253 555 3521 604 montana
3545 567 3790 606 conscen-

2197 635 2353 703 dere,
2386 652 2518 690 cum
2555 637 2755 693 ferreis
2787 637 3054 693 curribus
3098 642 3344 693 utantur
3370 637 3677 705 Chananzei,
3706 641 3791 711 qui

2196 722 2466 778 habitant
2525 725 2582 778 in
2628 729 2782 779 terra
2830 725 3165 798 campestri,
3233 725 3290 780 in
3343 742 3454 796 qua
3511 726 3625 781 sitae
3677 733 3792 782 sunt

2197 813 2493 868 Beth-San
2547 831 2678 868 cum
2754 815 2960 870 viculis
3024 817 3169 880 suis,
3219 820 3274 871 et
3320 815 3527 870 Jezrael
3575 817 3792 872 mediam

2197 902 2506 972 possidens
2527 903 3035 975 vallem.Dixitque
3055 904 3231 959 Josue
3254 904 3319 957 ad
3336 905 3562 958 domum
3585 903 3793 975 Joseph,

2197 991 2469 1062 Ephraim
2506 998 2562 1047 et
2610 999 2914 1050 Manasse:
2964 993 3220 1064 Populus
3271 993 3486 1048 multus
3516 1010 3593 1059 es,
3623 1001 3670 1048 et
3698 1011 3798 1048 ma-

2198 1097 2326 1152 gnae
2361 1083 2741 1150 fortitudinis,
2782 1088 2838 1138 et
2895 1100 3009 1138 non
3070 1083 3314 1138 habebis
3371 1088 3574 1137 sortem
3607 1099 3796 1149 unam;

2199 1172 2296 1226 sed
2334 1172 2615 1226 transibis
2665 1174 2734 1227 ad
2791 1177 3070 1243 montem,
3103 1179 3157 1229 et
3205 1172 3467 1228 succides
3505 1171 3620 1239 tibi,
3652 1177 3800 1243 atque

2200 1260 2480 1332 purgabis
2536 1262 2607 1316 ad
2660 1261 3041 1317 habitandum
3078 1262 3306 1333 spatia:
3339 1265 3395 1315 et
3445 1259 3643 1332 poteris
3671 1261 3802 1315 ultra

2202 1351 2514 1422 procedere
2561 1367 2690 1405 cum
2747 1351 3102 1406 subverteris
3151 1351 3520 1415 Chanazeum,
3553 1365 3707 1421 quem
3735 1351 3804 1404 di-

2202 1439 2288 1494 cis
2322 1439 2538 1494 ferreos
2565 1439 2779 1494 habere
2812 1457 3042 1506 currus,
3071 1445 3128 1496 et
3158 1456 3285 1496 esse
3328 1439 3716 1494 fortissimum.

2276 1527 2358 1599 (τ.
2421 1528 2577 1594 VIII,
2642 1532 2701 1585 Β.
2762 1529 2958 1597 xxvr,
3013 1529 3073 1584 c.
3132 1528 3367 1596 LXXXI,
3427 1528 3554 1598 Cap.
3617 1525 3786 1582 XVIII.

2201 1618 2665 1690 Congregatique
2705 1623 2844 1673 sunt
2883 1635 3087 1674 omnes
3132 1617 3236 1672 ﬁlii
3273 1616 3448 1673 Israel
3480 1617 3533 1671 in
3563 1614 3690 1686 Silo,
3717 1615 3811 1670 ibi-

2204 1723 2317 1778 que
2352 1708 2603 1762 ﬁxerunt
2652 1708 3097 1763 tabernaculum
3146 1705 3488 1772 testimonii,
3538 1708 3591 1759 et
3617 1704 3714 1759 fuit
3739 1703 3809 1758 eis

2212 1802 2364 1851 terra
2397 1797 2677 1867 subjecta.
2732 1797 2814 1868 (C.
2865 1796 3155 1865 LXXXII.)
3204 1797 3617 1852 Remanserant
3645 1798 3811 1848 autem

2217 1884 2470 1940 ﬁliorum
2505 1885 2682 1940 Israel
2731 1889 2951 1957 septem
3005 1886 3216 1953 tribus,
3249 1902 3382 1957 qua:
3413 1883 3648 1939 necdum
3678 1897 3815 1936 acce-

2217 1979 2422 2044 perant
2479 1974 2877 2044 possessiones
2938 1991 3098 2030 suas.
3157 1975 3238 2029 Ad
3303 1990 3449 2045 quos
3505 1971 3672 2026 Josue
3710 1971 3816 2025 ait:

2217 2062 2532 2133 Usquequo
2587 2065 2857 2118 marcetis
2916 2063 3168 2134 ignavia,
3229 2068 3286 2118 et
3349 2080 3462 2118 non
3520 2061 3733 2117 intratis
3759 2057 3817 2112 ad

2218 2151 2632 2222 possidendam
2700 2157 2907 2208 terram
2973 2169 3146 2224 quam
3220 2152 3510 2208 Dominus
3561 2156 3697 2204 Deus
3739 2163 3822 2219 pa-

2217 2245 2373 2295 trum
2441 2245 2767 2296 vestrorum
2838 2241 2998 2296 dedit
3055 2241 3218 2296 vobis
3263 2242 3291 2295 ?
3342 2240 3546 2312 Eligite
3595 2239 3659 2294 de
3721 2237 3823 2290 sin-

2218 2328 2373 2400 gulis
2429 2328 2701 2384 tribubus
2746 2333 2944 2384 ternos
3001 2330 3178 2398 viros,
3239 2335 3308 2385 ut
3366 2330 3591 2384 mittam
3643 2342 3751 2392 eos,
3779 2327 3827 2378 et

2219 2422 2464 2490 pergant
2513 2423 2686 2489 atque
2730 2418 3092 2473 circumeant
3147 2415 3408 2487 terram,
3439 2422 3495 2472 et
3525 2415 3826 2472 describant

2217 2523 2344 2561 eam
2387 2508 2558 2576 juxta
2606 2522 2917 2561 numerum
2982 2506 3457 2577 uniuscujusque
3524 2499 3823 2559 multitudi.

2221 2595 2346 2650 nis:
2379 2596 2748 2667 referantque
2798 2595 2866 2650 ad
2902 2610 2994 2650 me
3045 2595 3196 2666 quod
3232 2593 3664 2666 descripserint.
3699 2588 3828 2644 Divi-

2222 2684 2339 2738 dite
2368 2683 2533 2738 vobis
2568 2688 2780 2738 terram
2832 2683 2888 2738 in
2941 2689 3161 2756 septem
3199 2689 3435 2755 partes:
3469 2683 3644 2738 Judas
3685 2679 3754 2734 sit
3778 2675 3827 2730 in

2223 2772 2490 2826 terminis
2519 2772 2643 2827 suis
2665 2773 2734 2827 ab
2759 2772 2996 2827 australi
3025 2772 3213 2844 plaga,
3246 2779 3305 2825 et
3325 2773 3535 2826 domus
3554 2767 3751 2839 Joseph
3773 2764 3830 2820 ab

2224 2860 2773 2931 aquilone.Mediam
2801 2861 2949 2915 inter
2971 2860 3079 2916 hos
3103 2866 3320 2915 terram
3347 2860 3403 2914 in
3430 2865 3643 2930 septem
3664 2857 3832 2928 partes

2225 2949 2534 3004 describite
2585 2950 2666 3020 (ὴ.
2702 2950 2817 3005 Vos
2864 2966 2998 3004 vero
3053 2954 3271 3004 terram
3325 2950 3385 3004 in
3419 2954 3637 3021 septem
3671 2950 3838 3016 partes

2223 3038 2554 3109 describite)
2588 3055 2600 3092 :
2636 3044 2692 3092 et
2743 3039 2857 3093 huc
2887 3038 3130 3093 venietis
3179 3039 3248 3093 ad
3289 3055 3403 3104 me,
3444 3043 3506 3092 ut
3533 3049 3714 3090 coram
3748 3036 3836 3085 Do-

2229 3126 2384 3181 mino
2418 3131 2530 3182 Deo
2581 3132 2773 3181 vestro
2824 3126 3051 3181 mittam
3102 3126 3271 3182 vobis
3319 3127 3416 3181 hic
3465 3129 3692 3190 sortem,
3723 3118 3841 3192 quia

471 3216 748 3274 torrentis
797 3215 1097 3270 civitatum
1150 3214 1446 3286 prraim,
1499 3233 1623 3286 quae
1668 3215 1723 3270 in
1761 3218 1948 3272 medio
1979 3221 2115 3271 sunt
2146 3197 2188 3264 (ἶ
2229 3232 2342 3269 non
2375 3219 2464 3270 est
2492 3216 2642 3270 inter
2671 3231 2773 3270 vos
2807 3232 2942 3286 pars
2971 3215 3446 3286 Levitarum,sed
3478 3210 3838 3269 sacerdotium

476 3307 710 3362 urbium
743 3310 1066 3368 Manasse:
1103 3304 1391 3359 terminus
1443 3311 1709 3360 Manasse
1743 3307 1812 3360 ab
1846 3305 2118 3377 aquilone

475 3393 772 3464 torrentis,
803 3398 858 3448 et
879 3393 1068 3448 exitus
1099 3393 1228 3464 ejus
1275 3393 1459 3464 pergit
1503 3395 1575 3448 ad
1612 3411 1768 3448 mare
1803 3411 1815 3449 :
1850 3395 1930 3450 ita
1962 3399 2025 3449 ut
2047 3395 2118 3450 ab

477 3489 676 3539 austro
705 3483 779 3538 sit
806 3482 1096 3554 possessio
1155 3482 1452 3553 Ephraim,
1499 3488 1556 3538 et
1587 3483 1660 3537 ab
1691 3483 1963 3554 aquilone
1997 3484 2120 3540 Ma-

478 3589 671 3641 nasse,
705 3579 762 3627 et
794 3578 1098 3642 utramque
1148 3571 1384 3626 claudat
1431 3587 1611 3643 mare,
1646 3577 1701 3628 et
1728 3575 2124 3645 conjungatur

480 3663 593 3720 sibi
625 3663 684 3717 in
721 3661 871 3717 tribu
895 3664 1038 3717 Aser
1076 3662 1146 3716 ab
1171 3661 1468 3734 aquilone,
1499 3661 1634 3716 etin
1673 3662 1829 3717 tribu
1856 3663 2126 3719 Issachar

482 3754 554 3808 αἱ)
583 3751 826 3807 oriente.
859 3751 1105 3820 Fuitque
1131 3749 1434 3806 haereditas
1464 3756 1731 3807 Manasse
1765 3751 1822 3805 in
1856 3752 2126 3807 Issachar

483 3849 537 3898 et
582 3841 640 3896 in
699 3843 843 3896 Aser
901 3839 1190 3896 Beth-San
1249 3845 1306 3895 et
1358 3839 1528 3894 viculi
1588 3843 1737 3910 ejus,
1778 3847 1833 3896 et
1861 3841 2123 3896 Jeblaam

483 3947 618 3987 cum
652 3929 858 3986 viculis
890 3928 1038 3998 suis,
1070 3933 1127 3984 et
1174 3929 1533 3984 habitatores
1558 3934 1677 3985 'Dor
1727 3947 1862 3985 cum
1895 3931 2126 4002 oppidis

485 4022 632 4090 suis,
667 4019 1026 4074 habitatores
1059 4035 1292 4090 quoque
1317 4017 1548 4074 En-Dor
1570 4035 1702 4073 cum
1741 4019 1947 4074 viculis
1981 4020 2124 4086 suis,

486 4109 878 4180 similiterque
900 4107 1258 4162 habitatores
1296 4107 1572 4162 Thanach
1599 4123 1732 4163 cum
1763 4107 1918 4162 villis
1946 4109 2123 4178 [Vulg.

483 4197 715 4266 viculis]
747 4197 895 4263 suis,
925 4201 984 4251 et
1035 4195 1393 4251 habitatores
1440 4197 1723 4266 Mageddo
1755 4213 1888 4251 eum
1921 4197 2130 4252 viculis

486 4287 633 4354 suis,
683 4291 742 4342 et
787 4285 962 4340 tertia
1017 4302 1153 4356 pars
1203 4285 1362 4339 urbis
1413 4285 1702 4356 Napheth.
1754 4285 1836 4358 [Ο.
1887 4286 2128 4358 LXXX.]

485 4376 602 4431 Nec
633 4378 953 4446 potuerunt
1000 4373 1103 4429 ﬁlii
1135 4379 1404 4429 Manasse
1454 4373 1562 4430 bas
1592 4373 1853 4429 civitates
1883 4377 2128 4430 subver-

484 4472 627 4531 tere,
663 4464 761 4519 sed
794 4463 969 4535 coepit
1016 4464 1381 4519 Chananazus
1432 4462 1696 4518 habitare
1746 4464 1802 4517 in
1837 4467 1992 4519 terra
2022 4465 2131 4519 ista

2228 3303 2450 3358 Domini
2483 3309 2571 3359 est
2601 3320 2799 3359 eorum
2837 3303 3164 3359 hmreditas.
3197 3305 3322 3359 Gad
3347 3309 3544 3359 autem
3566 3306 3617 3357 et
3641 3299 3838 3362 Ruben,

2226 3397 2281 3447 et
2309 3391 2552 3447 dimidia
2580 3393 2769 3447 tribus
2800 3398 3090 3457 Manasse,
3111 3393 3236 3463 jam
3267 3395 3619 3464 acceperunt
3646 3400 3842 3459 posses-

2227 3481 2422 3536 siones
2449 3498 2589 3536 suas
2613 3485 2775 3536 trans
2795 3481 2930 3535 Jord
2943 3498 3107 3536 anem
3135 3481 3204 3535 ad
3226 3479 3577 3537 orientalem
3597 3477 3806 3550 plagam
3831 3489 3841 3525 :

2229 3587 2375 3642 quas
2406 3569 2564 3625 dedit
2593 3569 2678 3624 eis
2709 3575 2899 3625 Moses
2930 3568 3186 3624 famulus
3221 3569 3479 3625 Domini.
3514 3569 3594 3636 (B.
3625 3563 3843 3629 XXVII.)

2228 3659 2489 3730 Cumque
2521 3657 2912 3713 surrexissent
2941 3656 3068 3726 viri,
3101 3662 3167 3711 ut
3206 3661 3529 3730 pergerent
3557 3655 3626 3711 ad
3658 3648 3852 3709 descri-

2228 3749 2481 3803 bendam
2513 3752 2749 3817 terram,
2801 3745 3075 3818 praecepit
3105 3746 3189 3801 eis
3240 3747 3450 3814 Josue,
3479 3745 3676 3800 dicens
3707 3759 3718 3796 :
3749 3739 3850 3796 Cir-

2231 3838 2383 3892 cuite
2432 3842 2644 3891 terram
2695 3840 2752 3890 et
2809 3835 3120 3890 describite
3166 3851 3325 3902 eam,
3373 3851 3442 3890 ac
3493 3827 3768 3890 revertimi
3796 3825 3853 3880 ad

2233 3941 2347 3992 me,
2382 3928 2444 3979 ut
2474 3925 2568 3980 hic
2599 3941 2795 3980 coram
2830 3925 3074 3980 Domino
3097 3928 3136 3994 ³,
3172 3925 3229 3978 in
3272 3923 3422 3989 Silo,
3457 3923 3682 3978 mittam
3710 3914 3852 3971 vobis

2233 4019 2478 4070 sortem.
2523 4016 2723 4084 Itaque
2766 4020 3161 4084 perrexerunt,
3195 4016 3254 4066 et
3284 4012 3613 4068 lustrantes
3641 4022 3779 4073 eam,
3805 4001 3853 4056 in

2235 4109 2458 4175 septem
2492 4107 2685 4174 partes
2718 4101 3062 4171 diviserunt,
3107 4101 3439 4157 scribentes
3479 4101 3539 4154 in
3569 4095 3855 4152 volumine.

2235 4192 2590 4261 Reversique
2647 4194 2786 4245 sunt
2843 4190 2912 4244 ad
2962 4189 3144 4245 Josue
3201 4190 3261 4244 in
3328 4193 3528 4246 castra
3589 4185 3723 4244 Silo.
3787 4178 3856 4251 (C.

2233 4282 2517 4337 LXXXIII
2548 4283 2563 4352 )
2597 4282 2704 4344 Qui
2742 4281 2896 4335 misit
2927 4289 3114 4334 sortes
3145 4296 3346 4335 coram
3380 4280 3631 4336 Domino
3658 4279 3713 4332 In
3741 4271 3860 4338 Silo,

2235 4371 2557 4440 dividitque
2589 4374 2801 4424 terram
2838 4369 2974 4424 ﬁliis
3007 4369 3180 4424 Israel
3215 4369 3273 4422 in
3309 4374 3546 4440 septem
3580 4369 3761 4438 partes
3791 4360 3860 4428 (b.

2228 4461 2400 4530 juxta
2438 4459 2752 4513 divisiones
2798 4457 3045 4528 earum).
3095 4457 3163 4511 Et
3210 4457 3490 4511 ascendit
3521 4471 3647 4510 sors
3698 4449 3864 4522 prima

481 4554 679 4626 (Vulg.
732 4560 881 4620 sua).
939 4557 1258 4623 Postquam
1308 4558 1496 4607 autem
1549 4552 1969 4607 convaluerunt
2019 4552 2123 4607 ﬁlii
2159 4566 2203 4631 ι)
2237 4549 2490 4603 ﬁliorum
2515 4546 2816 4617 Benjamin
2841 4560 2944 4617 per
2961 4544 3216 4600 familias
3239 4562 3407 4612 suas,
3435 4549 3501 4599 ut
3533 4537 3868 4631 possiderent

487 4644 688 4707 Israel,
749 4644 1129 4712 subjecerunt
1184 4641 1560 4706 Chananaos,
1620 4648 1676 4694 et
1726 4642 1987 4696 fecerunt
2017 4642 2129 4696 sibi

485 4729 850 4796 tributarios,
885 4745 987 4784 nec
1019 4729 1433 4784 interfecerunt
1462 4745 1578 4784 eos.
1613 4728 1698 4800 (B.
1731 4728 1924 4799 XXV.)
1954 4733 2132 4784 Locu-

486 4818 650 4891 tique
681 4823 819 4874 sunt
850 4817 953 4872 ﬁlii
1001 4817 1218 4890 Joseph
1272 4817 1341 4872 ad
1372 4817 1570 4887 Josue,
1616 4824 1790 4890 atque
1821 4817 2126 4873 dixerunt:

489 4909 675 4974 Quare
727 4907 938 4963 dedisti
992 4907 1134 4962 mihi
1183 4907 1616 4978 possessionem
1670 4906 1844 4961 sortis
1885 4906 2128 4961 funiculi

489 4998 687 5063 unius,
720 5013 853 5052 cum
887 4997 999 5051 sim
1031 5003 1204 5051 tantae
1237 4996 1655 5056 multitudinis,
1689 5003 1744 5050 et
1776 4996 2132 5050 benedixerit

488 5086 631 5140 mihi
684 5084 1018 5140 Dominus?
1067 5085 1148 5140 Ad
1197 5101 1345 5156 quos
1392 5085 1569 5139 Josue
1620 5087 1737 5139 ait:
1788 5085 1845 5138 Si
1880 5085 2130 5154 populus

485 5175 710 5231 multus
743 5191 826 5245 es,
851 5174 1099 5229 ascende
1131 5173 1188 5228 in
1225 5174 1519 5238 silvam,et
1548 5173 1782 5227 succide
1806 5172 1909 5227 tibi
1938 5174 2130 5243 spatia

483 5265 541 5320 in
590 5271 747 5321 terra
797 5263 1072 5320 Pherezai
1124 5271 1180 5320 et
1209 5262 1529 5335 Raphaim:
1578 5262 1717 5334 quia
1756 5267 2008 5334 angusta
2038 5267 2128 5318 est

555 5446 571 5478 ί
604 5447 740 5497 Mss.
800 5457 989 5497 coram
1020 5441 1248 5496 Domino
1306 5445 1452 5506 Deo;
1513 5439 1612 5493 sed
1675 5438 1950 5494 Hebraeus
2008 5455 2123 5495 non

481 5513 656 5568 habet
689 5530 885 5569 vocem
945 5515 1069 5569 Deo.
1133 5511 1382 5567 Nomina
1439 5514 1634 5565 autem
1695 5512 1792 5565 Dei
1819 5517 1876 5565 et
1904 5512 2126 5566 Domi-ai

482 5585 681 5638 addita
710 5584 1034 5655 sepissime
1060 5585 1431 5655 reperiuntur
1472 5582 1531 5638 in
1565 5582 1775 5637 Graecis
1806 5598 1872 5639 ac
1900 5584 2122 5655 Latinis

485 5654 956 5726 exemplaribus;
1009 5654 1139 5728 quas
1193 5663 1473 5727 tanquam
1522 5660 1817 5726 superﬂua
1866 5654 2122 5711 radenda

2242 4643 2454 4693 terram
2480 4637 2662 4708 (Vulg.
2688 4639 2796 4690 tae.
2822 4635 3062 4703 terram)
3095 4636 3246 4689 inter
3277 4633 3439 4689 ﬁlios
3469 4632 3627 4688 Juda
3655 4635 3709 4685 et
3734 4627 3869 4682 ﬁlios

2239 4726 2472 4796 Josepb.
2501 4725 2746 4794 Fuitque
2771 4723 3056 4778 terminus
3088 4738 3291 4777 eorum
3327 4726 3542 4777 contra
3563 4717 3869 4791 aquilonem

2241 4817 2312 4870 ab
2340 4816 2594 4870 Jordane
2635 4832 2650 4870 :
2704 4828 2952 4885 pergens
2994 4813 3162 4883 juxta
3194 4810 3355 4866 latus
3400 4811 3637 4867 Jericho
3669 4810 3873 4877 septen-

2240 4904 2508 4960 trionalis
2539 4904 2805 4976 plagaz,et
2835 4901 2968 4957 inde
2990 4905 3191 4956 contra
3221 4901 3595 4956 occidentem
3627 4897 3695 4952 ad
3728 4906 3874 4948 mon-

2240 4998 2378 5050 tana
2429 4993 2849 5060 conscendens,
2899 4995 2956 5047 et
2999 4991 3349 5061 perveniens
3404 4989 3466 5044 in
3519 4984 3874 5044 solitudinem

2239 5084 2604 5149 Beth-Aven,
2663 5089 2837 5151 atque
2894 5078 3300 5150 pertransiens
3346 5080 3526 5149 juxta
3567 5081 3774 5132 Luzam
3813 5066 3874 5123 ad

2241 5171 2566 5236 meridiem,
2603 5169 2729 5242 ipsa
2758 5174 2848 5224 est
2879 5167 3111 5223 Beth-El
3138 5183 3149 5221 :
3199 5167 3640 5237 descenditque
3680 5165 3733 5216 in
3765 5163 3879 5214 Ata-

2237 5259 2622 5326 roth-Addar,
2659 5257 2716 5313 in
2748 5261 3004 5313 montem
3039 5256 3136 5327 qui
3171 5259 3260 5311 est
3293 5257 3364 5310 ad
3394 5254 3701 5311 meridiem
3724 5245 3872 5304 Beth-

2237 5442 2433 5493 monet
2462 5442 2518 5490 S.
2547 5437 2957 5508 Hieronymus.
2983 5439 3172 5508 Mater.

2303 5541 2371 5636 ῖ-
2403 5511 2640 5564 Addunt
2670 5501 2846 5564 iidem
2881 5523 2993 5562 ms.
3031 5507 3134 5562 Deo
3157 5523 3175 5561 :
3206 5502 3313 5560 sed
3338 5501 3602 5560 Urbinas
3624 5503 3876 5574 praeterea

2231 5597 2322 5637 ve:
2349 5597 2434 5636 ro.
