4068 6172
269 373 373 430 537

1726 367 1941 424 LIBER
1976 365 2213 454 ξΟΒῸΕ.

3573 357 3680 415 538

268 501 457 553 Horon
489 495 807 552 inferioris.
839 497 910 551 Et
952 493 1272 550 inclinatur
1309 494 1664 549 circumiens
1708 494 1912 547 contra
1942 491 1993 554 Α
2026 491 2095 546 Et
2146 491 2282 546 inde
2338 489 2653 562 pertransit
2691 488 2868 560 [Vulg.
2901 487 3026 544 add.
3088 487 3298 559 usque]
3352 487 3423 543 ad
3483 486 3674 541 orien-

275 602 431 641 mare
461 587 532 642 ad
567 585 871 642 meridiem
895 585 1110 639 montis
1144 584 1241 656 qui
1275 584 1512 655 respicit
1542 583 1916 637 Beth—Horon

275 682 475 730 contra
509 674 806 729 Africum:
859 678 1113 743 suntque
1161 673 1351 728 exitus
1399 674 1524 743 ejus
1560 672 1619 726 in
1669 672 1921 726 Cariath-

278 763 430 831 Baal,
465 781 593 835 quae
624 767 865 817 vocatur
902 767 959 817 et
1004 761 1459 830 Cariath-larim,
1511 762 1713 816 urbem
1766 760 1921 814 ﬁlio-

275 869 404 908 rum
435 853 610 908 Juda.
637 855 764 906 Haec
797 856 887 907 est
909 851 1077 922 plaga
1094 856 1295 906 contra
1318 866 1495 917 mare,
1525 856 1581 905 et
1611 850 1790 920 [Vulg.
1825 848 1919 918 ad]

275 943 662 998 occidentem.
690 943 734 995 A
768 941 1008 995 meridie
1040 945 1234 996 autem
1267 957 1332 995 ex
1367 945 1529 1011 parte
1568 939 1923 995 Cariath-Ia-

275 1033 385 1086 rim
420 1031 720 1103 egreditur
759 1030 1048 1084 terminus
1096 1034 1299 1084 contra
1349 1047 1526 1095 mare,
1561 1034 1618 1084 et
1665 1027 1926 1099 pervenit

272 1137 469 1193 usque
502 1120 572 1174 ad
593 1120 809 1173 fontem
836 1135 1120 1188 aquarum
1142 1118 1465 1188 Nephthoa.
1501 1118 1926 1187 Descenditque

270 1209 326 1263 in
364 1212 590 1280 partem
623 1207 842 1262 montis
873 1207 973 1278 qui
1007 1207 1245 1279 respicit
1275 1207 1483 1262 vallem
1519 1207 1770 1261 filiorum
1817 1209 1924 1259 En-

269 1314 454 1352 nom:
507 1301 564 1353 et
594 1301 682 1351 est
737 1303 939 1351 contra
1003 1296 1520 1370 septentrionalem
1575 1296 1805 1368 plagam
1864 1295 1924 1348 in

270 1391 539 1442 extrema
597 1389 760 1458 parte
814 1384 983 1439 vallis
1039 1385 1348 1457 Raphaim.
1387 1385 1811 1455 Descenditque
1867 1382 1924 1436 in

269 1475 620 1546 Ge-Ennon,
678 1474 735 1529 id
790 1482 886 1540 est,
952 1473 1123 1531 Vallis
1178 1475 1372 1530 Ennon
1431 1473 1513 1545 [h.
1561 1490 1674 1528 non
1729 1471 1926 1543 habet]

269 1566 442 1636 juxta
476 1564 634 1619 latus
675 1563 924 1619 Jebusaei
965 1564 1037 1618 ad
1087 1570 1396 1622 austrum:
1431 1569 1488 1619 et
1545 1562 1802 1634 pervenit
1853 1561 1925 1615 ad

272 1655 502 1709 fontem
528 1652 728 1723 Rogel,
751 1651 1046 1706 transiens
1070 1653 1140 1707 ad
1165 1651 1520 1724 aquilonem,
1549 1657 1604 1706 et
1622 1650 1928 1722 egrediens

273 1743 347 1797 ad
387 1743 721 1808 En-Semes,
752 1740 808 1794 id
836 1749 933 1807 est,
963 1742 1169 1810 fontem
1219 1739 1362 1796 Solis
1393 1740 1473 1814 [h.
1509 1758 1622 1796 non
1656 1737 1874 1812 habet].
1912 1753 1925 1792 :

2030 580 2205 635 talem
2239 580 2469 650 plagam
2499 579 2924 650 Getha-Epher.
2953 577 3307 642 ltha-Casin,
3340 581 3397 631 et
3427 575 3682 646 egredie-

2030 673 2128 724 tur
2158 670 2214 724 in
2249 669 2556 737 Remmon,
2610 670 2912 735 Amthoar,
2944 669 3120 722 Anea.
3155 673 3222 721 Et
3279 667 3551 721 circumit
3602 666 3672 720 ad

2032 759 2369 829 aquilonem
2403 757 2748 813 Annathon:
2784 764 3037 828 suntque
3068 773 3339 827 egressus
3359 761 3486 826 ejus
3509 755 3676 810 vallis

2031 847 2363 920 Jephta-El,
2394 855 2450 903 et
2478 848 2678 902 Cateth
2711 851 2767 901 et
2804 846 3001 901 Nealal
3033 852 3088 900 et
3118 847 3357 901 Semron
3390 852 3445 900 et
3471 844 3675 898 Jedala

2033 949 2085 994 et
2113 939 2449 993 Beth-Leem
2487 953 2500 993 :
2535 941 2799 998 civitates
2830 936 3134 991 duodecim
3171 943 3227 990 et
3253 937 3399 991 villae
3450 953 3671 992 earum.

2035 1027 2162 1082 Haec
2220 1033 2309 1082 est
2370 1029 2675 1085 hzereditas
2723 1032 2910 1085 tribus
2940 1031 3193 1084 ﬁliorum
3265 1025 3520 1082 Zabulon
3573 1039 3676 1095 per

2034 1121 2412 1189 cognationes
2467 1136 2626 1186 suas,
2676 1122 2852 1175 urbes
2908 1125 2964 1174 et
3017 1119 3198 1174 viculi
3252 1134 3475 1173 earum.
3541 1117 3647 1183 (G.
3753 1103 3757 1108 ’

2035 1207 2394 1279 LXXXVII.)
2428 1208 2698 1264 lssachar
2757 1225 2993 1281 egressa
3049 1213 3138 1264 est
3171 1224 3298 1264 sors
3339 1211 3547 1278 quarta
3579 1221 3677 1275 per

2035 1297 2410 1367 cognationes
2443 1316 2601 1353 suas.
2630 1299 2871 1367 Fuitque
2893 1299 3020 1368 ejus
3039 1297 3344 1352 haereditas
3371 1295 3452 1365 (h.
3476 1293 3676 1349 termi-

2037 1389 2192 1455 nus),
2224 1386 2484 1441 Jezraela
2516 1393 2564 1442 et
2601 1387 2911 1443 Chasaloth
2946 1393 3002 1442 et
3032 1393 3252 1442 Sumen
3285 1390 3341 1440 et
3372 1383 3676 1455 Apbraim,

2036 1472 2208 1542 Seon,
2239 1477 2296 1529 et
2325 1475 2611 1530 Anaaratb
2645 1480 2702 1530 et
2756 1473 3001 1530 Labbith
3033 1478 3090 1529 et
3141 1471 3366 1540 Cesion,
3398 1470 3568 1536 Abes,
3625 1472 3680 1522 et

2037 1563 2303 1629 aneth,
2340 1569 2396 1618 et
2429 1564 2818 1634 Eu-Gannim,
2851 1570 2908 1618 et
2937 1562 3242 1631 En-Adda,
3275 1565 3331 1616 et
3359 1557 3680 1615 Beth—Phe-

2036 1667 2150 1707 ses.
2193 1653 2545 1725 Etpervenit
2600 1654 2889 1708 terminus
2941 1654 3069 1722 ejus
3124 1667 3312 1722 usque
3367 1649 3680 1708 Thaboret

2036 1741 2298 1797 Seesima
2327 1749 2383 1798 et
2415 1743 2799 1799 BethvSemes
2825 1747 3142 1813 :eruntque
3163 1742 3352 1795 exitus
3384 1743 3513 1808 ejus
3542 1738 3677 1793 Jor-

277 1837 332 1887 et
369 1829 695 1902 pertransit
727 1845 912 1901 usque
944 1830 1013 1884 ad
1046 1827 1439 1900 tumulos,qui
1471 1833 1610 1885 sunt
1639 1846 1669 1884 e
1697 1827 1930 1900 regione
1962 1850 2010 1914 B
2039 1831 2212 1887 danis
2246 1848 2258 1888 :
2302 1832 2565 1888 civitates
2613 1832 2869 1888 sedecim
2901 1836 2958 1887 et
2996 1830 3140 1885 villaa
3180 1845 3402 1885 earum.
3433 1827 3562 1882 Haec
3594 1831 3682 1881 est

270 1936 589 1986 ascensus,
617 1919 932 1974 Adommin
959 1936 971 1972 :
1004 1919 1426 1990 descenditque
1457 1920 1527 1974 ad
1560 1918 1723 1973 Aben
1755 1919 1934 1983 Boen,

271 2009 327 2063 id
362 2013 465 2076 est,
501 2007 741 2077 lapidem
772 2009 936 2076 Boen,
964 2007 1044 2078 [h.
1091 2024 1204 2063 non
1253 2007 1446 2077 habet]
1482 2007 1584 2062 lilii
1619 2007 1846 2070 Ruben,
1878 2010 1934 2060 et

271 2097 600 2170 pertransit
629 2113 696 2152 ex
719 2095 896 2152 latere
925 2095 1220 2168 aquilonis
1259 2098 1330 2151 ad
1390 2095 1741 2166 campestria
1774 2111 1786 2148 :
1841 2095 1936 2149 de-

270 2185 626 2256 scenditque
658 2185 716 2240 in
761 2185 1094 2256 planitiem,
1123 2191 1179 2242 et
1210 2187 1687 2258 praetergreditur
1733 2188 1934 2240 contra

271 2275 616 2346 aquilonem
671 2274 1028 2345 Beth-Agla:
1064 2280 1319 2346 suntque
1359 2276 1547 2330 exitus
1571 2276 1700 2343 ejus
1731 2280 1934 2329 contra

275 2364 550 2434 linguam
591 2363 766 2417 maris
783 2362 1096 2419 salsissimi
1122 2365 1193 2418 ab
1215 2363 1488 2434 aquilone
1512 2363 1571 2417 in
1595 2364 1708 2417 ﬁne
1730 2363 1934 2418 Jorda-

278 2454 368 2508 nis
402 2452 479 2506 ad
511 2451 832 2506 australem
860 2451 1116 2523 plagam,
1138 2453 1240 2524 qui
1261 2457 1351 2508 est
1371 2451 1662 2507 terminus
1683 2451 1840 2506 illius
1859 2452 1931 2506 ab

277 2541 527 2596 oriente.
560 2544 696 2594 Haec
726 2544 814 2594 est
845 2540 1137 2611 possessio
1194 2540 1444 2596 ﬁliorum
1476 2539 1780 2609 Benjamin
1835 2555 1934 2610 per

276 2629 576 2685 terminos
606 2644 745 2683 suos
775 2628 833 2682 in
891 2628 1160 2696 circuitu,
1210 2635 1267 2684 et
1298 2629 1552 2684 familias
1583 2645 1721 2684 suas
1754 2630 1796 2681 ¹.
1852 2629 1930 2699 (C.

279 2716 618 2788 LXXXIV.]
668 2721 1041 2789 Fueruntque
1073 2718 1336 2774 civitates
1392 2720 1540 2788 ejus,
1598 2716 1832 2772 Jericho
1879 2721 1937 2772 et

276 2806 616 2878 Beth-Agla
645 2811 702 2861 et
726 2805 910 2862 Vallis
939 2808 1122 2877 Casis,
1144 2808 1508 2863 Beth-Arabe.
1536 2813 1593 2862 et
1613 2807 1933 2862 Semaraim

276 2905 330 2954 et
365 2894 616 2952 Beth~El
651 2899 705 2950 et
746 2896 909 2951 Avim
964 2902 1020 2952 et
1071 2897 1386 2969 Aphphara
1415 2900 1472 2951 et
1517 2895 1733 2968 ()phra,
1789 2894 1938 2950 Villa

275 2987 510 3042 Emona
541 2991 599 3040 et
623 2983 815 3056 Ophni
846 2992 905 3041 et
934 2985 1124 3042 Gabee
1159 3004 1172 3041 :
1205 2985 1470 3042 civitates
1519 2984 1850 3052 duodecim,
1882 2988 1939 3040 et

270 3075 427 3131 villa:
465 3091 688 3129 earum.
723 3073 957 3129 Gabaou
991 3082 1047 3130 et
1079 3075 1260 3130 Rama
1290 3081 1346 3130 et
1367 3074 1573 3129 Beroth
1601 3085 1652 3129 et
1677 3073 1937 3144 Mesphe,

275 3165 552 3234 Caphera
582 3167 638 3217 et
669 3167 943 3218 Ammosa
965 3169 1019 3219 et
1043 3168 1268 3229 Recem,
1293 3162 1565 3234 Jarephel
1589 3167 1644 3217 et
1665 3162 1938 3230 Tharala,

2044 1921 2336 1990 possessio
2370 1920 2620 1976 filiorum
2673 1920 2941 1977 lssachar
2972 1937 3073 1991 per
3117 1917 3493 1991 cognationes
3521 1932 3686 1986 suas,

2044 2009 2218 2064 urbes
2250 2016 2306 2064 et
2335 2009 2505 2064 viculi
2539 2026 2761 2064 earum.
2801 2012 2880 2082 [C.
2930 2009 3300 2075 LXXXVII”
3348 2006 3686 2076 Ceciditque

2043 2114 2172 2154 sors
2203 2100 2407 2170 quinta
2439 2099 2614 2154 tribui
2672 2099 2923 2154 ﬁliorum
2961 2104 3103 2154 Aser
3157 2114 3257 2166 per
3304 2095 3684 2168 cognationes

2042 2204 2218 2245 suas:
2255 2189 2480 2260 fuitque
2513 2189 2801 2244 terminus
2859 2205 3059 2244 eorum
3107 2186 3311 2242 Alcath
3345 2190 3401 2240 et
3447 2184 3575 2240 Olia
3632 2189 3687 2238 et

2041 2277 2218 2332 Beten
2251 2283 2307 2332 et
2333 2277 2552 2348 Axaph,
2586 2276 2872 2332 Elmelech
2915 2281 2971 2332 et
3000 2276 3220 2331 Amaad
3251 2279 3310 2330 et
3364 2271 3599 2340 Messal,
3631 2274 3688 2326 et

2043 2367 2305 2437 pervenit
2339 2383 2524 2437 usque
2557 2367 2629 2421 ad
2661 2365 2992 2420 Carmelum
3029 2365 3209 2420 maris
3239 2370 3296 2418 et
3323 2363 3469 2428 Sior,
3501 2362 3684 2416 Laba-

2041 2457 2206 2512 nath.
2238 2459 2317 2511 Ac
2347 2457 2658 2512 revertitur
2701 2463 2903 2512 contra
2959 2456 3245 2512 orientem
3286 2453 3427 2508 Beth
3467 2455 3683 2523 Dagon,

2041 2551 2096 2602 et
2131 2547 2438 2616 pertransit
2473 2562 2659 2618 usque
2689 2545 2944 2601 Zabulon
2980 2551 3037 2600 et
3086 2545 3300 2600 Vallem
3332 2540 3690 2614 Jephtha-El

2041 2643 2246 2691 contra
2275 2635 2610 2704 aquilonem
2642 2635 2701 2689 in
2737 2636 3072 2691 Beth-Emec
3103 2640 3160 2689 et
3189 2633 3411 2688 Nehiel.
3449 2630 3690 2704 Egredi-

2043 2731 2255 2795 turque
2287 2726 2358 2779 ad
2395 2724 2591 2780 laevam
2643 2725 2891 2789 Chabul,
2922 2731 2978 2780 et
3026 2725 3252 2778 Achrau
3277 2722 3401 2793 ’(h.
3435 2719 3690 2791 Hebron)

2043 2820 2102 2869 et
2148 2813 2304 2868 Roob
2332 2819 2388 2868 et
2432 2815 2681 2868 Ammon
2731 2819 2788 2868 et
2833 2814 3005 2878 Cane,
3057 2827 3243 2882 usque
3299 2811 3366 2865 ad
3414 2810 3688 2864 Sidonem

2046 2919 2343 2974 magnam.
2368 2902 2810 2975 Revertiturque
2829 2904 2885 2958 in
2915 2903 3089 2958 Orma
3107 2918 3292 2974 usque
3315 2899 3384 2953 ad
3403 2898 3693 2952 civitatem

2047 2991 2507 3047 munitissimam
2532 2993 2757 3060 Tirum,
2782 3001 2834 3048 et
2857 3009 3044 3063 usque
3065 2992 3177 3046 Osa
3202 3009 3214 3046 :
3242 2993 3532 3059 eruntque
3573 2986 3689 3041 exi-

2047 3085 2141 3135 tus
2174 3080 2301 3150 ejus
2332 3081 2389 3134 in
2425 3097 2584 3136 mare
2614 3083 2684 3136 de
2703 3081 2961 3136 funiculo
2981 3081 3254 3146 Acbziba,
3288 3083 3343 3133 et
3371 3080 3581 3132 Amma
3613 3079 3690 3131 et.

2049 3169 2244 3241 Aphec
2267 3174 2323 3224 et
2351 3170 2502 3223 Boob
2531 3185 2542 3224 :
2568 3169 2830 3225 civitates
2850 3169 3051 3241 viginti
3077 3172 3203 3224 duae
3223 3177 3279 3223 et
3300 3166 3446 3220 villae
3469 3180 3691 3220 earum.

282 3214 550 3234 -_r_--_
588 3214 635 3217 --
673 3214 943 3218 ηη---ὴ
969 3214 1017 3219 --
1043 3214 1268 3229 ---η-η
1296 3214 1565 3234 ηας-μ
1595 3214 1641 3217 --
1676 3214 1900 3217 -ηηρη
1924 3214 1938 3230 ,
2049 3214 2244 3241 .-νην
2272 3214 2323 3224 υ.
2351 3214 2501 3223 μην-
2531 3214 2542 3224 .
2569 3214 2829 3225 wn--.“
2862 3214 2900 3222 ..
3079 3214 3202 3224 πη
3225 3214 3279 3223 ν-
3310 3214 3444 3220 -.ηπ
3475 3214 3553 3220 -_-
3576 3214 3690 3219 νη--

277 3259 332 3310 et
364 3251 533 3319 Sela,
568 3251 768 3322 Elepb,
801 3258 858 3307 et
878 3252 1078 3320 Jebus,
1140 3270 1265 3325 quae
1318 3258 1406 3308 est
1453 3251 1798 3321 Jerusalem,
1829 3254 1939 3305 Ga-
1969 3214 2012 3281 Ο
2057 3256 2186 3312 Haec
2217 3261 2304 3312 est
2353 3257 2645 3328 possessio
2673 3214 2942 3313 filiorum:3
2987 3264 3128 3312 Aser
3167 3274 3268 3328 per
3323 3257 3702 3328 cognationes

281 3340 494 3409 baath,
549 3340 823 3395 Cariath:
875 3342 1138 3397 civitates
1187 3340 1628 3412 quatuordecim
1676 3346 1734 3394 et
1790 3337 1941 3394 villas

282 3446 526 3486 earum.
559 3433 692 3482 Hac
718 3434 807 3484 est
836 3431 1128 3501 possessio
1162 3430 1414 3485 ﬁliorum
1449 3427 1750 3501 Benjamin
1775 3428 1947 3498 juxta

284 3517 554 3574 familias
586 3533 745 3571 suas.

354 3608 456 3679 [C.
492 3605 754 3661 LXXXV.
789 3603 917 3675 Cap.
953 3603 1128 3676 XlX.]
1165 3606 1249 3660 Et-
1287 3620 1523 3678 egressa
1553 3609 1642 3660 est
1672 3622 1800 3661 sors
1855 3620 1944 3660 se-

282 3696 491 3752 cunda
522 3695 780 3750 filiorum
811 3695 1045 3750 Simeon
1080 3711 1181 3766 per
1209 3695 1584 3767 cognationes
1615 3694 1941 3750 suaszfuit-

285 3801 403 3857 que
435 3784 749 3839 hereditas
776 3785 1050 3838 eorumin
1077 3785 1266 3839 medio
1285 3784 1940 3854 possessionistiliorum

278 3873 483 3928 Juda:
521 3871 840 3927 Ber-Sabee
870 3883 926 3927 et
953 3873 1134 3928 Sabee
1166 3877 1222 3928 et
1253 3873 1481 3928 Molada
1527 3879 1585 3928 et
1612 3872 1940 3938 Aser-Sua],

279 3963 428 4018 Bala
462 3965 522 4016 et
557 3963 719 4015 Asem
752 3964 808 4014 et
838 3959 1103 4015 Eltholad
1137 3960 1341 4016 Bethul
1393 3966 1448 4015 et
1499 3963 1678 4016 Arma
1707 3965 1765 4016 et
1797 3961 1946 4016 Sice-

277 4049 374 4122 leg
410 4053 473 4104 et
506 4048 1068 4103 Beth-Marcbaboth
1102 4053 1159 4104 et
1207 4049 1532 4105 Aser-Susa
1573 4053 1630 4105 et
1659 4050 1800 4105 Beth
1849 4051 1946 4104 Le-

276 4139 464 4194 baoth
498 4143 559 4192 et
579 4139 794 4191 Sareon
820 4153 832 4192 :
866 4138 1128 4192 civitates
1151 4139 1432 4194 tredecim
1457 4143 1516 4193 et
1535 4138 1684 4193 villa:
1717 4155 1942 4195 earum.

281 4229 421 4294 Ain,
458 4226 771 4295 Remmon,
803 4225 851 4280 ei
887 4225 1166 4294 Athar,_et
1186 4234 1341 4282 Asan
1367 4227 1664 4282 :civitates
1689 4233 1944 4298 quatuor

277 4323 334 4372 et
350 4315 509 4370 villae
534 4330 736 4369 earum
764 4330 775 4368 :
810 4331 1014 4370 omnes
1035 4315 1206 4370 viculi
1235 4333 1334 4387 per
1354 4315 1662 4371 circuitum
1704 4316 1939 4371 urbium

281 4403 546 4459 istarum
577 4418 765 4473 usque
805 4403 874 4457 ad
907 4402 1293 4459 Balath-Beer
1325 4405 1570 4460 Ramatb
1605 4410 1816 4472 contra
1837 4421 1942 4460 au-

280 4492 535 4549 stralem
561 4490 818 4563 plagam.
834 4491 963 4548 Haec
986 4500 1076 4548 est
1096 4494 1404 4550 hzsreditas
1427 4493 1683 4550 filiorum
1699 4493 1932 4549 Simeon

2057 3362 2218 3414 suas,
2254 3346 2546 3416 urbesque
2575 3351 2631 3402 et
2658 3346 3047 3402 viculiearum
3073 3347 3153 3418 (C.
3178 3346 3496 3414 LXXXIX.)
3529 3342 3700 3398 Filio-

2057 3452 2187 3490 rum
2221 3435 2530 3506 Nephthali
2556 3443 2718 3492 sexta
2748 3454 2875 3492 sors
2907 3437 3116 3492 cecidit
3141 3433 3507 3507 perl‘amilias
3539 3449 3701 3500 suas,

2056 3529 2114 3580 et
2145 3525 2319 3595 coepit
2350 3525 2636 3581 terminus
2681 3527 2750 3580 de
2785 3524 2996 3597 lleleph
3057 3535 3104 3580 et
3139 3525 3279 3580 Elon
3312 3525 3369 3578 in
3401 3524 3698 3589 Sananim,

2057 3619 2112 3668 et
2143 3615 2364 3683 Adami,
2395 3633 2521 3687 qua:
2552 3621 2639 3671 est
2666 3616 2870 3682 Neceb,
2895 3622 2951 3672 et
2969 3614 3211 3672 Jebnael
3245 3630 3430 3684 usque
3459 3617 3698 3675 Leeum,

2057 3717 2330 3775 egressus
2359 3722 2560 3761 eorum
2599 3722 2783 3776 usque
2807 3707 2875 3761 ad
2895 3707 3208 3764 Jordanem
3233 3721 3246 3759 :
3282 3704 3701 3774 revertiturque

2062 3792 2348 3847 terminus
2405 3802 2608 3850 contra
2677 3795 3035 3851 occidentem
3114 3797 3171 3850 in
3230 3792 3697 3860 Aznol-Thabor,

2058 3885 2233 3951 atque
2272 3882 2406 3936 inde
2455 3883 2753 3954 egreditur
2808 3885 2866 3939 in
2909 3884 3114 3950 Ucoca,
3176 3889 3231 3938 et
3288 3881 3604 3953 pertransit
3641 3880 3700 3934 in

2055 3969 2312 4026 Zabulon
2346 3977 2547 4026 contra
2577 3973 2901 4039 meridiem,
2935 3979 2991 4027 et
3022 3973 3082 4028 in
3132 3979 3276 4026 Aser
3305 3975 3507 4025 contra
3545 3967 3696 4024 occi-

2057 4061 2312 4128 dentem,
2347 4062 2490 4115 etin
2549 4062 2703 4117 Juda
2756 4063 2827 4117 ad
2874 4063 3191 4118 Jordanem
3243 4064 3442 4116 contra
3499 4063 3693 4113 ortum

2056 4149 2228 4204 solis:
2262 4154 2318 4203 et
2348 4150 2612 4205 civitates
2672 4151 3102 4217 munitissimae,
3164 4149 3457 4212 Aseddim,
3508 4148 3612 4202 Ser
3641 4150 3699 4202 et

2053 4239 2343 4304 Ammath,
2405 4244 2459 4293 et
2518 4240 2755 4295 Beccath
2789 4245 2844 4296 et
2900 4240 3243 4309 Chenereth,
3286 4245 3342 4293 et
3374 4238 3588 4292 Edema
3643 4242 3700 4290 et

2053 4327 2286 4383 Arama.
2338 4329 2502 4397 Aser,
2533 4334 2588 4383 et
2644 4330 2825 4384 Cedes
2875 4336 2932 4384 et
2962 4330 3152 4399 Edrai,
3187 4334 3245 4384 et
3300 4329 3592 4395 En-Asor,
3645 4329 3702 4381 et

2053 4415 2228 4472 Jeron
2297 4422 2356 4473 et
2409 4418 2729 4490 Magda-El,
2796 4425 3001 4475 Harem
3075 4425 3131 4474 et
3207 4419 3574 4474 Beth-Anath
3645 4421 3702 4472 et

2055 4501 2474 4560 Beth-Semes:
2508 4506 2772 4562 civitates
2821 4509 3021 4561 decem
3079 4512 3136 4561 et
3177 4522 3405 4569 novem,
3450 4510 3507 4559 et
3556 4504 3700 4559 villa:

277 4584 456 4650 juxta
490 4579 874 4651 cognationes
909 4597 1068 4649 suas,
1102 4582 1161 4635 in
1197 4582 1457 4636 funiculo
1491 4587 1549 4637 et
1580 4584 1936 4653 possessione

2056 4609 2280 4649 earum.
2315 4593 2443 4648 Haec
2474 4600 2561 4649 est
2585 4597 3082 4666 possessiotribus
3105 4595 3358 4650 filiorum
3387 4593 3700 4666 Nephthali

279 4669 549 4725 ﬁliorum
580 4667 753 4738 Juda,
785 4685 915 4740 qua)
936 4671 1122 4740 major
1151 4674 1295 4725 erat.
1324 4675 1386 4724 Et
1411 4671 1628 4727 idcirco
1663 4672 1945 4742 possede-

284 4763 431 4813 runt
463 4758 568 4812 ﬁlii
603 4757 841 4814 Simeon
872 4757 931 4813 in
965 4759 1158 4814 medio
1200 4759 1559 4816 haereditatis
1610 4776 1834 4815 eorum.
1865 4761 1946 4831 [C.

287 4845 610 4919 LXXXVI]
641 4846 871 4902 Cecidit
900 4863 1136 4919 quoque
1186 4865 1314 4904 sors
1363 4849 1537 4904 tertia
1565 4848 1821 4905 ﬁliorum
1851 4849 1950 4903 Za-

301 4936 487 4992 bulon
512 4953 617 5008 per
641 4937 1016 5007 cognationes
1048 4953 1207 5005 suas,
1239 4943 1308 5007 ,et
1338 4938 1518 4994 faetus
1549 4944 1638 4994 est
1665 4939 1952 4994 terminus

287 5024 696 5097 possessionis
725 5041 926 5080 eorum
963 5042 1150 5098 usque
1199 5027 1389 5082 Sarid.
1444 5030 1833 5099 Ascenditque
1884 5032 1952 5083 de

294 5115 449 5170 mari
482 5120 540 5170 et
567 5114 807 5184 Marala,
841 5121 898 5169 et
930 5115 1188 5186 pervenit
1209 5117 1268 5170 in
1291 5115 1640 5184 Debbaseth,
1669 5132 1850 5188 usque
1878 5117 1946 5172 ad

291 5208 618 5259 torrentem
644 5203 743 5274 qui
768 5208 859 5258 est
880 5209 1084 5260 contra
1104 5203 1439 5261 Jecennam.
1465 5206 1530 5260 Et
1553 5208 1862 5262 revertitur
1883 5206 1953 5260 de

293 5292 466 5347 Sarid
500 5297 705 5348 contra
736 5291 1022 5348 orientem
1057 5295 1114 5348 in
1170 5297 1314 5349 fines
1361 5294 1951 5360 Cheseleth-Thabor,

291 5385 349 5437 et
370 5382 708 5455 egredietur
725 5382 796 5438 ad
811 5383 1086 5452 Dabrath,
1106 5383 1485 5456 ascenditque
1499 5389 1705 5440 contra
1726 5384 1953 5458 Japhie.

379 5598 396 5632 ί
422 5595 583 5679 Palat
628 5612 862 5670 quoque
910 5597 1093 5652 nostri
1137 5613 1280 5654 mss.
1312 5599 1568 5674 singulas
1611 5603 1788 5661 habet
1847 5622 1951 5679 pro

301 5682 454 5740 suas,
475 5669 681 5727 eodem
713 5683 916 5725 sensu.

2059 4697 2162 4752 per
2181 4682 2556 4753 cognationes
2570 4701 2729 4752 suas,
2753 4685 2926 4740 urbes
2939 4689 2994 4740 et
3013 4683 3181 4740 viculi
3207 4700 3431 4740 earum.
3455 4683 3534 4751 [C.
3569 4682 3700 4754 ΚΟ]

2057 4769 2263 4825 'I‘ribui
2299 4771 2549 4827 ﬁliorum
2585 4778 2701 4827 Dan
2737 4791 2838 4844 per
2867 4772 3117 4829 familias
3147 4789 3285 4829 suas
3340 4789 3576 4844 egressa
3613 4775 3703 4827 est

2059 4875 2188 4914 sors
2212 4862 2486 4931 septima,
2537 4869 2593 4917 et
2641 4863 2751 4916 fuit.
2805 4863 3093 4918 terminus
3126 4863 3514 4933 possessionis
3571 4862 3702 4931 ejus

2059 4947 2238 5002 Saraa
2264 4955 2320 5003 et
2350 4949 2606 5016 Estbaol,
2634 4957 2690 5004 et
2715 4951 3072 5020 Air-Semes,
3117 4952 3172 5005 id
3200 4954 3300 5017 est,
3348 4954 3538 5008 civitas
3558 4950 3704 5005 Solis

2063 5037 2140 5108 [h.
2174 5054 2287 5092 non
2321 5037 2537 5109 habet].
2572 5039 2796 5095 Selebin
2830 5047 2886 5096 et
2943 5041 3137 5097 Aialon
3174 5046 3230 5097 et
3256 5041 3503 5105 Jethela,
3561 5039 3700 5092 Elon

2061 5131 2118 5180 et
2148 5127 2518 5183 Themnatha
2540 5135 2596 5182 et
2624 5130 2876 5197 Achron,
2910 5129 3158 5199 Elthece,
3192 5135 3246 5186 et
3277 5128 3614 5186 Gebbethon
3649 5131 3706 5182 et

2060 5214 2320 5282 Baalalh,
2377 5217 2472 5270 lud
2530 5224 2586 5272 et
2644 5219 3009 5275 Bene-Barac
3061 5227 3118 5276 et
3168 5219 3634 5276 Geth-Remmon
3686 5233 3700 5270 :

2060 5306 2232 5374 Aqua:
2261 5305 2468 5360 Jercon
2504 5311 2559 5361 et
2590 5311 2830 5376 Arecon,
2865 5325 2997 5364 cum
3029 5310 3274 5364 termino
3325 5307 3423 5379 qui
3465 5304 3704 5376 respicit

2057 5393 2302 5465 Joppen,
2333 5399 2391 5450 et
2419 5395 2547 5468 ipso
2580 5397 2693 5453 fine
2747 5398 3134 5454 concluditur.
3161 5397 3247 5466 [h.
3309 5395 3443 5466 XCI]
3484 5396 3700 5450 Ascen-

2135 5609 2155 5642 ³
2189 5610 2274 5664 lta
2305 5626 2446 5667 mss.
2470 5627 2676 5667 omnes
2706 5628 2718 5666 :
2752 5611 2891 5667 editi
2916 5626 3047 5667 vero
3077 5609 3280 5681 legunt
3304 5609 3516 5698 ᾼὺναη.
3539 5612 3708 5665 MART
