4068 6172
377 292 490 349 539

1431 295 1491 349 8.
1532 288 1945 348 HIEBONYHI
1981 285 2237 343 DIVINA
2272 284 2772 342 BIBLIOTHBCA.

3681 294 3796 352 540

376 420 707 489 deruntque
738 417 844 473 filii
874 417 1019 485 Dan,
1043 420 1099 474 et
1129 421 1533 490 pugnaverunt
1560 419 1765 473 contra
1794 417 2022 477 Lesem,
2055 409 2108 477 Α
2137 411 2228 465 est
2259 425 2388 466 sors
2420 410 2478 464 in
2512 408 2796 465 familiam
2828 410 3010 468 Caath
3043 410 3296 471 ﬁliorum
3321 417 3504 473 Aaron
3524 420 3793 478 sacerdo-

376 514 773 581 ceperuntque
802 523 954 575 eam,
987 510 1043 561 et
1068 510 1485 578 percusserunt
1515 506 1573 561 in
1605 521 1703 561 ore
1731 501 1933 576 gladii,
1957 517 2023 556 ac

379 598 793 671 possederunt,
825 601 882 651 et
913 596 1326 651 habitaverunt
1386 596 1445 651 in
1478 612 1566 665 ea,
1597 598 1871 650 vocantes
1921 607 2023 646 no-

382 702 511 741 men
535 686 661 756 ejus
682 685 1041 740 Lesem-Dan
1065 684 1171 753 [b.]
1195 693 1463 741 vocantes
1484 684 1923 749 Lessem-Dan],
1956 696 2024 735 ex

378 775 614 830 nomine
651 775 768 828 Dan
799 773 982 846 patris
1023 773 1135 829 sui.
1194 774 1324 830 Haec
1355 778 1443 830 est
1492 772 1784 845 possessio
1834 771 2024 827 tribus

378 864 631 919 filiorum
666 862 811 930 Dan,
845 879 947 935 per
978 863 1358 935 cognationes
1380 880 1538 932 suas,
1564 862 1735 917 urbes
1764 866 1822 917 et
1848 857 2024 914 viculi

375 954 686 1021 earum.(C.
721 952 903 1010 XCII).
964 955 1225 1024 Cumque
1265 952 1618 1024 complesset
1666 954 1819 1005 sorte
1873 948 2025 1003 divi-

374 1042 510 1096 dere
541 1046 756 1095 terram
781 1040 1030 1113 singulis
1060 1057 1162 1112 per
1184 1041 1373 1097 tribus
1404 1058 1564 1105 suas,
1599 1040 1888 1096 dederunt
1918 1036 2023 1092 ﬁlii

376 1128 555 1187 Israel
590 1128 1019 1199 possessionem
1051 1129 1229 1186 Josue
1254 1130 1374 1185 filio
1432 1130 1559 1185 Nun
1595 1128 1651 1183 in
1686 1128 1877 1183 medio
1909 1127 2023 1196 sui,

373 1219 539 1289 juxta
580 1222 933 1289 praeceptum
968 1218 1217 1286 Domini,
1241 1219 1443 1273 urbem
1480 1233 1647 1289 quam
1684 1214 2023 1289 postulavit,

380 1306 890 1362 Thamnat—Seraa
942 1307 1000 1361 in
1049 1312 1243 1363 monte
1283 1306 1582 1379 Ephraim,
1614 1310 1672 1361 et
1723 1303 2025 1359 adificavit

381 1395 696 1461 civitatem,
729 1395 1129 1468 babitavitque
1152 1396 1207 1450 in
1233 1411 1320 1451 ea.
1344 1400 1442 1450 Ha
1462 1400 1599 1450 sunt
1624 1393 2025 1467 possessiones

381 1501 529 1555 quas
557 1488 712 1540 sorte
745 1484 1068 1541 diviserunt
1101 1484 1337 1540 Eleazar
1365 1484 1639 1540 sacerdos
1665 1488 1722 1538 et
1748 1484 1928 1539 Josue
1956 1481 2024 1535 fi-

382 1572 498 1628 lius
551 1573 703 1639 Nun,
762 1579 819 1629 et
875 1574 1166 1646 principes
1225 1573 1580 1628 familiarum
1639 1588 1705 1628 ac
1761 1571 2023 1626 tribuum

381 1660 582 1727 Israel,
615 1662 671 1716 in
698 1662 841 1729 Silo,
873 1679 1066 1717 coram
1100 1661 1347 1718 Domino
1393 1662 1462 1716 ad
1496 1661 1711 1716 ostium
1754 1660 2022 1715 taberna-

381 1750 496 1805 culi
519 1751 863 1817 testimonii,
890 1752 1208 1823 partitique
1234 1756 1374 1806 sunt
1402 1755 1641 1807 terram.

454 1839 541 1906 (T.
569 1841 655 1907 IX,
688 1842 752 1896 B.
786 1842 1045 1896 XXVIII.
1097 1843 1156 1897 C.
1200 1841 1391 1909 XCIII,
1428 1841 1558 1913 Cap.
1582 1840 1733 1912 XX.)
1761 1840 1830 1894 Et
1860 1838 2022 1895 locu-

382 1931 478 1983 tus
506 1937 592 1984 est
639 1929 925 1985 Dominus
957 1931 1025 1985 ad
1077 1929 1275 1997 Josue,
1312 1931 1548 1985 dicens:
1582 1933 1838 1999 Loquere
1892 1926 2026 1983 filiis

385 2016 591 2084 Israel,
624 2024 679 2073 et
711 2018 804 2073 dic
835 2017 919 2073 eis
954 2035 966 2074 :
1002 2022 1277 2091 Separate
1310 2019 1484 2074 urbes
1519 2018 1922 2091 fugitivorum,
1957 2017 2028 2073 de

383 2106 602 2179 quibus
635 2105 870 2161 locutus
901 2123 1029 2161 sum
1089 2108 1159 2162 ad
1190 2124 1287 2163 vos
1319 2124 1422 2179 per
1479 2124 1718 2163 manum
1767 2106 1931 2177 Mosi,
1966 2110 2031 2161 ut

382 2196 689 2267 confugiat
718 2197 787 2250 ad
815 2212 913 2252 eas
957 2196 1316 2268 quicumque
1364 2198 1621 2252 animam
1678 2193 2031 2267 percusserit

386 2283 639 2349 nescius,
675 2288 731 2339 et
762 2285 949 2356 possit
978 2286 1221 2341 evadere
1253 2278 1399 2340 iram
1442 2285 1713 2357 proximi,
1747 2284 1844 2356 qui
1877 2284 2032 2339 ultor

384 2377 473 2427 est
505 2373 811 2444 sanguinis
844 2390 857 2428 :
892 2390 1024 2429 cum
1059 2375 1125 2430 ad
1154 2391 1329 2429 unam
1358 2374 1566 2430 harum
1600 2373 1927 2445 confugerit
1956 2372 2032 2428 ci-

382 2460 652 2526 vitatum,
685 2462 977 2533 stabitque
1006 2468 1139 2518 ante
1172 2467 1396 2534 portam
1429 2463 1705 2530 civitatis,
1735 2467 1791 2517 et
1829 2460 2030 2533 loque—

382 2554 480 2604 tur
510 2549 846 2605 senioribus
878 2551 1040 2607 urbis
1072 2550 1251 2618 illius,
1285 2567 1351 2607 ea
1382 2568 1507 2624 quae
1546 2568 1609 2607 se
1652 2552 2034 2623 comprobent

383 2638 753 2694 innocentem
790 2639 1027 2710 :sicque
1074 2640 1398 2712 suscipient
1427 2656 1584 2705 eum,
1617 2644 1676 2696 et
1718 2640 1943 2695 dabunt
1980 2637 2031 2693 ei

386 2726 579 2783 locum
599 2729 669 2783 ad
700 2728 1388 2801 habitandum.Cumque
1404 2728 1556 2784 ultor
1569 2727 1877 2802 sanguinis
1898 2744 2032 2783 eum

384 2816 562 2871 fuerit
585 2820 955 2888 persecutus,
980 2834 1094 2874 non
1120 2818 1351 2873 tradent
1372 2818 1432 2874 in
1461 2835 1675 2874 manus
1697 2818 1823 2887 ejus
1852 2834 1865 2872 :
1897 2816 2035 2888 quia

386 2905 670 2978 ignorans
704 2905 996 2977 percussit
1054 2907 1385 2977 proximum
1443 2908 1593 2979 ejus,
1627 2923 1733 2963 nec
1787 2910 1919 2961 ante
1949 2903 2035 2959 bi-

383 2993 592 3061 duum,
627 2994 983 3059 triduumve,
1018 2996 1148 3066 ejus
1177 2996 1461 3067 probatur
1491 2995 1788 3052 inimicus.
1834 2999 1898 3050 Et
1931 2994 2036 3051 ha-

386 3082 599 3138 bitabit
632 3084 689 3137 in
721 3084 953 3139 civitate
1009 3084 1130 3152 illa,
1172 3085 1356 3141 donec
1387 3090 1503 3141 stet
1562 3090 1694 3141 ante
1742 3084 2032 3157 judicium

386 3188 627 3226 causam
681 3173 933 3229 reddens
985 3174 1117 3228 facti
1166 3175 1359 3243 sui,et
1417 3175 1702 3230 moriatur
1761 3174 2033 3230 sacerdos

386 3276 636 3331 magnus
666 3261 765 3333 qui
792 3262 1045 3318 fueritin
1069 3262 1166 3318 illo
1197 3268 1457 3334 tempore
1490 3280 1502 3319 :
1536 3268 1673 3318 tunc
1716 3267 2035 3319 revertetur

386 3348 704 3420 homicida,
723 3355 781 3406 et
803 3350 1162 3423 ingredietur
1180 3352 1474 3409 civitatem
1502 3358 1559 3408 et
1588 3353 1827 3408 domum
1863 3368 2030 3408 suam

389 3437 459 3493 de
492 3454 606 3509 qua
659 3439 905 3512 fugerat.
962 3441 1579 3513 Decreveruntque(h.
1633 3441 2032 3497 sanctificave-

389 3527 549 3598 runt)
572 3527 751 3582 Cedes
773 3526 830 3581 in
855 3527 1091 3584 Galilaea
1119 3529 1331 3585 montis
1356 3529 1692 3601 Nephthali,
1726 3535 1783 3584 et
1801 3528 2031 3584 Sicbem

387 3614 447 3669 in
484 3620 680 3671 monte
718 3615 1021 3688 Ephraim,
1052 3622 1107 3672 et
1164 3616 1604 3686 Cariath-Arbe,
1633 3616 1762 3689 ipsa
1810 3623 1901 3673 est
1922 3616 2031 3673 He-

387 3703 550 3771 bron,
587 3704 646 3759 in
677 3709 875 3760 monte
910 3705 1024 3761 Jud
1043 3722 1094 3760 a.
1132 3707 1212 3778 (C.
1280 3706 1490 3778 XCIV.)
1520 3707 1587 3761 Et
1618 3706 2034 3775 transJorda-

388 3810 519 3849 nem
554 3800 753 3849 contra
784 3793 1125 3851 orientalem
1165 3794 1399 3868 plagam
1425 3795 1679 3865 Jericho,
1703 3799 2036 3851 statuerunt

390 3883 567 3938 Bosor
596 3883 679 3951 (h.
713 3882 930 3955 Beser),
964 3900 1091 3955 quze
1124 3884 1238 3941 sita
1267 3890 1357 3940 est
1385 3884 1442 3939 in
1476 3885 1793 3956 campestri
1825 3884 2034 3940 solitu-

387 3972 543 4039 dine,
578 3972 647 4027 de
678 3973 831 4027 tribu
883 3972 1108 4041 Ruben,
1166 3978 1223 4028 et
1272 3973 1519 4029 Ramoth
1580 3974 1637 4028 in
1697 3973 1912 4030 Galaad
1964 3974 2035 4029 de

388 4060 545 4117 tribu
576 4063 721 4131 Gad,
771 4066 829 4117 et
859 4062 1089 4119 Gaulon
1122 4063 1178 4118 in
1214 4063 1404 4120 Basan
1455 4065 1525 4120 de
1556 4064 1711 4119 tribu
1740 4064 2030 4120 Manasse.

388 4155 487 4206 Ha:
517 4150 783 4206 civitates
814 4151 1119 4207 constitua
1170 4158 1308 4209 sunt
1337 4153 1567 4209 cunctis
1604 4153 1743 4209 ﬁliis
1769 4152 1945 4209 Israel
1979 4157 2037 4209 et

389 4240 632 4296 advenis
658 4240 753 4310 qui
786 4240 1304 4297 habitabantinter
1333 4259 1453 4307 eos,
1491 4247 1555 4297 ut
1584 4242 1812 4314 fugeret
1843 4244 1911 4298 ad
1936 4259 2036 4298 eas

391 4329 489 4399 qui
523 4328 780 4384 animam
815 4330 1049 4385 nescius
1074 4330 1479 4402 percussisset,
1494 4336 1550 4387 et
1574 4348 1689 4387 non
1715 4336 2038 4387 moreretur

392 4416 451 4471 in
487 4434 660 4473 manu
686 4419 953 4489 proximi,
978 4419 1228 4475 effusum
1248 4419 1595 4492 sanguinem
1618 4420 1910 4475 vindicare
1941 4436 2037 4475 cu-

2131 497 2231 563 tis,
2255 498 2326 554 de
2355 498 2633 553 tribubus
2661 499 2837 567 Iuda,
2864 504 2921 555 et
2939 500 3194 572 Simeon,
3230 508 3287 559 et
3317 505 3646 578 Benjamin,
3704 512 3791 565 ci-

2131 587 2341 643 vitates
2372 586 2645 642 tredecim
2687 604 2699 642 :
2733 592 2793 643 et
2824 587 3068 661 reliquis
3098 591 3351 648 filiorum
3381 593 3585 662 Caath,
3609 596 3665 653 id
3698 602 3792 656 est

2136 674 2349 731 Levitis
2382 674 2484 747 qui
2525 676 2938 747 superfuerant
2969 679 3038 733 de
3075 678 3346 736 tribubus
3380 684 3679 755 Ephraim,
3739 691 3799 744 et

2136 769 2279 831 Dan,
2314 768 2372 820 et
2402 764 2647 820 dimidia
2708 766 2865 821 tribu
2914 769 3205 840 Manasse,
3263 770 3532 829 civitates
3563 774 3791 832 decem.

2133 854 2215 926 (C.
2250 853 2490 925 XCVII.)
2522 853 2697 910 Porro
2731 854 2868 911 filiis
2907 859 3128 912 Gerson
3160 874 3398 931 egressa
3419 866 3509 918 est
3538 880 3691 934 sors,
3726 870 3795 921 ut

2134 942 2465 1014 acciperent
2483 944 2553 998 de
2576 942 2849 999 tribubus
2864 946 3201 1002 Issacbaret
3217 952 3362 1006 Aser
3374 958 3430 1004 et
3443 950 3762 1024 Nephthali
3780 996 3795 1019 ,

2134 1030 2493 1102 dimidiaque
2506 1031 2664 1086 tribu
2685 1031 2963 1088 Manasse
2977 1032 3035 1088 in
3048 1038 3231 1090 Basan
3244 1036 3528 1102 ,civitates
3543 1056 3794 1097 numero

2133 1119 2433 1174 tredecim.
2458 1118 2539 1178 (C.
2586 1120 2856 1192 XCVIII.)
2887 1121 2955 1176 Et
2989 1121 3137 1187 ffiliis
3178 1124 3389 1182 Merari
3430 1142 3533 1198 per
3579 1145 3801 1200 cogna-

2132 1209 2324 1264 tiones
2355 1225 2494 1264 suas
2524 1208 2596 1265 de
2642 1210 2918 1266 tribubus
2952 1211 3157 1268 Ruben
3190 1217 3247 1270 et
3276 1214 3398 1271 Gad
3422 1220 3481 1272 et
3507 1217 3795 1290 Zabulon,

2132 1298 2307 1353 urbes
2338 1296 2665 1353 duodecim.
2705 1298 3110 1372 Dederuntque
3168 1303 3270 1357 filii
3331 1304 3511 1361 Israel
3579 1306 3805 1364 Levitis

2132 1385 2396 1441 civitates
2426 1390 2484 1441 et
2516 1403 2580 1440 su
2592 1387 2855 1443 rbubana
2872 1405 3095 1457 earum,
3121 1390 3276 1448 sicut
3297 1394 3568 1467 praecepit
3595 1395 3798 1453 Domi-

2135 1490 2246 1529 nus
2279 1491 2381 1546 per
2410 1490 2650 1530 manum
2684 1475 2852 1539 Mosi,
2876 1478 3127 1551 singulis
3148 1486 3305 1538 sorte
3326 1483 3673 1541 tribuentes.
3715 1490 3796 1543 De

2133 1564 2406 1619 tribubus
2439 1561 2694 1620 ﬁliorum
2727 1565 2881 1621 Juda
2910 1572 2968 1622 et
3014 1568 3245 1626 Simeon
3277 1571 3439 1628 dedit
3491 1572 3573 1629 th.
3606 1573 3793 1631 dede-

2133 1652 2292 1722 runt)
2322 1651 2503 1707 Josue
2532 1652 2795 1708 civitates
2820 1670 2834 1708 :
2868 1657 3248 1724 quarumista
3268 1664 3409 1715 sunt
3429 1661 3691 1729 nomina,
3723 1662 3795 1717 ﬁ-

2136 1739 2229 1796 liis
2257 1742 2446 1796 Aaron
2471 1757 2573 1812 per
2596 1741 2846 1798 familias
2866 1744 3045 1800 Caath
3066 1745 3301 1807 Levitici
3326 1749 3556 1819 generis
3575 1751 3593 1822 (
3600 1751 3798 1823 prima

2131 1829 2289 1884 enim
2316 1845 2446 1885 sors
2476 1829 2593 1885 illis
2624 1845 2861 1902 egressa
2891 1833 3002 1904 est)
3051 1834 3133 1906 (h.
3180 1835 3318 1892 filiis
3346 1840 3535 1894 Aaron
3567 1856 3673 1911 per
3701 1840 3793 1896 fa-

2132 1916 2325 1974 milias
2353 1918 2535 1975 Caath
2571 1919 2810 1975 Levitici
2841 1922 3073 1994 generis
3104 1924 3294 1996 prima
3361 1944 3489 1984 sors
3547 1945 3791 2002 egressa

2130 2011 2243 2076 est)
2256 2007 2673 2064 Cariath-Arbe
2701 2010 3075 2081 patrisEnac,
3110 2030 3231 2085 qum
3254 2021 3495 2072 vocatur
3522 2019 3784 2088 Bebron,

2134 2096 2193 2152 in
2226 2102 2425 2153 monte
2453 2097 2630 2167 Juda,
2679 2103 2737 2154 et
2767 2099 3109 2158 suburbana
3160 2104 3289 2175 ejus
3320 2121 3422 2177 per
3449 2106 3787 2165 circuitum.

2130 2188 2317 2258 Agros
2348 2203 2482 2243 vero
2513 2192 2570 2243 et
2601 2187 2772 2246 villas
2802 2190 2931 2261 ejus
2948 2191 3189 2247 dederat
3208 2194 3290 2265 [b.
3314 2195 3623 2272 dederunt]
3643 2198 3792 2254 Cha-

2135 2274 2227 2330 leb
2247 2275 2366 2330 filio
2386 2276 2696 2349 Jephonne
2713 2278 2783 2334 ad
2802 2280 3249 2351 possidendum.
3269 2286 3351 2347 (C.
3374 2285 3599 2354 XCIX.)
3619 2286 3799 2343 Dedit

2133 2380 2271 2436 ergo
2301 2366 2440 2420 filiis
2472 2368 2662 2422 Aaron
2688 2368 3033 2439 sacerdotis,
3057 2371 3287 2428 Hebron
3312 2374 3569 2447 confugii
3592 2375 3797 2433 civita-

2136 2458 2279 2521 tem,
2313 2470 2379 2509 ac
2411 2455 2751 2512 suburbana
2777 2457 2907 2527 ejus
2932 2473 2946 2514 :
2970 2462 3027 2513 et
3057 2459 3314 2517 Lebnam
3330 2478 3465 2519 cum
3492 2464 3796 2522 suburba-

2136 2541 2230 2597 nis
2256 2542 2382 2597 suis
2411 2558 2423 2597 :
2453 2542 2670 2615 Jether,
2716 2549 2775 2600 et
2826 2546 3132 2613 Islhimoa,
3162 2553 3219 2604 et
3257 2549 3460 2619 Polon,
3490 2553 3692 2620 Dabir,
3738 2559 3801 2611 et

2138 2631 2246 2685 Ain
2278 2636 2336 2687 et
2363 2631 2522 2701 Juta,
2553 2636 2611 2688 et
2640 2633 3034 2705 Beth-semes,
3066 2653 3199 2693 cum
3234 2640 3595 2697 suburbanis
3627 2642 3794 2699 suis:

2139 2720 2402 2776 civitates
2433 2737 2661 2789 novem,
2685 2723 2757 2778 de
2781 2724 3076 2794 tribubus,
3100 2732 3164 2782 ut
3186 2727 3403 2785 dictum
3426 2734 3515 2786 est
3536 2731 3797 2789 duabus.

2139 2808 2219 2864 De
2248 2809 2404 2865 tribu
2439 2815 2635 2866 autem
2688 2811 2925 2869 filorum
2956 2814 3285 2886 Benjamin,
3315 2817 3576 2886 Gabaon,
3597 2825 3657 2877 et
3686 2821 3799 2878 Ga-

2138 2898 2268 2967 bae,
2300 2904 2356 2954 et
2378 2899 2697 2968 Anathoth,
2727 2906 2785 2957 et
2814 2901 3025 2959 Almon
3057 2920 3191 2960 cum
3225 2906 3584 2966 suburbanis
3613 2911 3747 2968 suis
3778 2928 3793 2967 :

2141 2987 2404 3044 civitates
2436 2994 2705 3061 quatuor.
2732 2990 2946 3047 Omnes
2994 2993 3176 3049 simul
3208 2994 3475 3053 civitates
3529 2998 3792 3057 ﬁliorum

2145 3079 2334 3133 Aaron
2369 3078 2711 3149 sacerdotis,
2743 3080 3043 3151 tredecim,
3076 3085 3611 3143 cum'suburbanis
3642 3089 3797 3146 suis.

2146 3165 2412 3239 Reliquis
2438 3184 2576 3223 vero
2607 3184 2711 3240 per
2741 3169 2995 3226 familias
3024 3170 3281 3228 filiorum
3331 3173 3507 3231 Caath
3554 3176 3799 3234 Levitici

2142 3256 2394 3328 generis,
2430 3255 2552 3312 haec
2580 3262 2666 3312 est
2697 3258 2832 3313 data
2862 3260 3178 3333 possessio.
3208 3261 3287 3317 De
3318 3264 3476 3321 tribu
3511 3265 3797 3338 Ephraim

2144 3344 2321 3401 urbes
2354 3346 2635 3417 confugii,
2676 3346 2905 3403 Sicbem
2951 3364 3081 3404 cum
3144 3350 3506 3409 suburbanis
3552 3354 3677 3410 suis
3735 3356 3797 3412 in

2145 3439 2346 3489 monte
2368 3434 2674 3506 Ephraim,
2698 3441 2755 3491 et
2775 3438 2957 3492 Gazer
2976 3438 3307 3495 etCebsaim
3327 3445 3384 3496 et
3401 3441 3768 3499 Beth-Horon
3779 3484 3799 3512 ,

2142 3538 2276 3578 cum
2311 3523 2672 3580 suburbanis
2704 3525 2851 3592 suis,
2895 3525 3160 3583 civitates
3189 3534 3461 3601 quatuor.
3495 3530 3575 3587 De
3632 3532 3796 3588 tribu

2143 3628 2377 3682 quoque
2423 3617 2572 3680 Dan,
2619 3613 2831 3670 Ethece
2869 3618 2928 3671 et
2981 3615 3345 3689 Gebbetbon,
3381 3622 3440 3674 et
3481 3619 3686 3676 Aialon
3737 3626 3799 3677 et

2140 3701 2622 3771 Geth-Remmon,
2696 3718 2827 3758 cum
2902 3704 3267 3762 suburbanis.
3318 3706 3444 3763 suis
3526 3709 3796 3766 civitates

2143 3795 2416 3861 quatuor.
2450 3791 2626 3847 Porro
2658 3792 2729 3849 de
2756 3791 3006 3848 dimidia
3024 3793 3181 3849 tribu
3235 3797 3525 3865 Manasse,
3554 3797 3795 3855 Tanacb

2141 3884 2201 3936 et
2230 3880 2724 3951 Geth-Remmon,
2764 3898 2897 3938 cum
2947 3883 3309 3941 suburbanis
3338 3885 3484 3953 suis,
3518 3886 3789 3945 civitates

2140 3968 2289 4023 dum.
2323 3967 2539 4025 Omnes
2568 3968 2831 4026 civitates
2853 3971 3151 4041 decem,et
3180 3972 3526 4030 suburbana
3553 3990 3787 4048 earum,

2143 4056 2293 4117 datm
2326 4062 2466 4115 sunt
2497 4057 2633 4115 filiis
2693 4058 2876 4115 Csath
2928 4059 3220 4117 inferioris
3263 4064 3503 4135 gradus.
3554 4066 3638 4137 (C.
3705 4066 3795 4137 C.)

2142 4153 2306 4211 Filiis
2347 4166 2582 4224 quoque
2611 4149 2833 4205 Gerson
2865 4148 3097 4204 Levitici
3145 4154 3375 4222 generis
3405 4153 3566 4209 dedit
3592 4155 3663 4210 de
3708 4156 3802 4211 di-

2146 4241 2325 4299 midia
2357 4239 2507 4295 tribu
2542 4244 2815 4295 Manasse
2840 4238 3095 4311 confugii
3127 4239 3420 4297 civitatem
3451 4243 3624 4313 (Vulg.
3652 4244 3800 4300 civi-

2144 4332 2315 4402 tates)
2338 4327 2556 4387 Caulon
2589 4328 2647 4382 in
2688 4328 2980 4393 Basan,et
3025 4328 3265 4385 Bosram
3300 4328 3382 4399 [b.
3434 4330 3799 4405 Bosthram),

2147 4437 2280 4479 cum
2306 4416 2664 4476 suburbanis
2695 4416 2842 4482 suis,
2861 4416 3127 4473 civitates
3150 4418 3320 4476 duas.
3343 4423 3519 4476 Porro
3549 4420 3620 4476 de
3641 4422 3802 4479 tribu

394 4506 627 4577 pientis,
670 4508 850 4563 donec
902 4513 1085 4565 staret
1134 4513 1269 4565 ante
1324 4508 1605 4582 p0pulum
1664 4510 2040 4581 expositurus
2072 4512 2117 4577 D
2150 4510 2443 4573 Issacbar,
2485 4506 2716 4575 Cesion,
2760 4511 2817 4560 et
2849 4505 3125 4574 Dabrath,
3159 4512 3217 4563 et
3251 4506 3573 4576 Jarimuth,
3600 4514 3660 4566 et
3686 4510 3803 4566 En-

391 4610 631 4651 causam
664 4614 853 4654 suam.

466 4686 546 4753 (C.
579 4686 772 4754 XCIV,
807 4687 934 4760 Cap.
991 4686 1157 4754 XXI.)
1206 4689 1711 4760 Accesseruntque
1742 4687 2034 4761 principes

389 4773 746 4831 familiarum
778 4777 911 4832 Levi
963 4778 1035 4831 ad
1074 4776 1310 4833 Eleazar
1364 4776 1748 4847 sacerdotem,
1775 4781 1832 4833 et
1859 4782 2038 4833 Josue

388 4864 577 4919 filium
612 4869 760 4935 Nun,
790 4870 847 4921 et
872 4866 941 4920 ad
976 4866 1155 4922 duces
1192 4867 1607 4938 cognationum
1639 4882 1741 4939 per
1770 4866 2037 4940 singulas

387 4954 579 5010 tribus
612 4953 863 5010 filiorum
909 4954 1086 5011 Israel
1122 4972 1134 5010 :
1192 4956 1490 5027 locutique
1545 4962 1686 5012 sunt
1715 4956 1785 5012 ad
1844 4973 1943 5011 eos
1974 4956 2035 5011 in

390 5043 510 5100 Silo
543 5049 714 5101 terra)
753 5042 1049 5113 Chanaan,
1082 5050 1257 5118 atque
1332 5044 1603 5101 dixerunt
1635 5063 1647 5101 :
1692 5050 1773 5113 (Β.
1801 5045 2034 5117 XXIX.)

390 5133 673 5191 Dominus
705 5134 983 5207 praecepit
1016 5152 1115 5206 per
1163 5151 1400 5191 manum
1460 5133 1627 5203 Mosi,
1663 5140 1728 5190 ut
1757 5136 2040 5189 darentur

390 5225 561 5280 nobis
581 5225 755 5280 urbes
779 5228 844 5279 ad
871 5224 1279 5292 habitandum,
1296 5228 1354 5280 et
1373 5224 1717 5280 suburbana
1732 5239 1932 5278 earum
1964 5222 2038 5277 ad

364 5312 596 5367 alenda
618 5312 911 5383 jumenta.
942 5313 1348 5386 Dederuntque
1378 5310 1677 5367 filiiIsrael
1702 5310 1785 5383 (h.
1808 5309 2043 5379 Levitis)

385 5402 457 5457 de
492 5402 970 5473 possessionibus
999 5402 1311 5471 suisjuxta
1342 5400 1653 5473 imperium
1682 5400 1931 5471 Domini,
1954 5399 2039 5455 ci-

388 5491 597 5547 vitates
618 5497 677 5547 et
707 5492 1283 5547 surbubanaearum.
1316 5490 1401 5561 (C.
1425 5488 1650 5560 XCIV.)
1676 5489 2042 5562 Egressaque

2144 4598 2421 4667 Gannim,
2452 4611 2585 4653 cum
2636 4593 2995 4652 suburbanis
3044 4594 3172 4651 suis
3222 4594 3483 4652 civitates
3517 4603 3800 4669 quatuor.

2142 4695 2223 4746 De
2244 4688 2401 4743 tribu
2425 4689 2622 4741 autem
2653 4686 2815 4750 Aser,
2848 4682 3017 4740 Misal
3058 4688 3116 4740 et
3164 4683 3369 4759 Abdon
3398 4690 3457 4742 et
3482 4684 3681 4759 Eleath
3740 4692 3806 4744 et

2145 4777 2323 4842 Boob,
2355 4790 2493 4832 cum
2530 4771 2887 4830 suburbanis
2919 4771 3043 4843 suis
3088 4770 3349 4830 civitates
3406 4782 3678 4844 quatuor.
3710 4777 3798 4849 (C.

2144 4866 2260 4937 CI.)
2295 4869 2371 4920 De
2404 4862 2558 4918 tribu
2584 4876 2821 4935 quoque
2859 4860 3148 4934 Nepbthal
3194 4861 3490 4920 civitatem
3528 4864 3679 4936 Vulg.
3715 4866 3802 4922 ci-

2144 4955 2371 5022 vitates)
2406 4949 2706 5023 confugii:
2767 4949 2945 5006 (tedas
2990 4949 3049 5005 in
3083 4948 3341 5022 Galilea,
3398 4955 3458 5007 et
3513 4953 3802 5011 Ammoth

2150 5045 2282 5112 Dor,
2317 5046 2375 5096 et
2405 5038 2680 5107 Carthan,
2724 5054 2859 5095 cum
2920 5037 3278 5095 suburbanis
3330 5038 3477 5110 suis,
3536 5040 3809 5101 civitates

2146 5135 2288 5187 tres.
2340 5128 2556 5186 Omnes
2600 5126 2777 5182 urbes
2826 5124 3185 5182 familiarum
3235 5126 3479 5196 Gerson,
3515 5128 3805 5189 tredecim

2146 5237 2283 5277 cum
2319 5215 2677 5274 suburbanis
2709 5215 2855 5271 suis.
2908 5214 3069 5271 Filiis
3108 5218 3304 5272 autem
3336 5214 3547 5275 Merari
3589 5217 3810 5277 Levitis

2146 5307 2445 5365 inferioris
2458 5306 2680 5379 gradus
2693 5321 2795 5377 per
2824 5303 3232 5361 familiassuas
3252 5304 3390 5361 data
3421 5306 3609 5362 estde
3639 5307 3805 5365 tribu

2150 5398 2432 5465 Zabulon,
2464 5396 2740 5453 Jecenam
2770 5397 2825 5449 et
2856 5392 3112 5450 Chartha
3141 5397 3200 5448 et
3238 5393 3461 5451 Damna
3492 5398 3548 5449 et
3606 5395 3801 5469 Nalal,

2149 5488 2411 5542 civitates
2430 5489 2684 5558 quatuor
2705 5498 2838 5540 cum
2864 5481 3221 5539 suburbanis
3238 5482 3363 5538 suis
3380 5482 3421 5538 ί.
3449 5482 3517 5539 Et
3536 5483 3608 5539 de
3636 5485 3803 5544 tribu

464 5621 481 5654 ι
513 5622 649 5675 Post
678 5620 853 5677 urbes
882 5617 1232 5677 Zabulonias
1290 5617 1517 5675 addunt
1572 5615 1715 5674 editi
1771 5620 1827 5672 et
1857 5630 2002 5673 mss.
2062 5613 2289 5687 aliquot
2318 5610 2453 5670 libri
2492 5612 2615 5669 :Ds
2666 5612 2821 5668 tribu
2876 5610 3066 5667 Ruben
3118 5608 3275 5669 ultra
3320 5608 3612 5673 Iordanen
3666 5627 3797 5672 mo
