3982 6178
175 282 257 340 545
1563 271 1774 328 LIBER

1883 270 2065 324 μεως.

3411 282 3518 338 546

177 408 305 466 vobis
328 407 437 479 ipse
467 407 811 479 pugnaverit
843 423 859 475 ;
908 409 964 459 et
1006 418 1165 458 nunc
1212 402 1353 474 quia
1399 399 1561 455 vobis
1609 399 1766 452 sorte
1793 397 1846 462 Α
1874 391 2035 463 tique
2067 396 2207 447 sunt
2235 393 2484 466 Egyptii
2517 399 2712 466 patres
2740 400 2967 453 vestros
2998 415 3128 454 cum
3164 405 3434 461 curribus
3464 410 3522 463 et

175 496 331 555 divisit
353 509 568 552 omnem
597 498 840 560 terram,
873 493 946 548 ab
993 491 1261 548 orientali
1296 495 1458 565 parte
1484 485 1756 544 Jordanis

178 603 324 659 usque
338 585 400 640 ad
422 599 578 638 mare
594 579 1416 653 Magnum,muitmqueadhuc
1438 577 1760 648 supersunt

177 676 391 733 nationes
419 688 433 728 :
464 670 747 728 Dominus
797 676 946 727 Deus
976 673 1170 726 vester
1215 667 1514 738 disperdat
1560 682 1658 720 eas
1703 667 1760 718 et

176 766 353 820 auferet
378 779 408 816 a
435 761 578 816 facie
606 766 820 823 vestra,
843 767 896 815 et
928 756 1307 831 possidebitis
1334 761 1573 820 terram,
1606 752 1762 807 sicut

175 853 302 908 vobis
329 849 610 922 pollicitus
639 855 747 904 est.
771 849 1024 905 Tantum
1055 844 1555 914 confortamini,et
1579 845 1763 897 estote

175 939 362 996 solliciti
392 943 455 994 ut
482 936 833 994 custodiatis
861 941 1070 992 cuncta
1101 952 1229 1007 quae
1261 935 1478 1004 scripta
1510 935 1652 988 sunt
1702 929 1760 988 in

173 1028 413 1084 volumine
437 1026 582 1098 legis
614 1025 759 1081 Mosi
793 1041 807 1081 :
861 1030 919 1080 et
963 1041 1079 1080 non
1111 1022 1418 1079 declinatis
1440 1020 1512 1076 ab
1543 1018 1626 1075 eis
1657 1033 1763 1074 nec

172 1118 224 1172 ad
249 1116 516 1172 dexteram
550 1131 655 1170 nec
672 1116 742 1170 ad
765 1114 1068 1170 sinistram
1092 1130 1106 1169 :
1141 1128 1213 1168 ne
1242 1116 1555 1184 postquam
1577 1109 1764 1163 intra-

173 1204 331 1261 veritis
356 1204 420 1260 ad
450 1209 654 1276 gentes
680 1221 803 1274 qum
824 1202 980 1258 inter
1007 1219 1112 1258 vos
1142 1203 1350 1257 futuras
1377 1203 1536 1268 sunt,
1549 1196 1764 1270 juretis

169 1293 214 1348 in
239 1293 446 1349 nomine
480 1293 722 1348 deorum
750 1309 976 1358 earum,
1009 1296 1067 1347 et
1096 1290 1365 1348 servistis
1395 1289 1502 1356 eis,
1534 1294 1589 1343 et
1621 1287 1764 1342 ado-

170 1382 280 1438 retis
320 1381 487 1438 illos:
539 1382 638 1438 sed
693 1380 1040 1437 adhaerentis
1088 1379 1334 1436 Domino
1386 1382 1502 1433 Deo
1550 1382 1763 1442 vestro,

167 1472 291 1543 quod
318 1470 531 1527 fecistis
563 1487 748 1542 usque
779 1470 838 1525 in
865 1469 1020 1525 diem
1051 1469 1223 1525 hanc.
1258 1469 1328 1524 Et
1355 1471 1495 1523 tunc
1543 1465 1769 1521 auferet

167 1559 404 1616 Dominus
443 1558 600 1616 Deus
630 1559 690 1613 in
719 1563 1034 1630 conspectu
1064 1562 1259 1614 vestro
1289 1560 1493 1628 gentes
1525 1569 1768 1625 magnas

166 1653 210 1703 et
232 1649 676 1719 robustissimae,
708 1651 766 1703 et
808 1646 1010 1703 nullus
1039 1647 1203 1702 vobis
1235 1647 1505 1701 resistere
1536 1643 1767 1715 poterit.

1870 481 2155 552 equitatu,
2209 499 2395 554 usque
2447 484 2517 538 ad
2581 501 2740 540 mare
2796 486 3080 543 Rubrum.
3114 490 3524 550 Clamaverunt

1870 574 2066 625 autem
2127 571 2197 624 ad
2261 571 2574 627 Dominum
2628 573 2741 642 ﬁlii
2794 577 2968 630 Israel
2998 577 3079 648 [h.
3113 596 3226 635 non
3271 582 3465 655 habet]
3508 603 3520 641 :

1873 657 1975 729 qui
2000 658 2198 728 posuit
2223 661 2498 716 tenebras
2517 661 2668 717 inter
2688 679 2788 717 vos
2809 670 2866 718 et
2887 665 3266 738 Egyptios,et
3279 672 3524 729 adduxit

1870 763 2048 818 super
2095 761 2194 801 eos
2243 764 2426 814 mare,
2457 755 2513 804 et
2560 753 2790 820 operuit
2839 753 2991 809 illos.
3026 757 3311 815 Viderunt
3367 762 3523 818 oculi

1869 834 2046 890 vestri
2078 840 2288 890 cuncta
2319 853 2446 907 quae
2473 836 2529 890 in
2562 842 2804 910 rEzypto
2838 841 3095 910 fecerim,
3120 850 3178 900 et
3208 847 3519 907 habitastis

1871 922 1930 977 in
1953 923 2271 979 solitudine
2294 925 2479 980 multo
2503 931 2615 980 tem
2627 933 2846 997 pore,et
2875 929 3164 988 introduxi
3191 953 3292 992 vos
3310 940 3378 992 ad
3405 944 3520 995 ter-

1871 1028 1998 1068 ram
2029 1013 2480 1086 Amorrhaei.qui
2503 1015 2805 1071 habitabat
2827 1023 2988 1074 trans
3008 1021 3521 1084 Jordanem.Cum-

1873 1116 1988 1172 que
2018 1108 2352 1174 pugnarent
2380 1110 2584 1160 contra
2606 1121 2726 1175 vos,
2747 1108 2963 1162 tradidi
2993 1126 3093 1165 eos
3115 1112 3172 1166 in
3198 1129 3404 1172 manus
3423 1134 3522 1173 ve-

1874 1194 2049 1258 stras,
2072 1195 2130 1245 et
2154 1191 2498 1262 possedistis
2533 1203 2742 1248 terram
2771 1210 2999 1261 eorum,
3025 1207 3193 1270 atque
3223 1202 3522 1261 interfeci-

1874 1280 1983 1334 stis
2013 1278 2164 1334 illos.
2189 1281 2450 1336 Surrexit
2473 1286 2669 1338 autem
2703 1283 2895 1351 Balac,
2923 1286 3078 1343 ﬁlius
3106 1291 3388 1362 Sepphor,
3423 1311 3524 1350 rex

1874 1367 2062 1438 Moab,
2087 1373 2143 1423 et
2163 1371 2442 1440 pugnavit
2459 1377 2658 1426 contra
2679 1372 3252 1450 Israelem.Misitque
3272 1386 3329 1437 et
3348 1399 3519 1439 voca-

1879 1458 1950 1511 vit
1977 1458 2210 1512 Balaam
2236 1458 2419 1514 illium
2445 1464 2606 1528 Beor,
2634 1467 2696 1516 ut
2718 1462 3092 1522 malediceret
3113 1469 3274 1525 vobis
3301 1488 3312 1525 :
3337 1475 3394 1526 et
3417 1486 3523 1544 ego

1878 1544 2040 1601 nolui
2088 1545 2290 1602 audire
2337 1563 2492 1616 eum,
2528 1552 2624 1604 sed
2662 1554 2987 1609 econtrario
3018 1571 3120 1626 per
3150 1557 3315 1614 illum
3349 1562 3525 1617 bene-

1879 1636 1996 1689 dixi
2026 1635 2212 1702 vobis,
2242 1642 2298 1691 et
2344 1635 2585 1692 liberavi
2632 1655 2734 1694 vos
2777 1641 2847 1696 de
2895 1660 3072 1698 manu
3105 1646 3252 1716 ejus.
3284 1649 3530 1705 Transi-

167 1736 297 1793 Unus
315 1755 342 1794 θ
359 1737 522 1794 vobis
545 1742 929 1810 persequetur
944 1735 1203 1792 hostium
1228 1733 1387 1789 mille
1409 1733 1564 1838 viros
1588 1748 1601 1787 :
1635 1730 1771 1831 quia
1803 1773 1848 1838 Β
1881 1724 2110 1838 stisque
2136 1725 2476 1838 Jordanem,
2497 1729 2819 1838 etvenisti‘s
2840 1732 2908 1838 ad
2943 1733 3196 1832 Jericho.
3222 1737 3529 1809 Pugnave-

168 1825 409 1882 Dominus
436 1826 599 1882 Dens
619 1830 809 1880 vester
829 1841 932 1896 pro
954 1825 1117 1880 vobis
1139 1825 1263 1896 ipse
1283 1821 1591 1895 pugnabit,
1615 1821 1770 1876 sicut
1803 1816 1848 1838 ”
1881 1816 2131 1882 runtque
2163 1818 2365 1869 contra
2393 1831 2493 1870 vos
2525 1816 2633 1870 viri
2663 1818 2913 1874 civitatis
2944 1823 3093 1891 ejus,
3129 1827 3525 1898 Amorrhaeus,

169 1913 418 1985 pollicitus
438 1917 678 1969 est.Hoc
700 1919 929 1969 tantum
951 1912 1406 1984 diligentissime
1436 1916 1770 1982 praecavete,

170 2008 217 2058 ut
240 2003 479 2072 diligatis
515 2003 825 2058 Dominum
866 2002 1052 2057 Deum
1085 2006 1362 2056 vestrum.
1395 1999 1554 2063 Quod
1589 1997 1638 2052 si
1669 2014 1773 2051 voc

168 2091 353 2148 lueritis
383 2093 653 2165 gentium
698 2091 930 2157 harum,
963 2107 1089 2161 qua
1139 2089 1291 2144 inter
1335 2105 1438 2144 vos
1485 2086 1774 2153 habitant,

164 2182 414 2238 erroribus
465 2181 786 2247 adhaerere,
811 2185 867 2235 et
905 2196 1038 2236 cum
1071 2177 1156 2235 eis
1188 2179 1433 2234 miscere
1463 2176 1772 2245 connubia,

164 2273 300 2340 atque
344 2269 636 2326 amicitias
667 2268 940 2340 copulare
973 2285 986 2322 :
1029 2268 1157 2338 jam
1191 2283 1348 2322 nunc
1380 2265 1586 2320 scitote
1615 2263 1773 2335 quod

163 2354 400 2413 Dominus
433 2359 594 2413 Deus
623 2361 817 2413 vester
843 2372 958 2412 non
1007 2371 1105 2412 eas
1146 2354 1338 2412 deleat
1385 2359 1518 2410 ante
1566 2352 1770 2408 faciem

162 2451 390 2511 vestram,
413 2447 516 2502 sed
552 2446 676 2502 sint
702 2445 870 2502 vobis
899 2446 957 2500 in
992 2446 1217 2500 foveam
1269 2461 1335 2500 ac
1386 2443 1686 2514 laqueum,
1718 2445 1775 2496 et

165 2533 541 2590 oﬂ'endiculum
577 2551 645 2589 ex
676 2533 854 2590 latere
881 2539 1098 2603 vestro,
1147 2537 1208 2588 et
1256 2533 1433 2588 sudes
1480 2531 1537 2586 in
1588 2529 1774 2586 oculis

164 2623 354 2688 vestris,
383 2625 573 2680 donec
598 2639 701 2678 vos
729 2623 956 2677 auferat
984 2625 1159 2692 atque
1189 2621 1492 2691 disperdat
1521 2621 1590 2674 de
1623 2622 1775 2674 terra

164 2709 249 2766 hac
273 2713 509 2783 optima,
553 2727 733 2783 quam
766 2711 1010 2767 tradidit
1043 2710 1229 2765 vobis.
1253 2711 1331 2781 (Ο.
1367 2709 1523 2779 CVI.)
1555 2712 1634 2762 En
1666 2722 1773 2779 ego

162 2797 301 2855 hodie
323 2801 616 2870 ingrediar
634 2800 788 2855 viam
821 2800 1104 2854 universas
1136 2803 1324 2867 terrae,
1347 2803 1404 2852 et
1423 2801 1542 2852 toto
1575 2797 1770 2851 corde‘

164 2891 207 2940 et
223 2893 326 2944 toto
348 2890 546 2944 animo
580 2888 970 2960 cognoscetis,
994 2888 1146 2959 quod
1173 2888 1246 2942 de
1267 2886 1542 2943 omnibus
1557 2886 1771 2952 verbis,

160 2991 262 3046 quae
288 2993 343 3032 se
371 2978 661 3033 Dominus
693 2977 1090 3048 praestiturum
1119 2975 1286 3031 vobis
1315 2991 1445 3031 esse
1476 2973 1774 3046 pollicitus

162 3070 249 3131 est,
275 3082 443 3122 unum
498 3081 622 3121 non
673 3064 1014 3137 praeterierit
1062 3062 1386 3119 incassum.
1418 3063 1579 3117 Sicut
1636 3077 1771 3134 ergo

1879 1905 1936 1954 et
1975 1900 2335 1966 Pherezaeus,
2367 1908 2423 1958 et
2450 1903 2829 1974 Chananasus,
2863 1915 2918 1963 et
2951 1911 3264 1982 lletthzeus,
3297 1920 3352 1970 et
3385 1916 3525 1971 Ger-

1880 2005 2127 2059 geszeus,
2158 1997 2214 2045 et
2243 1991 2466 2059 Evaeus,
2497 1998 2552 2048 et
2580 1994 2906 2067 Jebusmus,
2938 2004 2996 2054 et
3029 2003 3241 2057 tradidi
3294 2004 3424 2060 illos
3463 2004 3524 2061 in

1882 2095 2096 2133 manus
2124 2084 2370 2135 vestras.
2397 2083 2476 2140 (C.
2503 2083 2694 2141 CVII.)
2731 2085 2974 2156 Misique
3005 2095 3136 2144 ante
3165 2108 3270 2148 vos
3301 2094 3526 2149 crabro-

1882 2182 2032 2221 nes:
2089 2173 2146 2222 et
2194 2169 2445 2238 ejeci(h.
2473 2175 2531 2225 et
2560 2172 2876 2245 eiecerunt)
2926 2192 3025 2232 eos
3073 2180 3144 2233 de
3192 2179 3334 2235 locis
3380 2183 3524 2252 suis,

1881 2257 2029 2311 duos
2077 2272 2243 2328 reges
2291 2259 2787 2328 Amorrhaaorum,
2822 2281 2935 2318 non
2967 2265 3022 2320 in
3065 2267 3262 2338 gladio
3312 2287 3418 2326 nec
3465 2271 3524 2326 in

1881 2359 2019 2398 arcu
2051 2349 2172 2399 tuo.
2203 2346 2477 2416 Deditque
2501 2348 2664 2402 vobis
2696 2354 2906 2405 terram
2939 2351 2997 2406 in
3032 2371 3145 2424 qua
3173 2373 3284 2411 non
3310 2355 3530 2414 labora-

1879 2432 2009 2501 stis,
2031 2437 2088 2486 et
2110 2433 2282 2488 urbes
2311 2451 2458 2505 quas
2491 2453 2606 2491 non
2635 2438 2990 2512 aedificastis,
3016 2448 3080 2497 ut
3103 2443 3444 2502 habitaretis
3465 2447 3524 2502 in

1879 2522 1963 2575 eis
1998 2537 2010 2574 :
2046 2522 2242 2576 vineas
2272 2527 2328 2577 et
2358 2523 2589 2588 oliveta,
2623 2541 2750 2597 quae
2802 2545 2916 2583 non
2969 2529 3282 2601 plantastis
3312 2535 3393 2601 [h.
3430 2552 3524 2592 co-

1881 2609 2160 2681 meditis].
2187 2611 2354 2666 Nunc
2382 2628 2519 2684 ergo
2546 2613 2746 2670 timete
2776 2615 3113 2689 Dominum,
3147 2627 3204 2676 et
3234 2624 3443 2680 servits
3473 2624 3526 2680 ei

1879 2699 2135 2770 perfecto
2179 2701 2352 2755 corde
2389 2705 2564 2773 atque
2589 2705 2936 2761 verissimo:
2987 2713 3043 2763 et
3093 2711 3314 2766 auferte
3361 2713 3523 2781 deos,

1881 2788 2097 2859 q'uibus
2129 2789 2454 2844 servierunt
2504 2795 2697 2862 patres
2727 2795 2900 2848 vestri
2932 2795 2989 2851 in
3023 2801 3436 2870 Mesopotamia
3467 2808 3525 2857 et

1877 2876 1934 2930 in
1969 2877 2233 2950 IEgypto,
2266 2895 2333 2933 ac
2364 2880 2573 2935 servits
2605 2881 2871 2938 Domino.
2903 2884 3004 2939 Sin
3059 2892 3253 2943 autem
3301 2890 3520 2946 malum

1878 2965 2041 3020 vobis
2055 2966 2616 3024 videturutDomino
2629 2972 2914 3040 servistis,
2937 2975 3094 3045 optio
3117 2977 3280 3033 vobis
3302 2979 3476 3034 datur
3509 2997 3521 3035 :

1879 3053 2072 3120 eligite
2104 3055 2276 3112 hodie
2324 3059 2476 3128 quod
2534 3058 2741 3130 placet,
2774 3061 2864 3116 cui
2897 3065 3112 3118 servire
3145 3067 3521 3137 potissimum

157 3150 382 3223 implevit
409 3170 587 3224 opere
619 3135 772 3225 (1ιῇοα
807 3151 1094 3224 promisit,
1125 3157 1182 3207 οι
1231 3168 1511 3223 prospera
1559 3158 1770 3206 cuncta,
1799 3135 1842 3201 C
1882 3144 2163 3207 debeatis,
2197 3150 2393 3200 utrum
2427 3147 2542 3202 diis
2570 3148 2786 3218 quibus
2843 3135 3174 3210 servierunt
3203 3162 3398 3227 patres
3428 3175 3524 3215 vs-

157 3248 436 3298 venerunt:
461 3244 552 3299 sic
585 3242 834 3298 adducet
854 3255 1147 3312 supervos
1170 3239 1453 3312 quidquid
1483 3239 1770 3295 malorum

163 3330 523 3387 comminatus
545 3335 658 3397 est,
683 3330 867 3385 donec
891 3345 993 3384 vos
1015 3330 1240 3384 auferat
1272 3333 1445 3400 atque
1476 3328 1776 3399 disperdat

166 3419 218 3473 de
241 3424 380 3476 terra
409 3422 522 3477 hac
557 3419 803 3491 optima,
835 3434 1012 3490 quam
1047 3417 1290 3472 tradidit
1313 3417 1498 3488 vobis,
1522 3434 1588 3473 eo
1619 3415 1774 3488 quod

161 3510 518 3577 preterierilis
548 3512 788 3580 pactum
819 3506 1050 3563 Domini
1084 3506 1184 3562 Dei
1214 3506 1586 3578 vestri,quod
1620 3503 1782 3578 pepi-

165 3596 228 3665 git
249 3598 568 3668 vobiscum,
591 3601 647 3652 et
677 3595 991 3652 servieritis
1016 3595 1131 3651 diis
1163 3595 1392 3664 alienis,
1417 3601 1473 3651 et
1503 3597 1780 3652 adorave-

166 3681 263 3742 ritis
299 3703 433 3744 eos:
487 3687 608 3743 cito
657 3690 831 3758 atque
886 3683 1160 3741 velociter
1209 3691 1522 3754 consurget
1566 3683 1628 3739 in
1674 3701 1778 3741 vos

166 3773 294 3830 furor
319 3776 581 3840 Domini,
613 3780 671 3830 et
700 3774 1044 3831 auferemini
1089 3774 1161 3830 de
1214 3780 1367 3830 terra
1397 3773 1505 3829 hac
1535 3773 1778 3846 optima,

165 3876 306 3933 quam
337 3866 588 3922 tradidit
615 3865 802 3920 vobis.
1423 3893 1425 3896 ‹

218 3952 288 4020 (Β.
318 3954 582 4021 XXXIII,
623 3953 752 4025 Cap.
786 3951 1010 4021 XXIV.)
1051 3952 1550 4024 Congregavitque
1603 3951 1782 4008 Josue

163 4053 331 4100 omnes
359 4044 556 4100 tribus
590 4042 766 4098 Israel
797 4041 855 4097 in
885 4040 1136 4107 Sichem,
1163 4045 1221 4096 et
1248 4041 1473 4096 vocavit
1528 4043 1782 4112 majores

162 4134 296 4200 natu,
317 4148 378 4188 ac
408 4131 730 4203 principes,
754 4135 812 4186 et
835 4129 1090 4201 judices,
1122 4135 1180 4184 et
1210 4129 1524 4201 magistros
1557 4147 1570 4185 :
1604 4135 1783 4186 stete-

162 4223 376 4292 runtque
423 4222 486 4278 in
541 4223 861 4292 conspectu
904 4218 1000 4274 Dei
1050 4219 1230 4289 (Vulg.
1279 4217 1558 4288 Domini),
1603 4223 1659 4274 et
1709 4219 1781 4275 ad

163 4309 409 4379 populum
441 4311 531 4367 sic
567 4309 799 4366 locutus
829 4313 958 4364 est:
991 4311 1124 4363 Haec
1150 4306 1293 4362 dicit
1316 4307 1601 4363 Dominus
1635 4309 1784 4365 Deus

163 4391 308 4453 Israel
331 4415 343 4455 :
364 4400 563 4456 Trans
591 4397 833 4454 ﬂuvium
860 4396 1273 4453 habitaverunt
1293 4399 1488 4468 patres
1506 4397 1683 4452 vestri
1711 4397 1783 4454 ab

1882 3231 1988 3286 stri
2044 3233 2101 3286 in
2163 3233 2600 3303 Mesopotamia,
2634 3253 2706 3291 an
2767 3238 2881 3295 diis
2938 3241 3523 3313 Amorrhaaorurn,in

1883 3337 2133 3392 quorum
2166 3328 2320 3377 terra
2353 3323 2628 3380 habitatis
2662 3342 2674 3380 :
2708 3343 2812 3398 ego
2843 3335 3034 3386 autem
3068 3337 3125 3387 et
3153 3334 3365 3389 domus
3397 3353 3528 3391 mea

1884 3409 2205 3465 serviemus
2243 3412 2502 3467 Domino.
2537 3413 2965 3485 Responditque
2996 3421 3270 3492 populus,
3302 3428 3358 3478 et
3398 3424 3478 3478 ait
3511 3442 3524 3480 :

1883 3497 2052 3552 Absit
2076 3514 2109 3552 a
2139 3499 2308 3554 nobis
2336 3504 2399 3554 ut
2428 3500 2830 3573 relinquamus
2861 3505 3198 3579 Dominum,
3223 3516 3278 3566 et
3309 3514 3528 3568 servia-

1889 3602 2020 3641 mus
2051 3586 2164 3641 diis
2194 3587 2437 3644 alienis!
2474 3589 2758 3646 Dominus
2789 3593 2870 3663 [h.
2904 3597 3186 3659 Quoniam
3221 3599 3527 3672 Dominus]

1888 3674 2042 3730 Deus
2073 3680 2270 3730 noster
2296 3676 2422 3747 ipse
2451 3679 2651 3734 eduxit
2682 3697 2809 3749 nos,
2841 3686 2897 3737 et
2927 3689 3120 3754 patres
3172 3694 3424 3757 nostros,
3459 3691 3530 3746 de

1887 3767 2042 3819 terra
2083 3763 2334 3835 IEgypti,
2357 3767 2427 3820 de
2459 3767 2632 3822 domo
2664 3771 2995 3837 servitutis;
3050 3775 3301 3846 fecitque
3332 3777 3528 3834 viden-

1888 3853 2048 3908 tibus
2098 3853 2266 3908 nobis
2310 3855 2476 3926 signa
2522 3856 2803 3928 ingentia,
2848 3866 2905 3915 et
2951 3865 3268 3918 custodivit
3317 3884 3420 3922 nos
3469 3868 3528 3923 in

1889 3941 2049 3998 omni
2071 3942 2161 3998 via
2185 3959 2288 4025 per
2316 3960 2491 4015 quam
2524 3947 2981 4021 ambulavimus,
3006 3957 3062 4007 et
3094 3953 3152 4008 in
3183 3957 3410 4012 cunctis
3435 3974 3531 4028 po-

1891 4033 2047 4106 pulis
2094 4049 2197 4104 per
2243 4051 2392 4105 quos
2438 4038 2843 4097 transivimus.
2895 4042 2962 4098 Et
3002 4043 3172 4113 ejecit
3228 4045 3528 4103 universas

1889 4127 2114 4195 gentes,
2146 4129 2203 4179 et
2247 4125 2652 4182 Amorrhaeum
2703 4128 3090 4188 habitatorem
3136 4139 3319 4203 terrm,
3349 4154 3529 4208 quam

1891 4229 1999 4268 nos
2046 4212 2415 4270 intravimus.
2466 4216 2799 4274 Serviemus
2846 4219 3027 4291 igitur
3074 4222 3339 4296 Domino,
3392 4228 3532 4297 quia

1890 4303 2014 4372 ipse
2062 4308 2152 4358 est
2197 4308 2347 4359 Deus
2405 4309 2620 4362 noster.
2681 4307 2759 4377 [Ο.
2820 4307 2978 4379 CIX.]
3031 4310 3300 4385 Dixitque
3357 4315 3533 4370 Josue

1894 4391 1964 4446 ad
2033 4389 2314 4462 populum
2371 4409 2385 4448 :
2440 4392 2565 4449 Non
2625 4396 2890 4466 poteritis
2956 4400 3173 4456 servire
3232 4401 3528 4474 Domino;

163 4483 321 4543 initio.
351 4489 551 4545 Thare
582 4492 746 4561 pater
768 4485 1063 4542 Abraham
1087 4490 1146 4542 et
1163 4485 1394 4541 Nabor:
1429 4486 1785 4544 servierunt-
1816 4517 1860 4582 Β
1893 4479 2050 4579 ρεαδ
2105 4479 2260 4582 enim
2319 4485 2580 4582 ξᾶιξξιῐυε,
2615 4487 2673 4540 et
2720 4485 2888 4582 fortis
2937 4489 3239 4545 aemulator
3285 4497 3394 4561 est,
3429 4510 3533 4549 nec

164 4587 257 4644 que
298 4578 406 4634 diis
454 4575 857 4647 alienisrTuli
889 4592 1028 4648 ergo
1055 4579 1282 4647 patrem
1313 4579 1570 4630 vestrum
1600 4577 1786 4632 Abra-

163 4661 278 4720 ham
304 4667 371 4722 de
403 4665 845 4739 Mesopotamia
890 4664 1108 4720 ﬁnibus
1142 4681 1155 4720 :
1206 4669 1264 4720 et
1313 4663 1528 4720 adduxi
1557 4680 1692 4720 eum
1723 4664 1784 4721 in

162 4753 349 4810 terram
369 4755 654 4812 Chanaan
678 4753 1179 4826 multiplicavique
1197 4769 1395 4808 semen
1415 4753 1564 4823 ejus,
1580 4758 1635 4809 et
1656 4753 1787 4810 dedi

164 4841 204 4894 ei
230 4842 424 4902 Isaac:
477 4845 690 4918 illique
740 4859 975 4899 rursum
1022 4843 1156 4898 dedi
1198 4841 1376 4898 Jacob
1426 4845 1484 4898 et
1530 4842 1702 4898 Esau.
1744 4843 1788 4899 E

165 4930 372 5000 quibus,
404 4933 558 4989 Esau
594 4931 728 4988 dedi
762 4935 1022 4986 montem
1053 4928 1180 4985 Seir
1209 4929 1280 4984 ad
1313 4929 1735 5000 possidendum
1771 4947 1785 4988 :

161 5014 311 5076 Jacob
348 5038 484 5078 vero
516 5024 576 5077 et
605 5019 709 5076 ﬁlii
741 5021 870 5091 ejus
901 5019 1330 5075 descenderunt
1359 5017 1418 5072 in
1448 5018 1783 5090 (Egyptum.

163 5103 383 5182 Misique
413 5111 620 5167 Mosen
677 5113 734 5166 et
786 5111 1000 5176 Aaron,
1050 5112 1108 5164 et
1158 5109 1422 5179 percussi
1481 5112 1786 5181 Egyptum

163 5198 336 5256 multis
367 5199 562 5273 signis
593 5203 770 5270 atque
800 5197 1105 5270 portentis.
1142 5195 1445 5266 Eduxique
1476 5212 1574 5252 vos
1605 5202 1663 5252 et
1689 5212 1786 5268 pa-

164 5288 262 5343 tres
281 5293 504 5346 vestros
525 5287 596 5344 de
616 5290 945 5361 Egypto,et
965 5283 1208 5342 venistis
1230 5284 1302 5340 ad
1327 5299 1787 5356 mare,persecu-

1896 4570 2158 4641 ignoscet
2231 4570 2546 4628 sceleribus
2613 4575 2823 4631 vestris
2897 4581 3070 4648 atque
3140 4585 3412 4651 peccatis.
3473 4582 3534 4640 Si

1896 4657 2238 4713 dimiseritis
2290 4659 2628 4730 Dominum,
2661 4668 2720 4719 et
2763 4665 3082 4722 servieritis
3139 4668 3254 4724 diis
3307 4670 3535 4737 alienis,

1895 4753 2186 4803 convertet
2215 4763 2298 4814 se,
2329 4753 2386 4805 et
2405 4749 2627 4822 afﬂiget
2666 4769 2767 4809 vos
2810 4759 2984 4826 atque
3030 4758 3326 4814 subvertet
3375 4766 3540 4833 post-

1897 4852 2073 4908 quam
2102 4835 2268 4892 vobis
2299 4839 2638 4909 praestiterit
2676 4841 2849 4898 bona.
2883 4843 3154 4917 Dixitque
3184 4848 3434 4919 populus
3467 4850 3537 4904 ad

1895 4926 2072 4983 Josue
2099 4943 2113 4981 :
2145 4926 2527 4999 Nequaquam
2553 4930 2632 4985 ita
2658 4931 2995 5003 utloqueris
3017 4936 3148 5002 erit,
3174 4938 3273 4992 sed
3301 4939 3541 4993 Domino

1896 5014 2240 5072 serviemus.
2273 5020 2345 5071 Et
2371 5017 2546 5074 Josue
2578 5020 2647 5074 ad
2684 5021 2967 5092 populum
3005 5039 3016 5077 :
3069 5025 3294 5091 Testes,
3331 5026 3541 5096 inquit,

1895 5119 1997 5159 vos
2042 5104 2206 5172 estis,
2241 5103 2378 5174 quia
2425 5104 2538 5175 ipsi
2589 5104 2881 5178 elegeritis
2913 5109 3074 5166 vobis
3123 5111 3430 5167 Dominum
3481 5115 3547 5166 ut

1897 5193 2168 5248 servietis
2197 5192 2270 5247 ei.
2299 5192 2865 5266 Responderuntque
2899 5214 2912 5250 :
2945 5198 3166 5255 Testes.
3192 5199 3356 5254 Nunc
3383 5215 3541 5270 ergo,

1896 5284 1999 5349 ait,
2028 5281 2249 5337 auferte
2278 5281 2418 5338 deos
2449 5281 2671 5340 alienos
2716 5285 2786 5340 de
2838 5287 3030 5343 medio
3062 5287 3256 5354 vestri,
3289 5295 3344 5343 et
3375 5287 3510 5343 incli
3531 5321 3548 5330 -

229 5521 623 5580 'Exciderunt
651 5519 1024 5577 librariorum
1057 5517 1370 5577 oscitantia
1398 5533 1428 5576 θ
1458 5515 1730 5590 Vulgatis
1757 5514 1925 5572 libris
1958 5514 2077 5570 haec
2123 5515 2318 5586 verba,
2363 5522 2414 5570 et
2459 5519 2567 5572 toto
2612 5517 2790 5579 corde.
2839 5535 2968 5591 quae
3016 5520 3231 5574 nedum
3281 5521 3552 5578 Hebraeus

170 5595 340 5652 textus
369 5597 573 5663 habet,
602 5598 659 5651 et
685 5592 941 5650 Graecus.
