3982 6178
452 279 560 336 547

1492 288 1551 342 Β.
1594 284 2004 342 HIBBONYMI
2042 281 2165 339 DIV
2175 280 2299 337 INA
2335 279 2830 337 BIBLIOTHECA.

3760 290 3871 349 5&8

451 409 587 462 nate
606 407 782 462 corda
803 411 996 463 vestra
1017 408 1088 464 ad
1111 407 1426 465 Dominum
1456 408 1643 465 Deum
1676 407 1875 465 Israel.
1912 405 2100 464 Dixit-
2129 408 2185 472 Α
2215 408 2450 460 centum
2492 404 2691 461 decem
2733 421 3002 463 amorum
3040 423 3055 465 :
3086 406 3565 483 sepelieruntque
3613 428 3750 471 eum
3803 414 3863 473 in

450 510 567 567 que
605 497 860 569 pepulus
891 497 962 552 ad
994 500 1171 553 Josue
1195 513 1208 553 :
1234 496 1478 553 Domino
1508 499 1624 554 Deo
1656 502 1855 554 nostro
1888 495 2097 552 servie-

452 590 671 655 mus,et
700 586 1039 643 obedientes
1069 586 1291 642 erimus
1321 588 1626 660 praeceptis
1648 585 2099 659 ejus.Percussit

446 673 629 745 igitur
657 676 831 731 Iosue
861 674 921 730 in
953 676 1046 731 die
1075 674 1175 731 illo
1208 678 1416 745 foedus,
1450 681 1504 732 et
1533 678 1839 749 proposuit
1883 674 2097 748 populo

448 768 736 835 praecepta
786 768 962 835 atque
1006 764 1230 834 judicia
1280 765 1341 820 in
1369 765 1623 821 Sichem.
1661 768 1741 832 lC.
1772 765 1914 833 CIL]
1944 763 2097 818 Scri-

448 852 678 923 psitque
702 853 902 909 omnia
923 854 1100 909 verba
1119 854 1243 909 haec
1268 854 1325 909 in
1350 854 1645 911 volumine
1670 853 1815 926 legis
1838 851 2096 909 Domini:

443 945 502 997 et
522 941 658 997 tulit
687 942 940 1013 lapidem
972 944 1705 1017 pergrandem,posuitque
1728 960 1862 999 eum
1895 942 2099 999 subter

440 1047 881 1105 quercum,qua:
909 1037 1036 1089 erat
1070 1033 1129 1089 in
1163 1034 1503 1091 sanctuario
1536 1033 1767 1090 Domini
1796 1049 1810 1088 :
1845 1038 1903 1088 et
1949 1030 2098 1087 dixit

441 1120 513 1176 ad
546 1137 781 1177 omnem
814 1122 1098 1193 populum
1134 1139 1148 1178 :
1184 1124 1264 1177 En
1298 1122 1448 1194 lapis
1500 1123 1611 1179 iste
1662 1123 1773 1179 erit
1820 1122 1985 1177 vobis
2036 1122 2096 1177 in

438 1209 864 1276 testimonium,
896 1211 1051 1281 quod
1102 1211 1353 1266 audierit
1401 1213 1599 1267 omnia
1647 1212 1820 1267 verba
1867 1210 2095 1266 Domini

440 1313 566 1369 quas
588 1298 821 1355 locutus
841 1304 929 1355 est
950 1299 1113 1356 vobis
1146 1317 1159 1355 :
1192 1315 1262 1355 ne
1293 1304 1439 1356 forte
1474 1306 1675 1373 postea
1708 1316 1920 1371 negare
1951 1298 2099 1355 veli-

438 1387 538 1457 tis,
569 1393 627 1443 et
656 1390 892 1444 mentiri
925 1389 1174 1445 Domino
1204 1397 1321 1446 Deo
1354 1396 1566 1447 vestro.
1601 1390 1958 1463 Dimisitque
1990 1406 2094 1462 po-

438 1478 670 1548 pulum,
705 1478 972 1551 singulos
1004 1480 1063 1535 in
1113 1479 1548 1551 possessionem
1600 1498 1791 1537 suam.
1841 1481 1908 1535 Et
1963 1484 2096 1551 post

437 1564 561 1621 hac
592 1570 859 1625 mortuus
886 1572 977 1625 est
1004 1568 1201 1637 Josue,
1230 1568 1382 1625 ﬁlius
1416 1569 1571 1637 Nun,
1605 1587 1809 1627 servus
1839 1567 2089 1637 Domini,

2216 494 2436 549 ﬁnibus
2465 495 2860 567 possessionis
2891 514 3012 552 suae
3044 498 3103 553 in
3136 498 3469 556 Thamnath
3519 503 3677 571 Sare,
3733 522 3863 576 quae

2209 584 2322 639 sita
2353 588 2442 639 est
2471 583 2761 640 inemonte
2794 585 3092 657 Ephraim,
3139 604 3173 643 a
3203 591 3647 661 septentrionali
3695 600 3859 666 parte

2210 674 2429 728 montis
2488 673 2659 730 Gaas.
2712 675 3014 747 Servitque
3085 677 3262 733 Israel
3335 681 3579 737 Domino
3629 685 3861 742 cunctis

2209 762 2418 819 diebus
2446 763 2642 831 Josue,
2676 770 2733 819 et
2753 764 3052 821 seniorum
3079 766 3178 837 qui
3204 767 3380 840 longa
3402 771 3676 827 vixerunt
3707 779 3862 829 tem-

2208 867 2346 924 pore
2376 857 2509 924 post
2534 853 2735 924 Josue,
2766 859 2823 909 et
2849 854 2949 925 qui
2981 862 3263 913 noverant
3290 858 3490 914 omnia
3518 876 3697 933 opera
3746 867 3858 919 Do-

2210 941 2356 996 mini
2387 957 2511 1012 qua
2544 942 2756 997 fecerat
2787 942 2845 997 in
2882 943 3083 1000 Israel.
3136 944 3283 1002 Ossa
3331 963 3567 1020 quoque
3611 950 3857 1023 Joseph,

2207 1045 2336 1101 quis
2366 1029 2623 1087 tulerant
2652 1030 2757 1086 ﬁlii
2788 1031 2969 1091 Israel
3001 1033 3072 1088 de
3098 1033 3364 1107 Egypto,
3399 1037 3762 1109 sepelierunt
3798 1041 3858 1097 in

2205 1122 2526 1191 Sichem,in
2561 1126 2722 1192 parte
2753 1121 2878 1194 agri
2910 1136 3081 1192 quem
3130 1129 3355 1180 emerat
3402 1125 3584 1183 Jacob
3632 1145 3668 1184 a
3720 1129 3861 1185 ﬁliis

2208 1211 2403 1277 Emor,
2438 1209 2622 1281 patris
2651 1208 2906 1275 Sichem,
2939 1214 3175 1267 centum
3227 1212 3473 1271 novellis
3520 1216 3754 1287 ovibus,
3805 1226 3865 1275 et

2205 1298 2314 1355 fuit
2345 1298 2403 1354 in
2435 1296 2869 1370 possessionem
2897 1297 3150 1355 ﬁliorum
3180 1302 3421 1373 Joseph.
3456 1303 3693 1362 Eleazar
3720 1323 3868 1379 quo-

2206 1403 2343 1460 que,
2368 1387 2528 1442 illius
2557 1391 2771 1454 Aaron,
2797 1391 3066 1444 mortuus
3097 1392 3187 1445 est
3210 1404 3223 1443 :
3248 1396 3306 1446 et
3334 1392 3695 1463 sepelierunt
3724 1412 3865 1454 eum

2203 1478 2264 1533 in
2296 1476 2559 1533 Gabaath
2594 1475 2840 1532 Phinees
2869 1475 2975 1532 ﬁlii
3006 1478 3155 1549 ejus,
3187 1494 3315 1550 qua
3364 1480 3503 1539 data
3548 1488 3639 1541 est
3687 1485 3741 1541 ei
3799 1486 3864 1542 in

2204 1570 2460 1622 montem
2488 1564 2793 1637 Ephraim.

1682 1696 1924 1769 Explica
1953 1694 2101 1751 liber
2124 1697 2292 1750 Josue
2323 1692 2423 1748 ben
2450 1692 2597 1748 Nan.

1671 1999 1932 2061 TITULI
1977 1996 2188 2059 LIBRI
2231 1994 2601 2058 JUDICUM.

436 2321 479 2375 Ι.
514 2319 650 2376 Post
683 2328 929 2377 mortem
959 2325 1136 2378 Josue
1167 2321 1588 2378 consuluerunt
1619 2321 1723 2377 ﬁlii
1753 2319 1932 2378 Israel
1968 2322 2071 2376 Do-
2104 2334 2151 2399 Β

502 2409 754 2479 minum,
775 2410 911 2482 quis
941 2416 1096 2467 esset
1126 2413 1245 2466 dux
1275 2410 1432 2480 belli;
1466 2417 1523 2468 et
1554 2410 2070 2467 DominuszJudas.

499 2488 905 2555 Adonibesech
920 2516 1024 2556 vex
1040 2502 1111 2556 ab
1127 2500 1303 2557 Israel
1321 2497 2077 2572 comprehenditur;deinde

499 2585 928 2644 Cariath-Arbe
959 2593 1016 2645 et
1045 2594 1262 2645 caeteris
1294 2589 1575 2645 civitates.
1626 2589 1707 2645 De
1750 2587 1968 2646 Chaleb
2017 2589 2076 2642 et

494 2676 630 2744 Aza,
664 2675 784 2732 ﬁlia
814 2679 946 2748 ejus
981 2696 995 2735 :
1032 2679 1103 2734 de
1135 2693 1273 2751 agro
1300 2678 1615 2751 postulato,
1648 2682 1705 2733 et
1735 2679 1807 2733 de
1855 2677 2008 2733 Gaza
2057 2691 2071 2730 :

494 2764 564 2819 de
597 2764 736 2820 ﬁliis
770 2766 921 2822 Enac
951 2767 1255 2823 exstinctis
1287 2784 1303 2824 :
1335 2768 1406 2823 de
1438 2766 1658 2836 Betbel,
1693 2767 1763 2823 de
1791 2767 1966 2833 Luza,
2016 2768 2074 2821 et

494 2851 733 2910 homine
763 2856 1057 2926 proditore
1086 2858 1237 2927 ejus,
1260 2873 1512 2927 quarum
1544 2873 1676 2911 cum
1710 2855 2072 2910 habitatores

498 2958 613 2996 non
644 2943 1022 3011 delevissent,
1054 2950 1257 3016 postea
1292 2946 1503 3001 reversi
1534 2949 1956 3018 oppresserunt
1986 2944 2072 2999 Is-

2254 2319 2475 2376 Multus
2496 2322 2585 2375 est
2600 2322 2797 2374 tecum
2818 2317 3185 2391 populus.Ad
3204 2336 3389 2393 aquas
3414 2322 3769 2394 probantur,
3792 2329 3857 2382 et

2258 2407 2503 2465 trecenti
2518 2408 2625 2463 viri
2641 2408 2805 2480 probi
2826 2408 3483 2482 inveniuntur;etjussu
3497 2413 3733 2469 Domini
3748 2415 3863 2470 de-

2255 2498 2484 2553 scendit
2504 2496 2563 2551 in
2588 2502 2803 2566 castra,
2822 2506 2875 2552 et
2901 2498 3065 2553 audit
3087 2500 3383 2556 somnium
3406 2504 3754 2559 referentem
3780 2503 3860 2560 de

2256 2590 2537 2658 proventu
2564 2585 2722 2641 belli.
2750 2586 2828 2641 De
2850 2586 3123 2642 Salmana
3145 2591 3203 2644 et
3222 2588 3424 2651 Zebee.
3450 2589 3529 2647 De
3560 2590 3733 2647 Oreb.
3773 2596 3858 2649 De

2254 2676 2395 2732 viris
2421 2675 2693 2745 Socchot,
2725 2680 2782 2732 et
2812 2676 2883 2731 de
2912 2680 3075 2733 turre
3104 2677 3386 2751 Phanuel,
3420 2683 3476 2734 et
3505 2696 3613 2736 cxx
3652 2680 3855 2737 millia

2252 2766 2605 2821 occisorum.
2662 2770 2744 2820 De
2792 2765 3101 2821 inauribus
3168 2767 3361 2823 aureis
3409 2785 3443 2823 a
3488 2770 3721 2825 Gedeon
3777 2772 3856 2828 de

2251 2857 2445 2926 praeda
2475 2852 2812 2926 postulatis,
2864 2859 2921 2910 et
2972 2854 3042 2911 de
3091 2860 3275 2912 morte
3323 2856 3522 2936 quieta
3569 2859 3851 2929 ejusdem

2253 2944 2513 3000 Gedeon.

498 3030 712 3087 raelem
753 3050 766 3088 :
800 3038 856 3089 et
886 3000 1130 3106 angelus
1159 3000 1684 3103 Dominivenit‘,.et
1713 3033 2074 3106 improperat
2180 3031 2247 3089 V.
2272 3033 2487 3088 Iterum
2520 3037 2907 3104 peccaverunt
2927 3032 3031 3087 ﬁlii
3057 3000 3252 3101 Israel,
3272 3038 3329 3089 et
3359 3035 3695 3093 Abimelech
3729 3054 3852 3094 na-

493 3119 577 3174 eis
610 3120 907 3178 ﬂentibus.

422 3206 611 3263 II.Ubi
643 3214 925 3283 tanquam
954 3228 1088 3267 mox
1109 3218 1409 3269 mortuum
1431 3213 1608 3270 Josue
1629 3214 2068 3277 commemorat,

489 3298 888 3356 etsenioribus
903 3301 1193 3358 timoratis
1210 3302 1452 3358 mortuis
1468 3301 1691 3358 novella
1703 3310 1838 3356 aetas
1853 3298 2070 3356 lasciva

492 3388 932 3461 succrevit,quaa
954 3390 1137 3446 Deum
1163 3392 1399 3448 omnino
1424 3409 1537 3448 non
1560 3390 1822 3459 coluit;et
1844 3388 2066 3445 Baalim

480 3475 790 3533 serviendo
825 3478 1137 3535 Dominum
1166 3480 1238 3535 ad
1264 3480 1629 3536 iracundiam
1655 3478 2069 3552 provocavit;et

480 3562 723 3620 tradidit
753 3582 852 3621 eos
883 3566 941 3621 in
976 3568 1253 3623 manibus
1283 3568 1653 3625 hostium.De
1683 3567 1942 3639 quinque
1972 3581 2066 3620 sa-

484 3653 670 3724 trapis
694 3655 1139 3714 Philistinorum
1165 3658 1383 3715 relictis
1407 3675 1420 3715 :
1446 3660 1517 3715 de
1538 3658 1677 3714 ﬁliis
1704 3658 2063 3714 Chananeo-

476 3757 609 3796 rum
644 3744 886 3801 sociatis
921 3764 936 3804 :
969 3746 1040 3802 de
1070 3746 1310 3804 Chuzan
1345 3747 1685 3803 Ilazatbaim
1729 3747 2062 3818 Mesopoto-

482 3829 613 3885 miaa
646 3837 699 3887 et
734 3833 803 3889 de
830 3833 1118 3904 Othoniel,
1153 3852 1287 3910 rege
1318 3836 1518 3893 Israel.

407 3915 917 3978 III.Peccaverunt
946 3923 1050 3979 ﬁlii
1084 3926 1355 3993 Israel,et
1384 3925 1626 3981 tradidit
1650 3940 1749 3981 cos
1780 3922 2066 3979 Dominus

470 4005 656 4079 Eglon
690 4011 837 4084 regit
868 4011 1062 4082 Moab;
1084 4018 1141 4069 et
1172 4013 1575 4071 clamaverunt
1606 4015 1679 4069 ad
1711 4013 2057 4079 Dominum,

471 4096 529 4148 et
558 4096 862 4153 suscitavit
891 4098 976 4154 eis
1006 4101 1154 4167 Aod,
1208 4100 1403 4156 ﬁlium
1455 4101 1624 4168 Gera,
1675 4116 1803 4172 quae
1851 4099 2063 4155 occidit

474 4181 657 4252 Eglon
701 4202 993 4257 crassum,
1033 4189 1391 4246 elMoabitas
1440 4191 1646 4246 decem
1703 4188 1921 4246 millia.
1981 4188 2061 4244 De

474 4270 742 4347 Samgari
772 4275 894 4332 ﬁlio
923 4277 1141 4345 Anath,
1174 4278 1274 4349 qui
1309 4279 1527 4335 occidit
1558 4284 1866 4335 sexcentos
1902 4279 2059 4334 viros

472 4365 951 4421 vomere.Iterum
982 4372 1457 4438 peccaverunt,et
1484 4367 1685 4424 traditi
1718 4372 1858 4424 sunt
1887 4366 2058 4425 Jabin

474 4451 594 4523 regi
620 4468 632 4506 :
661 4452 919 4510 Debbora
948 4459 1005 4511 et
1035 4456 1281 4522 Barach,
1315 4456 1571 4513 exercitu
1604 4458 1798 4525 ducto,
1831 4457 2060 4513 occide-

472 4546 610 4595 runt
638 4541 833 4598 Jabin.
861 4548 938 4600 De
966 4544 1157 4614 Jabel,
1191 4562 1368 4602 uxore
1403 4546 1608 4615 Ilaber,
1635 4562 1763 4617 quae
1795 4545 1927 4617 palo
1960 4562 2059 4601 oc-

472 4628 613 4683 cidit
642 4630 929 4688 Sisarum.
965 4634 1035 4689 Et
1059 4634 1355 4691 canticum
1388 4635 1663 4691 Debbora:
1694 4641 1752 4691 et
1782 4635 1983 4690 Barac.

396 4712 813 4776 1V.Peceantes
846 4722 1062 4777 iterum
1096 4723 1297 4779 traditi
1328 4727 1469 4779 sunt
1498 4722 1558 4779 in
1592 4740 1768 4780 manu
1795 4724 2053 4791 Madian,

476 4810 534 4860 et
565 4804 856 4864 humiliati
890 4808 1150 4866 clamant
1208 4813 1279 4868 ad
1310 4812 1650 4879 Dominum;
1684 4819 1740 4868 et
1770 4812 1952 4869 mittit
1981 4814 2053 4869 ad

473 4910 574 4950 eos
600 4896 1380 4973 prophetam,improperans
1401 4902 1886 4973 angelusDomini
1901 4901 2056 4958 venit

2093 3703 2134 3770 C

2250 3120 2458 3177 turalis
2486 3122 2715 3178 Gedeon
2748 3122 3050 3193 conspirat
3077 3139 3210 3178 cum
3242 3123 3844 3183 Sicbimitis.Condu-

2249 3211 2359 3267 ctis
2380 3210 2543 3282 vagis
2565 3210 2780 3267 occidit
2801 3211 3177 3283 septuaginta
3196 3212 3371 3282 viros,
3389 3212 3543 3269 ﬁlios
3573 3215 3841 3286 Gedeon,

2248 3316 2278 3354 e
2300 3300 2517 3370 quibus
2537 3299 2795 3355 Jonatha
2820 3299 3011 3355 minor
3032 3301 3502 3371 absconditus,in
3526 3308 3842 3375 posterum

2247 3388 2423 3455 venit,
2449 3392 2505 3443 et
2534 3388 2678 3443 dicit
2709 3404 2888 3460 super
2916 3405 3014 3444 eos
3046 3388 3495 3461 parabolam.De
3523 3391 3688 3462 Gaal,
3714 3392 3846 3449 ﬁlio

2246 3477 2462 3547 Hebed,
2498 3476 2598 3549 qui
2630 3493 2764 3532 cum
2802 3478 3084 3533 fratribus
3116 3478 3241 3534 suis
3272 3480 3487 3535 transit
3527 3480 3589 3536 in
3638 3481 3845 3537 Sicbi-

2246 3582 2405 3621 mam
2436 3569 2493 3621 et
2520 3565 2719 3633 Zebul,
2752 3567 3027 3638 princeps
3056 3566 3332 3635 civitatis,
3368 3568 3549 3629 mittit
3577 3570 3651 3625 ad
3694 3571 3843 3626 Abi-

2245 3653 2469 3710 melech
2501 3654 2747 3713 occulte.
2780 3655 3169 3711 Committunt
3198 3656 3487 3727 praelium.
3540 3657 3623 3714 De
3668 3664 3843 3715 turre

2244 3744 2770 3813 Sicbimorum,ubi
2804 3744 2965 3799 fumo
2997 3748 3051 3799 et
3083 3744 3216 3816 igne
3248 3743 3410 3801 mille
3440 3745 3714 3807 homines
3740 3764 3849 3819 pe-

2240 3833 2577 3897 riorunt.De
2608 3832 2822 3905 populo
2847 3832 3174 3901 Thebes,et
3195 3837 3356 3888 turre
3385 3833 3444 3889 in
3477 3834 3671 3892 medio
3701 3837 3844 3906 ejus

2238 3920 2605 3989 ﬁrmissima,
2639 3922 2711 3976 ad
2744 3937 2921 3993 quam
2956 3922 3240 3977 accedens
3279 3921 3639 3991 Abimelech,
3684 3924 3843 3995 jecit

2237 4008 2449 4065 mulier
2477 4010 2874 4082 fragmentum
2908 4009 3098 4081 molae,
3130 4016 3188 4066 et
3218 4012 3431 4067 occidit
3454 4029 3612 4068 eum.

2163 4099 2259 4156 VI.
2292 4099 2428 4155 Post
2457 4098 2795 4155 Abimelech
2830 4100 3087 4155 surrexit
3114 4099 3327 4157 Thola:
3346 4106 3481 4173 post
3509 4118 3645 4158 eum
3673 4102 3835 4159 Jair.

2235 4192 2454 4245 Iterum
2483 4193 2870 4260 peccaverunt
2895 4187 2998 4243 ﬁlii
3024 4188 3202 4245 Israel
3226 4194 3361 4261 Deo,
3378 4195 3436 4246 et
3457 4190 3664 4247 traditi
3687 4199 3845 4249 sunt

2235 4276 2610 4345 Philisthaais;
2645 4284 2701 4332 et
2734 4275 2934 4333 aiIIicti
2966 4276 3145 4334 nimis
3175 4277 3578 4336 clamaverunt
3607 4280 3680 4336 ad
3713 4285 3844 4339 Do-

2234 4367 2465 4423 minum
2496 4367 2758 4422 dicentes
2796 4383 2809 4420 :
2844 4366 3220 4423 Peccavimus
3250 4367 3380 4425 tibi.
3410 4367 3694 4425 Similiter
3726 4386 3839 4426 se-

2231 4456 2445 4523 condo,
2462 4460 2519 4513 et
2549 4456 2828 4512 misertus
2860 4460 2949 4512 est
2978 4454 3206 4513 illis.De
3233 4456 3486 4529 Jephthe
3517 4456 3845 4517 Galaadite

2232 4545 2552 4602 constituto
2586 4544 2852 4616 principe
2877 4561 3057 4615 super
3086 4545 3366 4601 Israel.Et
3395 4545 3615 4616 legatos
3645 4548 3849 4604 mittit

2230 4636 2303 4691 ad
2336 4633 2720 4690 Philisthiim.
2740 4633 2820 4689 De
2845 4639 2976 4689 voto
3010 4634 3139 4703 ejus
3167 4635 3495 4691 temerario.
3528 4634 3610 4691 De
3640 4636 3842 4693 victo-

2230 4725 2317 4781 ria
2346 4723 2503 4795 belli,
2529 4726 2587 4779 et
2617 4727 2804 4778 morte
2838 4722 2991 4779 ﬁlias.
3033 4722 3114 4778 De
3147 4723 3401 4779 editione
3432 4724 3491 4780 in
3518 4723 3841 4797 Ephraim.

2228 4815 2367 4868 Post
2396 4810 2650 4883 Jephthe
2677 4810 2933 4865 surrexit
2983 4811 3275 4875 Abessan,
3308 4810 3519 4866 deinde
3565 4810 3837 4870 Abialon

2229 4906 2286 4957 et
2304 4901 2531 4957 Ahdon.
2566 4898 2820 4955 Rursum
2848 4900 2918 4954 de
2950 4903 3185 4970 peccato
3219 4898 3421 4956 Israel.

473 4985 543 5038 ad
581 4985 814 5042 Gedeon
846 4987 1140 5045 frumenta
1169 4995 1473 5058 terentem,
1507 4995 1564 5046 et
1594 4990 1749 5046 mala
1780 5008 1907 5062 quas
1940 4991 2053 5047 sibi
2158 4989 2367 5049 VII.De
2398 4989 2667 5052 Menube,
2687 4987 2780 5043 cui
2818 4986 3065 5060 angelus
3096 4987 3480 5059 apparuitDe
3510 4988 3844 5047 nativitate

474 5072 828 5146 acciderant,
861 5083 1188 5148 enumerat,
1210 5084 1269 5135 et
1299 5080 1465 5134 audit
1521 5080 1753 5135 Gedeon
1788 5080 1945 5152 quod
1979 5071 2130 5152 perD

474 5177 538 5217 se
565 5163 762 5234 ipsum
795 5164 1153 5223 liberaturus
1182 5173 1338 5223 esset
1367 5167 1652 5225 Dominus
1676 5169 2053 5225 Israelem.De

472 5254 760 5312 sacriﬁcio
792 5257 986 5314 oblato
1017 5263 1074 5314 et
1102 5259 1250 5314 dixit
1280 5258 1559 5315 Dominus
1590 5260 1661 5315 ad
1694 5276 1825 5315 eum
1860 5264 2047 5330 nocte,

473 5348 535 5398 ut
568 5344 867 5403 destructa
899 5364 995 5403 ara
1028 5347 1186 5416 Baal,
1220 5354 1277 5403 et
1313 5347 1445 5403 luco
1493 5348 1707 5415 exciso,
1760 5350 1831 5405 de
1880 5355 2048 5406 tauro

473 5436 805 5503 septenario
840 5436 1021 5508 patris
1051 5436 1139 5491 tui
1167 5436 1372 5492 offerat
1399 5436 1775 5493 sacriﬁcium.
1800 5443 1878 5494 De
1909 5456 2044 5494 con-

471 5529 668 5592 ventu,
699 5529 758 5579 et
786 5524 1140 5580 Madianitis.
1186 5525 1441 5595 Gedeon,
1489 5524 1697 5582 vellere
1746 5528 1936 5599 posito
1987 5528 2048 5584 in

472 5626 629 5680 area,
663 5612 870 5684 quaerit
898 5613 1159 5686 signum.
1191 5614 1479 5673 Dominus
1529 5615 1677 5673 dixit
1722 5617 1795 5674 ad
1844 5632 1980 5675 eum
2031 5633 2046 5673 :

2230 5078 2607 5150 Samson,qui
2640 5074 2879 5132 adultus
2910 5077 3136 5148 accepit
3159 5077 3462 5132 mulierem
3486 5078 3558 5133 de
3578 5076 3843 5137 ﬁliabus

2231 5167 2611 5226 Philisthiim.
2650 5167 2725 5221 De
2756 5164 2923 5222 leone
2952 5166 3144 5221 occiso
3199 5170 3256 5221 et
3305 5166 3431 5222 favo
3482 5165 3698 5223 mellis.
3758 5169 3846 5225 Et

2230 5255 2504 5331 proponit
2534 5253 2898 5327 parabolam,
2935 5270 3113 5326 quam
3154 5270 3299 5309 uxor
3329 5252 3590 5326 publicat
3643 5272 3658 5311 :
3706 5274 3844 5328 qua

2231 5348 2476 5403 dimissa
2534 5342 2698 5399 alteri
2742 5344 3013 5399 traditur.
3069 5343 3259 5398 Iratus
3311 5343 3558 5400 Samson
3609 5344 3839 5417 vulpes

2229 5437 2403 5508 capit,
2436 5439 2493 5491 et
2520 5432 2829 5504 colligatis,
2868 5435 3064 5505 ignem
3096 5432 3429 5504 supposuit,
3481 5437 3539 5489 et
3585 5442 3843 5506 segetes

2230 5523 2514 5584 accendit.
2547 5522 2628 5578 De
2659 5520 2899 5577 maxilla
2929 5520 3080 5577 asini
3112 5520 3275 5576 mille
3303 5520 3458 5576 viros
3489 5521 3729 5592 occidit,
3770 5531 3844 5581 et

2228 5616 2365 5674 inde
2393 5630 2547 5686 aqua
2575 5610 2690 5684 ipsi
2721 5610 2948 5669 sitienti
2975 5609 3288 5683 processit.
3331 5614 3405 5667 De
3434 5609 3704 5681 muliere,
3769 5620 3844 5673 et
