3982 6178
233 322 327 380 5'49
1606 317 1821 375 LIBER

2012 319 2194 377 (CUM.

3496 335 3603 391 550

290 443 452 518 portis
483 441 542 497 in
573 441 745 498 Gaza.
778 441 858 497 De
913 438 1259 510 Dalila,quaa
1290 453 1425 494 eum
1455 437 1844 510 accepit.Pro-
1877 450 1927 515 Α
2031 447 2194 511 grate
2224 444 2566 516 suscipitur.
2600 447 2678 503 De
2709 448 2911 505 latitia
2939 468 3160 520 eorum,
3193 461 3250 510 et
3282 455 3602 514 itinere.De

288 536 475 590 ductus
503 547 533 587 e
565 547 794 587 carcere
822 534 885 586 ut
915 530 1161 595 luderet,
1195 527 1480 598 templum
1513 543 1690 600 super
1739 543 1839 584 eos

292 639 394 678 una
421 636 619 676 secum
651 620 884 691 dejccit.

233 713 354 769 VIII.
391 713 458 767 De
489 711 674 766 Micha
702 714 761 764 et
793 709 950 764 mille
971 712 1205 764 centum
1229 705 1540 779 argenteis.
1578 711 1653 762 De
1685 706 1839 762 scul-

289 800 398 872 ptili
423 805 478 856 et
507 797 810 855 conﬁatili.
843 797 923 852 De
969 798 1084 854 alio
1140 795 1508 852 adolescente
1543 795 1841 851 Bethlebe-

286 889 432 958 mite,
466 890 565 960 qui
598 889 786 944 factus
807 892 897 943 est
925 887 1198 942 sacerdos
1230 885 1288 940 in
1321 887 1495 942 domo
1523 886 1732 941 Micha.
1761 885 1842 941 De

285 978 408 1034 ﬁliis
436 982 555 1034 Dan
587 977 868 1032 euntibus
902 974 1103 1032 Lacbis
1134 975 1540 1031 auferentibus
1573 976 1842 1031 sacerdo-

284 1075 409 1136 tem,
453 1071 512 1122 et
558 1065 734 1122 idola.
791 1065 872 1121 De
919 1063 1236 1134 Jonathan,
1294 1063 1414 1120 ﬁlio
1459 1064 1701 1132 Gersan,
1736 1062 1841 1118 ﬁlii

284 1155 472 1228 Moysi,
507 1156 806 1211 sacerdote
840 1154 999 1210 idoli.

226 1243 304 1301 IX.
335 1249 406 1300 De
422 1244 610 1300 Levita
623 1243 947 1315 accipiente
971 1257 1206 1298 uxorem
1220 1242 1290 1299 de
1303 1241 1643 1297 Bethlebem
1666 1241 1841 1308 Juda,

284 1351 384 1404 qua
413 1349 645 1389 reversa
671 1334 730 1387 in
762 1333 1006 1388 domum
1039 1331 1242 1403 patris,
1292 1332 1383 1385 vir
1421 1331 1550 1401 ejus
1602 1336 1844 1386 secutus

2021 529 2362 589 hominibus
2392 533 2591 591 Gabaa
2637 536 2940 608 Benjamin
2993 541 3232 614 iniquis,
3279 547 3379 617 qui
3409 548 3600 604 virum

2024 625 2309 691 appetunt
2341 638 2406 677 ac
2439 623 2762 681 mulierem.
2803 631 2877 683 Ue
2909 630 3090 685 abusa
3122 633 3450 702 muliere,et
3469 638 3606 692 fati-

2031 714 2185 780 gata,
2218 715 2275 765 et
2297 716 2550 768 mortua.
2588 716 2662 770 De
2693 717 2968 773 cadavere
2997 723 3122 790 ejus
3146 723 3331 778 diviso
3366 725 3422 779 in
3457 727 3602 782 duo-

2024 798 2212 853 decim
2247 805 2464 870 partes,
2498 807 2554 856 et
2585 804 2765 860 misso
2799 822 2900 877 per
2929 807 3237 865 duodecim
3273 815 3604 872 tribus.Pro

2025 887 2132 942 boc
2166 888 2314 943 facto
2345 890 2540 946 omnis
2573 895 2824 964 p0pulus
2866 909 3286 969 congregatur:
3322 904 3602 961 adversus

2023 978 2243 1032 tribum
2276 980 2579 1049 Benjamin
2614 980 2832 1038 bellum
2862 983 3128 1041 indicunt
3162 1006 3174 1042 :
3207 991 3387 1046 semel
3419 999 3474 1047 et
3502 994 3604 1049 ite-

2025 1081 2158 1119 rum
2190 1074 2576 1138 superantur;
2610 1071 2777 1126 tertio
2800 1073 3048 1129 victores
3070 1077 3380 1134 exsistunt.
3415 1083 3603 1138 Paeni-

2025 1154 2208 1210 tentia
2234 1156 2392 1211 ducti
2429 1157 2635 1214 ﬁentes
2656 1160 2857 1216 dolent
2889 1179 3066 1218 unam
3088 1167 3331 1236 periisse
3357 1171 3602 1240 tribum,

2026 1259 2094 1298 ex
2126 1260 2243 1315 qua
2274 1247 2562 1302 sexcentis
2612 1247 2751 1304 viris
2803 1254 3243 1310 remanentibus
3289 1259 3602 1318 consilium

2028 1331 2235 1387 ineunt
2267 1333 2520 1404 qualiter
2552 1337 2743 1393 tribus
2769 1355 2896 1410 quae
2929 1342 3140 1397 cecidit
3174 1353 3496 1416 reparetur.

223 1489 3607 1522 ΗΜ

1434 1642 1705 1700 BREVES
1739 1645 1756 1681 ⁸
1787 1643 1982 1700 LIBRI
2020 1643 2357 1701 JUDICUM.

226 1960 265 2014 I.
292 1958 466 2014 Judas
503 1957 744 2030 eligitur
773 1957 890 2012 dux
919 1957 1076 2012 belli.

225 2047 286 2103 II.
316 2049 581 2120 Increpat
613 2045 895 2120 populum
927 2045 1213 2103 Dominus
1259 2061 1363 2117 pro
1394 2060 1634 2102 excessu
1667 2043 1851 2101 idolo-

285 2153 426 2192 rum.

225 2226 312 2281 IIl.
340 2230 481 2282 Post
513 2225 738 2282 obitum
767 2223 946 2280 Josue
968 2224 1230 2280 fecerunt
1252 2222 1526 2280 Israelita;
1561 2223 1856 2280 malumin

281 2321 595 2388 conspectu
629 2314 862 2370 Domini
894 2314 916 2348 ²
950 2330 963 2369 :
999 2330 1148 2386 quos
1176 2312 1420 2370 tradidit
1446 2313 1704 2371 inimicis
1734 2313 1857 2370 suis

280 2405 332 2461 in
357 2405 643 2476 praedam.

220 2495 298 2548 IV.
330 2495 675 2549 Excilantur
698 2509 731 2548 a
762 2491 1014 2548 Domino
1037 2491 1271 2563 judices
1325 2493 1395 2547 ad
1448 2491 1858 2547 liberationem

280 2583 444 2640 Israel
487 2600 501 2650 ;
537 2583 713 2638 etiam
735 2582 896 2653 ipsos
928 2588 1307 2653 spreverunt:
1343 2581 1562 2652 quibus
1594 2598 1857 2637 reserva-

280 2673 353 2726 vit
375 2676 607 2744 gentes,
641 2677 703 2726 ut
736 2669 794 2725 in
829 2671 974 2742 ipsis
1005 2670 1337 2742 experiatur
1367 2669 1563 2726 Israel.

222 2759 276 2816 V.
304 2765 394 2816 Hae
425 2766 575 2817 sunt
605 2765 831 2832 gentes,
866 2776 1013 2831 quas
1045 2759 1332 2815 Dominus
1363 2758 1675 2830 dereliquit
1705 2761 1747 2814 ³.

222 2849 297 2906 VI.
333 2851 428 2906 Pro
485 2866 734 2906 excessu
791 2847 1083 2904 idolorum
1133 2848 1407 2921 captivati
1456 2853 1595 2904 sunt
1643 2865 1676 2904 a
1725 2863 1857 2921 rege

281 2939 504 2995 Cbusan
540 2938 1000 3010 Mesopotamiae.

221 3028 321 3084 VII.
354 3030 492 3084 Item
529 3043 636 3100 pro
669 3024 840 3082 malis
882 3027 1200 3082 traduntur
1248 3025 1430 3098 Eglon
1483 3026 1602 3098 regi
1638 3025 1802 3083 Moab
1839 3044 1852 3081 :

284 3133 445 3188 quem
483 3115 782 3172 interfecit
810 3117 934 3171 Aod
967 3117 1024 3171 in
1077 3114 1374 3171 cmnaculo
1407 3131 1513 3172 suo
1543 3132 1675 3171 cum
1709 3122 1851 3183 arte,

283 3206 602 3262 interfectis
631 3206 808 3261 etiam
847 3207 1044 3261 decem
1087 3205 1329 3260 milibus
1359 3205 1765 3274 Moabitarum,
1797 3210 1856 3262 et

283 3297 497 3367 quievit
527 3301 689 3350 terra
708 3296 728 3328 ⁴
759 3295 1057 3366 octoginta
1087 3296 1280 3350 annis.

219 3382 342 3440 VIII.
372 3389 626 3456 Samgar
656 3384 756 3456 qui
788 3383 1000 3439 occidit
1052 3387 1354 3439 sexcentos
1395 3383 1549 3439 viros
1597 3401 1842 3440 vomere.

220 3469 303 3530 IX.
333 3473 678 3530 Constantia
712 3473 977 3528 mulieris
1005 3471 1195 3540 Jahle,
1235 3489 1366 3542 quae
1394 3473 1625 3529 clavum
1659 3474 1852 3530 inﬁxit

277 3616 291 3686 ξ
324 3613 713 3686 PaLCapitula
743 3614 812 3670 de
845 3617 1215 3669 moretvocat
1247 3631 1260 3669 :
1296 3629 1596 3683 unumque
1629 3615 1853 3671 facitex

215 3685 383 3755 primo
413 3694 472 3742 et
503 3685 789 3751 secundo,
823 3687 934 3742 sub
967 3686 1144 3740 unius
1175 3686 1404 3740 numeri
1437 3692 1595 3752 nota,
1627 3693 1683 3741 et
1713 3704 1853 3742 con-

215 3756 402 3836 tinenti
433 3759 613 3826 serie,
648 3758 748 3812 ubi
775 3764 829 3836 et
861 3756 1002 3832 legit
1033 3773 1046 3813 :
1079 3759 1330 3828 Increpat
1358 3774 1446 3813 eo:
1477 3759 1708 3828 angelus
1743 3760 1849 3813 Do-

215 3830 341 3883 mini
367 3847 465 3901 pro
496 3846 749 3898 excessu,
780 3833 890 3883 etc.

271 3901 291 3934 ²
314 3899 633 3974 Reliquum
667 3905 889 3974 textum
921 3899 1252 3974 verborum,
1299 3915 1429 3974 quos
1467 3900 1703 3956 tradidit
1734 3900 1849 3956 ini-

213 3973 353 4027 mici:
380 3971 501 4030 suis
537 3975 599 4028 in
626 3972 898 4044 praedam,
919 3971 1167 4028 Palatia.
1203 3987 1312 4026 ms.
1346 3971 1598 4042 ignorat.

1885 1965 1933 2033 Β
2032 1957 2280 2030 tempori
2307 1958 2819 2034 Sisaras.Sequitur
2834 1949 3127 2023 canticum
3162 1971 3336 2028 Barac
3367 1978 3424 2030 et
3456 1975 3609 2032 Deb-

2040 2046 2214 2101 horas.

1967 2133 2031 2189 X.
2071 2135 2201 2225 Post
2217 2151 2491 2194 excessus
2518 2139 3338 2219 populiconsuetos,apparuit
3368 2153 3610 2225 angelus

2040 2224 2266 2280 Domini
2296 2229 2548 2296 Gedeon,
2581 2230 2917 2288 confortans
2949 2237 3019 2290 ad
3053 2224 3613 2308 preliandumSub-

2037 2313 2210 2369 vertit
2229 2315 2403 2370 etiam
2439 2317 2598 2388 Baal,
2631 2323 2687 2374 et
2715 2321 2926 2379 Obtulit
2959 2326 3312 2384 sacriﬁcium
3339 2330 3612 2390 Domino.

2041 2402 2234 2473 Ipsius
2267 2405 2375 2458 viri
2411 2408 2653 2462 trecenti
2685 2409 3019 2469 lamberunt
3047 2432 3231 2487 aquas
3265 2424 3326 2474 ut
3357 2425 3615 2480 canes.Is

2039 2494 2413 2563 postmodum
2440 2497 2688 2552 excessit
2716 2515 2846 2554 cum
2882 2503 3077 2558 Israel.

1970 2581 2064 2634 XI.
2100 2581 2180 2635 De
2213 2597 2391 2653 regno
2433 2585 2764 2641 Abimelech
2825 2588 3084 2664 inﬁrmo,
3133 2596 3229 2664 qui
3266 2600 3513 2656 moritur
3545 2603 3614 2659 de

2038 2668 2364 2740 fragmento
2398 2677 2571 2744 petrae
2608 2676 2769 2731 mola
2801 2678 2841 2731 ⁵.

1966 2755 2095 2813 XII.
2130 2758 2393 2830 Regnum
2425 2761 2568 2817 Jair.

1966 2846 2120 2902 XIII.
2153 2852 2415 2920 Regnum
2445 2851 2719 2922 Jephthe.
2757 2855 2810 2910 Is
2855 2859 3070 2915 occidit
3120 2861 3298 2918 ﬁliam
3333 2883 3524 2936 suam,
3559 2873 3615 2925 et

2039 2936 2174 2992 fecit
2204 2942 2685 2996 consuetudinem
2720 2945 2957 3002 malam.

1967 3025 2115 3080 XIV.
2148 3027 2336 3082 Judex
2367 3029 2648 3086 Abessan.

1968 3114 2090 3170 XV.
2119 3116 2305 3171 Judex
2338 3117 2568 3184 Manue,
2603 3121 2772 3190 cujus
2821 3124 2980 3182 ﬁlius
3029 3126 3291 3187 famosus
3339 3135 3610 3192 Samson.

1963 3203 2108 3259 XVI.
2145 3206 2430 3262 Excessus
2463 3207 2685 3264 Micbsz.

1965 3294 2142 3348 XVII.
2176 3294 2256 3349 De
2287 3295 2658 3354 adolescente
2692 3300 2881 3357 Levita
2913 3305 3110 3376 agnito
3147 3311 3301 3380 apud
3333 3312 3606 3384 Micham,

2035 3387 2092 3438 et
2124 3389 2384 3438 revocato
2417 3403 2448 3439 a
2479 3387 2631 3442 tribu
2667 3394 2790 3443 Dan
2826 3391 2883 3446 in
2915 3397 3308 3456 sacerdotium
3339 3401 3504 3458 idoli.

1959 3471 2161 3527 XVIII.
2197 3471 2296 3527 Vir
2329 3473 2548 3531 Levites
2580 3478 2672 3531 cui
2705 3481 2953 3553 contigit
2985 3486 3169 3541 nefas.

2029 3616 2050 3650 ³
2081 3617 2418 3692 Econtrario
2451 3617 2544 3692 hic
2575 3620 2739 3677 addit
2770 3623 2922 3679 idem
2975 3625 3222 3686 Palatia.
3252 3647 3363 3688 ms.
3399 3644 3460 3690 ut
3488 3654 3615 3692 eru-

1957 3687 2105 3743 dirct
2137 3704 2230 3743 ea:
2263 3690 2322 3742 in
2353 3691 2542 3744 Israel.

2031 3762 2050 3832 ξ
2081 3760 2292 3832 [ηίΡξιΙ.
2313 3777 2436 3832 ωε.
2470 3761 2705 3832 triginta
2733 3769 2924 3831 armis,
2956 3769 3260 3828 duntaxat.

2029 3831 2256 3912 {Addit
2306 3831 2560 3912 Palatia.
2597 3851 2707 3912 ms.
2741 3852 2753 3890 :
2789 3841 2844 3892 Is
2890 3841 3085 3898 occidit
3128 3843 3306 3912 ﬁliam
3355 3863 3515 3902 suam
3565 3859 3618 3905 et

1953 3903 2089 3982 [σείς
2117 3903 2568 3982 consuetudinem
2597 3908 2804 3982 malum
2835 3927 2853 3963 :
2884 3927 3012 3982 quae
3066 3903 3200 3970 mox
3251 3917 3510 3974 referunt
3544 3903 3614 3976 ad

1957 3973 2210 4046 Jephthe
2246 3975 2318 4029 ad
2350 3991 2523 4046 quem
2556 3979 2868 4048 pertinent.

218 4148 3610 4177 Μ

1459 4275 1803 4334 CAPITULA
1836 4277 2033 4335 LIBRI
2062 4277 2400 4336 JUDICUM.

212 4580 245 4636 I.
277 4580 689 4638 Adonibezech
735 4579 966 4652 fugiens
1010 4578 1474 4650 comprehensus
1523 4583 1631 4647 est,
1687 4579 1853 4636 cassis
1884 4583 1930 4648 D
1961 4581 2111 4636 VIII.
2150 4581 2380 4637 Dimisit
2403 4582 2582 4639 Josue
2605 4586 2971 4658 p0pulum,et
2993 4591 3266 4651 abierunt
3303 4596 3406 4652 ﬁlii
3437 4601 3616 4657 Israel

271 4687 398 4727 sum
433 4669 734 4727 mitatibus
768 4683 1048 4723 manuum
1076 4667 1205 4738 ejus
1238 4685 1306 4724 ac
1333 4669 1573 4740 pedum.
2047 4669 2456 4742 unusquisque
2481 4671 2540 4727 in
2574 4676 3007 4744 possessionem
3037 4697 3229 4738 suam.

215 4757 278 4815 II.
308 4761 686 4816 Habitatores
722 4757 915 4825 Dabir,
948 4758 1120 4828 cujus
1147 4774 1363 4814 nomen
1393 4763 1561 4813 vetus
1594 4763 1720 4814 erat
1750 4759 1858 4815 Ca-
1974 4756 2066 4813 IX.
2104 4761 2294 4814 Iratus
2327 4759 2610 4816 Dominus
2651 4769 2853 4821 contra
2909 4768 3112 4840 Israel,
3161 4775 3400 4833 tradidit
3427 4794 3524 4835 eos
3559 4779 3617 4835 in

275 4848 706 4920 riath-Sepher,
738 4847 796 4901 id
827 4850 935 4913 est,
965 4846 1171 4901 civitas
1201 4845 1546 4901 litterarum.
2042 4862 2253 4902 manus
2284 4847 2713 4919 diripientium.

211 4936 297 4993 IlI.
332 4939 458 4993 Filii
492 4935 671 4992 Cinaei
703 4934 934 5007 cognati
984 4935 1164 5006 Moysi
1195 4936 1592 4992 a=cenderunt
1649 4936 1722 4992 de
1751 4935 1863 4992 civi
1967 4933 2035 4991 X.
2068 4935 2254 4990 Iratus
2285 4940 2374 4991 est
2404 4938 2566 4993 furor
2597 4939 2827 4996 Domini
2860 4944 2919 4998 in
2953 4946 3155 5015 Israel,
3206 4955 3262 5006 et
3308 4954 3387 5008 ait
3421 4971 3432 5008 :
3468 4955 3614 5021 Quia

267 5033 383 5084 tate
415 5025 758 5083 Palmarum
782 5040 916 5080 cum
948 5024 1088 5080 ﬁliis
1115 5024 1291 5080 Juda.
2038 5022 2269 5078 irritum
2301 5025 2436 5080 fecit
2465 5042 2609 5097 gens
2638 5027 2755 5084 ista
2781 5037 3016 5102 pactum
3039 5054 3378 5108 meum,non
3403 5043 3609 5099 delebo

208 5113 292 5169 IV.
321 5115 666 5171 Jebusaaum
699 5112 1090 5169 habitatorem
1119 5112 1448 5168 Jerusalem
1482 5130 1598 5170 non
1629 5113 1854 5170 deleve-
2039 5117 2258 5182 gentes.

269 5212 406 5262 ι-ιηιι
437 5204 551 5261 ﬁlii
586 5202 915 5275 Benjamin.
1965 5201 2055 5257 XI.
2091 5201 2328 5257 Dimisit
2357 5201 2641 5262 Dominus
2672 5207 2780 5264 has
2812 5211 3102 5286 nationes,
3136 5220 3192 5271 et
3229 5217 3342 5273 cito
3374 5219 3614 5276 subver-

203 5291 264 5351 ν.
293 5294 666 5366 Vocavitque
702 5292 908 5348 urbem
945 5291 1178 5360 Luzam,
1233 5307 1360 5363 quae
1410 5291 1491 5347 ita
1534 5291 1861 5364 appellatur
2038 5294 2161 5344 tere
2193 5289 2401 5347 noluit.

273 5401 463 5456 usque
496 5383 557 5438 in
590 5385 933 5455 praesentem
965 5380 1143 5435 diem.
1966 5379 2096 5433 XII.
2130 5379 2226 5433 Hae
2259 5383 2398 5434 sunt
2427 5386 2631 5452 gentes
2660 5400 2802 5455 quas
2833 5387 3119 5446 Dominus
3171 5392 3504 5466 dereliquit,
3555 5402 3622 5453 ut

207 5469 295 5528 VI.
330 5479 479 5530 Aser
512 5489 624 5528 non
659 5469 873 5528 delevit
903 5469 1262 5525 habitatores
1290 5469 1503 5526 Accho.
2038 5467 2296 5522 erudiret
2328 5468 2385 5522 in
2421 5469 2506 5525 eis
2539 5472 2836 5528 Israelem.

203 5558 314 5620 VII.
351 5563 666 5635 Loquente
703 5558 908 5631 angelo
932 5557 1164 5613 Domini
1190 5558 1261 5614 ad
1285 5558 1438 5616 ﬁlios
1466 5557 1860 5631 Israel,eleva-
1968 5555 2121 5610 XIII.
2157 5556 2357 5629 Itaque
2388 5558 2494 5614 ﬁlii
2526 5561 2704 5617 Israel
2724 5562 3139 5622 habitaverunt
3162 5569 3219 5623 in
3251 5571 3444 5628 medio
3466 5575 3614 5632 Cha-

267 5655 482 5709 verunt
512 5665 708 5708 vocem
739 5665 909 5707 suam
949 5654 1008 5706 et
1031 5647 1337 5706 ﬂeverunt.
2039 5661 2400 5703 nanaeorum.
