3982 6178
358 268 461 326 551
1395 261 1453 315 8.
1496 257 1907 315 HIBRONYMI
1943 259 2198 315 DIVINA
2235 262 2731 322 BIBLIOTHECA.
3133 273 3136 275 “
3662 270 3774 327 552

361 395 843 485 Χινεῐλίῇθιιειιοι·
875 389 1087 485 populi
1105 385 1375 485 0tbpniel
1409 385 1565 485 ﬁlius
1595 384 1795 485 ganea.
1895 471 1906 483 .
1961 473 1971 482 .
2033 387 2084 452 Α
2189 389 2411 485 absque
2460 399 2698 464 peccato
2750 393 3142 451 constituistis
3191 411 3370 468 super
3413 413 3517 454 vos
3571 415 3770 471 regem

355 486 462 542 XV.
498 484 800 540 Liberator
831 477 1031 552 populi
1061 477 1180 531 Aod
1214 474 1373 530 ﬁlius
1405 474 1574 540 Gera,
1612 473 1714 528 ﬁlii
1747 471 1998 543 Gemini,
2188 479 2525 537 Abimelech
2547 482 2575 536 ‘2

428 572 528 646 qui
560 577 811 642 utraque
842 583 1020 623 manu
1057 565 1335 620 utebatur
1365 579 1467 634 pro
1500 565 1722 618 dextra.
2111 568 2367 623 XXXVI.
2403 570 2540 626 Post
2568 572 2864 630 Abimelec
2892 572 3146 629 surrexit
3167 575 3284 630 dux
3316 573 3374 630 in
3407 577 3584 633 Israel
3617 579 3769 637 Th0.

356 663 503 720 XVI.
537 667 800 731 Samgar,
832 657 989 711 ﬁlius
1018 654 1237 720 Anath,
1273 653 1372 723 qui
1405 651 1697 722 percussit
1724 653 1794 705 de
1825 649 2000 705 Phili-
2181 654 2259 722 la,
2293 657 2452 714 ﬁlius
2485 660 2665 717 Phua.

431 751 630 808 stbwis
654 750 957 804 sexcentos
983 744 1163 839 Ϊίῐίοξ.
1447 830 1455 839 ι
1524 829 1558 839 Δ.
1835 828 1858 839 ν
1960 828 1970 839 ⁸
2108 742 2382 839 XXXVII.
2415 748 2539 804 Jair
2571 749 2900 807 Galaadites
2922 749 3212 822 "judicavit
3241 752 3385 808 Isral
3419 769 3524 826 per
3551 756 3765 829 viginti

357 841 530 898 XVII.
564 840 704 894 Erat
742 841 934 892 autsm
983 833 1248 889 Debbora
1295 829 1595 902 prophetis
1646 845 1787 884 uxor
1835 828 1996 900 Lapi-
2178 839 2236 888 et
2267 834 2415 891 duos
2447 854 2652 893 annog_

424 931 586 995 doth,
621 945 748 1002 quae
775 925 1079 997 judicabat
1110 921 1413 992 populum.
2108 921 2411 979 XXXVIII.
2447 925 2602 982 Dicit
2631 927 2917 984 Dominus
2947 928 3083 984 ﬁliis
3134 929 3311 986 Israel
3344 950 3358 998 ;
3394 936 3514 988 Non
3547 934 3763 992 addam

351 1018 542 1076 XVIII.
592 1019 856 1073 Surrexit
902 1014 1102 1083 itaque
1148 1010 1428 1078 Debbora,
1477 1011 1532 1063 et
1578 1007 1832 1079 perrexit
1862 1021 1994 1060 cum
2179 1010 2332 1067 ultra
2364 1030 2463 1069 vos
2493 1014 2762 1072 liberare,

419 1108 591 1164 Balac
621 1108 677 1162 in
706 1105 915 1160 vades.
1048 1190 1097 1195 Μ
1444 1186 1457 1195 α
1691 1184 1730 1195 ﬂ
1845 1186 1854 1195 Ι
1888 1184 1921 1195 ἢ
2105 1099 2360 1195 XXXIX.
2386 1102 2527 1195 -Fuit
2558 1103 2655 1160 illo
2687 1109 2948 1177 tempore
2977 1107 3231 1178 Jephthe
3279 1107 3633 1183 Galaadites,
3669 1113 3764 1168 vir

353 1199 506 1255 XIX.
539 1197 888 1254 Nuntiatum
923 1197 1011 1248 est
1041 1190 1272 1256 Sisaraa,
1306 1186 1460 1259 quod
1497 1184 1861 1241 ascendisset
1884 1184 1992 1239 Ba-
2177 1190 2539 1247 fortissimus
2571 1198 2742 1264 atque
2773 1199 3085 1266 pugnator.

425 1305 520 1343 rac
551 1286 609 1341 in
645 1288 899 1339 montem
931 1280 1182 1336 Thabor.
2103 1280 2222 1335 XL.
2257 1281 2513 1337 Locutus
2546 1288 2633 1338 est
2662 1284 2915 1354 Jephthe
2959 1302 3165 1342 omnes
3214 1302 3519 1346 sermones
3545 1307 3752 1348 coram

351 1377 463 1432 XX.
495 1376 740 1447 Egressa
768 1371 936 1427 Jahel
964 1370 1020 1423 in
1053 1382 1362 1422 occursum
1404 1365 1634 1428 Sisara,
1667 1361 1812 1417 dixit
1843 1378 1855 1415 :
1893 1363 1990 1415 In-
2173 1369 2421 1426 Domino
2455 1371 2513 1426 in
2547 1371 2813 1444 Maspha,

420 1471 512 1520 tra
540 1465 610 1519 ad
646 1479 754 1529 me,
788 1459 1024 1516 domine
1055 1456 1156 1511 mi.
1323 1474 1356 1484 η
2101 1459 2241 1514 XLI.
2269 1459 2524 1529 Jephthe
2554 1465 2753 1516 votum
2787 1462 2907 1518 ﬁlia
2930 1463 3086 1519 vovit
3115 1481 3219 1536 pro
3264 1464 3401 1522 ﬁliis
3436 1473 3711 1527 Ammon.

349 1555 490 1610 XXI.
515 1553 816 1610 Canticum
848 1548 1127 1604 Debborae
1160 1543 1314 1615 quod
1343 1541 1551 1597 cecinit
1579 1557 1710 1594 cum
1746 1541 1944 1595 Barac.
2098 1549 2266 1604 XLII,
2301 1551 2719 1614 Quarevadens
2740 1553 2810 1607 ad
2831 1569 3091 1624 pugnam
3110 1553 3475 1613 contramios
3493 1559 3749 1615 Ammon

348 1645 515 1699 XXII.
565 1641 694 1697 Filii
768 1638 944 1694 Israel
983 1634 1180 1691 traditi
1232 1638 1367 1689 sunt
1415 1631 1472 1685 in
1523 1645 1701 1684 manu
1754 1630 1988 1685 Madian
2168 1654 2372 1693 vocare
2403 1655 2508 1695 nos
2541 1639 2864 1696 noluistis?

417 1736 641 1824 septem
675 1729 867 1824 annis.
988 1818 995 1824 _
1079 1813 1092 1824 ἢ
1119 1813 1157 1824 n
1271 1810 1282 1820 ⁸
2020 1761 2065 1824 Β
2095 1726 2280 1824 XLIII.
2313 1729 2608 1824 Iudicavit
2641 1729 2817 1785 Israel
2847 1730 3109 1786 Abessan
3149 1732 3220 1788 de
3252 1732 3604 1806 Bethlehem,
3638 1735 3748 1807 qui

347 1821 546 1876 XXIII.
583 1819 759 1875 Israel
791 1817 1004 1872 clamat
1025 1813 1096 1867 ad
1119 1810 1432 1866 Dominum
1467 1806 1748 1862 auxilium
1782 1811 1986 1877 postu-
2020 1806 2065 1824 ”
2167 1816 2372 1868 habuit
2400 1817 2637 1888 triginta
2668 1817 2819 1873 ﬁlios
2850 1823 2907 1872 et
2938 1819 3176 1875 totidem
3211 1819 3380 1876 ﬁlias.

411 1911 541 1967 lans
572 1912 774 1965 contra
800 1902 1171 1962 Madianitas.
2095 1904 2285 1959 XLIV.
2315 1904 2562 1961 Ahialon
2599 1907 2968 1964 Zabulonites
2992 1909 3278 1979 judicavit
3326 1911 3503 1967 Israel
3535 1913 3745 1970 decem

343 2000 545 2057 XXIV.
580 1997 838 2070 Angelus
869 1990 1101 2051 Domini
1133 1989 1284 2045 SBdit
1305 1986 1416 2042 SUb
1448 2001 1686 2056 quercv.
1717 2001 1842 2053 ηυδε
1864 1988 1988 2039 erat
2167 1994 2361 2060 annis,
2397 2000 2784 2068 mortuusque
2813 2001 2900 2052 est
2930 2015 2996 2053 ac
3026 1999 3294 2070 sepultus
3327 1999 3386 2055 in
3417 1994 3704 2057 Zabulon.

412 2091 470 2145 in
503 2089 718 2160 prra.
2093 2083 2260 2138 XLV.
2288 2082 2586 2139 Judicavit
2618 2084 2795 2142 Israel
2826 2085 3030 2142 Abdon
3075 2086 3233 2144 ﬁlius
3266 2087 3433 2144 Helet
3460 2089 3746 2147 Pharato-

339 2178 512 2234 XXV.
546 2177 791 2247 Signum
825 2173 1055 2230 Gedeon
1091 2166 1348 2241 postulat
1379 2165 1436 2219 in
1467 2163 1695 2218 vellere.
2165 2171 2336 2228 nites.
2401 2183 2407 2190 ‘

340 2267 529 2322 XXVI.
563 2267 642 2322 De
672 2262 944 2320 trecentis
964 2260 1102 2316 Viris
1136 2259 1222 2319 διά
1237 2272 1420 2326 “quas
1453 2253 1730 2325 Ρΐοδαῐίεο
2093 2261 2280 2317 XLVI.
2315 2263 2451 2318 Erat
2483 2263 2568 2318 vir
2602 2264 2842 2336 quidam
2886 2266 2956 2320 de
2985 2268 3126 2322 Sara
3153 2269 3230 2322 et
3279 2267 3351 2322 de
3381 2267 3562 2339 stirpe
3591 2273 3745 2324 Dan.

337 2356 559 2414 XXVII.
619 2356 850 2412 Gedcon
897 2350 1082 2407 oravit
1145 2345 1482 2415 Dominum,
1535 2346 1806 2398 narrante
1854 2344 1978 2400 Ma-
2092 2351 2308 2407 XLVII.
2342 2353 2586 2408 Samson
2621 2359 2818 2410 natus,

407 2447 633 2502 dianita
680 2441 978 2500 somnium
1025 2437 1286 2510 proximo
1336 2451 1442 2490 suo
1487 2434 1557 2490 de
1601 2449 1751 2505 pane
1783 2433 1977 2489 subci-
2088 2441 2337 2497 XLVIII.
2371 2446 2616 2498 Samson
2642 2442 2787 2498 dixit
2808 2445 2956 2515 patri
2985 2461 2996 2498 :
3021 2449 3183 2500 Hanc
3209 2443 3517 2501 mulierem
3541 2447 3744 2520 accipe

404 2535 642 2592 nericio.
2158 2529 2328 2595 mihi,
2362 2531 2501 2602 quia
2535 2531 2752 2602 placuit
2781 2532 2968 2588 oculis
3000 2533 3168 2588 meis.

333 2625 583 2685 XXVIII.
642 2619 907 2678 Trecenti
957 2617 1065 2676 viri
1115 2613 1354 2688 bydrias
1421 2613 1878 2684 confringentes,
1921 2618 1978 2670 et
2084 2617 2268 2674 XLIX.
2301 2619 2555 2690 Spiritus
2580 2619 2815 2675 Domini
2848 2620 3018 2676 irruit
3048 2621 3108 2676 in
3140 2622 3488 2690 Samson,et
3518 2621 3741 2680 dilace-

402 2715 561 2770 tubis
591 2715 867 2769 sonantes
899 2709 1334 2773 clamaverunt;
1367 2701 1601 2776 gladius
1640 2702 1889 2772 Domini,
1918 2706 1975 2759 et
2153 2707 2303 2763 ravit
2325 2706 2573 2763 leonem.

402 2803 708 2861 Gedeonis.
1053 2871 1055 2874 p
2085 2800 2144 2850 L.
2178 2801 2429 2852 Samson
2461 2795 2764 2852 sodalibus
2815 2798 2940 2852 suis
2987 2799 3290 2869 proposuit
3333 2797 3634 2871 problema
3665 2800 3741 2856 de

331 2895 516 2952 XXIX.
555 2891 808 2949 Immisit
839 2888 1120 2945 Dominus
1151 2883 1411 2956 gladium
1459 2883 1518 2938 in
1569 2882 1844 2939 omnibus
1876 2901 1973 2940 ca-
2155 2885 2284 2940 favo
2314 2884 2504 2941 mellis
2536 2887 2607 2940 ab
2641 2902 2738 2941 ore
2768 2885 2954 2942 leonis
2985 2895 3243 2958 sumpto.

401 2985 563 3050 stris,
597 2989 655 3037 et
687 2985 893 3036 mutua
924 2995 985 3033 se
1015 2977 1168 3031 czsdc
1200 2973 1594 3029 trucidabant.
2087 2975 2171 3030 LI.
2211 2977 2286 3030 De
2315 2974 2594 3047 vulpibus
2627 2993 2772 3046 quas
2803 2979 3049 3032 Samson
3080 2977 3253 3049 cepit.

327 3074 505 3131 XXX.
538 3069 812 3142 prraim
847 3077 1186 3140 persecutus
1227 3069 1315 3119 est
1345 3061 1794 3132 Madian,capita
1820 3061 1970 3117 Oreb
2003 3121 2042 3142 η
2086 3065 2204 3121 LII.
2240 3065 2320 3120 De
2352 3064 2609 3132 maxilla,
2645 3065 2701 3120 id
2735 3071 2824 3121 est
2856 3067 3221 3133 mandibula,
3253 3066 3424 3124 asini.

396 3168 452 3218 et
483 3121 919 3230 Zebrportantes
952 3155 1022 3211 ad
1055 3154 1308 3209 Gedeon.
1583 3121 1595 3130 ν
1673 3121 1693 3132 ⁵
2001 3121 2043 3189 C
2083 3157 2223 3210 LIII.
2258 3155 2337 3210 De
2370 3156 2552 3226 portis
2583 3121 2728 3226 quas
2759 3155 3005 3211 Samson
3030 3155 3085 3210 iu
3108 3121 3318 3212 vertice
3348 3121 3569 3212 montis
3593 3156 3739 3213 tulit

326 3251 522 3308 XXXI.
559 3250 761 3304 Nonne
793 3245 997 3301 melior
1028 3248 1115 3299 est
1145 3258 1413 3298 racemus
1453 3239 1726 3311 Ephraim
1769 3239 1966 3296 vinde-
2150 3260 2282 3298 cum
2320 3243 2584 3315 postibus
2613 3251 2668 3298 et
2700 3260 2849 3299 sera.

398 3341 535 3396 miis
565 3338 806 3394 Abiezer
826 3335 853 3390 ?
2077 3333 2217 3388 LIV.
2251 3332 2331 3388 De
2359 3333 2585 3388 Dalida.

325 3429 554 3485 XXXII.
599 3421 983 3496 Interrogavit
1042 3420 1231 3476 Gedeo
1277 3418 1459 3473 Zebee
1506 3421 1563 3472 et
1589 3416 1864 3474 Salmana
1894 3419 1965 3474 de
2077 3424 2180 3479 LV.
2213 3421 2537 3478 Philistbaai
2570 3420 2834 3477 laetantes
2867 3438 2969 3494 per
3003 3421 3284 3490 convivia,
3318 3425 3524 3478 vocant
3555 3422 3734 3478 Sam-

391 3518 671 3573 fratribus
703 3514 848 3582 suis,
882 3527 1031 3582 quos
1064 3509 1405 3564 occiderunt
1429 3507 1487 3560 in
1519 3505 1772 3561 Thabor.
2143 3529 2271 3569 εοη,

317 3608 577 3663 XXXIII.
609 3604 740 3659 Fuit
770 3599 1108 3656 Abimelech
1142 3597 1300 3652 ﬁlius
1335 3593 1607 3651 Jerobaal
1638 3594 1694 3649 in
1729 3594 1958 3651 Sichem
2073 3603 2210 3658 LVI.
2246 3601 2466 3657 Michas
2497 3600 2672 3657 matri
2703 3617 2820 3656 suae
2851 3598 3133 3672 loquitur,

382 3699 454 3754 ad
489 3697 696 3751 fratres
729 3690 934 3747 matris
965 3706 1104 3745 suae.
2069 3691 2236 3748 LVII,
2270 3691 2349 3747 De
2383 3691 2517 3746 ﬁliis
2549 3690 2692 3746 Dan,

311 3787 559 3844 XXXIV.
595 3785 843 3840 Locutus
875 3783 964 3836 est
989 3776 1285 3835 Jonathan
1319 3775 1457 3830 viris
1490 3774 1724 3830 Sichem
1746 3773 1957 3831 simili-
2070 3781 2260 3837 LVIII,
2295 3781 2375 3836 De
2405 3780 2697 3836 Jonathan
2735 3778 2853 3834 ﬁlio
2884 3781 3127 3834 Geram,

380 3875 646 3932 tudinem
678 3875 748 3928 de
777 3869 947 3940 oliva,
981 3875 1039 3924 et
1069 3867 1203 3933 vite,
1238 3871 1294 3920 et
1325 3865 1491 3920 rubo.
2064 3870 2200 3928 LIX.
2235 3870 2315 3926 De
2342 3869 2536 3924 Levita
2557 3868 2858 3924 habitante
2885 3867 2944 3922 in
2962 3865 3143 3922 latere
3164 3865 3381 3921 montis
3413 3863 3718 3937 Ephraim.

311 3964 529 4021 XXXV.
576 3960 873 4018 Jonatban
917 3956 1060 4012 dicit
1103 3954 1246 4010 viris
1294 3952 1547 4020 Sicbem,
1598 3953 1648 4009 si
1697 3958 1850 4010 recte
1897 3958 1956 4010 et

304 4101 3173 4130 ____________________________________

1877 4235 2141 4294 INCIPIT

1188 4421 1791 4584 LIBER
1935 4417 2834 4584 SOPHTIM

1919 4703 1976 4742 ID
2014 4701 2115 4742 EST

1639 4841 2377 4938 JUDICUM.

379 5247 468 5319 (Τ.
497 5246 537 5312 Ι,
573 5248 632 5302 Β.
670 5247 710 5311 Ι,
747 5245 876 5316 Cap.
901 5244 970 5314 Ι.)
1003 5247 1138 5298 Post
1171 5244 1414 5296 mortem
1446 5239 1624 5294 Josue
1646 5235 1956 5292 consulue-
1985 5239 2033 5303 D
2069 5253 2174 5292 suo
2207 5252 2220 5291 :
2252 5234 2520 5290 Ascende
2543 5249 2774 5289 mecum
2799 5232 2855 5287 in
2881 5235 3035 5286 sorte
3057 5233 3269 5298 mea,et
3299 5243 3495 5301 pugna
3513 5229 3721 5282 contra

313 5342 454 5394 runt
485 5335 587 5390 ﬁlii
623 5333 800 5390 Israel
832 5330 1440 5402 Dominum,dicentcs
1476 5343 1489 5382 :
1523 5321 1664 5392 Quis
1686 5327 1962 5382 ascendet
2073 5325 2483 5390 Cbananaaum,
2520 5327 2667 5381 utet
2695 5339 2800 5394 ego
2829 5337 3064 5393 pergam
3099 5324 3288 5375 tecum
3320 5318 3377 5372 in
3413 5320 3569 5372 sorte
3595 5319 3715 5370 tua.

310 5431 444 5480 ante
485 5441 591 5480 nos
636 5428 837 5480 contra
885 5421 1299 5482 Cbananazum,
1343 5420 1400 5471 et
1447 5416 1559 5469 erit
1607 5415 1725 5469 dux
1773 5413 1961 5470 belli?
2071 5416 2140 5469 Et
2181 5413 2324 5469 abiit
2353 5430 2486 5468 cum
2524 5431 2588 5469 eo
2620 5408 3279 5479 Simeon.Ascenditque
3306 5405 3714 5472 Judas,ettra-

309 5515 583 5585 Dixitque
612 5512 897 5569 Dominus
933 5527 945 5564 :
977 5509 1162 5566 Judas
1202 5505 1476 5562 ascendet
1509 5546 1522 5560 .
1555 5519 1685 5558 ecce
1741 5503 1957 5558 tradidi
2070 5502 2517 5559 diditDominus
2537 5502 2933 5558 Cbananasum
2957 5513 3022 5553 ac
3042 5493 3480 5552 Pberezmumin
3499 5507 3715 5548 manus

313 5581 532 5660 terram
560 5602 619 5658 in
651 5619 866 5659 manus
896 5601 1047 5670 ejus.
1080 5601 1148 5653 Et
1176 5597 1253 5652 ait
1277 5594 1463 5651 Judas
1500 5594 1757 5677 Simeoni
1792 5593 1957 5650 fratri
2066 5607 2267 5649 eorum
2300 5609 2320 5648 :
2351 5595 2408 5648 et
2428 5590 2849 5664 percusserunt
2870 5586 2927 5643 in
2950 5587 3121 5642 Bezec
3139 5586 3336 5642 decem
3360 5581 3548 5638 millia
3565 5581 3715 5639 viro-
