3982 6178
179 385 273 440 557

1578 385 1789 438 LIBER
1826 383 2159 439 JUDICUM.

3483 387 3590 444 558

179 514 386 566 serunt
454 509 709 566 transire
786 523 1179 580 quemquam;
1240 508 1341 564 sed
1403 509 1833 579 ,percusserunt
1861 508 1915 574 Α
1945 523 2184 562 cursum
2209 507 2589 575 Sisarm,dixit
2617 509 2688 564 ad
2717 524 2889 566 eum:
2918 511 3078 566 Intra
3106 511 3178 565 ad
3205 526 3322 580 me,
3356 512 3592 572 domine

178 600 465 656 Moabitae
514 602 574 655 in
612 605 872 672 tempore
927 597 1049 664 illo,
1084 597 1312 654 circiter
1361 599 1561 653 decem
1623 596 1830 663 millia,

175 707 378 746 omnes
410 690 688 747 robustos
719 694 776 744 et
808 688 988 744 fortes
1019 687 1193 743 viros.
1225 687 1440 743 Nullus
1472 702 1675 743 eorum
1707 701 1834 741 eva-

174 781 303 836 dere
337 779 552 852 potuit.
601 776 1077 848 Humiliatusque
1122 781 1211 832 est
1241 777 1407 832 Moab
1457 776 1550 832 die
1584 774 1684 830 illo
1719 775 1829 829 sub

174 886 347 924 manu
387 867 588 937 Israel,
621 871 679 922 et
711 867 929 939 quievit
964 870 1134 932 terra,
1178 865 1476 938 octoginta
1509 864 1704 930 annis,
1746 864 1833 936 [Β.

170 959 287 1014 VII.
321 960 388 1014 Β.
421 957 562 1029 XV.]
595 957 732 1012 Post
763 956 918 1011 hunc
949 955 1056 1010 fuit
1086 955 1350 1026 Samgar,
1418 953 1575 1009 ﬁlius
1620 951 1830 1019 Anath,

173 1049 270 1121 qui
304 1047 604 1119 percussit
625 1047 695 1100 de
733 1045 1025 1101 Philistim
1061 1050 1368 1100 sexcentos
1395 1045 1547 1100 viros
1579 1057 1831 1109 vomere,

175 1145 227 1194 et
256 1139 385 1209 ipse
419 1153 654 1208 quoque
687 1134 943 1192 defendit
971 1133 1170 1190 Israel.

232 1353 320 1424 [Β.
357 1351 462 1422 ΙΧ,
495 1353 628 1421 Cap.
662 1350 781 1421 Ν]
817 1349 1299 1420 Addideruntque
1324 1347 1423 1402 ﬁlii
1451 1346 1625 1404 Israel
1648 1347 1833 1402 facere

177 1440 406 1497 malum
439 1440 502 1494 in
533 1443 846 1510 conspectu
898 1438 1126 1494 Domini
1163 1441 1293 1509 post
1323 1441 1571 1493 mortem
1603 1437 1746 1504 Aod,
1780 1438 1836 1490 et

175 1529 422 1585 tradidit
453 1528 586 1584 illos
633 1527 918 1584 Dominus
959 1527 1016 1582 in
1050 1543 1261 1582 manus
1290 1525 1467 1594 Jalin,
1502 1526 1656 1597 regis
1685 1524 1832 1580 Cha-

175 1637 352 1685 naan,
422 1618 524 1690 qui
581 1618 846 1690 regnavit
894 1618 951 1673 in
1005 1622 1196 1672 Aser:
1251 1616 1579 1688 habuitque
1623 1615 1832 1670 ducem

172 1708 506 1764 excercitus
536 1707 626 1763 sui
652 1707 890 1764 nomine
924 1705 1200 1773 Sisaram,
1238 1705 1357 1778 ipse
1380 1709 1574 1761 autem
1607 1703 1835 1759 habita-

172 1800 272 1854 bat
303 1799 359 1853 in
393 1797 640 1854 Arosetb
671 1797 962 1870 gentium.
983 1795 1507 1865 Clamaveruntque
1531 1794 1633 1848 ﬁlii
1661 1797 1835 1863 Israel

166 1890 236 1944 ad
291 1887 651 1944 Dominum:
705 1889 1033 1957 nongentos
1083 1885 1239 1940 enim
1291 1883 1544 1940 habebat
1593 1882 1832 1938 falcatos
1863 1891 1909 1956 Β

167 1995 403 2045 currus,
438 1982 497 2032 et
530 1991 630 2048 per
660 1975 864 2047 viginti
896 1990 1084 2030 annos
1114 1973 1487 2029 vehementer
1528 1987 1830 2043 oppresse-

170 2073 256 2122 rat
287 2083 412 2122 eos.
448 2065 532 2138 [Ο.
584 2063 752 2134 XVI.]
800 2064 938 2118 Erat
985 2067 1181 2118 autem
1235 2062 1500 2118 Debbora
1530 2060 1832 2133 prophetis

169 2174 316 2212 uxor
377 2153 734 2227 Laphidoth,
784 2169 912 2224 quae
939 2152 1244 2223 judicabat
1295 2151 1578 2224 populum
1629 2151 1687 2205 in
1733 2149 1831 2206 illo

169 2252 456 2316 tempore.
491 2243 558 2298 Et
580 2242 820 2298 sedebat
849 2241 958 2296 sub
992 2240 1205 2311 palma,
1239 2257 1368 2312 qua!
1395 2240 1630 2296 nomine
1674 2239 1832 2294 illius

167 2333 691 2404 ascendebantque
706 2331 776 2385 ad
796 2346 923 2386 eam
945 2329 1048 2384 ﬁlii
1068 2328 1244 2385 Israel
1259 2329 1317 2383 in
1332 2328 1828 2400 omnejudicium,

168 2425 306 2488 Quae
338 2422 505 2477 misit
535 2426 590 2476 et
619 2419 845 2476 vocavit
874 2419 1055 2475 Barac
1087 2418 1275 2474 ﬁlium
1307 2417 1587 2474 Abionem
1620 2419 1690 2473 de
1729 2417 1831 2473 Ce-

165 2513 270 2567 des
319 2509 679 2582 Nephthali:
724 2509 986 2580 dixitque
1037 2509 1108 2564 ad
1160 2525 1342 2564 eum:
1388 2508 1665 2580 Praecepit
1723 2507 1828 2563 tibi

163 2600 462 2655 Dominus
521 2599 677 2654 Deus
732 2597 930 2668 Israel,
980 2601 1146 2667 vade,
1178 2602 1235 2652 et
1275 2597 1385 2652 duc
1424 2597 1740 2652 exercitum
1773 2598 1831 2653 in

165 2695 430 2747 montem
465 2689 721 2754 Tbabor,
754 2686 1042 2759 tollesque
1064 2691 1257 2744 tecum
1289 2687 1488 2741 decem
1523 2684 1708 2740 millia
1731 2701 1834 2755 pu-

160 2785 482 2853 gnatorum
512 2778 584 2833 de
615 2776 752 2832 ﬁliis
777 2774 1116 2847 Nephthali,
1169 2779 1225 2830 et
1256 2776 1326 2830 de
1360 2774 1497 2830 ﬁliis
1528 2772 1787 2829 Zabulon
1815 2789 1829 2828 :

162 2886 270 2942 ego
303 2871 509 2923 autem
557 2865 846 2922 adducam
897 2863 967 2920 ad
999 2868 1055 2920 te
1081 2864 1140 2918 in
1172 2863 1297 2918 loco
1329 2861 1606 2919 torrentis
1637 2863 1829 2934 Cison,

157 2959 426 3014 Sisaram
454 2955 778 3030 principem
807 2953 1098 3010 exercitus
1143 2954 1175 3010 J
1187 2952 1324 3009 abin
1356 2957 1414 3010 et
1444 2969 1652 3009 currus
1682 2952 1830 3022 ejus,

161 3054 342 3120 atque
404 3061 641 3102 omnem
696 3043 1156 3110 multitudinem,
1207 3047 1262 3098 et
1319 3043 1549 3098 tradam
1606 3057 1704 3097 eos
1770 3040 1830 3096 in

161 3154 344 3192 manu
374 3140 498 3191 tua.
525 3134 793 3205 Dixitque
817 3133 886 3188 ad
922 3149 1051 3188 eam
1076 3137 1286 3188 Barac:
1314 3132 1369 3186 Si
1395 3131 1558 3186 venis
1582 3147 1830 3198 mecum,

171 3226 387 3281 vadam
418 3242 430 3279 :
466 3223 518 3279 si
549 3222 808 3278 nolueris
837 3222 1054 3290 venire,
1089 3239 1203 3278 non
1236 3237 1494 3293 pergam.
1529 3220 1662 3284 Quae
1686 3220 1832 3275 dixit

171 3316 239 3368 ad
270 3330 452 3370 eum:
506 3312 605 3366 Ibo
657 3311 895 3382 quidem
940 3316 1157 3380 tecum,
1191 3310 1291 3366 sed
1323 3310 1381 3364 in
1429 3309 1536 3364 hac
1566 3308 1687 3364 vice
1723 3308 1828 3364 tibi

171 3402 422 3459 victoria
446 3418 562 3457 non
613 3401 1006 3472 reputabitur,
1059 3401 1199 3472 quia
1225 3399 1284 3455 in
1337 3416 1512 3454 manu
1567 3397 1831 3454 mulieris

173 3493 445 3548 tradetur
484 3492 704 3547 Sisara.
754 3490 836 3562 [Ο.
889 3488 1093 3560 XVII.]
1138 3488 1401 3544 Surrexit
1451 3488 1649 3559 itaque
1681 3488 1828 3542 Deb-

159 3582 325 3650 bora,
364 3586 426 3636 et
458 3580 717 3653 perrexit
761 3596 894 3634 cum
929 3579 1110 3635 Barac
1140 3579 1200 3633 in
1246 3579 1443 3633 Cedes.
1487 3576 1593 3640 Qui
1627 3576 1830 3632 accitis

159 3672 424 3727 Zabulon
452 3675 510 3725 et
529 3667 866 3741 Nepbtholi,
889 3667 1156 3724 ascendit
1187 3683 1320 3722 cum
1344 3667 1542 3722 decem
1567 3665 1830 3721 millibus

168 3765 607 3834 pugnatorum,
640 3758 862 3814 habens
894 3757 1222 3813 Debboram
1278 3756 1335 3811 in
1384 3755 1666 3811 comitatu
1699 3772 1827 3811 suo.

162 3850 313 3905 Aber
349 3858 553 3904 autem
584 3847 812 3903 Cinaeus
858 3850 1180 3902 recesserat
1214 3845 1512 3917 quondam
1547 3862 1580 3899 a
1611 3844 1830 3899 caeteris

165 3937 379 3994 Cinais
419 3935 703 3992 fratribus
734 3936 880 4003 suis,
915 3934 1053 3990 ﬁliis
1074 3934 1278 4002 Jobab,
1311 3934 1540 4006 cognati
1573 3932 1743 4001 Mosi,
1775 3935 1832 3988 et

163 4028 506 4083 tetenderat
533 4022 910 4080 tabernacula
942 4039 1128 4094 usque
1151 4023 1222 4078 ad
1257 4022 1485 4092 vallem,
1519 4039 1645 4094 qua:
1665 4039 1830 4078 voca-

155 4116 336 4172 batur
395 4115 663 4184 Sennim,
725 4118 782 4170 et
840 4117 964 4169 erat
1015 4114 1186 4183 juxta
1241 4112 1437 4167 Cedes.
1498 4111 1829 4179 [C.XVIII.]

151 4205 634 4276 Nuntiatumque
665 4206 756 4258 est
786 4203 1050 4271 Sisaraae,
1083 4201 1238 4272 quod
1268 4200 1630 4256 ascendisset
1659 4201 1834 4256 Barac

149 4295 340 4365 ﬁlius,
383 4294 665 4349 Abinoem
700 4293 756 4347 in
787 4296 1048 4346 montem
1079 4290 1330 4345 Thabor.
1365 4291 1433 4344 Et
1464 4288 1836 4361 congregavit

149 4389 503 4456 nongentos
563 4381 809 4436 falcatos
868 4397 1099 4445 currus,
1132 4395 1482 4449 omnemque
1521 4378 1835 4434 exercitum

147 4475 219 4529 de
251 4471 518 4529 Aroseth
573 4471 839 4543 gentium
867 4470 935 4525 ad
971 4473 1292 4525 torrentem
1342 4468 1535 4524 Cison.
1566 4468 1836 4540 Dixitque

145 4563 439 4618 Debbora
487 4561 558 4615 ad
593 4563 810 4616 Barac:
866 4559 1070 4630 Surge,
1103 4559 1226 4614 hmo
1256 4561 1344 4614 est
1395 4556 1552 4613 enim
1598 4557 1743 4627 dies,
1777 4558 1836 4613 in

1860 3266 1902 3332 C

1945 597 2022 651 mi
2053 614 2063 652 :
2098 597 2272 665 intra,
2309 616 2379 654 ne
2407 599 2638 655 timeas.
2671 599 2778 663 Qui
2807 600 3114 672 ingressus
3143 600 3589 659 tabernaculum

1944 686 2093 756 ejus,
2147 691 2203 742 et
2235 696 2470 759 opertus
2521 689 2592 744 ab
2629 706 2697 745 ea
2747 688 2946 761 pallio,
2997 689 3143 745 dixit
3183 690 3256 746 ad
3297 707 3424 747 eam
3461 707 3474 746 :
3512 693 3592 748 Da

1945 775 2110 844 mihi,
2163 777 2426 846 obsecro,
2477 777 2785 849 paululum
2817 795 3006 851 aquae,
3057 779 3198 852 quia
3222 779 3389 836 valde
3419 781 3581 839 sitio.

1943 867 2078 931 Quae
2122 866 2348 937 aperuit
2402 871 2591 923 utrem
2637 866 2832 936 lactis,
2877 872 2934 924 et
2982 868 3144 924 dedit
3182 868 3233 925 ei
3284 869 3502 940 bibere,
3535 874 3594 927 ot

1943 955 2172 1026 operuit
2224 955 2411 1010 illum.
2465 956 2739 1028 Dixitque
2790 955 2987 1014 Sisara
3035 957 3106 1012 ad
3142 973 3292 1014 eam.
3327 957 3427 1014 Sta
3457 963 3594 1015 ante

1942 1043 2162 1099 ostium
2192 1044 2576 1114 tabernaculi,
2613 1050 2670 1100 et
2701 1061 2835 1101 cum
2866 1046 3089 1102 venerit
3109 1045 3324 1119 aliquis
3347 1047 3592 1105 interro-

1942 1147 2088 1202 gans
2123 1136 2198 1199 te,
2249 1137 2304 1188 et
2349 1133 2599 1206 dicens;
2635 1133 2911 1206 Nunquid
2961 1135 3056 1190 hic
3087 1139 3176 1191 est
3207 1134 3472 1207 aliquis?
3504 1154 3592 1194 re-

1942 1221 2314 1292 spondebis:
2370 1222 2581 1278 Nullus
2633 1229 2742 1280 est.
2793 1223 2949 1279 Tulit
3001 1224 3198 1297 itaque
3227 1224 3417 1295 Jahel,
3451 1243 3594 1284 uxor

1943 1311 2116 1383 Aber,
2167 1313 2393 1369 clavum
2444 1314 2832 1382 tabernaculi,
2895 1331 3208 1372 assumens
3276 1316 3495 1389 pariter
3535 1321 3594 1374 et

1945 1401 2256 1458 malleum:
2289 1408 2345 1459 et
2393 1403 3034 1477 ingressagabscondite
3063 1408 3121 1460 et
3158 1421 3295 1461 cum
3336 1403 3590 1471 silentio,

1945 1493 2139 1563 posuit
2169 1510 2347 1563 supra
2377 1500 2610 1566 tempus
2638 1493 2846 1567 capitis
2896 1495 3025 1565 ejus
3066 1493 3316 1565 clavum,
3349 1511 3594 1568 percus-

1945 1597 2197 1654 sumque
2230 1582 2439 1639 malleo
2471 1583 2671 1639 deﬁxit
2721 1583 2779 1638 in
2814 1583 3120 1640 cerebrum
3154 1600 3342 1656 usque
3373 1585 3444 1641 ad
3475 1589 3594 1642 ter-

1946 1687 2066 1726 ram
2095 1687 2107 1725 :
2142 1672 2240 1743 qui
2275 1688 2542 1744 soporem
2596 1672 2770 1728 morti
2803 1670 3035 1728 socians
3085 1672 3314 1741 defecit,
3347 1677 3405 1730 et
3433 1690 3588 1730 mor-

1949 1765 2083 1816 tuus
2116 1765 2223 1817 est.
2259 1762 2324 1816 Et
2352 1777 2479 1818 ecce
2512 1763 2687 1817 Barac
2720 1778 2974 1834 sequens
3003 1762 3260 1818 Sisaram
3287 1763 3586 1820 veniebat:

1945 1867 2293 1924 egressaque
2324 1851 2490 1908 Jahel
2524 1852 2578 1907 in
2613 1868 2922 1909 occursum
2967 1852 3096 1922 ejus
3128 1852 3272 1907 dixit
3302 1853 3390 1909 ei:
3428 1853 3586 1936 Veni,

1941 1941 1996 1992 et
2029 1940 2332 1994 ostendam
2369 1940 2470 1995 tibi
2505 1941 2693 1996 virum
2718 1955 2889 2011 quem
2923 1939 3157 2012 quaeris.
3191 1939 3298 2005 Qui
3331 1957 3465 1997 cum
3497 1941 3586 1996 in-

1941 2029 2153 2082 trasset
2184 2027 2254 2082 ad
2286 2045 2435 2098 eam,
2470 2029 2610 2084 vidit
2641 2028 2898 2085 Sisaram
2933 2028 3228 2100 jacentem
3263 2033 3585 2100 mortuum,

1943 2117 1999 2168 et
2021 2114 2247 2171 clavum
2271 2116 2514 2172 inﬁxum
2543 2117 2602 2172 in
2626 2121 2883 2190 tempore
2904 2120 3053 2190 ejus.
3078 2117 3420 2175 Humiliavit
3449 2135 3586 2192 ergo

1942 2202 2099 2259 Deus
2132 2204 2186 2258 in
2221 2206 2310 2260 die
2344 2205 2442 2262 illo
2474 2206 2644 2262 Jabin
2688 2224 2879 2280 regem
2915 2207 3188 2264 Chanaan
3222 2223 3420 2264 coram
3452 2208 3590 2265 ﬁliis

1948 2293 2159 2350 Israel:
2226 2295 2325 2366 qui
2384 2296 2724 2352 crescebant
2788 2297 3073 2368 quotidie,
3136 2301 3192 2353 et
3229 2297 3362 2353 forti
3417 2314 3598 2354 manu

1943 2383 2356 2452 opprimebant
2399 2385 2569 2440 Jabin
2617 2402 2813 2458 regem
2867 2385 3168 2456 Chanaan,
3216 2385 3402 2442 donec
3441 2385 3600 2443 dele-

1945 2475 2076 2528 rent
2107 2489 2259 2529 eum.

2015 2599 2102 2668 [C.
2147 2599 2266 2662 XX,
2301 2599 2425 2670 Cap.
2461 2598 2508 2651 V
2531 2603 2576 2667 .]
2610 2599 3074 2671 Cecineruntque
3111 2600 3379 2658 Debbora
3405 2605 3464 2658 et
3493 2602 3604 2658 Ba-

1943 2703 2063 2757 rac,
2101 2687 2254 2743 ﬁlius
2285 2689 2594 2756 Abinoem,
2629 2689 2686 2744 in
2720 2688 2819 2744 illo
2847 2689 2961 2760 die,
2993 2689 3287 2746 dicentes:

1942 2800 2050 2865 Qui
2081 2806 2288 2872 sponte
2320 2802 2618 2859 obtulistis
2669 2804 2740 2860 de
2783 2802 2963 2861 Israel
3004 2802 3229 2860 animas
3256 2805 3480 2861 vestras
3511 2805 3585 2862 ad

2084 2891 2436 2962 periculum,

2012 2996 2342 3054 benedicite
2367 2998 2634 3055 Domino.

1940 3087 2172 3153 Audite,
2206 3103 2392 3158 reges,
2427 3087 2708 3160 percipite
2739 3088 3004 3160 auribus,
3038 3087 3370 3161 principes:

2013 3179 2128 3248 Ego
2161 3193 2315 3245 sum,
2349 3193 2454 3249 ego
2485 3194 2618 3233 sum
2655 3193 2782 3250 quae
2814 3175 3062 3236 Domino
3088 3194 3313 3246 canam,

2004 3265 2255 3336 psallam
2288 3266 2538 3322 Domino
2575 3272 2691 3322 Deo
2725 3266 2925 3324 Israel.

1946 3356 2206 3423 Domine,
2240 3372 2372 3410 cum
2408 3356 2594 3411 exires
2625 3357 2696 3412 de
2725 3356 2872 3428 Seir,

2012 3448 2068 3499 et
2101 3444 2382 3500 transires
2414 3460 2517 3517 per
2547 3444 2813 3516 regiones
2843 3445 3042 3516 Edom,

1940 3535 2121 3590 Terra
2174 3538 2332 3589 mota
2389 3538 2499 3602 est,
2560 3533 2808 3606 cmlique
2852 3551 2918 3592 ac
2970 3534 3166 3591 nubes
3226 3533 3594 3591 stillaverunt

1940 3624 2130 3696 aquis.
2167 3629 2392 3680 Montes
2426 3624 2723 3680 ﬂuxerunt
2753 3643 2786 3680 a
2818 3624 2963 3681 facie
2993 3623 3250 3691 Domini,

2011 3719 2067 3770 et
2096 3714 2257 3769 Sinai
2291 3731 2324 3768 a
2355 3713 2500 3769 facie
2535 3713 2761 3768 Domini
2797 3714 2892 3770 Dei
2928 3712 3126 3770 Israel.

1942 3803 2001 3858 In
2039 3803 2246 3860 diebus
2278 3802 2526 3874 Samgar
2556 3803 2659 3856 ﬁlii
2693 3802 2910 3869 Anath,

2009 3891 2069 3947 in
2104 3892 2315 3948 diedus
2342 3891 2537 3958 Jahel,
2571 3891 2918 3964 quieverunt
2946 3891 3170 3947 semita
3197 3905 3210 3945 :

2012 3989 2068 4041 et
2128 3986 2226 4056 qui
2274 3985 2757 4056 ingrediebantur
2813 4000 2916 4056 per
2963 4001 3083 4051 eas,
3136 3981 3590 4039 ambulaverunt

2084 4091 2188 4147 per
2218 4073 2398 4130 calles
2425 4074 2644 4130 devios.

1943 4211 2332 4266 Cessaverunt
2363 4209 2538 4264 fortes
2569 4208 2629 4263 in
2665 4207 2862 4274 Israel,
2895 4211 2952 4263 et
2986 4207 3372 4279 quieverunt:

2016 4299 2199 4354 donec
2230 4302 2496 4370 surgeret
2518 4297 3072 4370 Debbora,surgeret
3093 4300 3281 4353 mater
3302 4296 3360 4351 in
3385 4292 3587 4351 Israel.

1938 4388 2104 4445 Nova
2147 4386 2298 4442 bella
2326 4385 2500 4458 elegit
2531 4387 2833 4454 Dominus,

2017 4482 2075 4532 et
2107 4479 2300 4546 portas
2333 4475 2590 4531 hostium
2621 4475 2748 4546 ipse
2780 4474 3102 4531 subvertit:

1947 4566 2194 4638 Clypeus
2224 4569 2280 4620 et
2310 4564 2480 4620 hasta
2511 4564 2560 4619 si
2593 4564 2976 4635 apparuerint

147 4669 272 4724 qua
328 4649 587 4707 tradidit
615 4649 904 4704 Dominus
934 4647 1191 4704 Sisaram
1223 4647 1280 4702 in
1326 4663 1538 4703 manus
1569 4652 1730 4702 tuas:
1759 4664 1830 4704 en
1873 4643 1916 4706 Ι)
2018 4656 2077 4710 in
2111 4653 2501 4725 quadraginta
2532 4652 2798 4708 millibus
2831 4651 3030 4708 Israel.

146 4743 279 4814 ipse
332 4742 558 4796 ductor
608 4744 698 4794 est
727 4744 886 4793 tuus.
949 4736 1260 4792 Descendit
1309 4737 1507 4806 itaque
1557 4736 1733 4793 Barac
1759 4738 1828 4792 de
1935 4747 2042 4799 Cor
2074 4759 2266 4798 meum
2302 4741 2494 4813 diligit
2525 4741 2819 4813 principes
2851 4741 3054 4806 Israel,

147 4835 364 4887 monte
393 4829 658 4895 Tbabor,
693 4835 745 4882 et
796 4827 996 4883 decem
1035 4825 1219 4880 millia
1271 4829 1658 4897 pugnatorum
1695 4841 1826 4880 cum

148 4938 236 4976 eo.
280 4917 734 4988 Perterruitque
765 4915 1054 4971 Dominus
1076 4915 1358 4985 Sisaram,
1392 4917 1448 4969 et
1478 4930 1682 4970 omnes
1703 4931 1830 4969 cur-

151 5027 254 5066 rus
278 5012 448 5082 ejus,
474 5007 930 5077 universamque
949 5003 1484 5072 multitudinem,in
1508 5020 1605 5058 ore
1627 5002 1827 5074 gladii,

153 5102 223 5154 ad
300 5101 700 5168 conspectum
753 5101 960 5151 Barac:
997 5094 1055 5148 in
1109 5097 1364 5162 tantum,
1414 5096 1480 5148 ut
1533 5092 1728 5148 Sisara
1759 5093 1830 5148 de

154 5204 337 5245 curru
399 5185 707 5250 desiliens,
758 5185 1005 5256 pedibus
1049 5184 1294 5254 fugeret,
1348 5186 1406 5237 et
1431 5186 1605 5237 Barac
1637 5199 1830 5254 perse-

153 5284 454 5350 queretur
482 5275 777 5346 fugientes
828 5290 1039 5329 currus
1071 5277 1130 5328 et
1161 5272 1506 5336 exercitum,
1541 5288 1728 5343 usque
1759 5274 1829 5328 ad

153 5367 420 5425 Aroselh
443 5364 734 5437 gentium,
755 5367 811 5419 et
827 5363 1016 5419 omnis
1034 5362 1291 5418 hostium
1310 5361 1624 5417 Multitudo
1648 5379 1834 5434 usque

156 5461 222 5513 ad
271 5456 756 5512 internecionem
808 5453 1060 5508 caderet.
1112 5451 1314 5508 Sisara
1364 5455 1561 5506 autem
1608 5452 1835 5522 fugiens

158 5545 443 5620 pervenit
493 5543 564 5598 ad
627 5541 948 5598 tentorium
975 5541 1142 5597 Jahel
1195 5541 1392 5596 uxoris
1442 5541 1592 5596 Aber
1637 5543 1832 5598 Cinzei.

160 5637 244 5709 [Β.
279 5632 486 5704 XIX.]
520 5637 656 5688 Erat
706 5632 862 5688 enim
891 5649 1003 5704 pax
1048 5631 1202 5687 inter
1231 5630 1404 5686 Jabin
1440 5646 1634 5702 regem
1668 5638 1835 5703 Azor,

162 5731 216 5783 et
241 5727 509 5784 domum
528 5721 682 5779 Aber
710 5720 902 5778 Cinaei.
933 5721 1185 5793 Egressa
1229 5719 1412 5791 igitur
1449 5720 1616 5778 Jahel
1649 5725 1710 5780 in
1741 5741 1841 5782 oc-

2009 4833 2105 4904 qui
2135 4831 2367 4902 propria
2413 4831 2712 4887 voluntate
2761 4830 3062 4886 obtulistis
3101 4845 3204 4886 vos
3234 4827 3586 4885 discrimini.

2009 4922 2332 4979 benedicite
2367 4921 2631 4976 Domino.

1939 5014 2045 5077 Qui
2077 5010 2394 5068 ascenditis
2426 5027 2603 5081 super
2633 5011 2886 5066 nitentes
2917 5009 3139 5076 asinos,

2011 5107 2066 5158 et
2099 5100 2317 5157 sedetis
2352 5099 2406 5154 in
2433 5098 2682 5170 judicio,

2014 5195 2071 5246 et
2101 5188 2418 5245 ambulatis
2453 5189 2511 5244 in
2545 5189 2654 5256 via,
2688 5187 3028 5260 loquimini.

1948 5279 2050 5336 Ubi
2082 5279 2270 5334 collisi
2301 5283 2440 5333 sunt
2468 5295 2700 5349 currus,
2747 5287 2805 5334 et
2852 5276 3114 5333 hostium
3147 5277 3236 5330 est
3265 5270 3586 5329 suffocatus

2086 5368 2398 5436 exercitus,

2016 5458 2098 5512 ibi
2132 5456 2710 5526 narrenturjustitiae
2742 5454 2973 5510 Domini

2018 5552 2077 5602 et
2107 5545 2417 5601 clementia
2449 5545 2506 5598 in
2541 5545 2715 5600 fortes
2746 5543 2945 5600 Israel.

1949 5639 2115 5693 Tunc
2146 5635 2449 5692 descendit
2481 5633 2735 5706 pepulus
2763 5631 2997 5690 Domini
3030 5630 3102 5687 ad
3135 5631 3358 5702 portas,

2019 5730 2075 5783 et
2106 5723 2363 5782 obtinuit
2389 5723 2811 5796 principatum.
