3982 6178
448 393 554 450 559
1491 386 1548 438 S.
1589 380 1996 437 HIERONYMI
2035 377 2291 432 DIVINA
2325 374 2824 431 BIBIJOTHECA.
3705 376 3792 432 560

452 524 658 591 Surge,
691 530 884 587 surge,
917 511 1209 576 Debbora,

2166 549 2180 579 ι
2219 502 2322 557 Per
2354 501 2667 557 fenestram
2703 499 3068 574 prospiciens
3100 498 3365 555 ululabat
3395 503 3562 556 mater
3587 503 3698 573 ejus
3728 520 3738 557 :

525 590 723 679 surge,
756 619 952 674 surge,
983 605 1039 656 et
1065 600 1301 672 loquere
1330 598 1627 654 canticum
1661 613 1673 651 :
2289 595 2345 645 et
2375 592 2446 646 de
2478 591 2777 646 caenaculo
2809 590 3179 663 loquebatur.

456 700 658 769 Surge,
694 695 898 762 Barac,
2218 679 2336 734 Cur
2366 687 2631 735 moratur
2659 679 2886 752 regredi
2919 695 3129 734 currus
3161 679 3288 750 ejus
3322 680 3344 732 ἓ

530 765 598 842 et
611 783 986 856 apprehende
1015 779 1276 852 captivos
1305 782 1462 846 tuos,
1495 775 1597 831 filii
1633 775 1936 830 Abinoem.
2291 785 2473 840 quare
2499 769 2876 824 tardaverunt
2906 768 3083 840 pedes
3110 766 3518 839 quadrigarum
3548 765 3728 823 illius?

462 876 712 932 Salvataa
741 877 883 928 sunt
912 869 1172 940 reliquiae
1206 866 1430 939 populi,

2222 876 2348 932 Una
2379 875 2700 949 sapientior
2729 875 2952 932 caeteris
2983 875 3264 932 uxoribus
3295 873 3419 946 ejus

537 963 820 1019 Dominus
849 961 908 1015 in
941 959 1190 1015 fortibus
1221 955 1546 1012 dimicavit.
2295 965 2418 1021 hac
2449 965 2641 1021 εοονυί
2673 965 2850 1022 verba
2880 964 3185 1038 respondit
3211 981 3224 1019 ε

467 1072 550 1128 Ex
579 1068 862 1143 Ephraim
895 1065 1107 1122 delevit
1137 1081 1234 1121 eos
1266 1063 1324 1119 in
1361 1061 1616 1132 Amalec,
2226 1055 2488 1110 Forsitan
2524 1071 2678 1112 nunc
2709 1054 2916 1111 dividit
2947 1054 3155 1127 spolia,

543 1164 601 1216 et
631 1142 762 1232 post
804 1171 937 1214 eum
990 1172 1059 1211 ex
1113 1152 1420 1226 Benjamin
1472 1152 1532 1207 in
1583 1149 1833 1224 populos
1879 1151 2034 1219 tuos,
2085 1163 2117 1203 ο
2298 1149 2355 1200 et
2387 1143 2784 1216 pulcherrima
2816 1143 3166 1200 feminarum
3199 1142 3432 1216 eligitur
3459 1143 3542 1199 ei:

475 1249 739 1306 Amalec.
2227 1237 2433 1290 Vestes
2483 1234 2851 1290 diversorum
2900 1233 3162 1291 colorum
3211 1233 3419 1289 Sisara:
3458 1233 3743 1289 traduntur
3769 1233 3814 1288 in

474 1341 556 1396 De
588 1338 812 1396 Machir
842 1334 1135 1409 principes
1165 1331 1612 1397 descenderunt,
2371 1322 2649 1394 praedam,

546 1436 602 1487 et
635 1431 706 1486 de
737 1426 996 1484 Zabulon
1029 1425 1124 1497 qui
1158 1424 1471 1480 exercitum
1504 1422 1784 1477 ducerent
1809 1420 1876 1474 ad
1904 1417 2124 1474 bellan-
2303 1416 2359 1468 et
2389 1411 2650 1483 supellex
2697 1411 2856 1469 varia
2906 1412 2974 1468 ad
3028 1413 3294 1468 ornanda
3342 1411 3485 1469 colla
3513 1411 3822 1483 congeritur.

619 1522 784 1575 dum.
2233 1504 2327 1560 Sic
2361 1509 2601 1575 pereant
2631 1520 2837 1559 omnes
2869 1502 3091 1559 inimici
3125 1504 3232 1572 tui,
3269 1503 3505 1560 Domine
3536 1521 3548 1558 :

479 1615 666 1666 Duces
699 1606 967 1664 Issachar
1001 1607 1159 1660 fuere
1191 1619 1324 1658 cum
1363 1601 1648 1667 Debbora,
2307 1610 2406 1682 qui
2439 1615 2636 1666 autem
2666 1610 2928 1682 diligunt
2955 1615 3034 1677 te,

549 1703 606 1756 et
633 1698 816 1754 Barac
849 1694 1101 1767 vestigia
1131 1696 1269 1749 sunt
1303 1690 1512 1757 secuti.
2308 1699 2462 1755 sicut
2491 1698 2578 1755 sol
2614 1699 2670 1754 in
2705 1703 2837 1755 ortu
2870 1715 2977 1755 suo
3008 1698 3296 1770 splendet,
3331 1699 3412 1754 ita
3439 1697 3680 1754 rutilant.

551 1787 649 1861 qui
684 1785 853 1861 quasi
886 1784 943 1840 in
979 1798 1238 1857 praeceps
1269 1798 1334 1836 ac
1365 1779 1710 1836 barathrum
1745 1794 1807 1832 se
1838 1775 2129 1832 discrimi-

625 1880 682 1932 ni
703 1847 897 1933 .dedit.
979 1847 998 1857 -
1170 1847 1190 1854 -
2162 1895 2207 1959 Β
2243 1955 2270 1959 _
2291 1849 2394 1959 ‘(.C.
2426 1848 2547 1904 XXI
2579 1849 2595 1920 )
2643 1848 2987 1922 Quievitque
3017 1852 3168 1906 terra
3217 1865 3322 1923 per
3359 1847 3720 1922 quadraginta
3744 1865 3831 1903 an-

482 1967 677 2025 Diviso
708 1969 910 2022 contra
941 1979 1004 2019 se
1035 1962 1266 2028 Ruben,
2165 1955 2201 1959 τ
2243 1955 2369 1993 nos.

557 2054 1071 2129 magnanimorum
1105 2053 1333 2122 reperta
1366 2046 1659 2104 contentio
1690 2050 1797 2101 est.

2313 2054 2397 2126 (Τ.
2432 2054 2524 2122 1v,
2555 2053 2617 2111 B.
2653 2039 2723 2124 x,
2775 2054 2906 2125 Cap.
2938 2053 3056 2125 νε.)
3102 2055 3394 2111 Fecerunt
3439 2058 3625 2109 autem
3653 2051 3744 2107 ﬁlii
3771 2055 3835 2108 n-

487 2149 675 2213 Ουθνθ
706 2143 936 2199 habitas
969 2141 1122 2196 ίῐιῖθν
1152 2140 1300 2195 duos
1331 2135 1639 2206 terminos:
2243 2143 2360 2200 rael
2394 2143 2617 2200 malum
2650 2142 2706 2198 in
2739 2150 3051 2215 conspectu
3086 2144 3355 2199 Domini:
3390 2144 3490 2215 qui
3518 2142 3739 2198 tradidit
3760 2155 3840 2196 eos

561 2239 625 2289 ut
654 2233 860 2289 audias
889 2229 1094 2286 sibilos
1127 2243 1369 2300 gregum
1396 2226 1424 2282 ?

2272 2251 2302 2288 n
2341 2249 2517 2288 manu
2575 2232 2807 2288 Madian
2859 2239 3078 2303 septem
3133 2233 3330 2298 annis,
3377 2238 3434 2287 et
3458 2229 3705 2304 oppressi
3730 2232 3844 2284 sunt

486 2323 681 2379 Diviso
713 2325 917 2378 contra
947 2335 1008 2376 se
1035 2318 1264 2386 Ruben,
2243 2322 2413 2379 valde
2445 2322 2516 2377 ab
2548 2322 2654 2378 eis.
2703 2322 3104 2395 Feceruntque
3135 2321 3248 2376 sibi
3296 2327 3466 2376 antra
3493 2319 3774 2392 speluncas
3797 2317 3844 2370 in

562 2410 1077 2485 magnanimorum
1109 2410 1341 2480 reperta
1370 2404 1667 2461 contentio
1699 2407 1807 2474 est,

2272 2411 2570 2479 nantibus,
2603 2420 2657 2466 et
2705 2411 3108 2467 munitissima
3143 2411 3214 2467 ad
3271 2411 3704 2482 repugnandum
3727 2407 3844 2462 loca.

489 2502 702 2559 Galam!
737 2506 900 2556 trans
925 2497 1240 2555 Jord‘mem
1275 2494 1640 2569 (Ιυίθεοεδίη,
2246 2503 2507 2572 Cumque
2564 2499 2826 2556 saavisset
2882 2499 3081 2570 Israel,
3141 2500 3498 2556 ascendebat
3554 2497 3763 2553 Madian
3803 2499 3850 2548 et

564 2595 621 2647 et
655 2593 771 2646 Dan
802 2590 1046 2644 vacabat
1079 2585 1326 2641 navibus
1357 2601 1369 2639 ε
2251 2589 2507 2657 Amalec,
2541 2588 2852 2660 ceterique
2881 2589 3257 2645 orientalium
3294 2589 3614 2654 nationum,
3645 2591 3696 2641 et
3722 2582 3846 2653 apud

397 2753 400 2758 ,
494 2686 642 2738 Aser
672 2678 974 2735 habitabat
1003 2676 1061 2730 ίῐι
1095 2675 1292 2730 “Wire
1325 2672 1528 2744 maris,
2251 2696 2349 2734 eos
2377 2679 2624 2750 ﬁgentes
2655 2679 2919 2750 tentoria,
2959 2681 3110 2734 sicut
3139 2684 3312 2734 erant
3353 2679 3409 2734 in
3442 2677 3652 2744 herbis,
3678 2676 3854 2729 cuncta

564 2770 626 2825 in
660 2768 950 2841 portubus
983 2765 1338 2821 morabatur.

2280 2767 2564 2823 astabant
2589 2784 2774 2840 usque
2803 2767 2873 2822 ad
2908 2766 3218 2824 introitum
3243 2769 3446 2822 Gaza:
3481 2765 3728 2834 nihilque
3752 2777 3852 2815 om-

494 2859 750 2917 Zabulon
783 2873 916 2914 vero
947 2861 1005 2911 et
1035 2851 1348 2926 Nephthali
1382 2851 1720 2908 obtulerunt
1751 2847 1981 2934 animas
2006 2865 2146 2904 suas
2254 2857 2392 2912 nino
2425 2857 2496 2912 ad
2550 2856 2724 2912 vitam
2777 2856 3080 2928 pertinens
3129 2856 3545 2928 relinquebant
3589 2857 3643 2908 in
3691 2847 3856 2912 Ῑει-εθι,

645 2949 813 3004 morti
2256 2961 2370 3001 non
2428 2961 2586 3013 oves,
2637 2961 2752 3000 non
2803 2944 3001 3014 boves,
3049 2961 3164 3000 non
3221 2946 3445 3000 asinos.
3501 2942 3612 3015 Ipsi
3655 2940 3793 2995 enim
3816 2942 3861 2991 et

572 3039 631 3092 in
665 3037 902 3107 regione
931 3039 1206 3089 Μετοωθ·
2258 3033 2516 3090 universi
2546 3050 2751 3107 greges
2782 3050 2983 3090 eorum
3014 3034 3330 3089 veniebant
3359 3049 3494 3088 cum
3516 3027 3862 3086 tabernaculis

499 3129 800 3183 Venerunt
830 3139 995 3196 reges
1025 3122 1544 3193 etpugnaverunt,

2293 3125 2403 3194 uis,
2438 3129 2493 3178 et
2551 3125 2736 3179 instar
2783 3121 3146 3179 locustarum
3200 3124 3480 3178 universa
3519 3118 3864 3189 complebant,

573 3216 984 3289 pugnaverunt
1015 3224 1182 3280 reges
1210 3208 1509 3276 Chanaan,

577 3305 587 3316 ι
663 3301 933 3322 rnl,-_-_l_
973 3301 1129 3322 .‘----.I_
1170 3314 1350 3322 --η--..ρ
1382 3297 1662 3322 ὶιηηΑιΙι-ΙΑ

2293 3227 2573 3268 nnumera
2603 3210 2918 3267 multitudo
2940 3211 3246 3266 hominum
3280 3221 3338 3268 et
3367 3209 3712 3266 camelorum
3732 3204 3865 3276 quid~

2304 3302 2399 3322 --ΞΔ
2454 3301 2766 3322 Α-ι3......-..ι
2855 3300 3221 3322 J----_A___L-_
3316 3299 3767 3322 ll--..-2l2..l.-..nnn
3806 3295 3865 3322 ad

573 3305 632 3360 in
663 3301 938 3360 Thanach
967 3301 1135 3372 juxta
1168 3314 1351 3370 aquas
1382 3297 1686 3368 Mageddo,
2182 3295 2224 3322 υ
2263 3302 2402 3374 quid
2453 3301 2789 3373 tetigerant,
2850 3300 3246 3356 devastantes.
3309 3299 3768 3366 Humiliatusque
3804 3295 3872 3346 est

575 3399 632 3449 et
659 3398 853 3448 tamen
889 3388 1032 3447 nihil
1068 3387 1254 3444 tulere
1281 3387 1626 3459 praedantes.

2297 3389 2440 3447 srael
2487 3389 2653 3446 valde
2703 3387 2761 3444 in
2812 3393 3127 3461 conspectu
3179 3387 3447 3445 Madian.
3500 3388 3579 3458 (ϐ.
3611 3383 3790 3451 XXII.)
3819 3380 3869 3434 Et

509 3485 588 3540 De
622 3482 764 3538 οωιο
797 3480 1140 3536 dimicatum
1177 3481 1267 3532 est
1297 3481 1501 3531 contra
1532 3491 1668 3530 6031
2262 3479 2538 3536 clamavit
2568 3479 2639 3534 ad
2687 3478 3000 3534 Dominum
3055 3477 3370 3550 postulans
3403 3476 3677 3533 auxilium
3706 3477 3871 3527 contra

578 3571 760 3628 stellae
793 3572 1098 3625 manentes
1125 3566 1182 3620 in
1219 3565 1422 3621 ordine
1456 3569 1514 3619 et
1544 3580 1718 3619 cursu
1753 3579 1882 3630 suo,

2295 3569 2633 3625 Iadianitas.
2668 3567 2775 3631 Qui
2808 3567 2970 3623 misit
2999 3568 3071 3622 ad
3104 3583 3204 3622 eos
3234 3567 3436 3622 virum
3472 3561 3867 3639 prophetam,et

578 3662 890 3718 adversum
917 3658 1166 3712 Sisaram
1200 3657 1627 3727 Ρυὲηονθνυοῑ·
2263 3659 2496 3714 locutus
2525 3661 2650 3714 est:
2687 3657 2814 3712 Haec
2841 3654 2984 3712 dicit
3024 3655 3312 3712 Dominus
3362 3659 3514 3712 Deus
3543 3652 3748 3710 Israel:
3775 3647 3867 3716 Ego

507 3752 758 3808 Torrens
783 3749 950 3804 Cison
986 3745 1161 3801 traxit
1192 3743 1473 3800 cadavera
1503 3758 1727 3809 eorum,

2301 3766 2364 3804 os
2388 3746 2494 3804 feci
2517 3747 2905 3803 conscendere
2943 3747 3015 3802 de
3050 3745 3323 3818 ﬁgypto,
3357 3750 3418 3801 et
3445 3743 3615 3802 eduxi
3644 3742 3710 3796 de
3726 3740 3866 3794 domo

585 3846 814 3897 ῒονυθηε
844 3835 1158 3901 cadum“).
1195 3838 1426 3888 ίοννθηε
1456 3831 1618 3887 (δίεοη
1653 3848 1665 3886 ε
2265 3836 2587 3904 servitutis,
2621 3840 2679 3892 et
2717 3833 2959 3891 liberavi
2982 3834 3052 3890 de
3075 3851 3256 3891 manu
3287 3833 3692 3908 Egyptiorum
3711 3835 3763 3884 et
3778 3841 3877 3880 um-

585 3927 886 3997 εοΰουιοα,
919 3925 1110 3980 anim"
1142 3939 1292 3988 mea,
1325 3920 1598 3976 P01308109
2268 3927 2430 3983 nium
2462 3923 2966 3995 inimicorum,qui
2997 3921 3342 3993 allligebant
3373 3939 3511 3980 vos:
3543 3922 3782 3992 ejecique
3800 3930 3878 3969 eos

514 4021 755 4094 Ungula:
785 4031 1065 4090 eQuorum
1101 4011 1454 4078 ceciderunt,
2267 4017 2572 4072 introitum
2607 4018 2964 4082 vestrum,et
2993 4013 3206 4068 tradidi
3240 4014 3418 4070 vobis
3449 4019 3661 4068 terram
3691 4019 3877 4064 eorum.

585 4091 947 4182 Ῡίιϐίθηίίδυδ
979 4105 1226 4176 impetu:
2268 4106 2338 4160 Et
2369 4104 2531 4160 dixi:
2584 4105 2698 4173 Ego
2743 4101 3026 4158 Dominus
3075 4101 3232 4157 Deus
3284 4109 3501 4167 vester,
3552 4117 3622 4155 ne
3668 4091 3882 4152 timentis

513 4206 581 4256 Et
614 4178 716 4272 l3gr
743 4211 1000 4270 Ρνὶθοθρε
1031 4191 1340 4247 ruentibus
1375 4187 1715 4243 Γυτῖίεεῖῐηῖε
1747 4187 2032 4243 ῧοδῑίυιῐι·
2269 4194 2407 4250 deos
2429 4191 2924 4258 Amorrhaeorum,
2959 4189 3018 4245 in
3053 4207 3311 4261 quorum
3345 4197 3507 4246 terra
3529 4183 3805 4244 habitatis.
3833 4178 3883 4234 Et

509 4286 840 4345 Μιὶιθάίείῖθ
868 4288 1038 4339 teer
1065 4285 1276 4348 ΜθΓοΖ,
1309 4276 1454 4330 δίκη
1482 4274 1722 4346 angelus
1754 4273 1985 4331 Domini
2018 4292 2030 4329 ε
2268 4280 2544 4338 noluistis
2573 4280 2778 4336 audire
2827 4295 3024 4335 vocem
3058 4295 3276 4335 meam.
3313 4279 3492 4335 Venit
3521 4283 3708 4333 autem
3738 4283 3884 4338 ange-

583 4372 912 4432 ῐηιίεάίοίῑθ
941 4365 1375 4426 habitatoribus
1401 4365 1552 4435 elus»
2266 4371 2362 4428 lus
2382 4368 2634 4435 Domini,
2659 4375 2716 4424 et
2737 4369 2890 4426 sedit
2919 4367 3029 4424 sub
3049 4384 3296 4439 quercu,
3321 4385 3457 4440 quas
3485 4371 3611 4424 erat
3637 4367 3692 4420 in
3721 4357 3885 4432 Ephra

583 4465 722 4538 (ἶυίθ
752 4479 868 4518 non
899 4460 1184 4514 venerunt
1213 4455 1282 4510 ad
1317 4453 1600 4510 “Milium
1631 4451 1886 4522 Πουιίηί,
2268 4466 2323 4516 et
2344 4459 2671 4532 pertinebat
2691 4458 2762 4514 ad
2783 4457 2924 4514 Joas
2964 4463 3190 4529 patrem
3216 4457 3465 4513 familiae
3486 4455 3631 4512 Ezri.
3663 4453 3886 4517 Cumque

577 4537 636 4609 in
667 4549 1026 4624 θάιῘυῖονίυτη
1061 4543 1518 4602 fortissimorum
1553 4541 1706 4612 ejus~
2269 4549 2504 4606 Gedeon
2537 4547 2695 4603 filius
2741 4547 2871 4618 ejus
2919 4551 3214 4602 excuteret
3263 4552 3450 4619 atque
3501 4543 3767 4618 purgaret
3791 4537 3889 4624 lruf

508 4623 816 4698 Benedicta
849 4640 1004 4695 inter
1050 4633 1327 4690 mulieres
1368 4629 1537 4688 Jehel
1589 4646 1736 4686 uxor
1781 4628 1933 4684 Aber
1958 4629 2080 4683 Cinr

2317 4644 2464 4694 lenta
2494 4637 2553 4692 in
2587 4635 2883 4703 torculari,
2919 4641 2984 4691 ut
3015 4636 3242 4708 fugeret
3273 4637 3546 4702 Madian,
3579 4628 3830 4706 apparuit
3849 4623 3889 4677 ei

576 4731 955 4786 bP-nt‘dicatur
982 4727 1041 4781 in
1073 4720 1451 4779 tabernaculo
1482 4735 1611 4775 9‘10-
2257 4727 2504 4799 angelus
2557 4724 2811 4794 Domini,
2845 4729 2902 4779 et
2931 4727 3047 4779 ait:
3083 4723 3383 4780 Dominus
3415 4732 3639 4793 tecum,
3667 4719 3890 4775 virorum

504 4827 732 4892 Aquam
769 4817 983 4892 petenti
1019 4815 1107 4870 lac
1138 4812 1318 4880 dedit,
2257 4817 2596 4874 Iortissime.
2652 4813 2920 4884 Dixitque
2951 4815 3002 4868 ei
3050 4813 3288 4869 Gedeon
3326 4831 3340 4869 :
3377 4813 3656 4880 Obsecro,
3688 4805 3890 4864 domine

575 4914 630 4965 et
660 4909 716 4964 in
752 4906 949 4980 phiala
981 4903 1313 4974 principum
1348 4899 1559 4956 obtulit
1588 4899 1883 4971 butyrum.
2259 4906 2360 4974 mi,
2393 4903 2442 4960 si
2477 4902 2759 4959 Dominus
2783 4901 3090 4958 nobiseum
3111 4906 3223 4970 est,
3258 4919 3373 4958 cur
3402 4893 3889 4976 apprehenderunt

498 4999 809 5054 Sinistrum
847 5010 1087 5051 manum
1124 4991 1280 5047 ῐηίείί
1314 4990 1382 5046 αδ
1417 4987 1667 5056 Clavum,
2259 5012 2366 5052 nos
2386 4993 2506 5048 haec
2528 4990 2772 5048 omnia?
2813 4991 2909 5046 ubi
2934 4995 3074 5046 sunt
3111 4991 3423 5047 mirabilia
3451 4995 3608 5063 ejus,
3640 5004 3760 5061 qua:
3789 4997 3897 5038 nar‘

571 5093 627 5142 et
665 5089 956 5142 dexteram
992 5083 1060 5139 ad
1099 5083 1396 5137 labrorum
1429 5077 1694 5144 malleos,

2319 5085 2538 5138 .verunt
2567 5087 2764 5152 patres
2797 5079 2982 5135 nostri
3014 5085 3191 5150 atque
3224 5081 3558 5137 dixerunt:
3587 5084 3663 5134 De
3681 5076 3891 5147 [Egyplo

497 5195 910 5266 Percussitque
958 5191 1212 5247 Sisaram
1263 5202 1530 5259 quaerens
1578 5185 1639 5240 in
1693 5182 1880 5254 capite
1923 5180 2148 5238 vulneri
2256 5172 2458 5231 eduxit
2500 5186 2608 5225 nos
2660 5167 2988 5226 Dominus?
3038 5167 3204 5223 Nunc
3239 5175 3451 5226 autem
3487 5166 3895 5238 dereliquitnos

641 5249 857 5349 locum,
1277 5249 1298 5259 -
1764 5249 1780 5254 ’
2257 5260 2451 5334 (Vulg.
2486 5256 2638 5313 addit
2689 5255 2967 5328 Domini),
2991 5261 3048 5311 et
3075 5255 3329 5310 tradidit
3362 5256 3426 5312 in
3460 5272 3638 5312 manu
3669 5249 3892 5309 Madian-

567 5336 892 5443 ett—en—ipus
921 5369 1114 5424 valide
1145 5367 1468 5438 perferens.
2254 5348 2646 5418 Respexitque
2677 5345 2749 5399 ad
2780 5361 2914 5400 eum
2957 5345 3261 5414 Dominus,
3289 5349 3350 5399 et
3385 5347 3510 5401 ait:
3546 5345 3700 5401 Vade
3727 5341 3780 5395 in
3810 5336 3896 5390 hac

494 5465 656 5517 Inter
687 5428 864 5533 pedes
891 5459 1021 5530 ejus
1054 5428 1214 5512 ruit:
2253 5436 2594 5495 fortitudine
2641 5438 2764 5500 tua,
2818 5438 2875 5489 et
2922 5431 3200 5489 liberabis
3251 5432 3446 5490 Israel
3491 5435 3564 5490 de
3593 5446 3764 5489 manu
3792 5428 3892 5482 Ma-

563 5515 887 5619 defe‘cit,et
917 5515 1189 5603 mortuus
1219 5547 1328 5600 est.
2253 5528 2390 5619 dian
2416 5543 2429 5584 :
2464 5524 2610 5619 scito
2641 5523 2798 5619 quod
2833 5521 3099 5578 miserim
3130 5521 3364 5619 te._Qui
3400 5523 3765 5597 respondens
3790 5515 3894 5572 ait:

492 5642 642 5693 Ante
673 5607 850 5708 pedes
881 5635 1044 5692 illius
1073 5632 1439 5701 volvebatur,
2252 5617 2525 5708 Obsecro,
2559 5613 2796 5708 domine
2828 5613 2931 5680 mi,
2965 5612 3024 5666 in
3056 5627 3173 5708 quo
3216 5608 3500 5669 liberabo
3549 5607 3763 5668 Israel?
3788 5615 3900 5660 ecce

563 5730 622 5780 et
643 5695 878 5795 jacebat
905 5723 1196 5783 exanimis
1224 5727 1284 5778 et
1314 5695 1692 5778 miserabilis.
2249 5705 2476 5768 familia
2507 5717 2636 5759 mea
2655 5701 2860 5758 inﬁma
2882 5706 2972 5758 est
2992 5702 3053 5758 in
3074 5699 3386 5776 Marianae,
3410 5707 3474 5762 et
3503 5717 3614 5777 ego
3643 5695 3901 5760 minimus
