3982 6178
208 331 287 386 561

1593 326 1809 379 LIBER
1843 324 2174 381 JUDlCUM.

3463 334 3572 392 562

204 456 253 512 iu
279 455 433 511 domo
458 452 636 526 patris
668 452 802 510 mei.
828 452 1100 526 Dixitque
1130 453 1180 510 ei
1213 453 1533 510 Dominus:
1560 451 1675 521 Ego
1706 464 1804 502 ero
1833 447 1888 514 Α
1917 463 2021 519 per
2051 467 2292 506 manum
2333 469 2520 509 meam
2556 454 2754 522 Israel,
2787 455 2940 512 sicut
2971 456 3203 515 locutus
3233 475 3317 527 es,
3351 476 3566 532 ponam

204 548 460 611 te:um,et
489 544 778 615 percuties
812 543 1044 599 Madian
1075 544 1246 615 quasi
1276 560 1462 600 unum
1496 541 1710 596 virum.
1746 541 1813 592 Et

202 634 319 690 ille:
347 631 398 688 Si
429 631 638 698 inveni,
674 631 886 704 inquit,
919 632 1170 705 gratiam
1203 649 1400 689 coram
1434 635 1510 703 te,
1539 631 1615 686 da
1665 626 1810 683 mihi

126 763 131 768 -
200 723 422 795 signum,
454 721 606 793 quod
641 725 703 776 tu
734 721 816 778 sis
847 723 949 793 qui
981 723 1240 793 loqueris
1271 723 1343 778 ad
1375 738 1487 777 me.
1522 720 1604 775 Ne
1652 734 1807 773 rece-

198 813 282 867 das
310 811 452 877 hinc,
505 810 686 866 donec
741 816 996 867 revertar
1041 812 1112 866 ad
1165 816 1238 878 te,
1291 817 1535 882 portans
1584 807 1805 864 sacriﬁ-

199 902 350 967 cium,
381 904 434 955 et
463 900 713 956 oﬂerens
740 900 867 956 tibi.
902 901 1009 965 Qui
1041 900 1346 972 respondit
1376 918 1389 956 :
1426 899 1537 968 Ego
1571 904 1806 970 praesto-

196 989 329 1044 labor
355 989 660 1047 adventum
693 991 1202 1062 t'ium.lngressus
1232 998 1320 1046 est
1349 990 1548 1060 itaque
1570 988 1802 1044 Gedeon

193 1085 239 1135 et
257 1079 392 1134 coxit
413 1078 642 1132 bardum
669 1084 723 1134 ct
746 1079 817 1134 de
845 1078 1050 1134 farina:
1081 1080 1275 1135 modio
1307 1095 1540 1150 azymos
1574 1093 1752 1148 panes
1785 1090 1799 1130 :

190 1183 471 1239 carnesque
503 1184 730 1239 ponens
749 1167 818 1242 jn
853 1167 1126 1236 canistro,
1159 1173 1214 1224 et
1235 1169 1340 1239 jus
1369 1168 1636 1223 carnium
1669 1164 1800 1220 mit-

187 1264 293 1314 tens
320 1258 371 1314 iu
402 1257 754 1326 ollam,tulit
784 1259 983 1314 omnia
1009 1260 1117 1315 sub
1149 1263 1454 1331 quercu,et
1483 1255 1698 1314 obtulit
1724 1255 1796 1311 ei.

185 1365 265 1419 Cui
293 1364 427 1419 dixit
455 1364 702 1436 angelus
755 1365 980 1420 Domini
1016 1364 1215 1421 :Tolle
1263 1380 1465 1420 carnes
1513 1369 1570 1419 et
1617 1377 1798 1432 panes

183 1469 402 1525 azymos,
420 1458 475 1509 et
496 1470 649 1525 pone
671 1471 853 1525 supra
876 1459 1097 1525 petram
1131 1453 1312 1521 illam,
1334 1458 1390 1508 et
1412 1455 1514 1523 jus
1545 1453 1798 1521 desuper

181 1543 346 1598 funde.
377 1546 640 1613 Cumque
669 1543 906 1598 fecisset
934 1542 1036 1604 ita.
1083 1543 1342 1598 extendit
1387 1540 1631 1611 angelus
1685 1541 1793 1594 [)0-

180 1633 298 1687 mini
327 1631 726 1687 summitatem
758 1633 954 1704 virgae,
983 1648 1160 1702 quam
1191 1632 1471 1688 tenebant
1498 1631 1558 1684 in
1593 1645 1792 1692 manu,

179 1726 222 1774 et
244 1719 408 1791 tetigit
426 1737 635 1776 carnes
657 1726 713 1776 et
734 1736 968 1792 azymos
991 1736 1196 1792 panes,
1219 1722 1604 1790 ascenditque
1636 1717 1792 1788 ignis

1920 537 2032 594 hoc
2061 538 2249 596 vellus
2282 543 2427 597 lana
2458 542 2514 598 iu
2549 561 2682 600 arca
2717 561 2729 600 :
2763 545 2812 601 si
2845 563 2940 601 ros
2971 546 3029 602 in
3062 549 3184 604 solo
3207 549 3416 604 vellere
3447 553 3570 605 fue-

1920 627 2016 694 rit,
2050 634 2107 684 et
2139 631 2196 685 in
2229 632 2387 686 omni
2420 638 2574 687 terra
2603 634 3053 700 siccitas,sciam
3087 639 3242 707 quod
3292 655 3394 708 per
3439 656 3567 696 ma-

1918 733 2056 772 num
2094 734 2306 786 meum,
2339 719 2493 775 sicut
2523 721 2754 778 locutus
2783 739 2865 788 es,
2900 723 3177 782 liberabis
3207 728 3405 782 Israel.
3461 729 3569 784 Fa-

1916 810 2196 876 ctumque
2224 814 2313 862 est
2343 808 2445 863 ita.
2479 808 2547 863 Et
2578 812 2646 865 de
2675 820 2843 866 nocte
2871 827 3259 884 consurgens,
3289 829 3565 884 expresso

1914 896 2149 965 vellere,
2182 895 2465 952 Concham
2494 914 2622 954 rore
2653 899 2983 970 complevit.
3039 902 3307 972 Dixitque
3354 920 3564 960 rursus

1914 984 1986 1039 ad
2017 984 2201 1040 Deum
2236 1001 2249 1039 :
2286 986 2366 1040 Ne
2400 987 2691 1042 irascatur
2723 990 2883 1044 furor
2911 994 3051 1045 tuus
3089 997 3293 1046 contra
3343 1008 3456 1061 me,
3511 993 3561 1048 si

1913 1073 2104 1129 adhuc
2129 1075 2308 1130 semel
2334 1077 2901 1147 tentavero,signum
2935 1094 3205 1148 quaerens
3235 1081 3294 1134 in
3325 1081 3559 1138 vellere.

1909 1163 2043 1232 Oro,
2063 1168 2126 1219 ut
2147 1163 2340 1219 solum
2363 1163 2548 1219 vellus
2570 1166 2792 1220 siccum
2819 1166 2915 1230 sit,
2948 1172 3006 1221 et
3031 1168 3231 1224 omnia
3248 1173 3404 1224 terra
3433 1186 3562 1225 rore

1910 1253 2174 1308 madens.
2222 1253 2497 1324 Fecitque
2544 1253 2700 1310 Deus
2759 1265 2930 1310 nocte
2976 1255 3078 1312 illa
3124 1262 3188 1312 ut
3234 1257 3564 1328 postulave-

1906 1347 2016 1408 rat,
2047 1346 2104 1396 et
2134 1341 2242 1396 fuit
2265 1340 2501 1398 siccitas
2531 1342 2590 1397 in
2621 1342 2744 1398 solo
2776 1342 3004 1415 vellere,
3034 1350 3094 1400 et
3138 1361 3234 1401 ros
3284 1346 3342 1400 in
3392 1348 3561 1402 omni

1904 1434 2079 1487 terra.

1975 1556 2130 1628 [ϐαρ.
2162 1555 2309 1626 Vll.]
2353 1555 2538 1628 Igitur
2583 1555 2874 1624 Jerobaal,
2926 1559 3026 1630 qui
3078 1563 3134 1613 et
3181 1559 3433 1630 Gedeon,
3486 1561 3557 1616 de

1903 1651 2067 1701 necte
2096 1661 2482 1715 consurgens,
2514 1652 2565 1700 et
2599 1645 2796 1701 omnis
2826 1645 3080 1718 populus
3111 1664 3242 1702 cum
3277 1663 3365 1712 eo,
3397 1648 3556 1704 venit

1901 1736 1972 1790 ad
2008 1735 2222 1790 fontem
2257 1734 2357 1805 qui
2389 1737 2630 1789 vocatur
2660 1735 2872 1791 Harod.
2907 1739 3084 1790 Erant
3115 1741 3310 1791 autem
3361 1743 3552 1794 castra

177 1810 234 1864 de
261 1818 428 1882 petra,
459 1816 518 1864 et
543 1826 747 1865 carnes
777 1826 1126 1881 azymosque
1158 1825 1339 1881 panes
1373 1810 1742 1876 consumpsit
1773 1824 1788 1874 ;

1908 1823 2131 1878 Madian
2154 1823 2379 1877 invalle
2396 1825 2464 1877 ad
2486 1824 3002 1896 septentrionalem
3025 1825 3254 1897 plagam
3275 1825 3441 1882 collis
3458 1843 3551 1881 ex.

177 1898 389 1970 angelus
413 1905 612 1955 autem
644 1899 872 1954 Domini
903 1900 1139 1954 evanuit
1167 1915 1234 1954 ex
1262 1899 1448 1953 oculis
1493 1901 1643 1967 ejus.
1699 1897 1786 1952 Vi-

177 1987 401 2058 densque
430 1987 693 2053 Gedeon,
725 1987 878 2058 quod
909 1995 1066 2043 esset
1095 1987 1339 2058 angelus
1375 1987 1624 2054 Domini,
1656 1987 1738 2040 ait
1771 2002 1784 2041 :

177 2079 272 2131 Heu
293 2076 445 2143 mihi,
470 2075 719 2132 Domine
738 2075 914 2143 Deus,
944 2076 1082 2147 quia
1103 2077 1217 2131 vidi
1250 2074 1523 2149 angelum
1556 2075 1785 2131 Domini

176 2165 293 2222 facie
318 2167 385 2222 ad
417 2166 650 2222 laniem.
671 2165 937 2236 Dixitque
966 2167 1018 2220 ei
1051 2166 1335 2220 Dominus
1369 2181 1384 2220 :
1417 2170 1533 2220 Pax
1564 2169 1783 2220 tecum:

176 2268 469 2327 netimeas.
503 2281 624 2319 non
658 2262 952 2319 morieris.
997 2263 1317 2318 Ediﬁcavit
1363 2278 1501 2333 ergo
1550 2263 1628 2317 ibi
1678 2268 1783 2316 Ge-

175 2352 293 2408 deon
323 2355 497 2410 altare
530 2354 803 2420 Domino,
833 2354 1176 2423 vocavitque
1205 2353 1373 2416 illud,
1394 2351 1618 2408 Domini
1653 2367 1785 2422 pax,

174 2459 322 2509 usque
350 2445 406 2498 in
441 2449 794 2516 prensantem
827 2441 1004 2498 diem.
1025 2446 1288 2513 Cumque
1321 2442 1511 2496 adhuc
1546 2448 1694 2496 esset
1724 2440 1782 2494 in

173 2532 352 2601 Ephra,
381 2550 505 2602 qua:
542 2539 635 2587 est
664 2531 896 2586 familiis
932 2531 1074 2597 Ezri,
1125 2537 1293 2585 nocte
1345 2530 1446 2584 illa
1495 2531 1640 2584 dixit
1684 2535 1788 2584 Do-

171 2621 333 2676 minus
364 2624 428 2677 ad
463 2619 796 2677 euszolle
825 2627 1062 2675 taurum
1099 2619 1280 2690 patris
1306 2621 1412 2688 tui,
1449 2624 1506 2673 et
1537 2619 1784 2674 alterum

173 2712 371 2765 taurum
402 2725 701 2765 annorum
735 2713 985 2780 septem,
1017 2709 1402 2778 destruesque
1432 2725 1592 2762 aram
1626 2706 1784 2772 Baal,

173 2812 276 2866 quae
300 2805 383 2854 est
414 2799 605 2871 patris
637 2797 746 2862 tui,
770 2803 828 2853 et
854 2813 1094 2862 nemus,
1120 2800 1268 2865 quod
1298 2797 1451 2851 circa
1482 2813 1641 2851 aram
1676 2801 1785 2860 est,

174 2887 505 2942 succidezet
542 2886 864 2942 aedificabis
894 2884 1072 2940 altare
1122 2885 1364 2940 Domino
1411 2885 1525 2939 Deo
1575 2890 1675 2938 tuo
1725 2883 1785 2939 in

175 2977 482 3033 summitate
519 2981 700 3047 petrae
733 2976 932 3045 hujus,
985 2991 1163 3044 super
1205 2990 1378 3044 quam
1430 2974 1782 3029 sacriﬁcium

172 3071 281 3118 ante
323 3067 576 3134 posuisti
634 3081 646 3119 :
698 3063 1007 3133 Tollesque
1055 3069 1287 3118 taurum
1336 3065 1679 3131 secundum,
1729 3066 1789 3118 et

1894 1913 2054 1968 celsi.
2089 1913 2356 1983 Dixitque
2391 1913 2670 1968 Dominus
2705 1914 2773 1968 ad
2809 1913 3038 1969 Gedeon
3063 1932 3075 1969 :
3098 1915 3317 1971 Multus
3348 1919 3540 1970 tecum

1892 2009 1981 2056 est
2006 2000 2277 2072 populus,
2303 2016 2408 2056 nec
2429 1992 2693 2056 tradetur
2715 2002 2942 2057 Madian
2970 2003 3024 2057 in
3053 2021 3264 2060 manus
3289 2006 3434 2077 ejus,
3469 2025 3540 2063 ne

1893 2090 2176 2161 glorietur
2204 2097 2407 2146 contra
2433 2107 2526 2145 me
2561 2091 2756 2159 lsrael,
2790 2096 2846 2146 et
2884 2091 3040 2146 dicat
3074 2110 3086 2148 :
3123 2093 3268 2150 Meis
3316 2096 3539 2153 viribus

1893 2179 2175 2234 liberatus
2206 2195 2360 2233 sum.
2387 2183 2644 2249 Loquere
2665 2180 2736 2235 ad
2767 2179 3070 2252 populum,
3104 2186 3156 2236 et
3181 2184 3407 2239 cunctis
3439 2203 3538 2240 uu-

1893 2269 2191 2324 dientibus
2233 2267 2478 2339 praedicti
2512 2284 2525 2322 :
2559 2267 2664 2332 Qui
2720 2268 3139 2324 formidolosus
3188 2275 3245 2326 et
3296 2271 3541 2328 timidus

1891 2364 2001 2422 est,
2026 2357 2886 2430 revertatur.Recesseruntque
2903 2359 2974 2413 de
3003 2365 3200 2415 monte
3222 2361 3462 2429 Galaad,
3487 2370 3543 2417 et

1891 2447 2106 2502 reversi
2138 2451 2282 2502 sunt
2309 2448 2380 2501 de
2409 2447 2625 2518 populo
2655 2448 2863 2514 viginti
2893 2448 3010 2503 duo
3042 2449 3228 2504 millia
3258 2450 3544 2515 virorum,

1893 2540 1951 2590 et
1979 2540 2209 2591 tantum
2255 2537 2454 2591 decem
2507 2536 2693 2590 millia
2745 2543 3175 2592 remanserunt.
3225 2542 3306 2612 [0.
3355 2541 3545 2614 ΧΧν.]

1892 2624 2166 2695 Dixitque
2224 2625 2510 2679 Dominus
2558 2626 2629 2679 ad
2681 2625 2914 2681 Gedeon
2965 2642 2979 2681 :
3031 2627 3236 2682 Adhuc
3288 2628 3544 2698 populus

1895 2715 2120 2768 multus
2146 2719 2254 2776 est,
2287 2714 2401 2768 duc
2430 2729 2530 2769 eos
2560 2714 2630 2768 ad
2663 2731 2869 2784 aquas,
2903 2718 2960 2768 et
2989 2715 3067 2768 ibi
3098 2716 3354 2786 probabo
3381 2716 3537 2786 illos,

1893 2806 1950 2858 et
1979 2803 2048 2856 de
2080 2819 2196 2873 quo
2225 2803 2423 2858 dixero
2449 2803 2554 2857 tibi
2588 2808 2652 2856 ut
2680 2808 2872 2858 tecum
2905 2804 3100 2864 vadat,
3133 2804 3258 2875 ipse
3289 2811 3494 2877 pergat
3528 2823 3542 2861 :

1895 2907 2070 2962 quem
2126 2893 2208 2947 ire
2270 2892 2642 2960 prohibuere,
2696 2895 2824 2962 ipse
2883 2897 3228 2948 revertatur.
3279 2893 3544 2966 Cumque

1895 2981 2297 3036 descendisset
2327 2981 2580 3051 populus
2611 2982 2680 3035 ad
2717 2997 2921 3052 aquas.
2955 2981 3100 3036 dixit
3132 2981 3413 3037 Dominus
3469 2984 3538 3037 ad

1897 3070 2126 3126 Gedeon
2149 3087 2160 3124 :
2182 3071 2288 3134 Qui
2322 3071 2520 3140 lingua
2553 3070 2914 3126 lambuerint
2944 3087 3148 3139 aquas,
3174 3071 3324 3126 sicut
3356 3072 3548 3127 solent

173 3153 342 3209 offeres
366 3155 782 3210 holocaustum
818 3168 998 3223 ευρθι·
1027 3153 1316 3224 lignorum
1367 3157 1609 3218 εὶνυϐῐῐι,
1658 3169 1784 3224 quae
1821 3161 1865 3230 C
1903 3175 2075 3214 canes
2108 3160 2385 3222 lambere,
2406 3160 2705 3231 separabis
2738 3177 2836 3214 eos
2869 3177 3130 3214 seorsum
3169 3177 3181 3213 :
3217 3162 3314 3231 qui
3349 3166 3544 3216 autem

171 3240 228 3295 de
266 3259 490 3298 nemore
551 3241 894 3297 succideris.
946 3240 1278 3309 Assumptis
1328 3241 1508 3311 igitur
1555 3241 1785 3296 Gedeon

169 3328 331 3387 decem
361 3333 498 3388 viris
534 3332 611 3386 de
639 3331 823 3386 servis
853 3330 1000 3395 suis,
1053 3331 1190 3385 fecit
1237 3330 1392 3385 sicut
1440 3333 1796 3402 praeceperat

173 3426 326 3501 [Vulg].
354 3431 512 3485 addit
553 3431 627 3502 ei]
661 3427 959 3484 Dominus.
1008 3425 1250 3483 Timens
1303 3429 1496 3483 autem
1548 3428 1791 3483 domum

173 3520 324 3586 patris
351 3521 464 3588 sui,
499 3524 564 3575 et
618 3517 883 3573 homines
933 3515 1097 3572 illius
1149 3515 1424 3582 civitatis,
1478 3533 1580 3587 per
1635 3517 1790 3572 diem

176 3605 329 3661 facere
358 3607 572 3674 noluit,
605 3605 709 3661 scd
743 3604 942 3660 omnia
973 3610 1140 3660 nocte
1169 3604 1500 3676 complevit.
1525 3606 1793 3676 Cumque

176 3696 540 3754 surrexissent
572 3695 682 3750 viri
714 3693 913 3766 oppidi
955 3694 1083 3764 ejus
1132 3709 1324 3762 mane,
1380 3693 1649 3749 viderunt
1690 3699 1791 3749 de-

177 3787 422 3841 structam
455 3800 628 3840 aram
651 3782 1134 3853 Baal,lucumque
1153 3781 1534 3852 succisum,et
1559 3792 1790 3838 taurum

177 3869 387 3930 alterum
419 3871 776 3946 impositum
807 3888 985 3944 super
1014 3870 1217 3939 altare,
1248 3873 1405 3942 quod
1437 3877 1576 3927 tunc
1607 3871 1793 3926 aedili-

177 3966 337 4019 tatum
367 3968 516 4020 erat.
552 3963 952 4032 Dixerunlque
999 3963 1066 4016 ad
1121 3959 1369 4016 invicem
1424 3978 1438 4016 :
1494 3960 1635 4028 Quis
1683 3960 1794 4016 hoc

172 4049 588 4124 fecit?Curr.que
618 4050 1023 4124 perquirerent
1051 4054 1351 4105 auctorem
1383 4050 1793 4116 t'acti,_dictum

172 4143 241 4193 est
269 4157 280 4196 :
309 4141 563 4208 Gedeon,
601 4139 759 4195 filius
783 4139 946 4207 Joas,
980 4138 1118 4194 fecit
1146 4137 1269 4194 haec
1299 4137 1601 4195 ouinia.Et
1629 4140 1792 4194 dixe-

172 4233 286 4286 runt
311 4232 379 4288 ad
408 4233 557 4288 Joas
593 4246 606 4286 :
648 4229 879 4285 Produc
913 4226 1099 4283 ﬁlium
1135 4234 1327 4296 tuum,
1363 4234 1428 4284 ut
1459 4228 1746 4284 moriatur
1778 4245 1792 4283 :

173 4329 286 4396 quia
312 4330 601 4386 destruxit
634 4344 794 4384 aram
826 4325 987 4390 Baal,
1020 4331 1078 4381 et
1108 4327 1359 4381 succidit
1391 4343 1619 4382 nemus.
1646 4327 1793 4390 Qui-

175 4413 265 4472 bus
291 4417 382 4475 ille
413 4417 765 4490 respondit:
800 4414 1076 4486 Nunquid
1111 4413 1328 4470 ultores
1358 4417 1502 4471 estis
1537 4415 1694 4482 Baal,
1733 4420 1797 4469 ut

1903 3248 2158 3304 curvatis
2179 3249 2428 3318 genibus
2450 3249 2723 3314 biberint,
2753 3250 2808 3304 in
2837 3249 3017 3304 altera
3041 3253 3202 3321 parte
3223 3251 3554 3305 erunt.Fuit

1901 3336 2097 3408 itaque
2130 3354 2412 3392 numerus
2443 3354 2643 3393 eorum
2677 3338 2776 3408 qui
2810 3354 2986 3392 manu
3015 3339 3084 3392 ad
3114 3354 3178 3393 os
3211 3339 3555 3410 projiciente

1902 3443 2088 3497 aquas
2118 3426 2759 3494 lambuerant,trecenti
2790 3427 2895 3481 viri
2927 3443 2939 3480 :
2977 3427 3170 3481 omnis
3202 3433 3395 3483 autem
3425 3428 3556 3483 reli-

1901 3533 2021 3588 qua
2051 3515 2364 3572 multitudo
2397 3516 2505 3570 ilex
2541 3516 2756 3587 poplite
2785 3515 3031 3570 biberat.
3063 3520 3128 3570 Et
3157 3517 3238 3571 ait
3269 3517 3553 3572 Dominus

1902 3605 1975 3660 ad
2007 3606 2239 3660 Gedeon
2297 3623 2310 3661 :
2365 3606 2428 3660 lu
2482 3604 2758 3660 trecentis
2813 3604 2955 3658 viris
3014 3605 3112 3675 qui
3172 3603 3552 3660 lambuerunt

1902 3712 2111 3767 aquas.
2131 3695 2389 3751 liberabo
2411 3712 2534 3763 vos,
2559 3701 2615 3750 et
2637 3697 2862 3750 tradam
2890 3695 3117 3750 Madian
3141 3695 3200 3749 in
3227 3713 3398 3749 manu
3424 3701 3546 3749 tua:

1902 3784 2096 3840 omnis
2117 3790 2313 3840 autem
2338 3784 2564 3854 reliqua
2587 3783 2900 3838 multitudo
2922 3789 3242 3838 revertatur
3263 3784 3321 3838 in
3355 3783 3548 3838 locum

1903 3873 2373 3944 suum.Sumptis
2405 3872 2601 3943 itaque
2633 3889 2734 3943 pro
2767 3889 3011 3927 numero
3035 3872 3271 3926 cibariis
3295 3877 3350 3926 et
3367 3872 3549 3940 tubis,

1903 3980 2137 4020 omnem
2171 3963 2457 4033 reliquam
2494 3961 2930 4016 multitudinem
2965 3961 3125 4016 abire
3157 3961 3430 4032 praecepit
3476 3961 3547 4015 ad

1903 4051 2280 4109 tabernacula
2304 4068 2432 4116 sua,
2465 4057 2522 4105 et
2558 4051 2682 4120 ipse
2711 4066 2844 4103 rum
2880 4049 3153 4104 trecentis
3181 4049 3318 4103 viris
3341 4066 3400 4104 se
3432 4065 3552 4104 cer-

1904 4142 2112 4198 tamini
2136 4142 2316 4196 dedit.
2349 4141 2549 4195 Castra
2572 4143 2765 4194 autem
2800 4138 3030 4193 Madian
3065 4143 3232 4192 erant
3257 4139 3461 4192 subter
3492 4138 3548 4191 in

1903 4231 2072 4288 valle.
2102 4231 2318 4286 Eadem
2351 4234 2518 4284 nocte
2549 4229 2696 4283 dixit
2722 4227 3009 4283 Dominus
3039 4226 3110 4280 ad
3137 4243 3270 4281 eum
3301 4243 3313 4281 :
3343 4228 3550 4299 Surge,

1904 4325 1964 4376 et
1997 4320 2284 4376 descende
2314 4321 2372 4373 in
2406 4323 2598 4373 castra
2630 4333 2644 4372 :
2679 4321 2816 4387 quia
2847 4316 3059 4370 tradidi
3113 4331 3213 4370 ros
3261 4315 3318 4368 in
3373 4333 3549 4371 manu

1906 4409 2131 4464 tua.Sin
2159 4415 2354 4463 autem
2380 4408 2539 4462 solus
2569 4410 2650 4460 ire
2682 4406 2982 4466 formidas,
3007 4405 3326 4459 descendat
3355 4408 3549 4460 tecum

175 4509 413 4576 pugnetis
446 4524 555 4580 pro
586 4509 696 4562 eo?
726 4506 828 4576 qui
871 4504 1245 4559 adversarius
1275 4511 1365 4559 est
1387 4506 1542 4576 ejus,
1578 4505 1793 4559 moria-
1828 4527 1876 4592 Ι)
1907 4499 2101 4554 Phura
2133 4513 2275 4592 puer
2304 4504 2462 4592 tuus.
2488 4496 2555 4550 Et
2585 4511 2717 4549 cum
2751 4494 3008 4548 audieris
3039 4493 3177 4592 quid
3212 4493 3551 4592 loquantur,

173 4597 251 4648 tur
274 4604 592 4668 antequam
629 4595 727 4649 lux
751 4593 1010 4649 crastina
1037 4592 1263 4648 veniat:
1283 4594 1331 4648 si
1364 4594 1510 4648 deus
1539 4598 1646 4660 est,
1669 4594 1797 4646 vin-

175 4682 305 4740 dicet
330 4703 392 4742 se
421 4688 495 4741 de
527 4701 622 4750 eo,
657 4683 758 4755 qui
789 4681 1030 4737 sull‘odit
1060 4698 1223 4736 aram
1255 4682 1404 4751 ejus.
1439 4683 1509 4738 Et
1559 4681 1657 4738 illo
1705 4681 1800 4736 die

174 4780 382 4831 sociatus
441 4781 536 4830 est
593 4773 848 4836 Gedeon,
897 4770 1169 4826 Jerobaal
1227 4787 1293 4827 eo
1352 4771 1506 4842 quod
1559 4771 1803 4826 dixisset

176 4859 293 4918 Joas
322 4881 335 4918 :
369 4864 707 4920 Ulciscatur
727 4878 789 4916 se
811 4857 945 4915 Baal
975 4860 1046 4914 de
1077 4876 1164 4928 eo,
1193 4859 1293 4929 qui
1335 4860 1577 4915 sutl'odit
1622 4860 1804 4914 altare

177 4948 303 5019 ejus.
336 4953 526 5026 Igitur
557 4950 752 5007 omnis
782 4948 1032 5016 Madian,
1064 4953 1121 5002 et
1151 4949 1402 5014 Amalec,
1446 4956 1502 5004 et
1549 4949 1801 5004 orienta-

177 5036 246 5094 les
273 5041 464 5112 pepuli
497 5037 840 5112 congregati
888 5042 1028 5092 sunt
1079 5035 1282 5102 simul,
1330 5045 1386 5091 et
1429 5042 1806 5092 transeuntes

179 5125 492 5187 Jordanem.
529 5127 930 5185 castrametati
952 5130 1092 5181 sunt
1122 5125 1179 5181 iu
1214 5125 1362 5181 valle
1391 5126 1636 5182 Jezrael.
1679 5126 1804 5196 Spi-

183 5217 308 5273 ritus
338 5227 538 5276 autem
576 5216 802 5274 Domini
835 5215 1029 5270 induit
1075 5214 1332 5280 Gedeon,
1381 5215 1481 5286 qui
1531 5215 1808 5286 clangens

185 5303 406 5365 buccina
435 5306 777 5364 convocavit
797 5306 1037 5361 domum
1069 5303 1328 5373 Abiezer,
1360 5311 1424 5358 ut
1445 5321 1507 5360 se
1537 5321 1808 5375 sequere-

187 5398 283 5450 tur.
314 5398 583 5467 Misitque
612 5395 853 5451 nuntios
883 5393 942 5447 in
979 5391 1314 5448 universum
1349 5394 1677 5462 Manassen,
1707 5393 1807 5463 qui

189 5489 234 5536 et
260 5486 372 5556 ipse
402 5489 646 5542 secutus
677 5490 767 5539 est
795 5499 951 5549 eum,
982 5488 1040 5537 et
1069 5481 1214 5536 alios
1241 5486 1480 5537 nuntios
1503 5483 1559 5537 in
1583 5484 1726 5536 Aser
1755 5486 1812 5536 et

191 5571 425 5631 Zabulon
492 5581 555 5630 et
615 5571 908 5646 Nephtali,
964 5571 1064 5642 qui
1145 5577 1526 5626 occurrerunt
1592 5573 1665 5626 ei.
1726 5570 1808 5643 [(1.

194 5662 399 5736 ΠΝ]
427 5663 588 5723 Dixit
613 5662 847 5723 Gedeon
879 5660 952 5720 ad
981 5660 1168 5720 Deum
1201 5677 1216 5720 ;
1247 5660 1309 5718 Si
1355 5659 1583 5720 salvum
1634 5660 1813 5720 facias

1907 4600 2047 4644 tunc
2091 4586 2579 4643 confortabuntur
2624 4600 2838 4638 manus
2885 4588 3019 4647 tuae,
3071 4587 3129 4637 et
3176 4583 3436 4638 securior
3481 4584 3549 4638 ad

1911 4680 2172 4733 hostium
2203 4683 2396 4732 castra
2425 4674 2764 4729 descendes.
2803 4671 3110 4727 Descendit
3139 4688 3274 4741 ergo
3322 4671 3450 4744 ipse
3499 4677 3557 4727 et

1911 4767 2106 4822 Pbura
2138 4782 2281 4835 puer
2311 4765 2440 4832 ejus
2470 4763 2528 4817 in
2567 4769 2786 4832 partem
2841 4766 3188 4828 castrorum,
3241 4761 3339 4817 ubi
3390 4767 3558 4816 erant

1914 4860 2272 4910 armatorum
2305 4852 2533 4923 vigilias.
2569 4852 2796 4904 Madian
2836 4854 3034 4905 autem
3085 4854 3143 4904 et-
3191 4849 3450 4918 Amalec,
3498 4857 3556 4904 et

1913 4960 2118 5001 omnes
2147 4943 2458 4998 orientales
2488 4938 2710 5010 populi,
2744 4939 2857 4992 fusi
2881 4940 3159 5006 jacebant
3184 4938 3241 4992 in
3272 4937 3445 4993 valle.
3496 4943 3560 4990 ut

1913 5034 2279 5090 locustarum
2315 5029 2629 5084 multitudo
2661 5044 2673 5081 :
2707 5027 2910 5082 cameli
2942 5042 3178 5097 quoque
3222 5026 3560 5081 innumera-

1915 5123 2063 5178 biles
2094 5126 2279 5187 erant,
2309 5120 2464 5174 sicut
2493 5133 2672 5172 arena
2703 5132 2828 5186 quis
2852 5117 3011 5185 jacet
3041 5117 3099 5169 in
3133 5115 3328 5169 littore
3359 5114 3559 5168 maris.

1916 5213 2002 5284 [Ο.
2057 5209 2270 5279 XXVI.)
2328 5208 2594 5278 Cumque
2650 5206 2908 5260 venisset
2975 5203 3230 5269 Gedeon,
3291 5202 3566 5257 narrabat

1919 5301 2136 5371 aliquis
2163 5299 2460 5356 somnium
2494 5295 2757 5367 proximo
2789 5309 2917 5358 suo,
2942 5299 2999 5348 et
3028 5293 3086 5347 in
3119 5292 3275 5347 hunc
3325 5291 3560 5346 modum

1919 5390 2202 5446 referebat
2227 5386 2382 5457 quod
2408 5385 2668 5439 viderat:
2691 5383 2820 5437 Vidi
2843 5382 3229 5442 somnium.et
3258 5379 3568 5433 videbatur

1920 5478 2065 5534 mihi
2099 5475 2269 5548 quasi
2301 5473 2728 5530 subcinericius
2762 5471 2926 5541 panis
2956 5485 3024 5522 ex
3057 5468 3270 5522 hordeo
3303 5466 3476 5532 volvi,
3508 5473 3565 5523 et

1922 5566 2158 5622 Madiau
2191 5569 2382 5619 castra
2411 5562 2766 5616 descendere
2788 5576 2800 5614 :
2819 5572 3071 5628 cumque
3103 5555 3462 5626 pervenisset
3491 5557 3562 5610 ad

1925 5653 2391 5724 tabernaculum,
2424 5647 2717 5725 percussit
2747 5647 2916 5718 illud,
2947 5651 3124 5717 atque
3152 5642 3459 5714 subvertit,
3508 5649 3567 5702 et
