3982 6178
230 328 331 384 565

1650 334 1863 394 LIBER
1902 343 2237 401 JUDICUM.

3528 365 3636 420 566

228 460 282 513 et
309 454 464 511 ﬁlius
496 458 720 523 tuus,et
751 453 906 512 ﬁlius
937 456 1332 557 ﬁlii.tui,quia
1360 460 1621 518 liberasti
1655 481 1762 520 nos
1794 465 1867 521 de
1897 467 1952 534 Α
1992 473 2054 525 ut
2084 477 2378 544 ungerent
2407 492 2583 548 super
2611 493 2673 534 se
2705 495 2894 550 regem
2931 499 2944 536 :
2995 483 3379 557 dixeruntque
3426 488 3588 548 olivae
3621 509 3635 548 :

229 560 395 599 manu
429 545 609 615 (Iulg.
646 547 784 601 tacet
814 547 1014 618 manu)
1048 545 1306 605 Madian.
1348 551 1572 615 Quibus
1605 551 1706 608 ille
1737 552 1820 608 ait
1853 571 1867 610 :

229 635 342 693 Non
376 634 724 690 dominabor
752 634 1063 703 vestri,nec
1083 637 1486 695 dominabitur
1508 643 1563 696 in
1583 658 1682 697 vos
1707 641 1867 698 ﬁlius

227 723 510 793 meus,sed
542 723 945 780 dominabitur
966 725 1275 784 Dominus.
1313 727 1584 800 Dixitque
1616 730 1687 786 ad
1718 747 1813 786 eos
1847 749 1860 787 :

222 811 393 869 Unam
427 813 770 884 petitionem
802 813 1036 885 postulo
1069 832 1101 870 a
1130 816 1296 873 vobis
1332 834 1344 870 :
1375 818 1506 874 date
1532 819 1676 874 mihi
1699 819 1862 876 inau-

219 919 303 957 res
329 919 394 957 ex
425 902 619 973 prazda
667 907 876 958 vestra.
910 904 1152 961 Inaures
1197 906 1348 962 enim
1387 924 1595 964 aureas
1638 912 1857 966 Ismae-

213 991 320 1046 litae
350 991 566 1047 habere
615 998 1059 1049 consueverant.
1095 993 1202 1058 Qui
1256 998 1723 1068 reSponderunt:
1760 1000 1853 1054 Li-

212 1079 548 1136 bentissime
579 1080 871 1137 dabimus.
893 1083 1414 1155 Expandeulesque
1437 1103 1615 1158 super
1639 1093 1852 1144 terram

1987 559 2215 650 Impera
2257 564 2448 621 nobis.
2502 568 2636 633 Quae
2687 571 3034 642 respondit:
3068 574 3343 646 Nunquid
3392 595 3634 650 possum

1981 648 2249 707 deserere
2278 653 2697 726 pinguedinem
2732 675 3080 732 meam,qua
3106 667 3164 718 et
3195 663 3271 718 dii
3306 648 3552 724 utuntur
3579 675 3638 727 et

1980 736 2270 811 homines,
2329 748 2386 798 et
2444 745 2640 801 venire
2700 751 2765 802 ut
2819 747 2974 805 inter
3025 750 3186 822 ligna
3237 760 3632 825 promovear?

1979 826 2377 902 Dixeruntque
2431 832 2593 905 ligna
2650 835 2722 890 ad
2782 837 3052 894 arborem
3112 840 3324 899 ﬁcum:
3386 845 3540 915 Veni,
3573 853 3630 904 et

1976 933 2156 988 super
2208 937 2316 976 nos
2367 937 2614 993 regnum
2668 925 2885 996 accipe.
2940 927 3074 991 Quas
3121 933 3425 1004 respondit
3471 937 3556 993 eis
3607 954 3621 994 :

1972 1006 2252 1080 Nunquid
2288 1027 2528 1082 possum
2553 1011 2821 1070 deserere
2849 1015 3216 1074 dulcedinem
3252 1037 3466 1094 meam,
3497 1026 3622 1082 fru-

1969 1099 2220 1168 ctusque
2271 1101 2679 1173 saevissimos,
2712 1109 2766 1158 et
2797 1103 2878 1160 ire
2924 1109 2992 1160 ut
3020 1106 3174 1165 inter
3216 1116 3421 1168 cetera
3463 1115 3625 1188 ligna

211 1169 853 1242 pallium,projccerunt
884 1173 1040 1271 in.eo
1071 1171 1308 1229 inaures
1330 1175 1636 1276 de‘praada,
1668 1182 1723 1232 et
1746 1177 1854 1233 fuit
1966 1201 2310 1256 promovear
2331 1189 2358 1243 ‘?
2393 1169 2722 1263 Locutaqne
2754 1197 2896 1248 sunt
2923 1193 3084 1266 ligna
3113 1198 3185 1252 ad
3214 1199 3388 1256 vitem
3409 1219 3421 1258 :

212 1258 428 1328 pondus
460 1258 896 1330 postulatarum
940 1259 1262 1332 inaurium,
1299 1262 1459 1318 mille
1491 1263 1848 1337 septingenti

209 1347 324 1401 auri
355 1347 743 1419 sicli,absque
766 1350 1213 1417 ornamentis,et
1239 1351 1577 1423 monilibus,
1609 1359 1665 1410 et
1691 1359 1846 1411 veste

206 1453 513 1508 purpurea,
549 1438 768 1508 quibus
798 1437 1031 1494 Madian
1064 1457 1229 1513 reges
1263 1441 1346 1496 uti
1391 1441 1547 1498 soliti
1578 1449 1764 1510 erant,
1789 1450 1846 1501 et

204 1530 397 1596 praeter
427 1530 670 1598 torques
699 1543 906 1583 aureas
954 1529 1334 1585 camelorum.
1379 1532 1652 1604 Fecitque
1678 1549 1746 1589 ex
1777 1550 1842 1589 eo

203 1614 419 1671 Gedeon
454 1615 735 1685 ephod,et
766 1617 964 1688 posuit
988 1617 1132 1673 illud
1159 1617 1216 1673 in
1242 1619 1476 1676 civitate
1496 1638 1603 1678 sua
1626 1622 1840 1694 Ephra.

1965 1279 2021 1329 et
2046 1274 2270 1347 impera
2302 1278 2492 1335 nobis.
2527 1282 2662 1346 Quae
2695 1283 2999 1353 respondit
3045 1286 3225 1357 (Vulg.
3258 1288 3414 1346 addit
3455 1291 3561 1362 eis)
3593 1274 3608 1350 ἐ

1964 1371 2239 1444 Nunquid
2259 1393 2500 1448 possum
2524 1379 2792 1436 deserere
2813 1380 3015 1438 vinum
3043 1399 3263 1455 meum,
3291 1390 3442 1458 quod
3466 1390 3611 1447 laeti-

1961 1461 2097 1517 ﬁcat
2125 1463 2306 1521 Deum
2341 1471 2398 1521 et
2427 1466 2718 1538 homines,
2752 1475 2808 1526 et
2834 1470 2984 1527 inter
3023 1471 3186 1545 ligna
3233 1481 3438 1534 caetera
3470 1496 3610 1552 pro-

1960 1554 2173 1608 moveri
2206 1555 2710 1630 (Alcommoveri)
2734 1558 2761 1613 ?
2795 1559 3200 1634 Dixeruntque
3225 1567 3422 1624 omnia
3452 1568 3610 1639 ligna

1956 1641 2025 1695 ad
2061 1641 2424 1700 rhamnum:
2478 1645 2644 1715 Veni,
2699 1652 2755 1703 et
2806 1650 3029 1722 impera
3078 1668 3254 1724 super
3303 1672 3429 1713 nos.
3471 1658 3604 1723 Quae

200 1703 652 1776 Fornicatusque
683 1710 773 1760 est
803 1706 995 1762 omnis
1023 1708 1198 1763 Israel
1230 1709 1289 1764 in
1322 1715 1472 1780 eo,et
1503 1711 1717 1766 factum
1753 1728 1811 1767 es

202 1792 531 1820 n-.1--_:-a
570 1795 724 1820 -..η-..ε
764 1794 959 1820 λιι-...ηε
999 1798 1121 1820 -:--_
1154 1797 1208 1820 ξ..
1264 1799 1487 1820 ._-_2,A,,A_
1553 1799 1797 1820 tl,,__t:|9-

2629 1703 2643 1715 ,
2809 1703 2841 1704 η
3080 1703 3244 1724 ηρ-
3303 1703 3429 1713 ..--.
3475 1703 3600 1723 μ..

1953 1732 2257 1803 respondit
2289 1734 2339 1788 ei
2374 1752 2387 1790 :
2421 1734 2480 1790 Si
2515 1752 2644 1791 vere
2668 1753 2761 1793 me
2791 1753 2986 1810 regem
3019 1741 3181 1798 vobis
3218 1745 3600 1820 constituitis,

202 1792 437 1850 Gedeoni
472 1800 536 1849 et
567 1795 726 1850 omni
761 1794 962 1851 domui
995 1798 1123 1868 ejus
1154 1797 1213 1853 in
1263 1799 1517 1855 ruinam.
1553 1799 1836 1858 Humilia-

204 1889 286 1938 tus
313 1887 398 1938 est
428 1889 633 1939 autem
666 1884 899 1940 Madian
931 1903 1124 1942 coram
1155 1886 1299 1944 ﬁliis
1341 1889 1540 1957 Israel,
1575 1906 1679 1945 nec
1731 1907 1830 1961 po-

1866 1845 1914 1912 B
1950 1821 2138 1875 venite
2171 1827 2222 1878 et
2259 1823 2369 1878 sub
2403 1825 2611 1880 umbra
2642 1843 2770 1882 mea
2803 1828 3442 1900 requiescite.Siautem
3479 1854 3592 1894 non

1943 1907 2141 1980 vultis,
2193 1913 2528 1983 egrediatur
2584 1913 2740 1986 ignis
2799 1917 2871 1972 de
2925 1917 3194 1992 rhamno,
3245 1926 3302 1978 et
3358 1925 3591 1984 devoret

197 1974 423 2028 tuerunt
475 1971 638 2028 ultra
686 1972 912 2030 elevare
960 1976 1228 2048 cervices,
1263 1979 1361 2033 sed
1414 1979 1635 2051 quievit
1678 1984 1811 2035 terra

1939 1971 2142 2055 cedros
2193 1971 2414 2056 Libani.
2452 2003 2530 2070 (ο.
2564 1971 3574 2081 ΧῖςΧινλΝυιᾷἆῖᾇίῖἱιιζέἷᾎξέιξ

194 2077 282 2130 per
309 2062 708 2134 quadraginta
759 2080 966 2134 annos,
1002 2065 1211 2136 quibus
1261 2069 1492 2138 praefuit
1541 2070 1772 2126 Gedeon
1811 2086 1823 2124 :

190 2149 264 2219 (Β.
296 2150 404 2222 XI).
437 2152 605 2207 Abiit
634 2151 832 2224 itaque
862 2155 1148 2224 Jerobaal,
1200 2156 1356 2213 ﬁlius
1386 2159 1545 2225 Joas,
1579 2164 1634 2213 et
1665 2158 1825 2215 habi-

189 2240 313 2294 tavit
341 2241 396 2295 in
421 2241 606 2296 domo
628 2259 736 2297 sua
758 2259 772 2298 :
795 2243 1119 2316 habuitque
1143 2247 1514 2320 septuaginta
1543 2248 1823 2320 ﬁlios,qui

190 2329 387 2400 egressi
419 2335 571 2386 sunt
594 2331 664 2386 de
687 2332 901 2388 femore
927 2335 1075 2404 ejus,
1098 2351 1165 2390 eo
1188 2337 1340 2408 quod
1365 2336 1561 2409 plures
1583 2337 1822 2394 haberet

189 2433 390 2473 uxores.
426 2418 775 2475 Concubina
807 2425 1000 2476 autem
1037 2422 1214 2491 illius,
1249 2440 1423 2495 quam
1476 2425 1729 2482 habebat
1759 2429 1817 2484 in

187 2504 416 2577 Sicbem,
452 2507 667 2578 genuit
695 2507 745 2564 ei
782 2508 965 2565 ﬁlium
1001 2512 1236 2568 nomine
1277 2514 1627 2572 Abimclecb.
1664 2518 1815 2573 Mor-

186 2596 416 2667 tuusque
445 2601 546 2652 est
575 2598 804 2654 Gedeon
837 2599 994 2655 ﬁlius
1026 2601 1164 2657 Joas
1194 2602 1253 2658 in
1303 2610 1601 2662 senectute
1641 2606 1813 2676 bona,

184 2686 230 2736 et
256 2683 524 2756 sepultus
559 2686 617 2740 in
669 2687 936 2758 sepulcro
965 2689 1103 2746 Joas
1152 2694 1333 2762 patris
1381 2693 1473 2749 sui
1525 2695 1582 2749 in
1625 2696 1815 2767 prra

185 2773 243 2826 de
271 2773 482 2830 familia
522 2775 670 2830 Ezri.
708 2780 790 2845 (T.
826 2777 914 2848 ν).
949 2778 1264 2852 Postquam
1299 2787 1493 2838 autem
1547 2789 1814 2843 mortuus

188 2866 264 2916 est
289 2864 747 2932 Gedeon,aversi
777 2871 916 2922 sunt
948 2868 1052 2923 ﬁlii
1079 2869 1347 2939 lsrael,et
1379 2872 1642 2929 fornicati
1673 2881 1815 2932 sunt

184 2965 300 3006 cum
330 2953 1138 3030 Baalim.Percusseruntque
1168 2977 1300 3016 cum
1335 2961 1469 3017 Baal
1505 2964 1710 3030 foedus,
1748 2969 1811 3020 ut

180 3045 310 3093 esset
341 3057 424 3096 eis
459 3042 527 3096 in
562 3043 757 3113 deum,
793 3060 896 3100 nec
929 3045 1211 3102 recordati
1261 3053 1401 3104 sunt
1447 3049 1674 3106 Domini
1707 3052 1807 3107 Dei

180 3128 382 3200 sui,qui
410 3131 574 3186 eruit
605 3149 700 3186 eos
735 3132 804 3188 de
835 3134 1108 3190 manibus
1140 3137 1402 3193 omnium
1437 3139 1805 3196 inimicorum

176 3232 391 3274 suorum
424 3236 538 3292 per
569 3221 1018 3293 circuitum,nec
1050 3224 1308 3282 fecerunt
1339 3227 1798 3286 misericordiam
1831 3217 1875 3286 C

175 3321 288 3362 cum
319 3309 488 3365 domo
527 3309 795 3366 Jerobaal
823 3312 1244 3385 Gedeon,juxta
1273 3317 1471 3374 omnia
1493 3319 1644 3375 bona
1675 3337 1802 3393 qua:

179 3393 364 3453 fecerat
395 3399 448 3455 Is
457 3398 601 3456 raeli
613 3442 625 3454 .

231 3524 300 3576 (Ο.
348 3523 590 3588 XXXII,
645 3524 772 3597 Cap.
822 3526 940 3592 IX).
1001 3528 1159 3584 Abiit
1205 3533 1401 3586 autem
1462 3533 1799 3599 Ahimelech

179 3607 308 3666 ﬁlius
335 3611 612 3669 Jerobaal
654 3615 711 3669 in
757 3615 988 3672 Sichem
1039 3618 1110 3673 ad
1161 3619 1367 3676 fratres
1420 3623 1627 3698 matris
1681 3641 1797 3680 suae

177 3702 221 3752 et
242 3699 461 3759 locutus
493 3706 590 3758 est
620 3704 691 3759 ad
744 3720 865 3772 eos,
899 3711 954 3762 et
1003 3708 1074 3763 ad
1106 3724 1339 3764 omnem
1391 3713 1795 3783 cognationem

178 3788 358 3846 domus
389 3791 582 3862 patris
612 3792 821 3849 matris
867 3811 1008 3862 suae,
1055 3796 1298 3853 dicens:
1355 3801 1681 3871 Loquimini
1725 3804 1794 3858 ad

176 3892 348 3936 omnes
395 3881 557 3937 viros
610 3881 842 3938 Sicbem
877 3901 890 3938 :
925 3885 1071 3950 Quid
1126 3885 1290 3943 vobis
1333 3891 1422 3944 est
1471 3889 1702 3958 melius,
1733 3896 1798 3948 ut

174 3966 521 4028 dominentur
550 3971 727 4027 vestri
746 3974 1116 4046 septuaginta
1145 3975 1250 4030 viri
1270 3993 1475 4034 omnes
1507 3979 1609 4034 ﬁlii
1640 3982 1795 4039 Jero-

172 4055 297 4126 baal,
329 4077 398 4116 an
454 4067 522 4117 ut
556 4061 893 4117 dominetur
922 4063 1087 4120 vobis
1137 4082 1291 4120 unus
1337 4067 1470 4121 vir?
1499 4069 1794 4142 simulque

170 4149 526 4220 considerate,
563 4149 704 4222 quia
733 4167 797 4207 os
831 4155 1090 4209 vestrum
1122 4158 1180 4210 et
1226 4171 1360 4211 caro
1401 4163 1590 4214 vestra
1634 4177 1790 4218 sum.

171 4233 460 4311 Locutique
511 4244 654 4296 sunt
684 4241 894 4298 fratres
925 4243 1131 4298 matris
1162 4245 1290 4315 ejus
1321 4246 1392 4302 de
1409 4263 1474 4303 eo
1493 4249 1562 4302 ad
1587 4265 1790 4307 omnes

168 4323 296 4382 viros
323 4327 555 4385 Siehem
588 4329 895 4386 universos
925 4348 1226 4390 sermones
1247 4333 1416 4401 istos,
1450 4341 1506 4391 et
1538 4336 1788 4394 inclina-

168 4422 342 4471 verunt
367 4434 465 4474 cor
497 4435 702 4475 eorum
736 4424 868 4490 post
895 4421 1213 4492 Abimclec,
1248 4423 1506 4481 dicentes
1540 4443 1554 4482 :
1591 4427 1790 4484 Frater

171 4508 341 4560 noster
391 4512 502 4563 est.
566 4507 975 4581 Dederuntque
1028 4510 1112 4567 illi
1163 4515 1538 4586 septuaginta
1589 4518 1783 4588 pondo

1935 2090 1992 2142 et
2022 2088 2243 2160 absque
2296 2096 2527 2160 peccato
2579 2094 2968 2150 constituistis
3015 2113 3190 2169 super
3227 2117 3328 2158 vos
3375 2119 3570 2176 regem

1931 2176 2291 2249 Abimelech,
2323 2184 2382 2234 et
2412 2179 2557 2236 bene
2587 2183 2790 2253 egistis
2838 2200 2972 2240 cum
3020 2187 3312 2257 Jerobaal,
3345 2197 3400 2248 et
3438 2210 3572 2250 eum

1931 2265 2105 2322 domo
2136 2268 2347 2338 ejus,et
2379 2269 2718 2326 reddidistis
2747 2271 2928 2328 vicem
2960 2273 3259 2334 beneﬁciis
3288 2282 3437 2352 ejus,
3472 2284 3574 2356 qui

1929 2356 2210 2424 pugnavit
2237 2373 2339 2429 pro
2366 2358 2550 2425 vobis,
2567 2363 2624 2414 et
2644 2361 2899 2416 animam
2921 2379 3090 2419 suam
3110 2366 3582 2446 deditpericulis,

1931 2455 1994 2504 ut
2013 2458 2240 2508 erueret
2258 2470 2358 2510 vos
2381 2455 2449 2510 de
2474 2471 2653 2512 manu
2679 2457 3038 2534 Madian,qni
3063 2479 3219 2519 nunc
3239 2469 3576 2526 surrexistis

1925 2545 2128 2596 contra
2177 2543 2414 2598 domum
2468 2545 2651 2615 patris
2700 2547 2836 2615 mei,
2890 2553 2946 2604 et
2997 2550 3371 2612 interfecistis
3422 2557 3574 2616 ﬁlios

1925 2629 2054 2698 ejus
2103 2631 2478 2703 septuaginta
2524 2634 2678 2690 viros
2727 2653 2906 2708 super
2953 2655 3136 2696 unum
3189 2640 3466 2714 lapidem,
3517 2653 3574 2704 et

1923 2719 2316 2776 constituistis
2365 2737 2555 2793 regem
2589 2723 2918 2781 Abimclech
2969 2727 3152 2783 filium
3187 2731 3410 2788 ancilla:
3441 2736 3569 2807 ejus

1922 2825 2098 2880 super
2146 2808 2506 2867 habitatores
2553 2811 2807 2881 Sicbem,
2839 2831 2905 2871 eo
2955 2821 3108 2888 quod
3161 2819 3336 2876 frater
3381 2828 3571 2880 vester

1921 2897 1997 2953 sit
2024 2915 2042 2953 :
2074 2898 2123 2952 si
2152 2915 2288 2970 ergo
2324 2904 2476 2956 recte
2508 2905 2564 2957 et
2595 2902 2819 2974 absque
2867 2903 3007 2959 vitio
3052 2906 3258 2978 egistis
3305 2925 3436 2966 cum
3468 2912 3562 2968 Je-

1921 2985 2204 3053 robaal,et
2225 2989 2398 3044 domo
2430 2989 2578 3059 ejus,
2607 2988 2777 3045 hodie
2808 2989 3082 3046 laetemini
3114 2992 3172 3049 in
3206 2995 3563 3066 Abimclech,

1918 3079 1976 3132 et
2005 3073 2103 3132 ille
2132 3075 2359 3132 lmtetur
2391 3077 2447 3132 in
2480 3077 2663 3134 vobis.
2698 3078 2800 3134 Sin
2850 3084 3048 3136 autem
3081 3099 3364 3156 perverse,
3398 3103 3561 3159 egre-

1919 3164 2114 3220 diatur
2163 3165 2314 3236 ignis
2362 3183 2429 3220 ex
2474 3183 2560 3237 eo,
2607 3172 2664 3222 et
2711 3174 3021 3226 consumat
3067 3169 3426 3231 habitatores
3475 3177 3563 3232 Si-

1915 3253 2104 3321 cbem,
2139 3260 2195 3310 et
2243 3255 2526 3327 oppidum
2578 3257 2766 3326 Melle,
2814 3259 3260 3332 egrediaturque
3308 3263 3460 3336 ignis
3493 3267 3564 3324 de

1913 3343 2052 3398 viris
2081 3343 2338 3408 Sicbem,
2367 3349 2424 3400 et
2471 3346 2541 3401 de
2572 3345 2763 3413 Melle,
2812 3351 2870 3402 et
2925 3349 3158 3405 devoret
3197 3351 3558 3412 Abimelech.

1913 3443 2047 3508 Quae
2078 3459 2209 3497 cum
2264 3442 2530 3508 dixisset,
2565 3444 2716 3517 fugit
2761 3449 2819 3502 et
2845 3446 2990 3501 abiit
3020 3447 3076 3502 in
3112 3448 3258 3505 Bera
3290 3467 3303 3504 :
3335 3451 3561 3512 habita-

1909 3532 2107 3603 vitque
2138 3531 2216 3586 ibi
2261 3537 2426 3588 metu
2478 3533 2816 3590 Abimclech
2864 3536 3060 3592 fratris
3109 3538 3223 3594 sui.
3275 3544 3560 3614 Regnavit

1908 3620 2105 3690 itaque
2137 3621 2471 3678 Abimelech
2527 3639 2706 3696 super
2735 3624 2911 3681 Israel
2965 3625 3153 3682 tribus
3207 3629 3398 3686 annis.
3451 3632 3556 3689 Mi-

1909 3709 2104 3781 sitque
2137 3711 2421 3767 Dominus
2454 3712 2726 3783 spiritum
2763 3714 3090 3784 pessimum
3122 3715 3276 3772 inter
3319 3719 3555 3777 Abimc-

1909 3799 2035 3855 lech
2085 3805 2142 3856 et
2190 3801 2550 3858 habitatores
2605 3803 2860 3871 Sicbem,
2910 3804 3010 3875 qui
3057 3813 3359 3878 coeperunt
3414 3824 3548 3866 eum

1906 3889 2206 3955 detestari,
2240 3897 2294 3946 et
2325 3889 2513 3946 scelus
2549 3891 2974 3948 interfectionis
3005 3895 3374 3968 septuaginta
3407 3897 3552 3956 ﬁlio-

1905 3995 2033 4033 rum
2066 3978 2433 4046 Jerobaal,et
2457 3981 2802 4037 effusionem
2837 3982 3148 4054 sanguinis
3177 4000 3378 4040 eorum
3412 4001 3548 4042 con-

1903 4069 2051 4124 ferre
2080 4067 2139 4124 in
2173 4069 2512 4124 Abimeleeb
2568 4071 2801 4126 fratrem
2859 4087 3060 4137 suum,
3092 4076 3150 4127 et
3199 4073 3258 4128 in
3311 4079 3548 4132 caeteros

1899 4157 2290 4213 Sichimorum
2327 4158 2748 4230 principes,qui
2782 4177 2916 4215 eum
2949 4161 3544 4232 adjuverant.Posue-

1900 4251 2152 4318 runtque
2175 4245 2421 4302 insidias
2446 4247 2728 4303 adversus
2751 4263 2881 4303 eum
2907 4248 2964 4304 in
2989 4249 3278 4306 montium
3301 4253 3545 4309 summi-

1897 4339 2037 4402 tate,
2062 4339 2119 4390 et
2151 4335 2293 4390 dum
2327 4335 2488 4390 illius
2512 4335 2988 4408 praestolarentur
3011 4339 3348 4411 adventum,
3381 4356 3541 4398 exer-

1896 4424 2104 4480 cebant
2134 4424 2464 4494 latrocinia,
2495 4429 2735 4496 agentes
2766 4427 2995 4498 praedas
3035 4429 3106 4483 de
3136 4432 3539 4500 praetereunti-

1895 4512 2497 4582 bus.Nuntiatumque
2518 4519 2606 4569 est
2629 4513 3156 4572 Al.imelech.Venit
3176 4522 3370 4574 autem
3397 4522 3538 4577 Gaal

167 4594 360 4663 argenti
391 4595 461 4652 de
508 4597 646 4652 fano
687 4596 1071 4654 Baal-Berith.
1108 4600 1214 4667 Qui
1246 4603 1524 4659 conduxit
1569 4605 1682 4661 sibi
1716 4622 1783 4662 ex
1811 4591 1859 4659 D
1894 4600 2050 4656 ﬁlius
2076 4601 2228 4656 Ebed
2256 4619 2388 4656 cum
2416 4601 2697 4657 fratribus
2722 4601 2871 4666 suis,
2893 4619 2950 4658 et
2970 4603 3241 4660 transivit
3263 4605 3318 4660 in
3351 4606 3534 4663 Sichi-

165 4695 218 4732 eo
240 4682 380 4739 viros
411 4685 619 4758 inopes
649 4689 706 4742 et
735 4703 933 4759 vagos,
986 4690 1293 4762 secutique
1341 4696 1481 4748 sunt
1524 4709 1676 4750 eum.
1716 4697 1783 4752 Et

163 4770 297 4825 venit
323 4771 378 4828 in
411 4774 654 4829 domum
688 4775 872 4846 patris
906 4777 997 4832 sui
1029 4777 1086 4832 in
1123 4779 1399 4850 Ephra,et
1429 4782 1641 4838 occidit
1673 4785 1782 4839 fra-

165 4860 261 4944 tres
289 4877 420 4917 suos
471 4863 624 4919 ﬁlios
676 4864 946 4920 Jerobaal
996 4868 1369 4940 septuaginta
1399 4871 1572 4937 viros,
1605 4889 1784 4944 super

167 4943 387 5017 lapidem
410 4954 1030 5026 unum,remansitquc
1047 4956 1317 5012 Joatham
1341 4943 1779 5017 filiusJerobaal

166 5035 436 5108 minimus,
503 5045 561 5097 et
617 5042 1000 5101 absconditus
1077 5050 1184 5100 est.
1241 5048 1582 5121 Congregati
1641 5054 1783 5107 sunt

167 5129 329 5182 autem
357 5145 562 5185 omnes
582 5130 689 5185 viri
716 5131 1025 5202 Siehem,et
1051 5135 1332 5191 universae
1356 5137 1592 5193 familia:
1616 5140 1780 5196 urbis

168 5210 342 5270 Mella:
378 5219 765 5292 abieruntque
799 5227 856 5277 et
882 5225 1311 5281 constituerunt
1333 5241 1525 5298 regem
1550 5229 1781 5285 Abime-

169 5298 292 5373 lecb,
329 5306 498 5376 juxta
545 5325 827 5380 quercum
877 5327 1002 5382 quae
1053 5313 1244 5368 stabat
1295 5315 1353 5370 in
1405 5317 1659 5373 Sicbem.
1692 5319 1776 5387 (Ο.

168 5387 400 5466 XXXIII).
435 5397 596 5462 Quod
638 5415 773 5454 eum
801 5401 1138 5458 nuntiatum
1163 5409 1317 5459 esset
1347 5404 1642 5476 Joatbam,
1677 5409 1780 5464 ivit

166 5483 212 5532 et
257 5485 402 5539 stetit
461 5486 520 5540 in
567 5488 782 5543 vertice
839 5489 1055 5546 montis
1108 5491 1381 5565 Garizim,
1442 5495 1777 5570 elevataque

167 5581 280 5662 voce
308 5571 593 5647 clamavit,
637 5581 694 5633 et
739 5577 886 5634 dixit
921 5595 933 5634 :
983 5580 1194 5636 Audite
1227 5598 1340 5655 me,
1374 5583 1479 5640 viri
1523 5586 1775 5662 Sicbem,

170 5653 238 5714 ita
265 5663 320 5717 ut
347 5661 663 5737 (Vuthacet
694 5668 778 5728 ut)
808 5667 1008 5727 audiat
1033 5686 1136 5729 vos
1157 5653 1332 5732 Deus.
1364 5673 1563 5734 lerunt
1593 5653 1769 5752 ligna,

1892 4691 2163 4746 mam.Ad
2179 4692 2350 4762 cujus
2369 4690 2682 4746 adventum
2704 4691 2876 4746 erecti
2893 4691 3246 4750 habitatores
3278 4695 3533 4768 Sicbem,

1889 4789 2108 4859 egressi
2143 4796 2271 4844 sunt
2329 4788 2384 4842 in
2439 4804 2631 4859 agros,
2666 4793 2961 4844 vastantes
3008 4789 3226 4862 vineas,
3273 4809 3534 4866 uvasque

1889 4878 2265 4942 calcantes,et
2295 4876 2463 4932 factis
2487 4877 2850 4932 cantantium
2876 4877 3090 4949 choris,
3123 4879 3374 4954 ingressi
3394 4889 3535 4941 sunt

1889 4966 2093 5021 fanum
2128 4965 2218 5021 dei
2252 4966 2365 5035 sui,
2398 4970 2454 5020 et
2506 4964 2658 5021 inter
2701 4965 2905 5038 epulas
2937 4971 2994 5023 et
3043 4968 3252 5040 pocula
3291 4971 3531 5028 maledi-

1890 5055 2101 5111 cebant
2132 5053 2492 5110 Abimclecb.
2531 5055 2595 5110 Et
2643 5052 2785 5110 dicit
2817 5054 2955 5110 Gaul
2989 5055 3150 5112 ﬁlius
3200 5058 3382 5131 (Vulg.
3415 5059 3530 5115 cla-

1891 5148 2087 5200 mante
2136 5142 2275 5199 Gaal
2309 5142 2450 5205 ﬁlio)
2500 5143 2702 5200 Ebed:
2764 5145 2905 5210 Quis
2936 5149 3024 5201 est
3073 5146 3431 5216 Abimelech,
3479 5152 3536 5202 et

1888 5249 2018 5304 qua:
2050 5236 2139 5288 est
2170 5231 2497 5298 Siehem,ut
2523 5231 2850 5288 serviamus
2880 5233 2978 5289 ei?
3005 5236 3271 5306 nunquid
3298 5251 3412 5290 non
3445 5239 3535 5291 est

1892 5321 2046 5378 filius
2069 5320 2423 5387 Jerobaal,et
2445 5320 2752 5378 constituit
2773 5322 3090 5394 principem
3106 5323 3376 5380 Zebulsei
3392 5339 3529 5379 vum

1890 5427 2064 5467 suum
2095 5426 2273 5482 super
2303 5409 2457 5465 viros
2487 5410 2658 5465 Emor
2691 5412 2871 5481 patris
2902 5411 3129 5466 Siehem
3156 5411 3184 5467 7
3212 5415 3324 5467 Cur
3355 5411 3533 5484 igitur

1890 5499 2214 5557 serviemus
2246 5498 2297 5554 ei
2321 5497 2342 5553 Ρ
2364 5499 2588 5555 utinam
2611 5500 2775 5556 daret
2804 5499 3016 5571 aliquis
3040 5500 3322 5572 populum
3345 5500 3528 5559 istum

1889 5588 1996 5645 sub
2032 5603 2204 5644 manu
2239 5604 2388 5654 mea,
2432 5593 2494 5643 ut
2526 5588 2811 5644 auferrem
2844 5589 2913 5644 de
2945 5588 3134 5645 medio
3166 5588 3525 5662 Abimclecb.

1889 5679 2242 5752 Dictumque
2255 5681 2342 5736 est
2361 5677 2697 5736 Abimclecb
2723 5695 2735 5735 :
2761 5681 3058 5753 Congrega
3078 5677 3366 5740 exercitus
3383 5680 3530 5740 mul-
