3982 6178
369 369 479 427 567

1424 369 1484 420 s.
1522 361 1931 418 HIERONYMI
1970 320 2226 412 mva
2259 353 2758 412 BIBLIOTHECA.

3689 350 3804 406 568

370 496 713 560 titudinem,
744 497 801 549 et
828 492 980 548 veni.
1012 489 1189 545 Zebul
1224 488 1381 543 enim
1427 487 1702 559 princeps
1748 483 2025 550 civitatis,
2056 481 2111 546 Α
2140 478 2502 547 autem,inde
2525 475 2924 548 proﬁciscens,
2948 473 3111 531 venit
3133 475 3204 530 ad
3229 472 3517 547 oppidum
3538 473 3804 544 Thebes,

373 585 596 642 auditis
621 582 998 638 sermonibus
1017 578 1156 634 Gaal
1188 576 1293 632 filii
1316 577 1495 645 Obed,
1515 577 1703 630 iratus
1722 580 1810 628 est
1834 570 2022 638 valde,

375 681 433 731 et
461 673 626 730 misit
657 671 807 726 clam
838 670 908 725 ad
940 667 1276 724 Abimelech
1311 666 1574 730 nuntios,
1602 664 1802 718 dicens
1835 679 1849 714 ε
1884 661 2027 715 Ecce

375 763 517 819 Gaal
565 760 725 815 filius
757 758 914 813 Obed
951 756 1106 812 venit
1136 758 1192 810 in
1225 754 1546 811 Sichimam
1581 768 1714 807 cum
1749 749 2028 804 fratribus

376 851 527 917 suis,
556 854 614 903 et
661 852 965 918 oppugnat
1019 846 1328 900 adversum
1377 849 1433 896 te
1482 841 1796 895 civitatem.
1845 839 2028 908 Surge

373 939 574 1008 itaque
597 942 766 992 nocte
788 951 921 990 cum
947 933 1161 1005 papulo
1183 933 1283 1003 qui
1327 937 1520 985 tecum
1554 933 1662 993 est,
1697 933 1754 982 et
1774 926 1939 982 latita
1967 925 2026 980 in

377 1043 540 1098 agro,
573 1029 631 1081 et
666 1025 855 1095 primo
887 1039 1081 1086 mane,
1115 1022 1338 1076 oriente
1369 1019 1509 1084 sole,
1548 1019 1703 1071 irrue
1744 1029 1921 1086 super
1950 1014 2028 1068 ci-

374 1114 633 1170 vitatem.
668 1111 770 1166 Illo
814 1115 1012 1166 autem
1063 1109 1398 1180 egrediente
1445 1109 1750 1161 adversum
1782 1109 1838 1158 te
1893 1117 2027 1156 cum

379 1202 597 1276 populo
629 1217 758 1267 suo,
795 1199 884 1254 Iac
914 1199 967 1252 ei
999 1197 1155 1268 quod
1187 1195 1471 1267 potueris.
1522 1194 1786 1248 Surrexit
1835 1192 2030 1261 itaque

378 1287 721 1344 Abimelech
751 1302 883 1342 cum
912 1287 1070 1340 omni
1097 1284 1360 1339 exercitu
1394 1299 1502 1337 suo
1535 1287 1726 1350 nocte,
1756 1285 1812 1334 et
1842 1284 2032 1334 teten-

379 1379 468 1432 dit
525 1376 776 1431 insidias
826 1376 994 1444 juxta
1050 1372 1369 1428 Sichimam
1426 1375 1486 1425 in
1559 1379 1808 1441 quatuor
1865 1367 2027 1422 locis.

377 1469 785 1537 Egressusque
807 1465 897 1517 est
922 1460 1061 1516 Gaal
1086 1459 1243 1514 filius
1264 1459 1509 1524 Ubed,et
1525 1458 1687 1512 stetit
1709 1458 1768 1510 in
1789 1455 2028 1510 introitu

381 1557 561 1626 portas
583 1549 1132 1606 civitatis.Surrexit
1157 1554 1354 1603 autem
1384 1546 1734 1609 Abimelech,
1759 1551 1816 1598 et
1837 1543 2030 1598 omnis

382 1640 670 1711 exercitus
700 1654 834 1694 cum
867 1653 934 1692 eo
966 1638 1036 1692 de
1067 1635 1423 1690 insidiarum
1454 1636 1597 1689 loco.
1635 1639 1905 1703 Cumque
1942 1631 2028 1685 vi-

382 1729 564 1784 disset
579 1728 862 1800 populum
893 1725 1056 1794 Gaal,
1089 1724 1235 1779 dixit
1258 1725 1325 1778 ad
1348 1724 1524 1778 Zebul
1550 1741 1562 1777 :
1595 1723 1738 1777 Ecce
1761 1724 1832 1776 de
1863 1737 2029 1775 mon-

378 1818 544 1872 tibus
602 1815 914 1871 multitudo
974 1813 1296 1868 descendit.
1348 1813 1454 1868 Cui
1501 1812 1599 1867 ille
1659 1811 1963 1879 respondit
2012 1827 2028 1867 :

385 1906 632 1963 Umbras
663 1904 950 1959 montium
999 1903 1161 1956 vides
1193 1903 1359 1972 quasi
1396 1902 1697 1955 hominum
1731 1901 1943 1968 capita,
1972 1903 2028 1952 et

381 1996 492 2052 hoc
531 2010 724 2049 errore
769 1991 1076 2062 deciperis.
1133 1991 1473 2059 Rursusque
1520 1988 1659 2043 Gaal
1709 1988 1836 2042 ait:
1888 1992 2029 2042 Ecce

379 2084 635 2156 populus
667 2083 738 2137 de
767 2079 1046 2136 umbilico
1078 2083 1244 2132 terrae
1290 2077 1614 2145 descendit,
1650 2081 1705 2129 et
1738 2092 1893 2130 unus
1927 2091 2026 2130 cu-

382 2189 531 2228 neus
560 2171 715 2226 venit
759 2185 860 2239 per
914 2167 1068 2222 viam
1121 2183 1248 2235 quis
1303 2166 1538 2236 respicit
1585 2181 1888 2235 quercum.
1925 2165 2029 2219 Cui

383 2261 529 2316 dixit
557 2259 763 2314 Zebul:
784 2257 887 2311 Ubi
920 2262 1009 2310 est
1043 2271 1195 2308 nunc
1228 2271 1293 2309 os
1324 2260 1638 2324 tuum,quo
1670 2253 2028 2323 loquebaris:

384 2349 528 2413 Quis
558 2352 648 2403 est
695 2343 1033 2400 Abimelech
1089 2347 1154 2396 ut
1201 2343 1528 2397 serviamus
1558 2342 1660 2396 ei?
1692 2341 1893 2396 Nonne
1922 2342 2032 2396 iste

331 2454 361 2493 e
421 2441 477 2492 si.
505 2435 780 2508 populus,
812 2449 987 2503 quem
1018 2431 1383 2503 despiciebas
1401 2431 1428 2484 ?
1451 2431 1734 2502 Egredere
1753 2436 1810 2485 et
1837 2445 2032 2501 pugna

387 2529 592 2582 contra
616 2540 772 2579 eum.
797 2522 959 2576 Abiit
979 2537 1113 2589 ergo
1135 2519 1295 2585 Gaal,
1319 2525 1619 2587 spectante
1641 2520 2030 2573 Sichimorum

389 2613 624 2686 populo,
657 2616 714 2667 et
743 2609 1024 2682 pugnavit
1053 2614 1256 2664 contra
1302 2607 1662 2674 Abimelech,
1696 2609 1796 2678 qui
1839 2623 2032 2678 perse-

390 2706 568 2758 cutus
599 2707 689 2756 est
736 2716 871 2756 eum
904 2697 1250 2769 fugientem,
1285 2703 1342 2750 et
1372 2699 1429 2751 in
1465 2698 1666 2752 urbem
1709 2697 2030 2766 compulit;

391 2791 842 2860 cecideruntque
895 2804 963 2842 ex
1019 2792 1183 2856 parte
1238 2789 1366 2855 ejus
1425 2785 1684 2856 plurimi,
1719 2800 1906 2855 usque
1961 2785 2032 2838 ad

388 2884 617 2952 portam
667 2877 968 2934 civitatis:
1008 2881 1063 2931 et
1110 2874 1447 2929 Abimelech
1487 2875 1638 2929 sedit
1683 2875 1742 2928 in
1798 2873 1981 2956 Ruma
2017 2891 2030 2929 :

387 2967 566 3024 Zebul
599 2972 818 3033 autem,
854 2963 992 3020 Gaal
1027 2967 1083 3018 et
1111 2963 1304 3018 socios
1355 2963 1483 3032 ejus
1515 2962 1736 3032 expulit
1766 2965 1836 3016 de
1870 2964 2032 3026 urbe,

387 3073 494 3112 nec
523 3056 584 3110 in
617 3071 684 3111 ea
714 3070 928 3126 passus
958 3058 1046 3108 est
1069 3053 1442 3106 commorari.
1464 3053 1741 3122 Sequenti
1774 3067 1910 3120 ergo
1943 3051 2035 3105 die

391 3159 666 3216 egressus
697 3147 789 3198 est
817 3139 1066 3214 populus
1097 3140 1156 3194 in
1189 3155 1486 3209 campum.
1520 3140 1682 3204 Quod
1715 3156 1844 3194 cum
1883 3157 2031 3193 nun-

2137 569 2292 638 quod
2327 567 2700 622 circumdans
2747 566 3060 621 obsidebat
3088 564 3366 623 exercitu.
3409 567 3549 619 Erat
3595 569 3801 619 autem

2136 657 2320 711 turris
2351 656 2578 710 excelsa
2610 655 2668 708 in
2703 655 2897 709 media
2929 653 3267 720 civitate,ad
3301 669 3481 724 quam
3516 653 3803 723 confuge-

2137 750 2271 800 rant
2301 745 2403 799 viri
2439 743 2618 799 simul
2653 760 2719 798 ac
2750 742 3114 808 mulieres,et
3143 758 3349 797 omnes
3382 742 3681 814 principes
3714 740 3804 795 οἱ·-

2135 834 2359 899 vitatis,
2393 833 2595 888 clausa
2646 831 2988 887 ﬁrmissime
3030 832 3241 902 janua.
3275 835 3335 886 et
3382 847 3561 902 super
3609 829 3801 885 turris

2136 927 2354 978 tectum
2407 926 2632 976 stantes
2684 938 2784 992 per
2841 919 3308 992 propugnacula.
3382 919 3799 989 Accedensque

2138 1011 2476 1066 Abimelech
2540 1012 2711 1080 juxta
2765 1010 3002 1069 turrim.
3055 1009 3359 1080 pugnabat
3417 1009 3688 1064 fortiter:
3744 1015 3805 1063 et

2137 1101 2623 1170 appropinquans
2654 1099 2824 1167 ostio,
2859 1097 3057 1169 ignem
3107 1113 3439 1170 supponere
3470 1096 3799 1153 nitebatur.

2136 1191 2218 1258 (C.
2252 1188 2522 1258 XXXVI).
2561 1192 2627 1242 Et
2655 1204 2786 1242 ecce
2822 1187 3034 1242 mulier
3063 1204 3181 1241 una
3213 1186 3474 1258 fragmen
3504 1186 3672 1241 mola
3698 1187 3804 1241 de-

2139 1293 2316 1347 super
2338 1277 2588 1348 jaciens,
2622 1276 2791 1331 illisit
2820 1275 2999 1347 capiti
3031 1275 3389 1344 Abimelech,
3420 1279 3479 1331 et
3508 1275 3806 1348 confregit

2138 1367 2442 1421 cerebrum
2477 1367 2626 1436 ejus.
2661 1366 2765 1431 Qui
2797 1365 3028 1420 vocavit
3052 1365 3167 1419 cito
3206 1364 3561 1432 armigerum
3591 1380 3800 1430 suum,

2138 1459 2197 1510 et
2228 1455 2308 1510 ait
2339 1456 2407 1510 ad
2459 1471 2643 1510 eum:
2697 1455 2952 1526 Evagina
3000 1453 3264 1525 gladium
3319 1458 3514 1518 tuum,
3563 1459 3622 1508 ct
3669 1471 3804 1524 per-

2139 1549 2269 1599 cute
2299 1560 2391 1598 me
2425 1561 2438 1598 :
2473 1561 2544 1598 ne
2577 1545 2721 1599 forte
2753 1544 2984 1599 dicatur
3014 1543 3168 1614 quod
3201 1560 3234 1598 a
3266 1542 3484 1598 femina
3515 1542 3807 1599 interfec-

2137 1638 2234 1688 tus
2267 1633 2401 1687 sim.
2435 1633 2541 1697 Qui
2567 1633 2744 1702 jussa
2774 1632 3100 1701 perficiens,
3135 1631 3430 1687 interfecit
3475 1646 3637 1686 eum.
3675 1631 3814 1688 Illo-

2140 1737 2253 1794 que
2284 1727 2535 1783 mortuo,
2589 1737 2792 1777 omnes
2825 1721 3090 1792 quicum
3141 1737 3210 1776 eo
3257 1725 3422 1776 erant
3469 1721 3543 1776 de
3591 1720 3808 1788 Israel,

2142 1811 2353 1866 reversi
2388 1815 2526 1864 sunt
2556 1812 2626 1865 ad
2661 1812 2830 1865 sedes
2862 1827 3000 1865 suas
3035 1826 3048 1863 :
3083 1814 3139 1865 et
3169 1810 3424 1865 reddidit
3451 1810 3609 1866 Deus
3659 1827 3802 1866 ma-

2139 1899 2447 1970 lum,quod
2483 1899 2695 1954 fecerat
2725 1898 3060 1954 Abimelech
3094 1903 3298 1954 contra
3329 1904 3550 1970 patrem
3582 1915 3796 1964 suum,

2135 1988 2459 2043 interfectis
2501 1988 2873 2058 septuaginta
2925 1989 3208 2044 fratribus
3257 1987 3418 2054 suis;
3454 1987 3796 2044 Siohimitis

2140 2093 2392 2148 quoque,
2428 2078 2580 2149 quod
2615 2078 2832 2148 operati
2866 2082 3052 2146 erant,
3095 2076 3443 2132 retributum
3473 2081 3582 2141 est,
3606 2081 3666 2132 et
3697 2093 3800 2132 ve-

2141 2165 2226 2220 nit
2255 2182 2433 2236 super
2461 2183 2560 2221 eos
2592 2165 2926 2221 maledictio
2955 2165 3229 2220 Joatham
3263 2164 3368 2220 filii
3398 2165 3696 2221 JerobaaI.

2211 2255 2297 2325 ('I‘.
2336 2256 2419 2321 VI,
2444 2255 2503 2310 C.
2538 2254 2779 2317 XXXVI,
2813 2253 2941 2325 Cap.
2977 2254 3066 2324 X).
3100 2253 3238 2310 Post
3270 2254 3602 2310 Abimelech
3659 2272 3806 2311 sur-

2140 2343 2288 2397 rexit
2318 2344 2431 2397 dux
2461 2342 2519 2397 in
2555 2343 2730 2398 Israel
2759 2343 2943 2398 'I‘hola
2975 2342 3133 2397 filius
3163 2343 3325 2398 Phua
3349 2345 3540 2415 patrui
3564 2343 3810 2400 Abime-

2139 2431 2290 2498 lech,
2338 2432 2426 2485 vir
2471 2433 2543 2487 de
2587 2432 2875 2497 Issacbar,
2926 2432 3025 2503 qui
3078 2431 3365 2487 habitavit
3415 2431 3474 2486 in
3525 2432 3733 2488 Samir
3791 2438 3808 2470 ι

2142 2520 2360 2574 montis
2390 2520 2668 2592 prraim
2702 2537 2715 2575 :
2749 2525 2806 2575 et
2845 2521 3134 2591 judicavit
3185 2522 3452 2576 Israelem
3503 2521 3714 2591 viginti
3752 2529 3816 2579 et

2140 2608 2332 2662 tribus
2364 2610 2962 2679 annis,mortuusque
2984 2625 3049 2663 ac
3072 2608 3342 2680 sepultus
3367 2613 3458 2664 est
3488 2611 3546 2665 in
3579 2612 3810 2669 Samir.

2142 2697 2228 2764 (Β.
2261 2697 2379 2764 ΧΠ,
2413 2702 2469 2751 C.
2492 2698 2788 2762 XXXVII).
2822 2698 2968 2753 l-Iuic
2992 2697 3420 2754 successitJair
3438 2698 3810 2768 Galaadites,

2143 2787 2240 2856 qui
2270 2787 2556 2856 judicavit
2587 2787 2763 2842 Israel
2798 2803 2901 2858 per
2929 2787 3132 2856 viginti
3184 2797 3240 2842 et
3269 2788 3417 2844 duos
3448 2805 3660 2857 annos,
3697 2790 3813 2847 ha-

2143 2875 2286 2929 bens
2317 2874 2557 2946 triginta
2606 2875 2757 2929 filios
2806 2876 3074 2931 sedentes
3105 2891 3281 2947 super
3311 2875 3554 2949 triginta
3597 2878 3811 2949 pullos

2144 2965 2467 3030 asinarum,
2498 2969 2554 3018 et
2585 2965 2875 3036 principes
2905 2964 3149 3035 triginta
3198 2965 3523 3034 civitatum,
3557 2985 3695 3037 qua
3736 2986 3810 3025 ex

2145 3052 2380 3106 nomine
2410 3054 2538 3122 ejus
2588 3052 2886 3124 appellatae
2937 3058 3078 3108 sunt
3125 3054 3530 3125 Havotb-Jair,
3569 3055 3626 3112 id
3685 3064 3813 3127 est,

2147 3142 2360 3212 oppida
2389 3141 2533 3209 Jair,
2585 3158 2772 3213 usque
2822 3142 2878 3197 in
2929 3147 3274 3212 praesentem
3328 3143 3506 3212 diem,
3538 3144 3596 3199 in
3633 3150 3812 3202 terra

389 3215 598 3286 tiatum
629 3237 783 3287 esset
810 3226 1171 3290 Abimelech,
1203 3227 1339 3281 tulit
1384 3229 1700 3282 exercitum
1736 3244 1932 3294 suum,
1977 3233 2035 3282 et
2063 3215 2108 3280 C
2148 3229 2387 3285 Galaad.
2421 3230 2802 3302 Mortuusque
2845 3237 2933 3287 est
2962 3233 3106 3298 Jair,
3139 3233 3209 3288 ab
3259 3234 3529 3305 sepultus
3573 3235 3631 3290 in
3672 3237 3814 3293 loco

391 3319 593 3374 divisit
622 3319 681 3373 in
730 3323 851 3372 tres
907 3322 1157 3376 turmas,
1190 3317 1438 3370 tendens
1472 3316 1715 3370 insidias
1766 3318 1821 3369 in
1855 3318 2033 3385 agris.

393 3406 725 3477 Vidensque
756 3406 910 3476 quod
961 3403 1335 3475 egrederetur
1385 3404 1637 3474 populus
1669 3406 1738 3458 de
1783 3406 2034 3470 civitate,

2147 3319 2241 3373 cui
2265 3323 2352 3373 est
2383 3319 2730 3374 vocabulum
2764 3321 3002 3375 Camon.
3039 3319 3161 3375 Filii
3197 3326 3389 3376 autem
3423 3322 3624 3389 Israel,
3663 3343 3815 3397 pec-

2147 3407 2290 3460 catis
2320 3407 2615 3461 Veteribus
2638 3407 2958 3477 jungentes
2991 3423 3159 3476 nova,
3186 3407 3449 3464 fecerunt
3479 3410 3711 3467 malum
3751 3413 3810 3468 in

394 3496 650 3550 surrexit
676 3499 732 3550 et
764 3494 937 3548 irruit
964 3493 1022 3547 in
1056 3506 1155 3546 eos
1186 3507 1318 3545 cum
1337 3507 1521 3547 cuneo
1553 3509 2038 3564 suo,oppugnans
2146 3499 2463 3565 conspectu
2519 3495 2773 3561 Domini,
2807 3501 2864 3550 et
2892 3496 3218 3552 servierunt
3261 3497 3450 3560 idolis,
3484 3499 3720 3558 Baalim
3753 3508 3816 3558 et

390 3589 450 3639 et
478 3583 758 3639 obsidens
787 3583 1077 3637 civitatem
1101 3595 1114 3634 :
1153 3584 1279 3635 duaa
1310 3587 1501 3636 autem
1535 3586 1741 3635 turmae
1770 3581 2036 3652 palantes

393 3688 498 3743 per
551 3688 824 3743 campum
875 3672 1244 3728 adversarios
1303 3671 1826 3742 persequebanlur.
1864 3672 2034 3725 Porro

391 3761 730 3816 Abimelech
763 3761 922 3815 omni
956 3761 1056 3816 illo
1088 3763 1182 3819 die
1207 3760 1585 3831 oppugnabat
1618 3758 2031 3830 urbem,quam

388 3851 562 3920 cepit,
589 3849 913 3904 interfectis
963 3849 1392 3906 habitatoribus
1440 3849 1589 3916 ejus,
1624 3851 1869 3918 ipsaque
1899 3851 2030 3904 des-

381 3943 596 4007 tructa,
629 3937 711 3993 ita
743 3943 808 3992 ut
835 3943 920 3992 sal
955 3939 1013 3992 in
1047 3955 1115 3994 ea
1147 3939 1527 4010 dispergeret.
1561 3938 1720 4000 Quod
1757 3953 1891 3992 cum
1933 3955 2031 3992 au-

380 4027 607 4082 dissent
637 4026 739 4098 qui
798 4026 1137 4082 habitabant
1181 4031 1236 4082 in
1284 4033 1444 4081 turre
1492 4026 1908 4094 Sichimorum,
1940 4028 2029 4081 in-

377 4117 565 4188 gressi
599 4122 742 4173 sunt
773 4117 975 4171 fanum
1008 4118 1101 4172 dei
1134 4117 1226 4172 sui
1273 4115 1491 4183 Beritb,
1525 4116 1625 4170 ubi
1648 4115 1864 4183 Rfoedus
1893 4132 2025 4171 cum

379 4221 446 4261 eo
479 4206 838 4276 pepigerant,
871 4209 928 4258 et
945 4220 1011 4259 ex
1041 4220 1108 4260 eo
1140 4205 1302 4260 locus
1335 4219 1546 4259 nomen
1580 4208 1899 4271 acceperat,
1926 4205 2025 4275 qui

380 4297 504 4348 erat
535 4291 699 4348 valde
747 4292 1035 4348 munitus.
1077 4292 1414 4348 Abimelech
1469 4307 1723 4362 quoque,
1779 4293 2025 4349 audiens

377 4381 533 4436 viros
563 4380 743 4434 turris
791 4379 1185 4435 Sichimorum
1242 4383 1456 4448 pariter
1499 4381 1897 4450 conglobatos,
1931 4398 2023 4437 as-

379 4471 577 4525 cendit
607 4470 664 4524 in
698 4476 957 4524 montem
990 4471 1223 4526 Selmon
1275 4488 1407 4525 cum
1440 4472 1599 4525 omni
1645 4471 1858 4542 populo
1891 4489 2019 4540 suo,

381 4563 460 4625 et,
495 4563 725 4629 arrepta
757 4559 970 4626 securi,
1005 4560 1263 4628 praacidit
1285 4561 1511 4614 arboris
1543 4577 1798 4627 ramum,
1831 4561 2022 4630 impo-
2055 4583 2098 4646 Β

379 4647 675 4718 situmque
721 4649 913 4702 ferens
967 4647 1230 4710 humero,
1281 4648 1427 4702 dixit
1475 4652 1544 4702 ad
1591 4649 1822 4704 socios:
1859 4653 2020 4714 Quod

375 4750 470 4791 me
525 4735 757 4789 vidistis
812 4733 996 4805 (Vulg.
1064 4735 1293 4806 videtis)
1345 4737 1553 4802 facere,
1637 4737 2020 4793 cito.facite.

377 4825 565 4894 Igitur
593 4824 859 4879 certatim
911 4840 1110 4880 ramos
1141 4826 1212 4880 de
1261 4825 1573 4880 arboribus
1619 4829 2021 4897 praecidentes,

375 4913 777 4984 sequebantur
806 4913 1162 4976 ducem.Qui
1193 4915 1627 4969 circumdantes
1660 4917 2022 4986 przecidium,

375 5002 847 5068 succenderunt;
885 5006 1061 5072 atque
1114 5003 1195 5057 ita
1244 5003 1459 5058 factum
1491 5009 1601 5066 est,
1645 5008 1709 5058 ut
1757 5005 1918 5060 fumo
1968 5014 2026 5060 et

373 5092 509 5164 igne
560 5090 720 5146 mille
767 5090 1076 5146 hominum
1124 5098 1493 5159 necarentur,
1535 5094 1640 5147 viri
1691 5094 1910 5164 pariter
1957 5112 2024 5150 ac

371 5181 673 5248 mulieres,
706 5180 1106 5236 habitatorum
1141 5182 1319 5236 turris
1372 5183 1626 5238 Sichem.
1685 5183 2020 5239 Abimelech

445 5381 614 5432 1Non
665 5374 874 5448 Samir,
906 5375 1006 5448 sed
1046 5374 1518 5448 Sqnirrlegimus
1573 5377 1630 5430 in
1683 5380 1913 5431 Canone
1965 5383 2022 5432 et

375 5447 513 5504 aliis
561 5463 702 5503 mss.
737 5443 1063 5501 codicibus.
1099 5446 1158 5500 Id
1194 5443 1498 5502 vitii't'orte
1530 5447 1834 5503 inductum
1869 5453 1956 5502 est
1989 5467 2022 5503 a

375 5518 771 5588 Iibrariis,qui
795 5533 975 5589 supra
997 5520 1426 5589 Deuteronomil
1449 5520 1886 5589 cap.m,vers.9,
1911 5523 2017 5575 sub

373 5589 569 5644 littera
595 5589 657 5660 Β,
677 5587 887 5660 nomen
921 5587 1096 5644 Sanir
1125 5588 1406 5660 legerant.
1440 5587 1829 5660 Praeterquam
1864 5593 2017 5660 quod

376 5675 538 5714 error
591 5659 832 5716 inolevit
878 5661 1034 5730 apud
1103 5659 1487 5733 exscriptores
1541 5659 1788 5729 Latinos,
1849 5659 1915 5717 ut
1963 5679 2019 5718 m

2143 3583 2484 3651 Astharotb,
2517 3588 2574 3638 et
2619 3584 2733 3638 diis
2786 3585 2967 3657 Syriae
2999 3601 3061 3639 ac
3119 3585 3356 3642 Sidonis
3403 3592 3462 3642 et
3509 3588 3692 3653 Moab
3750 3598 3814 3648 et

2143 3672 2399 3726 filiorum
2457 3663 2706 3727 Ammon
2765 3678 2822 3728 et
2879 3673 3262 3729 Philistbim:
3315 3675 3812 3750 dimiseruntque

2141 3761 2479 3825 Dominum,
2513 3766 2705 3816 etnon
2741 3762 3011 3817 colebant
3041 3778 3195 3818 cum.
3243 3767 3454 3820 Contra
3485 3782 3637 3837 quos
3685 3768 3809 3825 Do-

2141 3851 2340 3904 minus
2373 3851 2577 3911 iratus,
2611 3851 2854 3904 tradidit
2881 3867 2979 3906 eos
3024 3851 3082 3906 in
3117 3869 3330 3908 manus
3361 3853 3709 3910 Philisthim
3749 3864 3811 3914 et

2140 3937 2392 3993 ﬁliorum
2425 3944 2699 3994 Ammon.
2749 3939 3077 4012 Afﬂictiquc
3106 3946 3266 4008 sunt,
3307 3946 3366 3997 et
3411 3943 3813 4002 vehementer

2137 4027 2400 4099 oppressi
2434 4044 2536 4098 per
2565 4045 2752 4083 annos
2779 4029 2976 4084 decem
3004 4034 3060 4084 et
3088 4035 3452 4099 octo,omnes
3483 4032 3586 4102 qui
3620 4033 3812 4090 habi-

2139 4117 2341 4170 tabant
2371 4121 2533 4171 trans
2562 4117 2878 4172 Jordanem
2912 4118 2968 4172 in
3005 4122 3159 4174 terra
3187 4121 3529 4190 Amorrhzsi,
3565 4124 3675 4191 qui
3712 4133 3813 4182 est

2135 4204 2193 4258 in
2229 4205 2492 4260 Galaad:
2545 4205 2601 4259 in
2649 4210 2899 4275 tantum,
2935 4213 3002 4260 ut
3052 4207 3151 4262 filii
3205 4214 3477 4276 Ammon,
3524 4210 3813 4271 Jordane

2135 4294 2503 4356 transmisso,
2581 4299 2878 4349 vastarent
2940 4295 3156 4351 Judam
3235 4302 3292 4351 et
3365 4299 3682 4369 Benjamin
3750 4311 3814 4359 et

2132 4381 2428 4449 prraim:
2454 4383 2825 4453 afflictusque
2851 4391 2941 4438 est
2963 4385 3140 4440 Israel
3169 4387 3440 4442 nimis.Et
3459 4389 3811 4447 clamantes

2133 4472 2201 4524 ad
2228 4470 2570 4534 Dominum,
2596 4472 2866 4526 dixerunt
2891 4490 2903 4528 :
2931 4472 3306 4529 Peccavimus
3327 4475 3604 4548 tibi,quia
3625 4480 3812 4536 dere-

2132 4557 2412 4626 quuimus
2441 4564 2626 4614 Deum
2659 4565 2926 4614 nostrum
2979 4562 3162 4631 (Vulg.
3212 4563 3366 4619 addit
3421 4565 3808 4634 Dominum).

2134 4655 2190 4700 et
2219 4649 2564 4700 servivimus
2593 4646 3068 4712 Baalim.Quibus
3093 4650 3322 4706 locutus
3344 4657 3432 4707 est
3451 4654 3762 4712 Dominus
3790 4677 3804 4715 :

2133 4735 2406 4806 Nunquid
2444 4751 2556 4790 non
2574 4736 2825 4808 [Egyptii
2847 4742 2905 4792 et
2937 4739 3270 4802 Amorrhzei,
3288 4740 3508 4813 ﬁliique
3523 4747 3804 4802 Ammon

2132 4834 2186 4878 et
2218 4825 2576 4891 Philisthim,
2608 4825 2831 4880 Sidonii
2865 4842 3100 4898 quoque
3149 4833 3207 4884 et
3249 4831 3472 4886 Amalec
3519 4837 3582 4887 et
3630 4834 3808 4891 Cha-

2134 4930 2307 4974 naan,
2349 4922 2770 4983 Oppresserunt
2820 4931 2942 4981 vos,
2993 4922 3052 4970 et
3103 4916 3405 4975 clamastis
3453 4921 3522 4974 ad
3578 4937 3708 4990 me,
3745 4931 3810 4980 et

2131 5003 2256 5056 erui
2287 5018 2388 5066 vos
2420 5002 2492 5055 de
2525 5019 2701 5056 manu
2722 5019 2925 5059 eorum
2952 5003 2974 5057 Ρ
3002 5005 3072 5058 Et
3099 5010 3294 5061 tamen
3317 5006 3646 5078 reliquistis
3675 5029 3808 5077 me,

2131 5099 2188 5146 et
2238 5093 2507 5148 coluistis
2558 5093 2696 5148 deos
2742 5092 2986 5149 alienos.
3057 5094 3142 5166 (C.
3185 5095 3501 5169 XXXVIII).
3557 5100 3809 5159 Idcirco

2132 5198 2246 5236 non
2279 5181 2488 5236 addam
2524 5185 2588 5236 ut
2617 5180 2772 5238 ultra
2799 5198 2902 5239 vos
2936 5181 3177 5240 liberem
3212 5201 3226 5240 :
3262 5186 3364 5256 Ite,
3412 5193 3468 5242 et
3512 5187 3809 5249 invocate

2129 5375 2523 5452 scribantpro
2553 5393 2612 5452 n_,
2645 5379 2702 5430 et
2728 5392 2766 5428 η
2796 5392 2899 5452 pro
2921 5394 3004 5452 Am.
3040 5378 3428 5452 Hieronymus
3482 5380 3642 5437 libro
3691 5402 3808 5442 no-

2131 5448 2352 5502 minum
2391 5449 2801 5502 Hebraicorum
2841 5449 3013 5503 habet
3043 5448 3469 5507 δατηίν.’ΜΑιὶτ.

2201 5549 2267 5558 -
2299 5518 2440 5573 Mss.
2474 5536 2708 5589 quoque
2742 5521 2923 5574 nostri
2967 5521 3136 5576 Sanir
3171 5538 3182 5577 :
3217 5523 3273 5576 in
3304 5523 3542 5579 Hebraeo
3574 5531 3793 5584 autem

2127 5593 2216 5644 est
2244 5598 2441 5657 vim,
2477 5597 2535 5645 et
2565 5591 2759 5645 Graece
2794 5591 2995 5663 Σαμιρ.
