  <div class='ocr_page' id='page_1' title='image "/cluster/home/n/w/nwhite01/storage/ocr_20150623/28/hvd.32044052824265/328.png"; bbox 0 0 3982 6178; ppageno 0'>
   <div class='ocr_carea' id='block_1_1' title="bbox 109 74 430 120">
    <p class='ocr_par' dir='ltr' id='par_1_1' title="bbox 109 74 430 120">
     <span class='ocr_line' id='line_1_1' title="bbox 109 74 430 120; baseline -0.009 -31"><span class='ocrx_word' id='word_1_1' title='bbox 109 74 430 120; x_wconf 54' lang='grc' dir='ltr'><strong>,τι-η...</strong></span> 
     </span>
    </p>
   </div>
   <div class='ocr_carea' id='block_1_2' title="bbox 245 343 354 400">
    <p class='ocr_par' dir='ltr' id='par_1_2' title="bbox 245 343 354 400">
     <span class='ocr_line' id='line_1_2' title="bbox 245 343 354 400; baseline -0.018 0"><span class='ocrx_word' id='word_1_2' title='bbox 245 343 354 400; x_wconf 84' lang='grc'><strong>569</strong></span> 
     </span>
    </p>
   </div>
   <div class='ocr_carea' id='block_1_3' title="bbox 1672 333 2258 396">
    <p class='ocr_par' dir='ltr' id='par_1_3' title="bbox 1672 333 2258 396">
     <span class='ocr_line' id='line_1_3' title="bbox 1672 333 2258 396; baseline 0.01 -6"><span class='ocrx_word' id='word_1_3' title='bbox 1672 335 1886 390; x_wconf 73' lang='lat' dir='ltr'><strong>LIBER</strong></span> <span class='ocrx_word' id='word_1_4' title='bbox 1922 333 2258 396; x_wconf 75' lang='lat' dir='ltr'><strong>JUDICUM.</strong></span> 
     </span>
    </p>
   </div>
   <div class='ocr_carea' id='block_1_4' title="bbox 3564 347 3672 403">
    <p class='ocr_par' dir='ltr' id='par_1_4' title="bbox 3564 347 3672 403">
     <span class='ocr_line' id='line_1_4' title="bbox 3564 347 3672 403; baseline 0.009 -2"><span class='ocrx_word' id='word_1_5' title='bbox 3564 347 3672 403; x_wconf 84' lang='lat'><strong>570</strong></span> 
     </span>
    </p>
   </div>
   <div class='ocr_carea' id='block_1_5' title="bbox 247 436 3669 543">
    <p class='ocr_par' dir='ltr' id='par_1_5' title="bbox 247 436 3669 543">
     <span class='ocr_line' id='line_1_5' title="bbox 247 436 3669 543; baseline 0.001 -17"><span class='ocrx_word' id='word_1_6' title='bbox 247 473 392 529; x_wconf 88' lang='lat' dir='ltr'><strong>deos</strong></span> <span class='ocrx_word' id='word_1_7' title='bbox 421 486 580 542; x_wconf 90' lang='lat' dir='ltr'><strong>quos</strong></span> <span class='ocrx_word' id='word_1_8' title='bbox 603 467 865 540; x_wconf 77' lang='lat' dir='ltr'><strong>elegistis</strong></span> <span class='ocrx_word' id='word_1_9' title='bbox 895 482 911 522; x_wconf 90' lang='lat'><strong>:</strong></span> <span class='ocrx_word' id='word_1_10' title='bbox 944 467 1059 540; x_wconf 89' lang='lat' dir='ltr'><strong>ipsi</strong></span> <span class='ocrx_word' id='word_1_11' title='bbox 1090 482 1192 522; x_wconf 88' lang='lat' dir='ltr'><strong>vos</strong></span> <span class='ocrx_word' id='word_1_12' title='bbox 1222 465 1476 522; x_wconf 87' lang='lat' dir='ltr'><strong>liberent</strong></span> <span class='ocrx_word' id='word_1_13' title='bbox 1523 464 1585 520; x_wconf 91' lang='lat' dir='ltr'><strong>in</strong></span> <span class='ocrx_word' id='word_1_14' title='bbox 1646 467 1904 534; x_wconf 80' lang='lat' dir='ltr'><strong>tempore</strong></span> <span class='ocrx_word' id='word_1_15' title='bbox 1935 462 1988 529; x_wconf 81' lang='grc' dir='ltr'>Α</span> <span class='ocrx_word' id='word_1_16' title='bbox 2016 436 2216 522; x_wconf 75' lang='lat' dir='ltr'><strong>carent</strong></span> <span class='ocrx_word' id='word_1_17' title='bbox 2245 469 2367 542; x_wconf 88' lang='lat' dir='ltr'><strong>regi</strong></span> <span class='ocrx_word' id='word_1_18' title='bbox 2401 469 2639 527; x_wconf 79' lang='lat' dir='ltr'><strong>Ammon</strong></span> <span class='ocrx_word' id='word_1_19' title='bbox 2679 487 2691 528; x_wconf 93' lang='lat'><strong>:</strong></span> <span class='ocrx_word' id='word_1_20' title='bbox 2727 471 2854 527; x_wconf 64' lang='lat' dir='ltr'><strong>Haec</strong></span> <span class='ocrx_word' id='word_1_21' title='bbox 2883 470 3024 526; x_wconf 81' lang='lat' dir='ltr'>dicit</span> <span class='ocrx_word' id='word_1_22' title='bbox 3052 471 3338 543; x_wconf 86' lang='lat' dir='ltr'><strong>Jephthe:</strong></span> <span class='ocrx_word' id='word_1_23' title='bbox 3372 472 3498 530; x_wconf 87' lang='lat' dir='ltr'><strong>Non</strong></span> <span class='ocrx_word' id='word_1_24' title='bbox 3531 475 3669 532; x_wconf 80' lang='lat' dir='ltr'><strong>tulit</strong></span> 
     </span>
    </p>
   </div>
   <div class='ocr_carea' id='block_1_6' title="bbox 244 552 1899 634">
    <p class='ocr_par' dir='ltr' id='par_1_6' title="bbox 244 552 1899 634">
     <span class='ocr_line' id='line_1_6' title="bbox 244 552 1899 634; baseline -0.008 -16"><span class='ocrx_word' id='word_1_25' title='bbox 244 559 560 634; x_wconf 65' lang='lat' dir='ltr'><strong>angustiae.</strong></span> <span class='ocrx_word' id='word_1_26' title='bbox 595 558 995 630; x_wconf 89' lang='lat' dir='ltr'><strong>Dixeruntque</strong></span> <span class='ocrx_word' id='word_1_27' title='bbox 1038 555 1143 610; x_wconf 90' lang='grc'><strong>11111</strong></span> <span class='ocrx_word' id='word_1_28' title='bbox 1186 554 1360 610; x_wconf 82' lang='lat' dir='ltr'><strong>Israel</strong></span> <span class='ocrx_word' id='word_1_29' title='bbox 1400 554 1470 610; x_wconf 88' lang='lat' dir='ltr'><strong>ad</strong></span> <span class='ocrx_word' id='word_1_30' title='bbox 1529 552 1848 608; x_wconf 90' lang='lat' dir='ltr'><strong>Dominum</strong></span> <span class='ocrx_word' id='word_1_31' title='bbox 1885 568 1899 605; x_wconf 93' lang='lat'><strong>:</strong></span> 
     </span>
    </p>
   </div>
   <div class='ocr_carea' id='block_1_7' title="bbox 249 640 1902 716">
    <p class='ocr_par' dir='ltr' id='par_1_7' title="bbox 249 640 1902 716">
     <span class='ocr_line' id='line_1_7' title="bbox 249 640 1902 716; baseline -0.007 -9"><span class='ocrx_word' id='word_1_32' title='bbox 249 651 638 706; x_wconf 80' lang='lat' dir='ltr'><strong>Peccavimus</strong></span> <span class='ocrx_word' id='word_1_33' title='bbox 687 649 862 704; x_wconf 82' lang='lat' dir='ltr'><strong>redde</strong></span> <span class='ocrx_word' id='word_1_34' title='bbox 890 651 952 702; x_wconf 90' lang='lat' dir='ltr'><strong>tu</strong></span> <span class='ocrx_word' id='word_1_35' title='bbox 986 645 1157 701; x_wconf 92' lang='lat' dir='ltr'><strong>nobis</strong></span> <span class='ocrx_word' id='word_1_36' title='bbox 1185 644 1470 716; x_wconf 85' lang='lat' dir='ltr'><strong>quidquid</strong></span> <span class='ocrx_word' id='word_1_37' title='bbox 1523 642 1632 698; x_wconf 86' lang='lat' dir='ltr'><strong>tibi</strong></span> <span class='ocrx_word' id='word_1_38' title='bbox 1667 640 1855 713; x_wconf 86' lang='lat' dir='ltr'><strong>placet</strong></span> <span class='ocrx_word' id='word_1_39' title='bbox 1889 658 1902 696; x_wconf 92' lang='lat'><strong>:</strong></span> 
     </span>
    </p>
   </div>
   <div class='ocr_carea' id='block_1_8' title="bbox 237 729 1926 799">
    <p class='ocr_par' dir='ltr' id='par_1_8' title="bbox 237 729 1926 799">
     <span class='ocr_line' id='line_1_8' title="bbox 237 729 1926 799; baseline -0.006 -6"><span class='ocrx_word' id='word_1_40' title='bbox 237 744 475 795; x_wconf 89' lang='lat' dir='ltr'><strong>tantum</strong></span> <span class='ocrx_word' id='word_1_41' title='bbox 513 752 671 793; x_wconf 90' lang='lat' dir='ltr'><strong>nunc</strong></span> <span class='ocrx_word' id='word_1_42' title='bbox 699 735 884 790; x_wconf 90' lang='lat' dir='ltr'><strong>libera</strong></span> <span class='ocrx_word' id='word_1_43' title='bbox 914 751 1040 790; x_wconf 91' lang='lat' dir='ltr'><strong>nos.</strong></span> <span class='ocrx_word' id='word_1_44' title='bbox 1083 735 1220 799; x_wconf 65' lang='lat' dir='ltr'><strong>Quae</strong></span> <span class='ocrx_word' id='word_1_45' title='bbox 1269 732 1552 796; x_wconf 85' lang='lat' dir='ltr'><strong>dicentes,</strong></span> <span class='ocrx_word' id='word_1_46' title='bbox 1604 731 1804 786; x_wconf 82' lang='lat' dir='ltr'><strong>omnia</strong></span> <span class='ocrx_word' id='word_1_47' title='bbox 1833 729 1926 790; x_wconf 77' lang='lat' dir='ltr'><strong>de,</strong></span> 
     </span>
    </p>
   </div>
   <div class='ocr_carea' id='block_1_9' title="bbox 239 820 1900 892">
    <p class='ocr_par' dir='ltr' id='par_1_9' title="bbox 239 820 1900 892">
     <span class='ocr_line' id='line_1_9' title="bbox 239 820 1900 892; baseline -0.006 -10"><span class='ocrx_word' id='word_1_48' title='bbox 239 827 466 882; x_wconf 82' lang='lat' dir='ltr'><strong>ﬁnibus</strong></span> <span class='ocrx_word' id='word_1_49' title='bbox 507 828 633 882; x_wconf 84' lang='lat' dir='ltr'><strong>suis</strong></span> <span class='ocrx_word' id='word_1_50' title='bbox 660 823 982 880; x_wconf 90' lang='lat' dir='ltr'><strong>alienorum</strong></span> <span class='ocrx_word' id='word_1_51' title='bbox 1023 824 1266 878; x_wconf 87' lang='lat' dir='ltr'><strong>deorum</strong></span> <span class='ocrx_word' id='word_1_52' title='bbox 1318 820 1476 876; x_wconf 90' lang='lat' dir='ltr'><strong>idola</strong></span> <span class='ocrx_word' id='word_1_53' title='bbox 1508 820 1900 892; x_wconf 89' lang='lat' dir='ltr'><strong>projecerunt,</strong></span> 
     </span>
    </p>
   </div>
   <div class='ocr_carea' id='block_1_10' title="bbox 237 907 1902 982">
    <p class='ocr_par' dir='ltr' id='par_1_10' title="bbox 237 907 1902 982">
     <span class='ocr_line' id='line_1_10' title="bbox 237 907 1902 982; baseline -0.007 -10"><span class='ocrx_word' id='word_1_54' title='bbox 237 921 293 972; x_wconf 85' lang='lat' dir='ltr'><strong>et</strong></span> <span class='ocrx_word' id='word_1_55' title='bbox 322 917 661 972; x_wconf 87' lang='lat' dir='ltr'><strong>servierunt</strong></span> <span class='ocrx_word' id='word_1_56' title='bbox 690 915 936 970; x_wconf 91' lang='lat' dir='ltr'><strong>Domino</strong></span> <span class='ocrx_word' id='word_1_57' title='bbox 967 913 1148 982; x_wconf 82' lang='lat' dir='ltr'><strong>(Vulg.</strong></span> <span class='ocrx_word' id='word_1_58' title='bbox 1180 911 1334 966; x_wconf 82' lang='lat' dir='ltr'><strong>addit</strong></span> <span class='ocrx_word' id='word_1_59' title='bbox 1364 912 1504 978; x_wconf 92' lang='lat' dir='ltr'><strong>Deo)</strong></span> <span class='ocrx_word' id='word_1_60' title='bbox 1536 925 1550 964; x_wconf 91' lang='lat'><strong>:</strong></span> <span class='ocrx_word' id='word_1_61' title='bbox 1583 909 1680 980; x_wconf 86' lang='lat' dir='ltr'><strong>qui</strong></span> <span class='ocrx_word' id='word_1_62' title='bbox 1715 907 1902 964; x_wconf 89' lang='lat' dir='ltr'><strong>doluit</strong></span> 
     </span>
    </p>
   </div>
   <div class='ocr_carea' id='block_1_11' title="bbox 238 996 1896 1078">
    <p class='ocr_par' dir='ltr' id='par_1_11' title="bbox 238 996 1896 1078">
     <span class='ocr_line' id='line_1_11' title="bbox 238 996 1896 1078; baseline -0.006 -17"><span class='ocrx_word' id='word_1_63' title='bbox 238 1023 422 1078; x_wconf 88' lang='lat' dir='ltr'><strong>super</strong></span> <span class='ocrx_word' id='word_1_64' title='bbox 452 1004 712 1060; x_wconf 81' lang='lat' dir='ltr'><strong>miseriis</strong></span> <span class='ocrx_word' id='word_1_65' title='bbox 741 1019 965 1058; x_wconf 92' lang='lat' dir='ltr'><strong>eorum.</strong></span> <span class='ocrx_word' id='word_1_66' title='bbox 995 1005 1193 1073; x_wconf 82' lang='lat' dir='ltr'><strong>Itaque</strong></span> <span class='ocrx_word' id='word_1_67' title='bbox 1236 999 1339 1054; x_wconf 90' lang='grc'><strong>11111</strong></span> <span class='ocrx_word' id='word_1_68' title='bbox 1393 1002 1634 1054; x_wconf 82' lang='lat' dir='ltr'><strong>Ammon</strong></span> <span class='ocrx_word' id='word_1_69' title='bbox 1668 996 1896 1053; x_wconf 87' lang='lat' dir='ltr'><strong>concla-</strong></span> 
     </span>
    </p>
   </div>
   <div class='ocr_carea' id='block_1_12' title="bbox 240 1089 1900 1158">
    <p class='ocr_par' dir='ltr' id='par_1_12' title="bbox 240 1089 1900 1158">
     <span class='ocr_line' id='line_1_12' title="bbox 240 1089 1900 1158; baseline -0.006 -7"><span class='ocrx_word' id='word_1_70' title='bbox 240 1100 481 1151; x_wconf 88' lang='lat' dir='ltr'><strong>mantes</strong></span> <span class='ocrx_word' id='word_1_71' title='bbox 531 1094 590 1148; x_wconf 91' lang='grc'><strong>10</strong></span> <span class='ocrx_word' id='word_1_72' title='bbox 639 1092 855 1148; x_wconf 88' lang='lat' dir='ltr'><strong>Galaad</strong></span> <span class='ocrx_word' id='word_1_73' title='bbox 906 1091 1080 1147; x_wconf 80' lang='lat' dir='ltr'><strong>ﬁxere</strong></span> <span class='ocrx_word' id='word_1_74' title='bbox 1134 1089 1381 1145; x_wconf 87' lang='lat' dir='ltr'><strong>tentoria</strong></span> <span class='ocrx_word' id='word_1_75' title='bbox 1432 1105 1445 1143; x_wconf 90' lang='lat'><strong>:</strong></span> <span class='ocrx_word' id='word_1_76' title='bbox 1486 1093 1690 1143; x_wconf 91' lang='lat' dir='ltr'><strong>contra</strong></span> <span class='ocrx_word' id='word_1_77' title='bbox 1749 1103 1900 1158; x_wconf 91' lang='lat' dir='ltr'><strong>quos</strong></span> 
     </span>
    </p>
   </div>
   <div class='ocr_carea' id='block_1_13' title="bbox 239 1175 1899 1256">
    <p class='ocr_par' dir='ltr' id='par_1_13' title="bbox 239 1175 1899 1256">
     <span class='ocr_line' id='line_1_13' title="bbox 239 1175 1899 1256; baseline -0.006 -16"><span class='ocrx_word' id='word_1_78' title='bbox 239 1184 585 1256; x_wconf 82' lang='lat' dir='ltr'><strong>congregati</strong></span> <span class='ocrx_word' id='word_1_79' title='bbox 616 1182 719 1238; x_wconf 84' lang='lat' dir='ltr'><strong>filii</strong></span> <span class='ocrx_word' id='word_1_80' title='bbox 753 1179 953 1245; x_wconf 87' lang='lat' dir='ltr'><strong>Israel,</strong></span> <span class='ocrx_word' id='word_1_81' title='bbox 971 1181 1028 1234; x_wconf 91' lang='lat' dir='ltr'><strong>in</strong></span> <span class='ocrx_word' id='word_1_82' title='bbox 1050 1178 1295 1250; x_wconf 86' lang='lat' dir='ltr'><strong>Maspha</strong></span> <span class='ocrx_word' id='word_1_83' title='bbox 1317 1175 1712 1232; x_wconf 89' lang='lat' dir='ltr'><strong>castrametati</strong></span> <span class='ocrx_word' id='word_1_84' title='bbox 1737 1180 1899 1230; x_wconf 92' lang='lat' dir='ltr'><strong>sunt.</strong></span> 
     </span>
    </p>
   </div>
   <div class='ocr_carea' id='block_1_14' title="bbox 240 1265 1898 1344">
    <p class='ocr_par' dir='ltr' id='par_1_14' title="bbox 240 1265 1898 1344">
     <span class='ocr_line' id='line_1_14' title="bbox 240 1265 1898 1344; baseline -0.005 -15"><span class='ocrx_word' id='word_1_85' title='bbox 240 1273 649 1342; x_wconf 85' lang='lat' dir='ltr'><strong>Dixeruntque</strong></span> <span class='ocrx_word' id='word_1_86' title='bbox 680 1270 975 1344; x_wconf 85' lang='lat' dir='ltr'><strong>principes</strong></span> <span class='ocrx_word' id='word_1_87' title='bbox 1007 1268 1220 1324; x_wconf 89' lang='lat' dir='ltr'><strong>Galaad</strong></span> <span class='ocrx_word' id='word_1_88' title='bbox 1245 1265 1465 1338; x_wconf 88' lang='lat' dir='ltr'><strong>singuli</strong></span> <span class='ocrx_word' id='word_1_89' title='bbox 1495 1266 1563 1320; x_wconf 84' lang='lat' dir='ltr'><strong>ad</strong></span> <span class='ocrx_word' id='word_1_90' title='bbox 1601 1265 1898 1337; x_wconf 83' lang='lat' dir='ltr'><strong>proximos</strong></span> 
     </span>
    </p>
   </div>
   <div class='ocr_carea' id='block_1_15' title="bbox 241 1355 1898 1432">
    <p class='ocr_par' dir='ltr' id='par_1_15' title="bbox 241 1355 1898 1432">
     <span class='ocr_line' id='line_1_15' title="bbox 241 1355 1898 1432; baseline -0.006 -15"><span class='ocrx_word' id='word_1_91' title='bbox 241 1379 384 1417; x_wconf 88' lang='lat' dir='ltr'><strong>suos</strong></span> <span class='ocrx_word' id='word_1_92' title='bbox 418 1379 432 1416; x_wconf 91' lang='lat'><strong>:</strong></span> <span class='ocrx_word' id='word_1_93' title='bbox 467 1361 578 1426; x_wconf 90' lang='lat' dir='ltr'><strong>Qui</strong></span> <span class='ocrx_word' id='word_1_94' title='bbox 611 1361 842 1432; x_wconf 91' lang='lat' dir='ltr'><strong>primus</strong></span> <span class='ocrx_word' id='word_1_95' title='bbox 877 1371 908 1414; x_wconf 75' lang='lat' dir='ltr'><strong>‘e</strong></span> <span class='ocrx_word' id='word_1_96' title='bbox 949 1359 1106 1414; x_wconf 76' lang='lat' dir='ltr'><strong>nobis</strong></span> <span class='ocrx_word' id='word_1_97' title='bbox 1157 1356 1240 1428; x_wconf 92' lang='lat' dir='ltr'><strong>(h.</strong></span> <span class='ocrx_word' id='word_1_98' title='bbox 1292 1372 1406 1412; x_wconf 91' lang='lat' dir='ltr'><strong>non</strong></span> <span class='ocrx_word' id='word_1_99' title='bbox 1460 1355 1661 1425; x_wconf 90' lang='lat' dir='ltr'><strong>habet)</strong></span> <span class='ocrx_word' id='word_1_100' title='bbox 1693 1357 1898 1408; x_wconf 89' lang='lat' dir='ltr'><strong>contra</strong></span> 
     </span>
    </p>
   </div>
   <div class='ocr_carea' id='block_1_16' title="bbox 242 1442 1899 1521">
    <p class='ocr_par' dir='ltr' id='par_1_16' title="bbox 242 1442 1899 1521">
     <span class='ocr_line' id='line_1_16' title="bbox 242 1442 1899 1521; baseline -0.005 -16"><span class='ocrx_word' id='word_1_101' title='bbox 242 1450 398 1506; x_wconf 86' lang='lat' dir='ltr'><strong>lilios</strong></span> <span class='ocrx_word' id='word_1_102' title='bbox 443 1453 689 1506; x_wconf 83' lang='lat' dir='ltr'><strong>Ammon</strong></span> <span class='ocrx_word' id='word_1_103' title='bbox 735 1449 974 1521; x_wconf 79' lang='lat' dir='ltr'><strong>cceperit</strong></span> <span class='ocrx_word' id='word_1_104' title='bbox 1017 1445 1319 1514; x_wconf 85' lang='lat' dir='ltr'><strong>dimicare,</strong></span> <span class='ocrx_word' id='word_1_105' title='bbox 1369 1444 1480 1500; x_wconf 84' lang='lat' dir='ltr'><strong>erit</strong></span> <span class='ocrx_word' id='word_1_106' title='bbox 1528 1445 1644 1498; x_wconf 83' lang='lat' dir='ltr'><strong>dux</strong></span> <span class='ocrx_word' id='word_1_107' title='bbox 1697 1442 1899 1514; x_wconf 91' lang='lat' dir='ltr'><strong>populi</strong></span> 
     </span>
    </p>
   </div>
   <div class='ocr_carea' id='block_1_17' title="bbox 238 1538 490 1594">
    <p class='ocr_par' dir='ltr' id='par_1_17' title="bbox 238 1538 490 1594">
     <span class='ocr_line' id='line_1_17' title="bbox 238 1538 490 1594; baseline -0.004 -2"><span class='ocrx_word' id='word_1_108' title='bbox 238 1538 490 1594; x_wconf 87' lang='lat' dir='ltr'><strong>Galaad.</strong></span> 
     </span>
    </p>
   </div>
   <div class='ocr_carea' id='block_1_18' title="bbox 309 1621 1901 1698">
    <p class='ocr_par' dir='ltr' id='par_1_18' title="bbox 309 1621 1901 1698">
     <span class='ocr_line' id='line_1_18' title="bbox 309 1621 1901 1698; baseline -0.006 -14"><span class='ocrx_word' id='word_1_109' title='bbox 309 1629 408 1697; x_wconf 88' lang='grc' dir='ltr'><strong>(Β.</strong></span> <span class='ocrx_word' id='word_1_110' title='bbox 440 1628 595 1693; x_wconf 86' lang='lat' dir='ltr'><strong>XIII,</strong></span> <span class='ocrx_word' id='word_1_111' title='bbox 627 1627 669 1683; x_wconf 89' lang='lat' dir='ltr'>C</span> <span class='ocrx_word' id='word_1_112' title='bbox 700 1626 955 1692; x_wconf 80' lang='lat' dir='ltr'><strong>XXXIX,</strong></span> <span class='ocrx_word' id='word_1_113' title='bbox 994 1627 1130 1698; x_wconf 80' lang='lat' dir='ltr'><strong>Cap.</strong></span> <span class='ocrx_word' id='word_1_114' title='bbox 1182 1625 1304 1696; x_wconf 89' lang='lat' dir='ltr'><strong>XI.)</strong></span> <span class='ocrx_word' id='word_1_115' title='bbox 1342 1623 1475 1678; x_wconf 87' lang='lat' dir='ltr'><strong>Fuit</strong></span> <span class='ocrx_word' id='word_1_116' title='bbox 1505 1621 1606 1678; x_wconf 93' lang='lat' dir='ltr'><strong>illo</strong></span> <span class='ocrx_word' id='word_1_117' title='bbox 1635 1627 1901 1693; x_wconf 88' lang='lat' dir='ltr'><strong>tempore</strong></span> 
     </span>
    </p>
   </div>
   <div class='ocr_carea' id='block_1_19' title="bbox 240 1713 1898 1790">
    <p class='ocr_par' dir='ltr' id='par_1_19' title="bbox 240 1713 1898 1790">
     <span class='ocr_line' id='line_1_19' title="bbox 240 1713 1898 1790; baseline -0.005 -17"><span class='ocrx_word' id='word_1_118' title='bbox 240 1717 502 1790; x_wconf 87' lang='lat' dir='ltr'><strong>Jephthe</strong></span> <span class='ocrx_word' id='word_1_119' title='bbox 531 1715 978 1784; x_wconf 88' lang='lat' dir='ltr'><strong>Galaadites,vir</strong></span> <span class='ocrx_word' id='word_1_120' title='bbox 1009 1713 1225 1771; x_wconf 84' lang='lat' dir='ltr'><strong>Iortissi</strong></span> <span class='ocrx_word' id='word_1_121' title='bbox 1236 1730 1366 1769; x_wconf 87' lang='lat' dir='ltr'><strong>mus</strong></span> <span class='ocrx_word' id='word_1_122' title='bbox 1388 1718 1563 1784; x_wconf 89' lang='lat' dir='ltr'><strong>atque</strong></span> <span class='ocrx_word' id='word_1_123' title='bbox 1585 1715 1898 1783; x_wconf 89' lang='lat' dir='ltr'><strong>pugnator,</strong></span> 
     </span>
    </p>
   </div>
   <div class='ocr_carea' id='block_1_20' title="bbox 244 1799 1976 1897">
    <p class='ocr_par' dir='ltr' id='par_1_20' title="bbox 244 1799 1976 1897">
     <span class='ocr_line' id='line_1_20' title="bbox 244 1799 1976 1897; baseline -0.003 -36"><span class='ocrx_word' id='word_1_124' title='bbox 244 1807 403 1863; x_wconf 87' lang='lat' dir='ltr'><strong>filius</strong></span> <span class='ocrx_word' id='word_1_125' title='bbox 437 1805 706 1863; x_wconf 86' lang='lat' dir='ltr'><strong>mulieris</strong></span> <span class='ocrx_word' id='word_1_126' title='bbox 738 1804 1194 1897; x_wconf 79' lang='lat' dir='ltr'><strong>meretricis,qni</strong></span> <span class='ocrx_word' id='word_1_127' title='bbox 1227 1809 1401 1897; x_wconf 77' lang='lat' dir='ltr'><strong>natus</strong></span> <span class='ocrx_word' id='word_1_128' title='bbox 1433 1807 1522 1858; x_wconf 87' lang='lat' dir='ltr'><strong>est</strong></span> <span class='ocrx_word' id='word_1_129' title='bbox 1552 1802 1623 1857; x_wconf 89' lang='lat' dir='ltr'><strong>de</strong></span> <span class='ocrx_word' id='word_1_130' title='bbox 1653 1799 1896 1897; x_wconf 77' lang='lat' dir='ltr'><strong>Galaad,</strong></span> <span class='ocrx_word' id='word_1_131' title='bbox 1929 1833 1976 1897; x_wconf 80' lang='grc' dir='ltr'><strong>Β</strong></span> 
     </span>
    </p>
   </div>
   <div class='ocr_carea' id='block_1_21' title="bbox 246 1889 1899 1963">
    <p class='ocr_par' dir='ltr' id='par_1_21' title="bbox 246 1889 1899 1963">
     <span class='ocr_line' id='line_1_21' title="bbox 246 1889 1899 1963; baseline -0.005 -11"><span class='ocrx_word' id='word_1_132' title='bbox 246 1896 462 1952; x_wconf 84' lang='lat' dir='ltr'><strong>Habuit</strong></span> <span class='ocrx_word' id='word_1_133' title='bbox 511 1900 707 1951; x_wconf 90' lang='lat' dir='ltr'><strong>autem</strong></span> <span class='ocrx_word' id='word_1_134' title='bbox 755 1893 970 1950; x_wconf 89' lang='lat' dir='ltr'><strong>Galaad</strong></span> <span class='ocrx_word' id='word_1_135' title='bbox 1032 1909 1293 1962; x_wconf 85' lang='lat' dir='ltr'><strong>uxorem,</strong></span> <span class='ocrx_word' id='word_1_136' title='bbox 1344 1893 1417 1947; x_wconf 85' lang='lat' dir='ltr'><strong>de</strong></span> <span class='ocrx_word' id='word_1_137' title='bbox 1471 1907 1585 1963; x_wconf 92' lang='lat' dir='ltr'><strong>qua</strong></span> <span class='ocrx_word' id='word_1_138' title='bbox 1635 1889 1899 1962; x_wconf 80' lang='lat' dir='ltr'><strong>suscepit</strong></span> 
     </span>
    </p>
   </div>
   <div class='ocr_carea' id='block_1_22' title="bbox 249 1979 1897 2056">
    <p class='ocr_par' dir='ltr' id='par_1_22' title="bbox 249 1979 1897 2056">
     <span class='ocr_line' id='line_1_22' title="bbox 249 1979 1897 2056; baseline -0.004 -16"><span class='ocrx_word' id='word_1_139' title='bbox 249 1985 422 2053; x_wconf 84' lang='grc'><strong>111108,</strong></span> <span class='ocrx_word' id='word_1_140' title='bbox 459 1985 561 2056; x_wconf 89' lang='lat' dir='ltr'><strong>qui</strong></span> <span class='ocrx_word' id='word_1_141' title='bbox 595 1991 900 2056; x_wconf 81' lang='lat' dir='ltr'><strong>postquam</strong></span> <span class='ocrx_word' id='word_1_142' title='bbox 934 1986 1258 2050; x_wconf 89' lang='lat' dir='ltr'><strong>creverant,</strong></span> <span class='ocrx_word' id='word_1_143' title='bbox 1291 1981 1587 2053; x_wconf 83' lang='lat' dir='ltr'><strong>eiecerunt</strong></span> <span class='ocrx_word' id='word_1_144' title='bbox 1623 1979 1897 2052; x_wconf 86' lang='lat' dir='ltr'><strong>Jephthe,</strong></span> 
     </span>
    </p>
   </div>
   <div class='ocr_carea' id='block_1_23' title="bbox 249 2069 1896 2143">
    <p class='ocr_par' dir='ltr' id='par_1_23' title="bbox 249 2069 1896 2143">
     <span class='ocr_line' id='line_1_23' title="bbox 249 2069 1896 2143; baseline -0.002 -16"><span class='ocrx_word' id='word_1_145' title='bbox 249 2073 514 2130; x_wconf 87' lang='lat' dir='ltr'><strong>dicentes</strong></span> <span class='ocrx_word' id='word_1_146' title='bbox 547 2090 560 2127; x_wconf 89' lang='lat'><strong>:</strong></span> <span class='ocrx_word' id='word_1_147' title='bbox 595 2073 788 2128; x_wconf 65' lang='lat' dir='ltr'><strong>Heres</strong></span> <span class='ocrx_word' id='word_1_148' title='bbox 821 2072 880 2127; x_wconf 92' lang='lat' dir='ltr'><strong>in</strong></span> <span class='ocrx_word' id='word_1_149' title='bbox 913 2072 1086 2127; x_wconf 89' lang='lat' dir='ltr'><strong>domo</strong></span> <span class='ocrx_word' id='word_1_150' title='bbox 1128 2070 1312 2143; x_wconf 87' lang='lat' dir='ltr'><strong>patris</strong></span> <span class='ocrx_word' id='word_1_151' title='bbox 1363 2069 1548 2124; x_wconf 88' lang='lat' dir='ltr'><strong>nostri</strong></span> <span class='ocrx_word' id='word_1_152' title='bbox 1603 2085 1732 2125; x_wconf 89' lang='lat' dir='ltr'><strong>esse</strong></span> <span class='ocrx_word' id='word_1_153' title='bbox 1781 2085 1896 2123; x_wconf 91' lang='lat' dir='ltr'><strong>non</strong></span> 
     </span>
    </p>
   </div>
   <div class='ocr_carea' id='block_1_24' title="bbox 249 2158 1896 2234">
    <p class='ocr_par' dir='ltr' id='par_1_24' title="bbox 249 2158 1896 2234">
     <span class='ocr_line' id='line_1_24' title="bbox 249 2158 1896 2234; baseline -0.005 -15"><span class='ocrx_word' id='word_1_154' title='bbox 249 2164 490 2233; x_wconf 88' lang='lat' dir='ltr'><strong>poteris,</strong></span> <span class='ocrx_word' id='word_1_155' title='bbox 523 2161 662 2234; x_wconf 90' lang='lat' dir='ltr'><strong>quia</strong></span> <span class='ocrx_word' id='word_1_156' title='bbox 692 2162 762 2216; x_wconf 90' lang='lat' dir='ltr'><strong>de</strong></span> <span class='ocrx_word' id='word_1_157' title='bbox 802 2161 982 2216; x_wconf 88' lang='lat' dir='ltr'><strong>altera</strong></span> <span class='ocrx_word' id='word_1_158' title='bbox 1031 2164 1215 2215; x_wconf 88' lang='lat' dir='ltr'><strong>matre</strong></span> <span class='ocrx_word' id='word_1_159' title='bbox 1263 2162 1576 2229; x_wconf 87' lang='lat' dir='ltr'><strong>generatus</strong></span> <span class='ocrx_word' id='word_1_160' title='bbox 1626 2175 1709 2213; x_wconf 90' lang='lat' dir='ltr'><strong>es.</strong></span> <span class='ocrx_word' id='word_1_161' title='bbox 1741 2158 1896 2221; x_wconf 90' lang='lat' dir='ltr'><strong>Quos</strong></span> 
     </span>
    </p>
   </div>
   <div class='ocr_carea' id='block_1_25' title="bbox 201 2247 1893 2325">
    <p class='ocr_par' dir='ltr' id='par_1_25' title="bbox 201 2247 1893 2325">
     <span class='ocr_line' id='line_1_25' title="bbox 201 2247 1893 2325; baseline -0.002 -19"><span class='ocrx_word' id='word_1_162' title='bbox 201 2280 212 2284; x_wconf 80' lang='grc'><strong>·</strong></span> <span class='ocrx_word' id='word_1_163' title='bbox 246 2252 340 2308; x_wconf 89' lang='grc'><strong>1118</strong></span> <span class='ocrx_word' id='word_1_164' title='bbox 369 2251 612 2325; x_wconf 82' lang='lat' dir='ltr'><strong>fugiens</strong></span> <span class='ocrx_word' id='word_1_165' title='bbox 641 2255 816 2323; x_wconf 83' lang='lat' dir='ltr'><strong>atque</strong></span> <span class='ocrx_word' id='word_1_166' title='bbox 845 2249 1134 2318; x_wconf 85' lang='lat' dir='ltr'><strong>devitans,</strong></span> <span class='ocrx_word' id='word_1_167' title='bbox 1169 2248 1455 2304; x_wconf 85' lang='lat' dir='ltr'><strong>habitavit</strong></span> <span class='ocrx_word' id='word_1_168' title='bbox 1485 2248 1542 2302; x_wconf 94' lang='lat' dir='ltr'><strong>in</strong></span> <span class='ocrx_word' id='word_1_169' title='bbox 1576 2252 1732 2302; x_wconf 88' lang='lat' dir='ltr'><strong>terra</strong></span> <span class='ocrx_word' id='word_1_170' title='bbox 1752 2247 1893 2302; x_wconf 92' lang='lat' dir='ltr'><strong>Tob:</strong></span> 
     </span>
    </p>
   </div>
   <div class='ocr_carea' id='block_1_26' title="bbox 247 2336 1896 2412">
    <p class='ocr_par' dir='ltr' id='par_1_26' title="bbox 247 2336 1896 2412">
     <span class='ocr_line' id='line_1_26' title="bbox 247 2336 1896 2412; baseline -0.004 -16"><span class='ocrx_word' id='word_1_171' title='bbox 247 2341 706 2412; x_wconf 88' lang='lat' dir='ltr'><strong>congregatique</strong></span> <span class='ocrx_word' id='word_1_172' title='bbox 737 2344 875 2394; x_wconf 89' lang='lat' dir='ltr'><strong>sunt</strong></span> <span class='ocrx_word' id='word_1_173' title='bbox 906 2341 973 2393; x_wconf 86' lang='lat' dir='ltr'><strong>ad</strong></span> <span class='ocrx_word' id='word_1_174' title='bbox 1008 2355 1140 2393; x_wconf 89' lang='lat' dir='ltr'><strong>eum</strong></span> <span class='ocrx_word' id='word_1_175' title='bbox 1171 2337 1278 2391; x_wconf 88' lang='lat' dir='ltr'><strong>viri</strong></span> <span class='ocrx_word' id='word_1_176' title='bbox 1312 2338 1542 2408; x_wconf 82' lang='lat' dir='ltr'><strong>inopes,</strong></span> <span class='ocrx_word' id='word_1_177' title='bbox 1573 2343 1631 2392; x_wconf 92' lang='lat' dir='ltr'><strong>et</strong></span> <span class='ocrx_word' id='word_1_178' title='bbox 1662 2336 1896 2392; x_wconf 81' lang='lat' dir='ltr'><strong>latroci-</strong></span> 
     </span>
    </p>
   </div>
   <div class='ocr_carea' id='block_1_27' title="bbox 242 2426 1895 2500">
    <p class='ocr_par' dir='ltr' id='par_1_27' title="bbox 242 2426 1895 2500">
     <span class='ocr_line' id='line_1_27' title="bbox 242 2426 1895 2500; baseline -0.002 -15"><span class='ocrx_word' id='word_1_179' title='bbox 242 2437 481 2496; x_wconf 85' lang='lat' dir='ltr'><strong>nantes,</strong></span> <span class='ocrx_word' id='word_1_180' title='bbox 513 2434 572 2484; x_wconf 88' lang='lat' dir='ltr'><strong>et</strong></span> <span class='ocrx_word' id='word_1_181' title='bbox 617 2429 781 2500; x_wconf 89' lang='lat' dir='ltr'><strong>quasi</strong></span> <span class='ocrx_word' id='word_1_182' title='bbox 833 2428 1159 2500; x_wconf 85' lang='lat' dir='ltr'><strong>principem</strong></span> <span class='ocrx_word' id='word_1_183' title='bbox 1211 2427 1630 2498; x_wconf 87' lang='lat' dir='ltr'><strong>sequebantur.</strong></span> <span class='ocrx_word' id='word_1_184' title='bbox 1682 2429 1744 2482; x_wconf 92' lang='lat' dir='ltr'><strong>In</strong></span> <span class='ocrx_word' id='word_1_185' title='bbox 1779 2426 1895 2482; x_wconf 89' lang='lat' dir='ltr'><strong>illis</strong></span> 
     </span>
    </p>
   </div>
   <div class='ocr_carea' id='block_1_28' title="bbox 239 2515 1894 2590">
    <p class='ocr_par' dir='ltr' id='par_1_28' title="bbox 239 2515 1894 2590">
     <span class='ocr_line' id='line_1_28' title="bbox 239 2515 1894 2590; baseline -0.004 -15"><span class='ocrx_word' id='word_1_186' title='bbox 239 2519 454 2575; x_wconf 88' lang='lat' dir='ltr'><strong>diebus</strong></span> <span class='ocrx_word' id='word_1_187' title='bbox 477 2519 821 2590; x_wconf 87' lang='lat' dir='ltr'><strong>pugnabant</strong></span> <span class='ocrx_word' id='word_1_188' title='bbox 847 2517 947 2571; x_wconf 83' lang='lat' dir='ltr'><strong>ﬁlii</strong></span> <span class='ocrx_word' id='word_1_189' title='bbox 968 2520 1216 2572; x_wconf 86' lang='lat' dir='ltr'><strong>Ammon</strong></span> <span class='ocrx_word' id='word_1_190' title='bbox 1239 2520 1442 2572; x_wconf 87' lang='lat' dir='ltr'><strong>contra</strong></span> <span class='ocrx_word' id='word_1_191' title='bbox 1461 2515 1894 2580; x_wconf 82' lang='lat' dir='ltr'><strong>lsrael.Quibus</strong></span> 
     </span>
    </p>
   </div>
   <div class='ocr_carea' id='block_1_29' title="bbox 237 2605 1891 2676">
    <p class='ocr_par' dir='ltr' id='par_1_29' title="bbox 237 2605 1891 2676">
     <span class='ocr_line' id='line_1_29' title="bbox 237 2605 1891 2676; baseline -0.004 -12"><span class='ocrx_word' id='word_1_192' title='bbox 237 2608 461 2664; x_wconf 85' lang='lat' dir='ltr'><strong>acriter</strong></span> <span class='ocrx_word' id='word_1_193' title='bbox 508 2606 895 2672; x_wconf 82' lang='lat' dir='ltr'><strong>instantibus,</strong></span> <span class='ocrx_word' id='word_1_194' title='bbox 969 2609 1348 2676; x_wconf 87' lang='lat' dir='ltr'><strong>perrexerunt</strong></span> <span class='ocrx_word' id='word_1_195' title='bbox 1422 2605 1672 2674; x_wconf 88' lang='lat' dir='ltr'><strong>majores</strong></span> <span class='ocrx_word' id='word_1_196' title='bbox 1749 2609 1891 2659; x_wconf 91' lang='lat' dir='ltr'><strong>natu</strong></span> 
     </span>
    </p>
   </div>
   <div class='ocr_carea' id='block_1_30' title="bbox 237 2692 1894 2764">
    <p class='ocr_par' dir='ltr' id='par_1_30' title="bbox 237 2692 1894 2764">
     <span class='ocr_line' id='line_1_30' title="bbox 237 2692 1894 2764; baseline -0.003 -11"><span class='ocrx_word' id='word_1_197' title='bbox 237 2697 487 2758; x_wconf 86' lang='lat' dir='ltr'><strong>Galaad,</strong></span> <span class='ocrx_word' id='word_1_198' title='bbox 544 2702 611 2750; x_wconf 89' lang='lat' dir='ltr'><strong>ut</strong></span> <span class='ocrx_word' id='word_1_199' title='bbox 667 2695 937 2751; x_wconf 89' lang='lat' dir='ltr'><strong>tollerent</strong></span> <span class='ocrx_word' id='word_1_200' title='bbox 994 2695 1051 2749; x_wconf 90' lang='lat' dir='ltr'><strong>in</strong></span> <span class='ocrx_word' id='word_1_201' title='bbox 1131 2692 1415 2748; x_wconf 83' lang='lat' dir='ltr'><strong>auxilium</strong></span> <span class='ocrx_word' id='word_1_202' title='bbox 1490 2693 1580 2748; x_wconf 89' lang='lat' dir='ltr'><strong>sui</strong></span> <span class='ocrx_word' id='word_1_203' title='bbox 1637 2692 1894 2764; x_wconf 84' lang='lat' dir='ltr'><strong>Jephthe</strong></span> 
     </span>
    </p>
   </div>
   <div class='ocr_carea' id='block_1_31' title="bbox 239 2782 1895 2854">
    <p class='ocr_par' dir='ltr' id='par_1_31' title="bbox 239 2782 1895 2854">
     <span class='ocr_line' id='line_1_31' title="bbox 239 2782 1895 2854; baseline -0.004 -12"><span class='ocrx_word' id='word_1_204' title='bbox 239 2788 312 2842; x_wconf 90' lang='lat' dir='ltr'><strong>de</strong></span> <span class='ocrx_word' id='word_1_205' title='bbox 355 2791 518 2840; x_wconf 90' lang='lat' dir='ltr'><strong>terra</strong></span> <span class='ocrx_word' id='word_1_206' title='bbox 565 2785 686 2840; x_wconf 85' lang='lat' dir='ltr'><strong>Tob</strong></span> <span class='ocrx_word' id='word_1_207' title='bbox 739 2802 753 2840; x_wconf 88' lang='lat'><strong>:</strong></span> <span class='ocrx_word' id='word_1_208' title='bbox 805 2784 1193 2854; x_wconf 83' lang='lat' dir='ltr'><strong>dixeruntque</strong></span> <span class='ocrx_word' id='word_1_209' title='bbox 1246 2783 1318 2838; x_wconf 88' lang='lat' dir='ltr'><strong>ad</strong></span> <span class='ocrx_word' id='word_1_210' title='bbox 1367 2797 1503 2838; x_wconf 89' lang='lat' dir='ltr'><strong>eum</strong></span> <span class='ocrx_word' id='word_1_211' title='bbox 1554 2799 1568 2838; x_wconf 93' lang='lat'><strong>:</strong></span> <span class='ocrx_word' id='word_1_212' title='bbox 1628 2782 1793 2846; x_wconf 85' lang='lat' dir='ltr'><strong>Veni,</strong></span> <span class='ocrx_word' id='word_1_213' title='bbox 1837 2787 1895 2836; x_wconf 85' lang='lat' dir='ltr'><strong>et</strong></span> 
     </span>
    </p>
   </div>
   <div class='ocr_carea' id='block_1_32' title="bbox 238 2871 1894 2947">
    <p class='ocr_par' dir='ltr' id='par_1_32' title="bbox 238 2871 1894 2947">
     <span class='ocr_line' id='line_1_32' title="bbox 238 2871 1894 2947; baseline 0 -19"><span class='ocrx_word' id='word_1_214' title='bbox 238 2881 372 2930; x_wconf 79' lang='lat' dir='ltr'><strong>esto</strong></span> <span class='ocrx_word' id='word_1_215' title='bbox 437 2875 715 2947; x_wconf 88' lang='lat' dir='ltr'><strong>princeps</strong></span> <span class='ocrx_word' id='word_1_216' title='bbox 769 2878 989 2938; x_wconf 89' lang='lat' dir='ltr'><strong>noster,</strong></span> <span class='ocrx_word' id='word_1_217' title='bbox 1067 2877 1124 2927; x_wconf 90' lang='lat' dir='ltr'><strong>et</strong></span> <span class='ocrx_word' id='word_1_218' title='bbox 1198 2888 1396 2945; x_wconf 90' lang='lat' dir='ltr'><strong>pugna</strong></span> <span class='ocrx_word' id='word_1_219' title='bbox 1471 2875 1674 2928; x_wconf 85' lang='lat' dir='ltr'><strong>contra</strong></span> <span class='ocrx_word' id='word_1_220' title='bbox 1744 2871 1894 2928; x_wconf 80' lang='lat' dir='ltr'><strong>ﬁlios</strong></span> 
     </span>
    </p>
   </div>
   <div class='ocr_carea' id='block_1_33' title="bbox 237 2961 1892 3032">
    <p class='ocr_par' dir='ltr' id='par_1_33' title="bbox 237 2961 1892 3032">
     <span class='ocr_line' id='line_1_33' title="bbox 237 2961 1892 3032; baseline -0.002 -14"><span class='ocrx_word' id='word_1_221' title='bbox 237 2970 520 3020; x_wconf 81' lang='lat' dir='ltr'><strong>Ammon.</strong></span> <span class='ocrx_word' id='word_1_222' title='bbox 555 2964 780 3030; x_wconf 90' lang='lat' dir='ltr'><strong>Quibus</strong></span> <span class='ocrx_word' id='word_1_223' title='bbox 809 2961 908 3017; x_wconf 87' lang='lat' dir='ltr'><strong>ille</strong></span> <span class='ocrx_word' id='word_1_224' title='bbox 947 2961 1291 3032; x_wconf 87' lang='lat' dir='ltr'><strong>respondit:</strong></span> <span class='ocrx_word' id='word_1_225' title='bbox 1328 2967 1525 3017; x_wconf 86' lang='lat' dir='ltr'><strong>Nonne</strong></span> <span class='ocrx_word' id='word_1_226' title='bbox 1570 2977 1671 3016; x_wconf 91' lang='lat' dir='ltr'><strong>vos</strong></span> <span class='ocrx_word' id='word_1_227' title='bbox 1729 2961 1892 3028; x_wconf 86' lang='lat' dir='ltr'><strong>estis,</strong></span> 
     </span>
    </p>
   </div>
   <div class='ocr_carea' id='block_1_34' title="bbox 235 3049 1890 3125">
    <p class='ocr_par' dir='ltr' id='par_1_34' title="bbox 235 3049 1890 3125">
     <span class='ocr_line' id='line_1_34' title="bbox 235 3049 1890 3125; baseline -0.003 -17"><span class='ocrx_word' id='word_1_228' title='bbox 235 3054 342 3125; x_wconf 89' lang='lat' dir='ltr'><strong>qui</strong></span> <span class='ocrx_word' id='word_1_229' title='bbox 376 3053 590 3108; x_wconf 89' lang='lat' dir='ltr'><strong>odistis</strong></span> <span class='ocrx_word' id='word_1_230' title='bbox 621 3067 736 3121; x_wconf 89' lang='lat' dir='ltr'><strong>me,</strong></span> <span class='ocrx_word' id='word_1_231' title='bbox 787 3055 844 3106; x_wconf 88' lang='lat' dir='ltr'><strong>et</strong></span> <span class='ocrx_word' id='word_1_232' title='bbox 890 3050 1144 3122; x_wconf 89' lang='lat' dir='ltr'><strong>ejecistis</strong></span> <span class='ocrx_word' id='word_1_233' title='bbox 1193 3051 1263 3105; x_wconf 89' lang='lat' dir='ltr'><strong>de</strong></span> <span class='ocrx_word' id='word_1_234' title='bbox 1309 3050 1484 3105; x_wconf 92' lang='lat' dir='ltr'><strong>domo</strong></span> <span class='ocrx_word' id='word_1_235' title='bbox 1530 3050 1713 3122; x_wconf 91' lang='lat' dir='ltr'><strong>patris</strong></span> <span class='ocrx_word' id='word_1_236' title='bbox 1755 3049 1890 3117; x_wconf 89' lang='lat' dir='ltr'><strong>mei,</strong></span> 
     </span>
    </p>
   </div>
   <div class='ocr_carea' id='block_1_35' title="bbox 232 3139 1892 3212">
    <p class='ocr_par' dir='ltr' id='par_1_35' title="bbox 232 3139 1892 3212">
     <span class='ocr_line' id='line_1_35' title="bbox 232 3139 1892 3212; baseline -0.004 -12"><span class='ocrx_word' id='word_1_237' title='bbox 232 3148 292 3200; x_wconf 85' lang='lat' dir='ltr'><strong>et</strong></span> <span class='ocrx_word' id='word_1_238' title='bbox 323 3159 487 3198; x_wconf 91' lang='lat' dir='ltr'><strong>nunc</strong></span> <span class='ocrx_word' id='word_1_239' title='bbox 507 3141 754 3198; x_wconf 86' lang='lat' dir='ltr'><strong>venistis</strong></span> <span class='ocrx_word' id='word_1_240' title='bbox 776 3141 844 3196; x_wconf 89' lang='lat' dir='ltr'><strong>ad</strong></span> <span class='ocrx_word' id='word_1_241' title='bbox 869 3155 961 3196; x_wconf 88' lang='lat' dir='ltr'><strong>me</strong></span> <span class='ocrx_word' id='word_1_242' title='bbox 991 3139 1339 3196; x_wconf 84' lang='lat' dir='ltr'><strong>necessitate</strong></span> <span class='ocrx_word' id='word_1_243' title='bbox 1371 3139 1710 3212; x_wconf 84' lang='lat' dir='ltr'><strong>compulsi?</strong></span> <span class='ocrx_word' id='word_1_244' title='bbox 1730 3139 1892 3195; x_wconf 85' lang='lat' dir='ltr'><strong>Dixe-</strong></span> 
     </span>
    </p>
   </div>
   <div class='ocr_carea' id='block_1_36' title="bbox 2014 555 3662 627">
    <p class='ocr_par' dir='ltr' id='par_1_36' title="bbox 2014 555 3662 627">
     <span class='ocr_line' id='line_1_36' title="bbox 2014 555 3662 627; baseline 0.005 -17"><span class='ocrx_word' id='word_1_245' title='bbox 2014 555 2191 611; x_wconf 90' lang='lat' dir='ltr'><strong>Israel</strong></span> <span class='ocrx_word' id='word_1_246' title='bbox 2224 562 2435 614; x_wconf 91' lang='lat' dir='ltr'><strong>terram</strong></span> <span class='ocrx_word' id='word_1_247' title='bbox 2469 561 2656 627; x_wconf 81' lang='lat' dir='ltr'><strong>Moab,</strong></span> <span class='ocrx_word' id='word_1_248' title='bbox 2689 577 2796 617; x_wconf 88' lang='lat' dir='ltr'><strong>nec</strong></span> <span class='ocrx_word' id='word_1_249' title='bbox 2826 566 3040 616; x_wconf 88' lang='lat' dir='ltr'><strong>terram</strong></span> <span class='ocrx_word' id='word_1_250' title='bbox 3075 561 3329 618; x_wconf 81' lang='lat' dir='ltr'><strong>filiorum</strong></span> <span class='ocrx_word' id='word_1_251' title='bbox 3362 565 3610 619; x_wconf 84' lang='lat' dir='ltr'><strong>Ammon</strong></span> <span class='ocrx_word' id='word_1_252' title='bbox 3649 581 3662 620; x_wconf 97' lang='lat'><strong>:</strong></span> 
     </span>
    </p>
   </div>
   <div class='ocr_carea' id='block_1_37' title="bbox 2015 646 3665 722">
    <p class='ocr_par' dir='ltr' id='par_1_37' title="bbox 2015 646 3665 722">
     <span class='ocr_line' id='line_1_37' title="bbox 2015 646 3665 722; baseline 0.005 -23"><span class='ocrx_word' id='word_1_253' title='bbox 2015 646 2114 699; x_wconf 89' lang='lat' dir='ltr'><strong>sed</strong></span> <span class='ocrx_word' id='word_1_254' title='bbox 2147 648 2380 716; x_wconf 90' lang='lat' dir='ltr'><strong>quando</strong></span> <span class='ocrx_word' id='word_1_255' title='bbox 2429 650 2500 703; x_wconf 90' lang='lat' dir='ltr'><strong>de</strong></span> <span class='ocrx_word' id='word_1_256' title='bbox 2545 650 2790 722; x_wconf 63' lang='lat' dir='ltr'><strong>Egypto</strong></span> <span class='ocrx_word' id='word_1_257' title='bbox 2820 652 3309 716; x_wconf 89' lang='lat' dir='ltr'><strong>conscenderunt,</strong></span> <span class='ocrx_word' id='word_1_258' title='bbox 3339 653 3665 708; x_wconf 89' lang='lat' dir='ltr'><strong>ambulavit</strong></span> 
     </span>
    </p>
   </div>
   <div class='ocr_carea' id='block_1_38' title="bbox 2014 733 3660 808">
    <p class='ocr_par' dir='ltr' id='par_1_38' title="bbox 2014 733 3660 808">
     <span class='ocr_line' id='line_1_38' title="bbox 2014 733 3660 808; baseline 0.005 -20"><span class='ocrx_word' id='word_1_259' title='bbox 2014 748 2116 804; x_wconf 89' lang='lat' dir='ltr'><strong>per</strong></span> <span class='ocrx_word' id='word_1_260' title='bbox 2145 733 2526 792; x_wconf 79' lang='lat' dir='ltr'><strong>solitudinem</strong></span> <span class='ocrx_word' id='word_1_261' title='bbox 2553 755 2738 808; x_wconf 90' lang='lat' dir='ltr'><strong>usque</strong></span> <span class='ocrx_word' id='word_1_262' title='bbox 2759 739 2826 793; x_wconf 92' lang='lat' dir='ltr'><strong>ad</strong></span> <span class='ocrx_word' id='word_1_263' title='bbox 2855 755 3012 796; x_wconf 89' lang='lat' dir='ltr'><strong>mare</strong></span> <span class='ocrx_word' id='word_1_264' title='bbox 3036 740 3318 808; x_wconf 84' lang='lat' dir='ltr'><strong>Rubrum,</strong></span> <span class='ocrx_word' id='word_1_265' title='bbox 3343 749 3401 796; x_wconf 92' lang='lat' dir='ltr'><strong>et</strong></span> <span class='ocrx_word' id='word_1_266' title='bbox 3422 743 3579 797; x_wconf 85' lang='lat' dir='ltr'><strong>venit</strong></span> <span class='ocrx_word' id='word_1_267' title='bbox 3601 744 3660 797; x_wconf 92' lang='lat' dir='ltr'><strong>in</strong></span> 
     </span>
    </p>
   </div>
   <div class='ocr_carea' id='block_1_39' title="bbox 2012 821 3658 900">
    <p class='ocr_par' dir='ltr' id='par_1_39' title="bbox 2012 821 3658 900">
     <span class='ocr_line' id='line_1_39' title="bbox 2012 821 3658 900; baseline 0.006 -23"><span class='ocrx_word' id='word_1_268' title='bbox 2012 821 2216 878; x_wconf 91' lang='lat' dir='ltr'><strong>Cades.</strong></span> <span class='ocrx_word' id='word_1_269' title='bbox 2255 825 2526 897; x_wconf 85' lang='lat' dir='ltr'><strong>Misitque</strong></span> <span class='ocrx_word' id='word_1_270' title='bbox 2559 827 2797 882; x_wconf 89' lang='lat' dir='ltr'><strong>nuntios</strong></span> <span class='ocrx_word' id='word_1_271' title='bbox 2829 827 2900 883; x_wconf 91' lang='lat' dir='ltr'><strong>ad</strong></span> <span class='ocrx_word' id='word_1_272' title='bbox 2934 843 3125 900; x_wconf 86' lang='lat' dir='ltr'><strong>regem</strong></span> <span class='ocrx_word' id='word_1_273' title='bbox 3174 829 3376 894; x_wconf 91' lang='lat' dir='ltr'><strong>Edom,</strong></span> <span class='ocrx_word' id='word_1_274' title='bbox 3408 831 3611 885; x_wconf 91' lang='lat' dir='ltr'><strong>dicens</strong></span> <span class='ocrx_word' id='word_1_275' title='bbox 3645 847 3658 887; x_wconf 91' lang='lat'><strong>:</strong></span> 
     </span>
    </p>
   </div>
   <div class='ocr_carea' id='block_1_40' title="bbox 2012 909 3662 986">
    <p class='ocr_par' dir='ltr' id='par_1_40' title="bbox 2012 909 3662 986">
     <span class='ocr_line' id='line_1_40' title="bbox 2012 909 3662 986; baseline 0.005 -20"><span class='ocrx_word' id='word_1_276' title='bbox 2012 909 2250 968; x_wconf 86' lang='lat' dir='ltr'><strong>Dimitte</strong></span> <span class='ocrx_word' id='word_1_277' title='bbox 2283 929 2396 978; x_wconf 89' lang='lat' dir='ltr'><strong>me,</strong></span> <span class='ocrx_word' id='word_1_278' title='bbox 2422 918 2487 968; x_wconf 90' lang='lat' dir='ltr'><strong>ut</strong></span> <span class='ocrx_word' id='word_1_279' title='bbox 2518 919 2809 970; x_wconf 85' lang='lat' dir='ltr'><strong>transeam</strong></span> <span class='ocrx_word' id='word_1_280' title='bbox 2843 933 2942 986; x_wconf 91' lang='lat' dir='ltr'><strong>per</strong></span> <span class='ocrx_word' id='word_1_281' title='bbox 2971 923 3179 972; x_wconf 92' lang='lat' dir='ltr'><strong>terram</strong></span> <span class='ocrx_word' id='word_1_282' title='bbox 3209 923 3388 972; x_wconf 88' lang='lat' dir='ltr'><strong>tuam.</strong></span> <span class='ocrx_word' id='word_1_283' title='bbox 3415 921 3519 984; x_wconf 90' lang='lat' dir='ltr'><strong>Qui</strong></span> <span class='ocrx_word' id='word_1_284' title='bbox 3555 937 3662 975; x_wconf 90' lang='lat' dir='ltr'><strong>no-</strong></span> 
     </span>
    </p>
   </div>
   <div class='ocr_carea' id='block_1_41' title="bbox 2011 998 3655 1077">
    <p class='ocr_par' dir='ltr' id='par_1_41' title="bbox 2011 998 3655 1077">
     <span class='ocr_line' id='line_1_41' title="bbox 2011 998 3655 1077; baseline 0.005 -24"><span class='ocrx_word' id='word_1_285' title='bbox 2011 998 2122 1054; x_wconf 88' lang='lat' dir='ltr'><strong>luit</strong></span> <span class='ocrx_word' id='word_1_286' title='bbox 2151 1003 2522 1072; x_wconf 83' lang='lat' dir='ltr'><strong>acquiescere</strong></span> <span class='ocrx_word' id='word_1_287' title='bbox 2554 1006 2824 1075; x_wconf 88' lang='lat' dir='ltr'><strong>precibus</strong></span> <span class='ocrx_word' id='word_1_288' title='bbox 2865 1006 3012 1074; x_wconf 87' lang='lat' dir='ltr'><strong>ejus.</strong></span> <span class='ocrx_word' id='word_1_289' title='bbox 3050 1005 3206 1060; x_wconf 88' lang='lat' dir='ltr'><strong>Misit</strong></span> <span class='ocrx_word' id='word_1_290' title='bbox 3235 1023 3468 1077; x_wconf 91' lang='lat' dir='ltr'><strong>quoque</strong></span> <span class='ocrx_word' id='word_1_291' title='bbox 3499 1015 3554 1062; x_wconf 86' lang='lat' dir='ltr'><strong>et</strong></span> <span class='ocrx_word' id='word_1_292' title='bbox 3587 1010 3655 1064; x_wconf 89' lang='lat' dir='ltr'><strong>ad</strong></span> 
     </span>
    </p>
   </div>
   <div class='ocr_carea' id='block_1_42' title="bbox 2011 1091 3657 1165">
    <p class='ocr_par' dir='ltr' id='par_1_42' title="bbox 2011 1091 3657 1165">
     <span class='ocr_line' id='line_1_42' title="bbox 2011 1091 3657 1165; baseline 0.005 -21"><span class='ocrx_word' id='word_1_293' title='bbox 2011 1105 2206 1160; x_wconf 87' lang='lat' dir='ltr'><strong>regem</strong></span> <span class='ocrx_word' id='word_1_294' title='bbox 2241 1091 2432 1158; x_wconf 81' lang='lat' dir='ltr'><strong>Moab,</strong></span> <span class='ocrx_word' id='word_1_295' title='bbox 2469 1093 2566 1162; x_wconf 90' lang='lat' dir='ltr'><strong>qui</strong></span> <span class='ocrx_word' id='word_1_296' title='bbox 2613 1099 2668 1148; x_wconf 90' lang='lat' dir='ltr'><strong>et</strong></span> <span class='ocrx_word' id='word_1_297' title='bbox 2713 1094 2839 1164; x_wconf 89' lang='lat' dir='ltr'><strong>ipse</strong></span> <span class='ocrx_word' id='word_1_298' title='bbox 2887 1095 3204 1150; x_wconf 83' lang='lat' dir='ltr'><strong>transitum</strong></span> <span class='ocrx_word' id='word_1_299' title='bbox 3238 1098 3490 1165; x_wconf 67' lang='lat' dir='ltr'><strong>praebere</strong></span> <span class='ocrx_word' id='word_1_300' title='bbox 3521 1114 3657 1153; x_wconf 91' lang='lat' dir='ltr'><strong>con-</strong></span> 
     </span>
    </p>
   </div>
   <div class='ocr_carea' id='block_1_43' title="bbox 2010 1179 3661 1252">
    <p class='ocr_par' dir='ltr' id='par_1_43' title="bbox 2010 1179 3661 1252">
     <span class='ocr_line' id='line_1_43' title="bbox 2010 1179 3661 1252; baseline 0.005 -20"><span class='ocrx_word' id='word_1_301' title='bbox 2010 1179 2270 1250; x_wconf 89' lang='lat' dir='ltr'><strong>tempsit.</strong></span> <span class='ocrx_word' id='word_1_302' title='bbox 2303 1180 2516 1235; x_wconf 85' lang='lat' dir='ltr'><strong>Mansit</strong></span> <span class='ocrx_word' id='word_1_303' title='bbox 2553 1181 2753 1252; x_wconf 87' lang='lat' dir='ltr'><strong>itaque</strong></span> <span class='ocrx_word' id='word_1_304' title='bbox 2803 1181 2861 1236; x_wconf 90' lang='lat' dir='ltr'><strong>in</strong></span> <span class='ocrx_word' id='word_1_305' title='bbox 2911 1182 3081 1252; x_wconf 86' lang='lat' dir='ltr'><strong>Cade,</strong></span> <span class='ocrx_word' id='word_1_306' title='bbox 3113 1189 3172 1238; x_wconf 92' lang='lat' dir='ltr'><strong>et</strong></span> <span class='ocrx_word' id='word_1_307' title='bbox 3217 1183 3546 1240; x_wconf 87' lang='lat' dir='ltr'><strong>circumivit</strong></span> <span class='ocrx_word' id='word_1_308' title='bbox 3592 1203 3661 1241; x_wconf 85' lang='lat' dir='ltr'><strong>ex</strong></span> 
     </span>
    </p>
   </div>
   <div class='ocr_carea' id='block_1_44' title="bbox 2009 1265 3659 1342">
    <p class='ocr_par' dir='ltr' id='par_1_44' title="bbox 2009 1265 3659 1342">
     <span class='ocr_line' id='line_1_44' title="bbox 2009 1265 3659 1342; baseline 0.005 -20"><span class='ocrx_word' id='word_1_309' title='bbox 2009 1265 2186 1323; x_wconf 87' lang='lat' dir='ltr'><strong>latere</strong></span> <span class='ocrx_word' id='word_1_310' title='bbox 2209 1273 2424 1324; x_wconf 88' lang='lat' dir='ltr'><strong>terram</strong></span> <span class='ocrx_word' id='word_1_311' title='bbox 2452 1270 2633 1325; x_wconf 87' lang='lat' dir='ltr'><strong>Edom</strong></span> <span class='ocrx_word' id='word_1_312' title='bbox 2657 1275 2715 1326; x_wconf 88' lang='lat' dir='ltr'><strong>et</strong></span> <span class='ocrx_word' id='word_1_313' title='bbox 2738 1275 2951 1326; x_wconf 89' lang='lat' dir='ltr'><strong>terram</strong></span> <span class='ocrx_word' id='word_1_314' title='bbox 2977 1271 3145 1326; x_wconf 88' lang='lat' dir='ltr'><strong>Moab</strong></span> <span class='ocrx_word' id='word_1_315' title='bbox 3169 1287 3183 1325; x_wconf 93' lang='lat'><strong>:</strong></span> <span class='ocrx_word' id='word_1_316' title='bbox 3217 1271 3487 1342; x_wconf 82' lang='lat' dir='ltr'><strong>venitque</strong></span> <span class='ocrx_word' id='word_1_317' title='bbox 3517 1290 3659 1329; x_wconf 90' lang='lat' dir='ltr'><strong>con—</strong></span> 
     </span>
    </p>
   </div>
   <div class='ocr_carea' id='block_1_45' title="bbox 2010 1358 3660 1431">
    <p class='ocr_par' dir='ltr' id='par_1_45' title="bbox 2010 1358 3660 1431">
     <span class='ocr_line' id='line_1_45' title="bbox 2010 1358 3660 1431; baseline 0.005 -21"><span class='ocrx_word' id='word_1_318' title='bbox 2010 1361 2101 1411; x_wconf 91' lang='lat' dir='ltr'><strong>tra</strong></span> <span class='ocrx_word' id='word_1_319' title='bbox 2131 1358 2476 1412; x_wconf 88' lang='lat' dir='ltr'><strong>orientalem</strong></span> <span class='ocrx_word' id='word_1_320' title='bbox 2512 1359 2741 1431; x_wconf 84' lang='lat' dir='ltr'><strong>plagam</strong></span> <span class='ocrx_word' id='word_1_321' title='bbox 2775 1363 2940 1413; x_wconf 74' lang='lat' dir='ltr'><strong>terra:</strong></span> <span class='ocrx_word' id='word_1_322' title='bbox 2970 1362 3160 1424; x_wconf 87' lang='lat' dir='ltr'><strong>Moab,</strong></span> <span class='ocrx_word' id='word_1_323' title='bbox 3191 1365 3247 1415; x_wconf 89' lang='lat' dir='ltr'><strong>et</strong></span> <span class='ocrx_word' id='word_1_324' title='bbox 3276 1368 3660 1418; x_wconf 85' lang='lat' dir='ltr'><strong>castrameta-</strong></span> 
     </span>
    </p>
   </div>
   <div class='ocr_carea' id='block_1_46' title="bbox 2008 1449 3658 1508">
    <p class='ocr_par' dir='ltr' id='par_1_46' title="bbox 2008 1449 3658 1508">
     <span class='ocr_line' id='line_1_46' title="bbox 2008 1449 3658 1508; baseline 0.005 -8"><span class='ocrx_word' id='word_1_325' title='bbox 2008 1449 2104 1503; x_wconf 90' lang='lat' dir='ltr'><strong>tus</strong></span> <span class='ocrx_word' id='word_1_326' title='bbox 2131 1451 2219 1501; x_wconf 91' lang='lat' dir='ltr'><strong>est</strong></span> <span class='ocrx_word' id='word_1_327' title='bbox 2249 1451 2414 1502; x_wconf 90' lang='lat' dir='ltr'><strong>trans</strong></span> <span class='ocrx_word' id='word_1_328' title='bbox 2445 1453 2638 1502; x_wconf 87' lang='lat' dir='ltr'><strong>Arnon</strong></span> <span class='ocrx_word' id='word_1_329' title='bbox 2675 1464 2688 1502; x_wconf 91' lang='lat'><strong>:</strong></span> <span class='ocrx_word' id='word_1_330' title='bbox 2742 1465 2847 1503; x_wconf 89' lang='lat' dir='ltr'><strong>nec</strong></span> <span class='ocrx_word' id='word_1_331' title='bbox 2879 1449 3059 1504; x_wconf 88' lang='lat' dir='ltr'><strong>voluit</strong></span> <span class='ocrx_word' id='word_1_332' title='bbox 3104 1450 3322 1506; x_wconf 88' lang='lat' dir='ltr'><strong>intrare</strong></span> <span class='ocrx_word' id='word_1_333' title='bbox 3373 1454 3658 1508; x_wconf 90' lang='lat' dir='ltr'><strong>terminos</strong></span> 
     </span>
    </p>
   </div>
   <div class='ocr_carea' id='block_1_47' title="bbox 2010 1535 3654 1609">
    <p class='ocr_par' dir='ltr' id='par_1_47' title="bbox 2010 1535 3654 1609">
     <span class='ocr_line' id='line_1_47' title="bbox 2010 1535 3654 1609; baseline 0.004 -19"><span class='ocrx_word' id='word_1_334' title='bbox 2010 1535 2226 1591; x_wconf 82' lang='lat' dir='ltr'><strong>Moab:</strong></span> <span class='ocrx_word' id='word_1_335' title='bbox 2276 1537 2469 1591; x_wconf 84' lang='lat' dir='ltr'><strong>Arnon</strong></span> <span class='ocrx_word' id='word_1_336' title='bbox 2520 1536 2740 1609; x_wconf 86' lang='lat' dir='ltr'><strong>quippe</strong></span> <span class='ocrx_word' id='word_1_337' title='bbox 2789 1538 3107 1593; x_wconf 76' lang='lat' dir='ltr'><strong>confinium</strong></span> <span class='ocrx_word' id='word_1_338' title='bbox 3139 1543 3226 1594; x_wconf 89' lang='lat' dir='ltr'><strong>est</strong></span> <span class='ocrx_word' id='word_1_339' title='bbox 3250 1543 3416 1595; x_wconf 67' lang='lat' dir='ltr'><strong>terrae</strong></span> <span class='ocrx_word' id='word_1_340' title='bbox 3465 1541 3654 1597; x_wconf 85' lang='lat' dir='ltr'><strong>Moab.</strong></span> 
     </span>
    </p>
   </div>
   <div class='ocr_carea' id='block_1_48' title="bbox 2009 1625 3658 1698">
    <p class='ocr_par' dir='ltr' id='par_1_48' title="bbox 2009 1625 3658 1698">
     <span class='ocr_line' id='line_1_48' title="bbox 2009 1625 3658 1698; baseline 0.003 -17"><span class='ocrx_word' id='word_1_341' title='bbox 2009 1625 2170 1681; x_wconf 85' lang='lat' dir='ltr'><strong>Misit</strong></span> <span class='ocrx_word' id='word_1_342' title='bbox 2198 1625 2396 1698; x_wconf 91' lang='lat' dir='ltr'><strong>itaque</strong></span> <span class='ocrx_word' id='word_1_343' title='bbox 2428 1626 2607 1682; x_wconf 88' lang='lat' dir='ltr'><strong>Israel</strong></span> <span class='ocrx_word' id='word_1_344' title='bbox 2638 1627 2881 1682; x_wconf 91' lang='lat' dir='ltr'><strong>nuntios</strong></span> <span class='ocrx_word' id='word_1_345' title='bbox 2921 1628 2991 1682; x_wconf 89' lang='lat' dir='ltr'><strong>ad</strong></span> <span class='ocrx_word' id='word_1_346' title='bbox 3041 1629 3190 1683; x_wconf 89' lang='lat' dir='ltr'><strong>Seon</strong></span> <span class='ocrx_word' id='word_1_347' title='bbox 3224 1644 3415 1698; x_wconf 87' lang='lat' dir='ltr'><strong>regem</strong></span> <span class='ocrx_word' id='word_1_348' title='bbox 3450 1636 3658 1686; x_wconf 81' lang='lat' dir='ltr'><strong>Amor-</strong></span> 
     </span>
    </p>
   </div>
   <div class='ocr_carea' id='block_1_49' title="bbox 2009 1715 3652 1786">
    <p class='ocr_par' dir='ltr' id='par_1_49' title="bbox 2009 1715 3652 1786">
     <span class='ocr_line' id='line_1_49' title="bbox 2009 1715 3652 1786; baseline 0.002 -16"><span class='ocrx_word' id='word_1_349' title='bbox 2009 1715 2324 1781; x_wconf 63' lang='lat' dir='ltr'><strong>rhaaorum,</strong></span> <span class='ocrx_word' id='word_1_350' title='bbox 2350 1715 2450 1786; x_wconf 91' lang='lat' dir='ltr'><strong>qui</strong></span> <span class='ocrx_word' id='word_1_351' title='bbox 2483 1715 2788 1771; x_wconf 90' lang='lat' dir='ltr'><strong>habitabat</strong></span> <span class='ocrx_word' id='word_1_352' title='bbox 2811 1717 2869 1771; x_wconf 92' lang='lat' dir='ltr'><strong>in</strong></span> <span class='ocrx_word' id='word_1_353' title='bbox 2898 1717 3142 1776; x_wconf 85' lang='lat' dir='ltr'><strong>Esebon.</strong></span> <span class='ocrx_word' id='word_1_354' title='bbox 3171 1723 3227 1772; x_wconf 87' lang='lat' dir='ltr'><strong>et</strong></span> <span class='ocrx_word' id='word_1_355' title='bbox 3253 1719 3525 1774; x_wconf 81' lang='lat' dir='ltr'><strong>dixerunt</strong></span> <span class='ocrx_word' id='word_1_356' title='bbox 3555 1719 3605 1775; x_wconf 90' lang='lat' dir='ltr'><strong>ei</strong></span> <span class='ocrx_word' id='word_1_357' title='bbox 3639 1737 3652 1774; x_wconf 94' lang='lat'><strong>:</strong></span> 
     </span>
    </p>
   </div>
   <div class='ocr_carea' id='block_1_50' title="bbox 2007 1805 3655 1878">
    <p class='ocr_par' dir='ltr' id='par_1_50' title="bbox 2007 1805 3655 1878">
     <span class='ocr_line' id='line_1_50' title="bbox 2007 1805 3655 1878; baseline 0.002 -20"><span class='ocrx_word' id='word_1_358' title='bbox 2007 1805 2248 1858; x_wconf 89' lang='lat' dir='ltr'><strong>Dimitte</strong></span> <span class='ocrx_word' id='word_1_359' title='bbox 2271 1807 2335 1858; x_wconf 93' lang='lat' dir='ltr'><strong>ut</strong></span> <span class='ocrx_word' id='word_1_360' title='bbox 2357 1808 2653 1859; x_wconf 83' lang='lat' dir='ltr'><strong>transeam</strong></span> <span class='ocrx_word' id='word_1_361' title='bbox 2687 1820 2791 1876; x_wconf 91' lang='lat' dir='ltr'><strong>per</strong></span> <span class='ocrx_word' id='word_1_362' title='bbox 2816 1811 3031 1860; x_wconf 90' lang='lat' dir='ltr'><strong>terram</strong></span> <span class='ocrx_word' id='word_1_363' title='bbox 3057 1811 3214 1860; x_wconf 91' lang='lat' dir='ltr'><strong>tuam</strong></span> <span class='ocrx_word' id='word_1_364' title='bbox 3241 1823 3426 1878; x_wconf 88' lang='lat' dir='ltr'><strong>usque</strong></span> <span class='ocrx_word' id='word_1_365' title='bbox 3450 1808 3520 1863; x_wconf 88' lang='lat' dir='ltr'><strong>ad</strong></span> <span class='ocrx_word' id='word_1_366' title='bbox 3546 1809 3655 1862; x_wconf 83' lang='lat' dir='ltr'><strong>flu-</strong></span> 
     </span>
    </p>
   </div>
   <div class='ocr_carea' id='block_1_51' title="bbox 2007 1893 3655 1964">
    <p class='ocr_par' dir='ltr' id='par_1_51' title="bbox 2007 1893 3655 1964">
     <span class='ocr_line' id='line_1_51' title="bbox 2007 1893 3655 1964; baseline 0.002 -18"><span class='ocrx_word' id='word_1_367' title='bbox 2007 1893 2184 1948; x_wconf 91' lang='lat' dir='ltr'><strong>vium.</strong></span> <span class='ocrx_word' id='word_1_368' title='bbox 2219 1893 2326 1959; x_wconf 87' lang='lat' dir='ltr'><strong>Qui</strong></span> <span class='ocrx_word' id='word_1_369' title='bbox 2371 1898 2427 1946; x_wconf 90' lang='lat' dir='ltr'><strong>et</strong></span> <span class='ocrx_word' id='word_1_370' title='bbox 2473 1893 2598 1964; x_wconf 88' lang='lat' dir='ltr'><strong>ipse</strong></span> <span class='ocrx_word' id='word_1_371' title='bbox 2625 1893 2801 1948; x_wconf 91' lang='lat' dir='ltr'><strong>Israel</strong></span> <span class='ocrx_word' id='word_1_372' title='bbox 2832 1895 3008 1948; x_wconf 91' lang='lat' dir='ltr'><strong>verba</strong></span> <span class='ocrx_word' id='word_1_373' title='bbox 3036 1893 3382 1964; x_wconf 81' lang='lat' dir='ltr'><strong>despiciens,</strong></span> <span class='ocrx_word' id='word_1_374' title='bbox 3417 1912 3530 1950; x_wconf 89' lang='lat' dir='ltr'><strong>non</strong></span> <span class='ocrx_word' id='word_1_375' title='bbox 3565 1897 3655 1950; x_wconf 88' lang='lat' dir='ltr'><strong>di-</strong></span> 
     </span>
    </p>
   </div>
   <div class='ocr_carea' id='block_1_52' title="bbox 2009 1981 3653 2052">
    <p class='ocr_par' dir='ltr' id='par_1_52' title="bbox 2009 1981 3653 2052">
     <span class='ocr_line' id='line_1_52' title="bbox 2009 1981 3653 2052; baseline 0.002 -16"><span class='ocrx_word' id='word_1_376' title='bbox 2009 1981 2172 2036; x_wconf 89' lang='lat' dir='ltr'><strong>misit</strong></span> <span class='ocrx_word' id='word_1_377' title='bbox 2201 1997 2330 2037; x_wconf 91' lang='lat' dir='ltr'><strong>eum</strong></span> <span class='ocrx_word' id='word_1_378' title='bbox 2363 1982 2614 2036; x_wconf 85' lang='lat' dir='ltr'><strong>transire</strong></span> <span class='ocrx_word' id='word_1_379' title='bbox 2645 1997 2748 2052; x_wconf 90' lang='lat' dir='ltr'><strong>per</strong></span> <span class='ocrx_word' id='word_1_380' title='bbox 2778 1983 3059 2038; x_wconf 73' lang='lat' dir='ltr'><strong>terminos</strong></span> <span class='ocrx_word' id='word_1_381' title='bbox 3081 1999 3258 2038; x_wconf 89' lang='lat' dir='ltr'><strong>suos:</strong></span> <span class='ocrx_word' id='word_1_382' title='bbox 3293 1985 3393 2038; x_wconf 80' lang='lat' dir='ltr'><strong>sed</strong></span> <span class='ocrx_word' id='word_1_383' title='bbox 3419 1984 3653 2041; x_wconf 83' lang='lat' dir='ltr'><strong>intinita</strong></span> 
     </span>
    </p>
   </div>
   <div class='ocr_carea' id='block_1_53' title="bbox 2009 2069 3652 2142">
    <p class='ocr_par' dir='ltr' id='par_1_53' title="bbox 2009 2069 3652 2142">
     <span class='ocr_line' id='line_1_53' title="bbox 2009 2069 3652 2142; baseline 0.003 -18"><span class='ocrx_word' id='word_1_384' title='bbox 2009 2069 2384 2125; x_wconf 90' lang='lat' dir='ltr'><strong>multitudine</strong></span> <span class='ocrx_word' id='word_1_385' title='bbox 2414 2075 2786 2141; x_wconf 87' lang='lat' dir='ltr'><strong>congregata,</strong></span> <span class='ocrx_word' id='word_1_386' title='bbox 2807 2086 3081 2142; x_wconf 86' lang='lat' dir='ltr'><strong>egressus</strong></span> <span class='ocrx_word' id='word_1_387' title='bbox 3105 2080 3192 2127; x_wconf 89' lang='lat' dir='ltr'><strong>est</strong></span> <span class='ocrx_word' id='word_1_388' title='bbox 3211 2077 3413 2128; x_wconf 87' lang='lat' dir='ltr'><strong>contra</strong></span> <span class='ocrx_word' id='word_1_389' title='bbox 3433 2089 3566 2128; x_wconf 90' lang='lat' dir='ltr'><strong>eum</strong></span> <span class='ocrx_word' id='word_1_390' title='bbox 3592 2074 3652 2129; x_wconf 91' lang='lat' dir='ltr'><strong>in</strong></span> 
     </span>
    </p>
   </div>
   <div class='ocr_carea' id='block_1_54' title="bbox 2004 2158 3654 2232">
    <p class='ocr_par' dir='ltr' id='par_1_54' title="bbox 2004 2158 3654 2232">
     <span class='ocr_line' id='line_1_54' title="bbox 2004 2158 3654 2232; baseline 0.001 -18"><span class='ocrx_word' id='word_1_391' title='bbox 2004 2159 2193 2227; x_wconf 85' lang='lat' dir='ltr'><strong>Jessa,</strong></span> <span class='ocrx_word' id='word_1_392' title='bbox 2212 2165 2265 2214; x_wconf 91' lang='lat' dir='ltr'><strong>et</strong></span> <span class='ocrx_word' id='word_1_393' title='bbox 2289 2158 2516 2214; x_wconf 84' lang='lat' dir='ltr'><strong>fortiter</strong></span> <span class='ocrx_word' id='word_1_394' title='bbox 2544 2159 2876 2214; x_wconf 85' lang='lat' dir='ltr'><strong>resistebat.</strong></span> <span class='ocrx_word' id='word_1_395' title='bbox 2902 2159 3284 2232; x_wconf 82' lang='lat' dir='ltr'><strong>Tradiditque</strong></span> <span class='ocrx_word' id='word_1_396' title='bbox 3304 2179 3438 2218; x_wconf 90' lang='lat' dir='ltr'><strong>eum</strong></span> <span class='ocrx_word' id='word_1_397' title='bbox 3461 2161 3654 2232; x_wconf 49' lang='lat' dir='ltr'><strong>Domi:</strong></span> 
     </span>
    </p>
   </div>
   <div class='ocr_carea' id='block_1_55' title="bbox 2006 2231 3654 2322">
    <p class='ocr_par' dir='ltr' id='par_1_55' title="bbox 2006 2231 3654 2322">
     <span class='ocr_line' id='line_1_55' title="bbox 2006 2231 3654 2322; baseline 0.001 -20"><span class='ocrx_word' id='word_1_398' title='bbox 2006 2265 2119 2302; x_wconf 89' lang='lat' dir='ltr'><strong>nus</strong></span> <span class='ocrx_word' id='word_1_399' title='bbox 2149 2247 2207 2301; x_wconf 92' lang='lat' dir='ltr'><strong>in</strong></span> <span class='ocrx_word' id='word_1_400' title='bbox 2238 2263 2450 2303; x_wconf 87' lang='lat' dir='ltr'><strong>manus</strong></span> <span class='ocrx_word' id='word_1_401' title='bbox 2480 2247 2655 2303; x_wconf 88' lang='lat' dir='ltr'><strong>Israel</strong></span> <span class='ocrx_word' id='word_1_402' title='bbox 2696 2263 2829 2302; x_wconf 91' lang='lat' dir='ltr'><strong>cum</strong></span> <span class='ocrx_word' id='word_1_403' title='bbox 2875 2248 3034 2303; x_wconf 90' lang='lat' dir='ltr'><strong>omni</strong></span> <span class='ocrx_word' id='word_1_404' title='bbox 3079 2249 3332 2304; x_wconf 91' lang='lat' dir='ltr'><strong>exercitu</strong></span> <span class='ocrx_word' id='word_1_405' title='bbox 3387 2265 3514 2312; x_wconf 87' lang='lat' dir='ltr'><strong>suo.</strong></span> <span class='ocrx_word' id='word_1_406' title='bbox 3551 2231 3654 2322; x_wconf 77' lang='lat' dir='ltr'><strong>qui</strong></span> 
     </span>
    </p>
   </div>
   <div class='ocr_carea' id='block_1_56' title="bbox 2006 2336 3653 2408">
    <p class='ocr_par' dir='ltr' id='par_1_56' title="bbox 2006 2336 3653 2408">
     <span class='ocr_line' id='line_1_56' title="bbox 2006 2336 3653 2408; baseline 0.001 -17"><span class='ocrx_word' id='word_1_407' title='bbox 2006 2336 2298 2407; x_wconf 87' lang='lat' dir='ltr'><strong>percussit</strong></span> <span class='ocrx_word' id='word_1_408' title='bbox 2325 2352 2483 2404; x_wconf 91' lang='lat' dir='ltr'><strong>eum,</strong></span> <span class='ocrx_word' id='word_1_409' title='bbox 2515 2342 2573 2390; x_wconf 89' lang='lat' dir='ltr'><strong>et</strong></span> <span class='ocrx_word' id='word_1_410' title='bbox 2602 2337 2860 2408; x_wconf 86' lang='lat' dir='ltr'><strong>possedit</strong></span> <span class='ocrx_word' id='word_1_411' title='bbox 2901 2353 3134 2392; x_wconf 91' lang='lat' dir='ltr'><strong>omnem</strong></span> <span class='ocrx_word' id='word_1_412' title='bbox 3181 2343 3397 2394; x_wconf 89' lang='lat' dir='ltr'><strong>terram</strong></span> <span class='ocrx_word' id='word_1_413' title='bbox 3446 2341 3653 2394; x_wconf 87' lang='lat' dir='ltr'><strong>Amor-</strong></span> 
     </span>
    </p>
   </div>
   <div class='ocr_carea' id='block_1_57' title="bbox 2004 2422 3650 2496">
    <p class='ocr_par' dir='ltr' id='par_1_57' title="bbox 2004 2422 3650 2496">
     <span class='ocr_line' id='line_1_57' title="bbox 2004 2422 3650 2496; baseline 0.003 -18"><span class='ocrx_word' id='word_1_414' title='bbox 2004 2424 2143 2479; x_wconf 74' lang='lat' dir='ltr'><strong>rhaai</strong></span> <span class='ocrx_word' id='word_1_415' title='bbox 2189 2422 2540 2479; x_wconf 86' lang='lat' dir='ltr'><strong>habitatoris</strong></span> <span class='ocrx_word' id='word_1_416' title='bbox 2583 2424 2838 2496; x_wconf 86' lang='lat' dir='ltr'><strong>regionis</strong></span> <span class='ocrx_word' id='word_1_417' title='bbox 2869 2423 3053 2489; x_wconf 91' lang='lat' dir='ltr'><strong>illius,</strong></span> <span class='ocrx_word' id='word_1_418' title='bbox 3081 2431 3139 2480; x_wconf 91' lang='lat' dir='ltr'><strong>et</strong></span> <span class='ocrx_word' id='word_1_419' title='bbox 3171 2427 3471 2482; x_wconf 90' lang='lat' dir='ltr'><strong>universos</strong></span> <span class='ocrx_word' id='word_1_420' title='bbox 3504 2427 3650 2483; x_wconf 78' lang='lat' dir='ltr'><strong>fines</strong></span> 
     </span>
    </p>
   </div>
   <div class='ocr_carea' id='block_1_58' title="bbox 2001 2513 3648 2587">
    <p class='ocr_par' dir='ltr' id='par_1_58' title="bbox 2001 2513 3648 2587">
     <span class='ocr_line' id='line_1_58' title="bbox 2001 2513 3648 2587; baseline 0.003 -21"><span class='ocrx_word' id='word_1_421' title='bbox 2001 2514 2153 2582; x_wconf 86' lang='lat' dir='ltr'><strong>ejus,</strong></span> <span class='ocrx_word' id='word_1_422' title='bbox 2176 2514 2246 2567; x_wconf 92' lang='grc'><strong>(18</strong></span> <span class='ocrx_word' id='word_1_423' title='bbox 2267 2515 2457 2568; x_wconf 82' lang='grc' dir='ltr'><strong>Αι·000</strong></span> <span class='ocrx_word' id='word_1_424' title='bbox 2483 2529 2670 2585; x_wconf 90' lang='lat' dir='ltr'><strong>usque</strong></span> <span class='ocrx_word' id='word_1_425' title='bbox 2690 2513 2930 2574; x_wconf 86' lang='lat' dir='ltr'><strong>Jebboc.</strong></span> <span class='ocrx_word' id='word_1_426' title='bbox 2955 2519 3012 2569; x_wconf 90' lang='lat' dir='ltr'><strong>et</strong></span> <span class='ocrx_word' id='word_1_427' title='bbox 3031 2515 3101 2568; x_wconf 90' lang='lat' dir='ltr'><strong>de</strong></span> <span class='ocrx_word' id='word_1_428' title='bbox 3123 2515 3438 2570; x_wconf 83' lang='lat' dir='ltr'><strong>solitudine</strong></span> <span class='ocrx_word' id='word_1_429' title='bbox 3461 2532 3648 2587; x_wconf 90' lang='lat' dir='ltr'><strong>usque</strong></span> 
     </span>
    </p>
   </div>
   <div class='ocr_carea' id='block_1_59' title="bbox 2002 2601 3653 2674">
    <p class='ocr_par' dir='ltr' id='par_1_59' title="bbox 2002 2601 3653 2674">
     <span class='ocr_line' id='line_1_59' title="bbox 2002 2601 3653 2674; baseline 0.002 -18"><span class='ocrx_word' id='word_1_430' title='bbox 2002 2601 2072 2656; x_wconf 91' lang='lat' dir='ltr'><strong>ad</strong></span> <span class='ocrx_word' id='word_1_431' title='bbox 2099 2601 2434 2656; x_wconf 83' lang='lat' dir='ltr'><strong>Jordanem.</strong></span> <span class='ocrx_word' id='word_1_432' title='bbox 2470 2601 2756 2656; x_wconf 89' lang='lat' dir='ltr'><strong>Dominus</strong></span> <span class='ocrx_word' id='word_1_433' title='bbox 2785 2617 2892 2674; x_wconf 92' lang='lat' dir='ltr'><strong>ego</strong></span> <span class='ocrx_word' id='word_1_434' title='bbox 2939 2603 3094 2658; x_wconf 89' lang='lat' dir='ltr'><strong>Deus</strong></span> <span class='ocrx_word' id='word_1_435' title='bbox 3141 2603 3316 2659; x_wconf 86' lang='lat' dir='ltr'><strong>Israel</strong></span> <span class='ocrx_word' id='word_1_436' title='bbox 3365 2605 3653 2660; x_wconf 88' lang='lat' dir='ltr'><strong>subvertit</strong></span> 
     </span>
    </p>
   </div>
   <div class='ocr_carea' id='block_1_60' title="bbox 2001 2690 3650 2764">
    <p class='ocr_par' dir='ltr' id='par_1_60' title="bbox 2001 2690 3650 2764">
     <span class='ocr_line' id='line_1_60' title="bbox 2001 2690 3650 2764; baseline 0.003 -20"><span class='ocrx_word' id='word_1_437' title='bbox 2001 2690 2406 2745; x_wconf 69' lang='lat' dir='ltr'><strong>Amorrhaaum</strong></span> <span class='ocrx_word' id='word_1_438' title='bbox 2470 2695 2769 2762; x_wconf 89' lang='lat' dir='ltr'><strong>pugnante</strong></span> <span class='ocrx_word' id='word_1_439' title='bbox 2827 2697 3030 2746; x_wconf 92' lang='lat' dir='ltr'><strong>contra</strong></span> <span class='ocrx_word' id='word_1_440' title='bbox 3071 2691 3238 2746; x_wconf 90' lang='lat' dir='ltr'><strong>illum</strong></span> <span class='ocrx_word' id='word_1_441' title='bbox 3285 2693 3498 2764; x_wconf 88' lang='lat' dir='ltr'><strong>populo</strong></span> <span class='ocrx_word' id='word_1_442' title='bbox 3544 2711 3650 2749; x_wconf 91' lang='lat' dir='ltr'><strong>suo</strong></span> 
     </span>
    </p>
   </div>
   <div class='ocr_carea' id='block_1_61' title="bbox 2003 2777 3651 2849">
    <p class='ocr_par' dir='ltr' id='par_1_61' title="bbox 2003 2777 3651 2849">
     <span class='ocr_line' id='line_1_61' title="bbox 2003 2777 3651 2849; baseline 0.003 -17"><span class='ocrx_word' id='word_1_443' title='bbox 2003 2777 2203 2846; x_wconf 88' lang='lat' dir='ltr'><strong>Israel,</strong></span> <span class='ocrx_word' id='word_1_444' title='bbox 2226 2783 2283 2833; x_wconf 89' lang='lat' dir='ltr'><strong>et</strong></span> <span class='ocrx_word' id='word_1_445' title='bbox 2303 2783 2365 2832; x_wconf 90' lang='lat' dir='ltr'><strong>tu</strong></span> <span class='ocrx_word' id='word_1_446' title='bbox 2389 2795 2545 2834; x_wconf 91' lang='lat' dir='ltr'><strong>nunc</strong></span> <span class='ocrx_word' id='word_1_447' title='bbox 2567 2779 2653 2834; x_wconf 90' lang='lat' dir='ltr'><strong>vis</strong></span> <span class='ocrx_word' id='word_1_448' title='bbox 2672 2779 2970 2849; x_wconf 89' lang='lat' dir='ltr'><strong>possidere</strong></span> <span class='ocrx_word' id='word_1_449' title='bbox 2991 2784 3204 2834; x_wconf 88' lang='lat' dir='ltr'><strong>terram</strong></span> <span class='ocrx_word' id='word_1_450' title='bbox 3239 2781 3366 2848; x_wconf 86' lang='lat' dir='ltr'><strong>ejus</strong></span> <span class='ocrx_word' id='word_1_451' title='bbox 3389 2781 3417 2834; x_wconf 82' lang='lat'><strong><em>?</em></strong></span> <span class='ocrx_word' id='word_1_452' title='bbox 3448 2781 3651 2837; x_wconf 90' lang='lat' dir='ltr'><strong>Nonne</strong></span> 
     </span>
    </p>
   </div>
   <div class='ocr_carea' id='block_1_62' title="bbox 2002 2867 3655 2939">
    <p class='ocr_par' dir='ltr' id='par_1_62' title="bbox 2002 2867 3655 2939">
     <span class='ocr_line' id='line_1_62' title="bbox 2002 2867 3655 2939; baseline 0.001 -17"><span class='ocrx_word' id='word_1_453' title='bbox 2002 2883 2091 2930; x_wconf 88' lang='lat' dir='ltr'><strong>ea,</strong></span> <span class='ocrx_word' id='word_1_454' title='bbox 2123 2883 2252 2936; x_wconf 73' lang='lat' dir='ltr'><strong>quae</strong></span> <span class='ocrx_word' id='word_1_455' title='bbox 2282 2867 2546 2939; x_wconf 86' lang='lat' dir='ltr'><strong>possidet</strong></span> <span class='ocrx_word' id='word_1_456' title='bbox 2574 2868 2828 2922; x_wconf 88' lang='lat' dir='ltr'><strong>Chamos</strong></span> <span class='ocrx_word' id='word_1_457' title='bbox 2861 2869 3010 2922; x_wconf 91' lang='lat' dir='ltr'><strong>Deus</strong></span> <span class='ocrx_word' id='word_1_458' title='bbox 3033 2872 3195 2932; x_wconf 90' lang='lat' dir='ltr'><strong>tuus,</strong></span> <span class='ocrx_word' id='word_1_459' title='bbox 3229 2869 3331 2924; x_wconf 89' lang='lat' dir='ltr'><strong>tibi</strong></span> <span class='ocrx_word' id='word_1_460' title='bbox 3369 2871 3507 2939; x_wconf 88' lang='lat' dir='ltr'><strong>jure</strong></span> <span class='ocrx_word' id='word_1_461' title='bbox 3554 2871 3655 2924; x_wconf 88' lang='lat' dir='ltr'><strong>de-</strong></span> 
     </span>
    </p>
   </div>
   <div class='ocr_carea' id='block_1_63' title="bbox 2000 2956 3656 3020">
    <p class='ocr_par' dir='ltr' id='par_1_63' title="bbox 2000 2956 3656 3020">
     <span class='ocr_line' id='line_1_63' title="bbox 2000 2956 3656 3020; baseline 0.001 -9"><span class='ocrx_word' id='word_1_462' title='bbox 2000 2956 2263 3012; x_wconf 86' lang='lat' dir='ltr'><strong>bentur?</strong></span> <span class='ocrx_word' id='word_1_463' title='bbox 2292 2956 2426 3020; x_wconf 74' lang='lat' dir='ltr'><strong>Quie</strong></span> <span class='ocrx_word' id='word_1_464' title='bbox 2470 2960 2664 3011; x_wconf 90' lang='lat' dir='ltr'><strong>autem</strong></span> <span class='ocrx_word' id='word_1_465' title='bbox 2718 2957 3002 3012; x_wconf 89' lang='lat' dir='ltr'><strong>Dominus</strong></span> <span class='ocrx_word' id='word_1_466' title='bbox 3051 2961 3202 3012; x_wconf 87' lang='lat' dir='ltr'><strong>Deus</strong></span> <span class='ocrx_word' id='word_1_467' title='bbox 3251 2965 3451 3013; x_wconf 83' lang='lat' dir='ltr'><strong>noster</strong></span> <span class='ocrx_word' id='word_1_468' title='bbox 3474 2957 3656 3013; x_wconf 92' lang='lat' dir='ltr'><strong>victor</strong></span> 
     </span>
    </p>
   </div>
   <div class='ocr_carea' id='block_1_64' title="bbox 2003 3045 3652 3115">
    <p class='ocr_par' dir='ltr' id='par_1_64' title="bbox 2003 3045 3652 3115">
     <span class='ocr_line' id='line_1_64' title="bbox 2003 3045 3652 3115; baseline 0.001 -15"><span class='ocrx_word' id='word_1_469' title='bbox 2003 3045 2278 3112; x_wconf 89' lang='lat' dir='ltr'><strong>obtinuit,</strong></span> <span class='ocrx_word' id='word_1_470' title='bbox 2330 3045 2387 3098; x_wconf 93' lang='lat' dir='ltr'><strong>in</strong></span> <span class='ocrx_word' id='word_1_471' title='bbox 2439 3049 2700 3100; x_wconf 89' lang='lat' dir='ltr'><strong>nostram</strong></span> <span class='ocrx_word' id='word_1_472' title='bbox 2753 3045 2962 3100; x_wconf 88' lang='lat' dir='ltr'><strong>cedent</strong></span> <span class='ocrx_word' id='word_1_473' title='bbox 3011 3046 3484 3115; x_wconf 82' lang='lat' dir='ltr'><strong>possessionem:</strong></span> <span class='ocrx_word' id='word_1_474' title='bbox 3539 3047 3652 3102; x_wconf 91' lang='lat' dir='ltr'><strong>nisi</strong></span> 
     </span>
    </p>
   </div>
   <div class='ocr_carea' id='block_1_65' title="bbox 2003 3133 3656 3207">
    <p class='ocr_par' dir='ltr' id='par_1_65' title="bbox 2003 3133 3656 3207">
     <span class='ocr_line' id='line_1_65' title="bbox 2003 3133 3656 3207; baseline 0.001 -19"><span class='ocrx_word' id='word_1_475' title='bbox 2003 3135 2151 3188; x_wconf 81' lang='lat' dir='ltr'><strong>forte</strong></span> <span class='ocrx_word' id='word_1_476' title='bbox 2183 3134 2389 3188; x_wconf 89' lang='lat' dir='ltr'><strong>melior</strong></span> <span class='ocrx_word' id='word_1_477' title='bbox 2410 3150 2474 3189; x_wconf 90' lang='lat' dir='ltr'><strong>es</strong></span> <span class='ocrx_word' id='word_1_478' title='bbox 2496 3133 2667 3190; x_wconf 89' lang='lat' dir='ltr'><strong>Balao</strong></span> <span class='ocrx_word' id='word_1_479' title='bbox 2699 3133 2817 3189; x_wconf 88' lang='grc'><strong>11110</strong></span> <span class='ocrx_word' id='word_1_480' title='bbox 2848 3135 3113 3206; x_wconf 88' lang='lat' dir='ltr'><strong>Sepphor</strong></span> <span class='ocrx_word' id='word_1_481' title='bbox 3143 3150 3278 3207; x_wconf 87' lang='lat' dir='ltr'><strong>rege</strong></span> <span class='ocrx_word' id='word_1_482' title='bbox 3310 3136 3516 3191; x_wconf 85' lang='lat' dir='ltr'><strong>Moab:</strong></span> <span class='ocrx_word' id='word_1_483' title='bbox 3553 3141 3656 3191; x_wconf 83' lang='lat' dir='ltr'><strong>aut</strong></span> 
     </span>
    </p>
   </div>
   <div class='ocr_carea' id='block_1_66' title="bbox 232 3199 3657 3303">
    <p class='ocr_par' dir='ltr' id='par_1_66' title="bbox 232 3199 3657 3303">
     <span class='ocr_line' id='line_1_66' title="bbox 232 3199 3657 3303; baseline -0.003 -15"><span class='ocrx_word' id='word_1_484' title='bbox 232 3237 499 3303; x_wconf 87' lang='lat' dir='ltr'><strong>runtque</strong></span> <span class='ocrx_word' id='word_1_485' title='bbox 533 3228 1050 3302; x_wconf 85' lang='lat' dir='ltr'><strong>principesGalaad</strong></span> <span class='ocrx_word' id='word_1_486' title='bbox 1080 3229 1148 3283; x_wconf 90' lang='lat' dir='ltr'><strong>ad</strong></span> <span class='ocrx_word' id='word_1_487' title='bbox 1181 3229 1434 3300; x_wconf 83' lang='lat' dir='ltr'><strong>Jephthe</strong></span> <span class='ocrx_word' id='word_1_488' title='bbox 1463 3247 1476 3285; x_wconf 87' lang='lat'><strong>:</strong></span> <span class='ocrx_word' id='word_1_489' title='bbox 1504 3199 1589 3284; x_wconf 81' lang='lat' dir='ltr'><strong>Db</strong></span> <span class='ocrx_word' id='word_1_490' title='bbox 1607 3228 1757 3284; x_wconf 90' lang='lat' dir='ltr'><strong>hanc</strong></span> <span class='ocrx_word' id='word_1_491' title='bbox 1779 3229 1886 3300; x_wconf 86' lang='lat' dir='ltr'><strong>igi-</strong></span> <span class='ocrx_word' id='word_1_492' title='bbox 1921 3199 1964 3266; x_wconf 61' lang='grc' dir='ltr'><strong>(ἶ</strong></span> <span class='ocrx_word' id='word_1_493' title='bbox 2005 3223 2206 3277; x_wconf 89' lang='lat' dir='ltr'><strong>docere</strong></span> <span class='ocrx_word' id='word_1_494' title='bbox 2256 3227 2418 3294; x_wconf 87' lang='lat' dir='ltr'><strong>potes</strong></span> <span class='ocrx_word' id='word_1_495' title='bbox 2466 3225 2619 3294; x_wconf 90' lang='lat' dir='ltr'><strong>quod</strong></span> <span class='ocrx_word' id='word_1_496' title='bbox 2671 3199 2946 3294; x_wconf 77' lang='lat' dir='ltr'><strong>jurgatus</strong></span> <span class='ocrx_word' id='word_1_497' title='bbox 2970 3199 3069 3278; x_wconf 68' lang='lat' dir='ltr'><strong>sit</strong></span> <span class='ocrx_word' id='word_1_498' title='bbox 3117 3199 3319 3278; x_wconf 48' lang='lat' dir='ltr'><strong>couvtra</strong></span> <span class='ocrx_word' id='word_1_499' title='bbox 3369 3223 3569 3288; x_wconf 86' lang='lat' dir='ltr'><strong>Israel.</strong></span> <span class='ocrx_word' id='word_1_500' title='bbox 3600 3230 3657 3279; x_wconf 89' lang='lat' dir='ltr'><strong>et</strong></span> 
     </span>
    </p>
   </div>
   <div class='ocr_carea' id='block_1_67' title="bbox 231 3317 1890 3390">
    <p class='ocr_par' dir='ltr' id='par_1_67' title="bbox 231 3317 1890 3390">
     <span class='ocr_line' id='line_1_67' title="bbox 231 3317 1890 3390; baseline -0.001 -13"><span class='ocrx_word' id='word_1_501' title='bbox 231 3327 335 3377; x_wconf 89' lang='lat' dir='ltr'><strong>tur</strong></span> <span class='ocrx_word' id='word_1_502' title='bbox 364 3337 618 3376; x_wconf 89' lang='lat' dir='ltr'><strong>causum</strong></span> <span class='ocrx_word' id='word_1_503' title='bbox 653 3335 810 3376; x_wconf 90' lang='lat' dir='ltr'><strong>nunc</strong></span> <span class='ocrx_word' id='word_1_504' title='bbox 843 3320 913 3375; x_wconf 89' lang='lat' dir='ltr'><strong>ad</strong></span> <span class='ocrx_word' id='word_1_505' title='bbox 965 3322 1021 3374; x_wconf 90' lang='lat' dir='ltr'><strong>te</strong></span> <span class='ocrx_word' id='word_1_506' title='bbox 1048 3317 1340 3384; x_wconf 83' lang='lat' dir='ltr'><strong>venimus,</strong></span> <span class='ocrx_word' id='word_1_507' title='bbox 1388 3323 1451 3372; x_wconf 92' lang='lat' dir='ltr'><strong>ut</strong></span> <span class='ocrx_word' id='word_1_508' title='bbox 1500 3318 1890 3390; x_wconf 79' lang='lat' dir='ltr'><strong>proficiscaris</strong></span> 
     </span>
    </p>
   </div>
   <div class='ocr_carea' id='block_1_68' title="bbox 230 3407 1892 3482">
    <p class='ocr_par' dir='ltr' id='par_1_68' title="bbox 230 3407 1892 3482">
     <span class='ocr_line' id='line_1_68' title="bbox 230 3407 1892 3482; baseline -0.002 -15"><span class='ocrx_word' id='word_1_509' title='bbox 230 3411 576 3475; x_wconf 87' lang='lat' dir='ltr'><strong>nobiscum,</strong></span> <span class='ocrx_word' id='word_1_510' title='bbox 610 3413 667 3465; x_wconf 91' lang='lat' dir='ltr'><strong>et</strong></span> <span class='ocrx_word' id='word_1_511' title='bbox 697 3423 923 3482; x_wconf 85' lang='lat' dir='ltr'><strong>pugnes</strong></span> <span class='ocrx_word' id='word_1_512' title='bbox 955 3413 1156 3462; x_wconf 90' lang='lat' dir='ltr'><strong>contra</strong></span> <span class='ocrx_word' id='word_1_513' title='bbox 1189 3407 1340 3463; x_wconf 85' lang='grc'><strong>111108</strong></span> <span class='ocrx_word' id='word_1_514' title='bbox 1386 3412 1658 3475; x_wconf 87' lang='lat' dir='ltr'><strong>Ammon,</strong></span> <span class='ocrx_word' id='word_1_515' title='bbox 1690 3408 1892 3481; x_wconf 86' lang='lat' dir='ltr'><strong>sisque</strong></span> 
     </span>
    </p>
   </div>
   <div class='ocr_carea' id='block_1_69' title="bbox 232 3495 1894 3570">
    <p class='ocr_par' dir='ltr' id='par_1_69' title="bbox 232 3495 1894 3570">
     <span class='ocr_line' id='line_1_69' title="bbox 232 3495 1894 3570; baseline -0.002 -14"><span class='ocrx_word' id='word_1_516' title='bbox 232 3501 348 3556; x_wconf 89' lang='lat' dir='ltr'><strong>dux</strong></span> <span class='ocrx_word' id='word_1_517' title='bbox 379 3499 656 3556; x_wconf 90' lang='lat' dir='ltr'><strong>omnium</strong></span> <span class='ocrx_word' id='word_1_518' title='bbox 691 3498 789 3570; x_wconf 87' lang='lat' dir='ltr'><strong>qni</strong></span> <span class='ocrx_word' id='word_1_519' title='bbox 814 3497 1084 3552; x_wconf 90' lang='lat' dir='ltr'><strong>habitant</strong></span> <span class='ocrx_word' id='word_1_520' title='bbox 1113 3497 1172 3552; x_wconf 91' lang='lat' dir='ltr'><strong>in</strong></span> <span class='ocrx_word' id='word_1_521' title='bbox 1195 3495 1434 3552; x_wconf 86' lang='lat' dir='ltr'><strong>Galaad.</strong></span> <span class='ocrx_word' id='word_1_522' title='bbox 1467 3497 1720 3568; x_wconf 86' lang='lat' dir='ltr'><strong>Jephthe</strong></span> <span class='ocrx_word' id='word_1_523' title='bbox 1751 3514 1894 3569; x_wconf 88' lang='lat' dir='ltr'><strong>quo-</strong></span> 
     </span>
    </p>
   </div>
   <div class='ocr_carea' id='block_1_70' title="bbox 234 3585 1887 3661">
    <p class='ocr_par' dir='ltr' id='par_1_70' title="bbox 234 3585 1887 3661">
     <span class='ocr_line' id='line_1_70' title="bbox 234 3585 1887 3661; baseline -0.002 -17"><span class='ocrx_word' id='word_1_524' title='bbox 234 3605 342 3661; x_wconf 87' lang='lat' dir='ltr'><strong>que</strong></span> <span class='ocrx_word' id='word_1_525' title='bbox 376 3589 534 3644; x_wconf 82' lang='lat' dir='ltr'><strong>dixit</strong></span> <span class='ocrx_word' id='word_1_526' title='bbox 561 3587 648 3643; x_wconf 90' lang='lat' dir='ltr'><strong>eis</strong></span> <span class='ocrx_word' id='word_1_527' title='bbox 681 3604 694 3641; x_wconf 89' lang='lat'><strong>:</strong></span> <span class='ocrx_word' id='word_1_528' title='bbox 729 3587 784 3642; x_wconf 91' lang='lat' dir='ltr'><strong>Si</strong></span> <span class='ocrx_word' id='word_1_529' title='bbox 818 3603 950 3641; x_wconf 89' lang='lat' dir='ltr'><strong>vere</strong></span> <span class='ocrx_word' id='word_1_530' title='bbox 978 3585 1221 3641; x_wconf 87' lang='lat' dir='ltr'><strong>venistis</strong></span> <span class='ocrx_word' id='word_1_531' title='bbox 1253 3586 1321 3640; x_wconf 91' lang='lat' dir='ltr'><strong>ad</strong></span> <span class='ocrx_word' id='word_1_532' title='bbox 1374 3602 1488 3652; x_wconf 91' lang='lat' dir='ltr'><strong>me,</strong></span> <span class='ocrx_word' id='word_1_533' title='bbox 1539 3590 1604 3640; x_wconf 90' lang='lat' dir='ltr'><strong>ut</strong></span> <span class='ocrx_word' id='word_1_534' title='bbox 1636 3601 1887 3657; x_wconf 87' lang='lat' dir='ltr'><strong>pugnem</strong></span> 
     </span>
    </p>
   </div>
   <div class='ocr_carea' id='block_1_71' title="bbox 235 3674 1890 3750">
    <p class='ocr_par' dir='ltr' id='par_1_71' title="bbox 235 3674 1890 3750">
     <span class='ocr_line' id='line_1_71' title="bbox 235 3674 1890 3750; baseline -0.002 -17"><span class='ocrx_word' id='word_1_535' title='bbox 235 3695 336 3750; x_wconf 92' lang='lat' dir='ltr'><strong>pro</strong></span> <span class='ocrx_word' id='word_1_536' title='bbox 369 3677 544 3733; x_wconf 88' lang='lat' dir='ltr'><strong>vobis</strong></span> <span class='ocrx_word' id='word_1_537' title='bbox 575 3681 776 3732; x_wconf 88' lang='lat' dir='ltr'><strong>contra</strong></span> <span class='ocrx_word' id='word_1_538' title='bbox 809 3675 964 3730; x_wconf 86' lang='grc'><strong>111108</strong></span> <span class='ocrx_word' id='word_1_539' title='bbox 1011 3679 1281 3738; x_wconf 81' lang='lat' dir='ltr'><strong>Ammon,</strong></span> <span class='ocrx_word' id='word_1_540' title='bbox 1327 3674 1754 3747; x_wconf 85' lang='lat' dir='ltr'><strong>tradideritque</strong></span> <span class='ocrx_word' id='word_1_541' title='bbox 1792 3691 1890 3730; x_wconf 88' lang='lat' dir='ltr'><strong>eos</strong></span> 
     </span>
    </p>
   </div>
   <div class='ocr_carea' id='block_1_72' title="bbox 236 3762 1893 3835">
    <p class='ocr_par' dir='ltr' id='par_1_72' title="bbox 236 3762 1893 3835">
     <span class='ocr_line' id='line_1_72' title="bbox 236 3762 1893 3835; baseline -0.002 -13"><span class='ocrx_word' id='word_1_542' title='bbox 236 3766 534 3822; x_wconf 89' lang='lat' dir='ltr'><strong>Dominus</strong></span> <span class='ocrx_word' id='word_1_543' title='bbox 565 3765 622 3820; x_wconf 93' lang='lat' dir='ltr'><strong>in</strong></span> <span class='ocrx_word' id='word_1_544' title='bbox 656 3781 867 3820; x_wconf 90' lang='lat' dir='ltr'><strong>manus</strong></span> <span class='ocrx_word' id='word_1_545' title='bbox 899 3781 1080 3830; x_wconf 87' lang='lat' dir='ltr'><strong>meas,</strong></span> <span class='ocrx_word' id='word_1_546' title='bbox 1106 3779 1211 3834; x_wconf 84' lang='lat' dir='ltr'><strong>ego</strong></span> <span class='ocrx_word' id='word_1_547' title='bbox 1242 3779 1338 3818; x_wconf 89' lang='lat' dir='ltr'><strong>ero</strong></span> <span class='ocrx_word' id='word_1_548' title='bbox 1370 3762 1639 3835; x_wconf 76' lang='lat' dir='ltr'><strong>princeps</strong></span> <span class='ocrx_word' id='word_1_549' title='bbox 1668 3763 1893 3820; x_wconf 81' lang='lat' dir='ltr'><strong>vester?</strong></span> 
     </span>
    </p>
   </div>
   <div class='ocr_carea' id='block_1_73' title="bbox 234 3853 1892 3928">
    <p class='ocr_par' dir='ltr' id='par_1_73' title="bbox 234 3853 1892 3928">
     <span class='ocr_line' id='line_1_73' title="bbox 234 3853 1892 3928; baseline -0.001 -17"><span class='ocrx_word' id='word_1_550' title='bbox 234 3858 333 3922; x_wconf 89' lang='lat' dir='ltr'><strong>Qui</strong></span> <span class='ocrx_word' id='word_1_551' title='bbox 370 3855 810 3928; x_wconf 89' lang='lat' dir='ltr'><strong>responderunt</strong></span> <span class='ocrx_word' id='word_1_552' title='bbox 839 3853 890 3908; x_wconf 91' lang='lat' dir='ltr'><strong>ei</strong></span> <span class='ocrx_word' id='word_1_553' title='bbox 925 3871 937 3908; x_wconf 93' lang='lat'><strong>:</strong></span> <span class='ocrx_word' id='word_1_554' title='bbox 976 3855 1278 3917; x_wconf 88' lang='lat' dir='ltr'><strong>Dominus,</strong></span> <span class='ocrx_word' id='word_1_555' title='bbox 1302 3853 1399 3922; x_wconf 88' lang='lat' dir='ltr'><strong>qui</strong></span> <span class='ocrx_word' id='word_1_556' title='bbox 1423 3853 1544 3907; x_wconf 72' lang='lat' dir='ltr'><strong>haec</strong></span> <span class='ocrx_word' id='word_1_557' title='bbox 1575 3853 1892 3925; x_wconf 88' lang='lat' dir='ltr'><strong>audit,ipse</strong></span> 
     </span>
    </p>
   </div>
   <div class='ocr_carea' id='block_1_74' title="bbox 237 3943 1891 4014">
    <p class='ocr_par' dir='ltr' id='par_1_74' title="bbox 237 3943 1891 4014">
     <span class='ocr_line' id='line_1_74' title="bbox 237 3943 1891 4014; baseline -0.001 -15"><span class='ocrx_word' id='word_1_558' title='bbox 237 3945 538 4000; x_wconf 82' lang='lat' dir='ltr'><strong>mediator</strong></span> <span class='ocrx_word' id='word_1_559' title='bbox 564 3960 632 4000; x_wconf 90' lang='lat' dir='ltr'><strong>ac</strong></span> <span class='ocrx_word' id='word_1_560' title='bbox 664 3943 831 3999; x_wconf 87' lang='lat' dir='ltr'><strong>testis</strong></span> <span class='ocrx_word' id='word_1_561' title='bbox 853 3943 1123 4014; x_wconf 91' lang='lat' dir='ltr'><strong>est,quod</strong></span> <span class='ocrx_word' id='word_1_562' title='bbox 1159 3946 1360 3998; x_wconf 87' lang='lat' dir='ltr'><strong>nostra</strong></span> <span class='ocrx_word' id='word_1_563' title='bbox 1391 3943 1685 4014; x_wconf 85' lang='lat' dir='ltr'><strong>promissa</strong></span> <span class='ocrx_word' id='word_1_564' title='bbox 1713 3943 1891 3998; x_wconf 84' lang='lat' dir='ltr'><strong>facie-</strong></span> 
     </span>
    </p>
   </div>
   <div class='ocr_carea' id='block_1_75' title="bbox 236 4030 1888 4103">
    <p class='ocr_par' dir='ltr' id='par_1_75' title="bbox 236 4030 1888 4103">
     <span class='ocr_line' id='line_1_75' title="bbox 236 4030 1888 4103; baseline -0.003 -14"><span class='ocrx_word' id='word_1_565' title='bbox 236 4032 565 4089; x_wconf 82' lang='lat' dir='ltr'><strong>mus.Abiit</strong></span> <span class='ocrx_word' id='word_1_566' title='bbox 595 4032 794 4102; x_wconf 89' lang='lat' dir='ltr'><strong>itaque</strong></span> <span class='ocrx_word' id='word_1_567' title='bbox 810 4031 1064 4103; x_wconf 87' lang='lat' dir='ltr'><strong>Jephthe</strong></span> <span class='ocrx_word' id='word_1_568' title='bbox 1094 4030 1628 4102; x_wconf 86' lang='lat' dir='ltr'><strong>cumprincipibus</strong></span> <span class='ocrx_word' id='word_1_569' title='bbox 1648 4031 1888 4096; x_wconf 85' lang='lat' dir='ltr'><strong>Galaad,</strong></span> 
     </span>
    </p>
   </div>
   <div class='ocr_carea' id='block_1_76' title="bbox 239 4119 1890 4194">
    <p class='ocr_par' dir='ltr' id='par_1_76' title="bbox 239 4119 1890 4194">
     <span class='ocr_line' id='line_1_76' title="bbox 239 4119 1890 4194; baseline -0.001 -18"><span class='ocrx_word' id='word_1_570' title='bbox 239 4124 497 4194; x_wconf 77' lang='lat' dir='ltr'><strong>iecitque</strong></span> <span class='ocrx_word' id='word_1_571' title='bbox 521 4137 654 4176; x_wconf 90' lang='lat' dir='ltr'><strong>eum</strong></span> <span class='ocrx_word' id='word_1_572' title='bbox 679 4122 874 4176; x_wconf 91' lang='lat' dir='ltr'><strong>omnis</strong></span> <span class='ocrx_word' id='word_1_573' title='bbox 905 4119 1158 4192; x_wconf 86' lang='lat' dir='ltr'><strong>populus</strong></span> <span class='ocrx_word' id='word_1_574' title='bbox 1186 4119 1505 4190; x_wconf 89' lang='lat' dir='ltr'><strong>principem</strong></span> <span class='ocrx_word' id='word_1_575' title='bbox 1540 4119 1890 4191; x_wconf 87' lang='lat' dir='ltr'><strong>sui.(C.XL)</strong></span> 
     </span>
    </p>
   </div>
   <div class='ocr_carea' id='block_1_77' title="bbox 237 4209 1889 4282">
    <p class='ocr_par' dir='ltr' id='par_1_77' title="bbox 237 4209 1889 4282">
     <span class='ocr_line' id='line_1_77' title="bbox 237 4209 1889 4282; baseline 0.001 -18"><span class='ocrx_word' id='word_1_576' title='bbox 237 4209 1518 4282; x_wconf 85' lang='lat' dir='ltr'><strong>LocutusqneestJephtbeomnessermones</strong></span> <span class='ocrx_word' id='word_1_577' title='bbox 1539 4225 1677 4264; x_wconf 90' lang='lat' dir='ltr'><strong>suos</strong></span> <span class='ocrx_word' id='word_1_578' title='bbox 1698 4227 1889 4266; x_wconf 88' lang='lat' dir='ltr'><strong>coram</strong></span> 
     </span>
    </p>
   </div>
   <div class='ocr_carea' id='block_1_78' title="bbox 236 4296 1886 4370">
    <p class='ocr_par' dir='ltr' id='par_1_78' title="bbox 236 4296 1886 4370">
     <span class='ocr_line' id='line_1_78' title="bbox 236 4296 1886 4370; baseline -0.001 -16"><span class='ocrx_word' id='word_1_579' title='bbox 236 4299 491 4354; x_wconf 86' lang='lat' dir='ltr'><strong>Domino</strong></span> <span class='ocrx_word' id='word_1_580' title='bbox 549 4298 604 4351; x_wconf 91' lang='lat' dir='ltr'><strong>in</strong></span> <span class='ocrx_word' id='word_1_581' title='bbox 646 4297 908 4368; x_wconf 85' lang='lat' dir='ltr'><strong>Maspha.</strong></span> <span class='ocrx_word' id='word_1_582' title='bbox 973 4299 1036 4352; x_wconf 84' lang='lat' dir='ltr'><strong>Et</strong></span> <span class='ocrx_word' id='word_1_583' title='bbox 1081 4296 1243 4352; x_wconf 84' lang='lat' dir='ltr'><strong>misit</strong></span> <span class='ocrx_word' id='word_1_584' title='bbox 1285 4297 1526 4353; x_wconf 88' lang='lat' dir='ltr'><strong>nuntios</strong></span> <span class='ocrx_word' id='word_1_585' title='bbox 1571 4299 1644 4353; x_wconf 88' lang='lat' dir='ltr'><strong>ad</strong></span> <span class='ocrx_word' id='word_1_586' title='bbox 1694 4315 1886 4370; x_wconf 88' lang='lat' dir='ltr'><strong>regem</strong></span> 
     </span>
    </p>
   </div>
   <div class='ocr_carea' id='block_1_79' title="bbox 237 4386 1882 4458">
    <p class='ocr_par' dir='ltr' id='par_1_79' title="bbox 237 4386 1882 4458">
     <span class='ocr_line' id='line_1_79' title="bbox 237 4386 1882 4458; baseline -0.001 -16"><span class='ocrx_word' id='word_1_587' title='bbox 237 4387 494 4444; x_wconf 85' lang='lat' dir='ltr'><strong>ﬁliorum</strong></span> <span class='ocrx_word' id='word_1_588' title='bbox 530 4386 909 4458; x_wconf 81' lang='lat' dir='ltr'><strong>Ammon,qui</strong></span> <span class='ocrx_word' id='word_1_589' title='bbox 933 4403 999 4441; x_wconf 85' lang='lat' dir='ltr'><strong>ex</strong></span> <span class='ocrx_word' id='word_1_590' title='bbox 1018 4401 1262 4458; x_wconf 86' lang='lat' dir='ltr'><strong>persona</strong></span> <span class='ocrx_word' id='word_1_591' title='bbox 1281 4403 1385 4441; x_wconf 87' lang='lat' dir='ltr'><strong>sua</strong></span> <span class='ocrx_word' id='word_1_592' title='bbox 1417 4386 1679 4442; x_wconf 85' lang='lat' dir='ltr'><strong>dicerent</strong></span> <span class='ocrx_word' id='word_1_593' title='bbox 1701 4405 1715 4442; x_wconf 92' lang='lat'><strong>:</strong></span> <span class='ocrx_word' id='word_1_594' title='bbox 1739 4388 1882 4451; x_wconf 90' lang='lat' dir='ltr'><strong>Quid</strong></span> 
     </span>
    </p>
   </div>
   <div class='ocr_carea' id='block_1_80' title="bbox 237 4475 1886 4544">
    <p class='ocr_par' dir='ltr' id='par_1_80' title="bbox 237 4475 1886 4544">
     <span class='ocr_line' id='line_1_80' title="bbox 237 4475 1886 4544; baseline -0.001 -12"><span class='ocrx_word' id='word_1_595' title='bbox 237 4477 375 4532; x_wconf 88' lang='lat' dir='ltr'><strong>mihi</strong></span> <span class='ocrx_word' id='word_1_596' title='bbox 412 4482 472 4532; x_wconf 89' lang='lat' dir='ltr'><strong>et</strong></span> <span class='ocrx_word' id='word_1_597' title='bbox 505 4476 609 4530; x_wconf 87' lang='lat' dir='ltr'><strong>tibi</strong></span> <span class='ocrx_word' id='word_1_598' title='bbox 643 4476 901 4544; x_wconf 89' lang='lat' dir='ltr'><strong>est,quia</strong></span> <span class='ocrx_word' id='word_1_599' title='bbox 932 4475 1142 4529; x_wconf 85' lang='lat' dir='ltr'><strong>venisti</strong></span> <span class='ocrx_word' id='word_1_600' title='bbox 1173 4479 1377 4530; x_wconf 89' lang='lat' dir='ltr'><strong>contra</strong></span> <span class='ocrx_word' id='word_1_601' title='bbox 1409 4480 1596 4543; x_wconf 87' lang='lat' dir='ltr'><strong>me,ut</strong></span> <span class='ocrx_word' id='word_1_602' title='bbox 1623 4481 1886 4531; x_wconf 90' lang='lat' dir='ltr'><strong>vastares</strong></span> 
     </span>
    </p>
   </div>
   <div class='ocr_carea' id='block_1_81' title="bbox 2000 3310 3655 3382">
    <p class='ocr_par' dir='ltr' id='par_1_81' title="bbox 2000 3310 3655 3382">
     <span class='ocr_line' id='line_1_81' title="bbox 2000 3310 3655 3382; baseline 0.002 -17"><span class='ocrx_word' id='word_1_603' title='bbox 2000 3310 2356 3382; x_wconf 82' lang='lat' dir='ltr'><strong>pugnaverit</strong></span> <span class='ocrx_word' id='word_1_604' title='bbox 2389 3316 2592 3366; x_wconf 91' lang='lat' dir='ltr'><strong>contra</strong></span> <span class='ocrx_word' id='word_1_605' title='bbox 2617 3327 2774 3379; x_wconf 89' lang='lat' dir='ltr'><strong>eum,</strong></span> <span class='ocrx_word' id='word_1_606' title='bbox 2799 3312 3034 3382; x_wconf 91' lang='lat' dir='ltr'><strong>quando</strong></span> <span class='ocrx_word' id='word_1_607' title='bbox 3080 3311 3365 3367; x_wconf 89' lang='lat' dir='ltr'><strong>habitavit</strong></span> <span class='ocrx_word' id='word_1_608' title='bbox 3410 3313 3469 3367; x_wconf 90' lang='lat' dir='ltr'><strong>in</strong></span> <span class='ocrx_word' id='word_1_609' title='bbox 3518 3313 3655 3368; x_wconf 90' lang='lat' dir='ltr'><strong>Ese-</strong></span> 
     </span>
    </p>
   </div>
   <div class='ocr_carea' id='block_1_82' title="bbox 1999 3399 3654 3470">
    <p class='ocr_par' dir='ltr' id='par_1_82' title="bbox 1999 3399 3654 3470">
     <span class='ocr_line' id='line_1_82' title="bbox 1999 3399 3654 3470; baseline 0 -16"><span class='ocrx_word' id='word_1_610' title='bbox 1999 3400 2137 3464; x_wconf 91' lang='lat' dir='ltr'><strong>bon,</strong></span> <span class='ocrx_word' id='word_1_611' title='bbox 2169 3406 2227 3454; x_wconf 91' lang='lat' dir='ltr'><strong>et</strong></span> <span class='ocrx_word' id='word_1_612' title='bbox 2263 3400 2472 3456; x_wconf 89' lang='lat' dir='ltr'><strong>viculis</strong></span> <span class='ocrx_word' id='word_1_613' title='bbox 2511 3400 2662 3470; x_wconf 85' lang='lat' dir='ltr'><strong>ejus,</strong></span> <span class='ocrx_word' id='word_1_614' title='bbox 2695 3405 2752 3454; x_wconf 93' lang='lat' dir='ltr'><strong>et</strong></span> <span class='ocrx_word' id='word_1_615' title='bbox 2782 3400 2840 3454; x_wconf 93' lang='lat' dir='ltr'><strong>in</strong></span> <span class='ocrx_word' id='word_1_616' title='bbox 2873 3401 3072 3467; x_wconf 89' lang='lat' dir='ltr'><strong>Aroer,</strong></span> <span class='ocrx_word' id='word_1_617' title='bbox 3096 3406 3154 3456; x_wconf 91' lang='lat' dir='ltr'><strong>et</strong></span> <span class='ocrx_word' id='word_1_618' title='bbox 3181 3399 3341 3455; x_wconf 90' lang='lat' dir='ltr'><strong>villis</strong></span> <span class='ocrx_word' id='word_1_619' title='bbox 3371 3400 3534 3468; x_wconf 88' lang='lat' dir='ltr'><strong>illus,</strong></span> <span class='ocrx_word' id='word_1_620' title='bbox 3566 3399 3654 3455; x_wconf 87' lang='lat' dir='ltr'><strong>vel</strong></span> 
     </span>
    </p>
   </div>
   <div class='ocr_carea' id='block_1_83' title="bbox 2001 3488 3654 3561">
    <p class='ocr_par' dir='ltr' id='par_1_83' title="bbox 2001 3488 3654 3561">
     <span class='ocr_line' id='line_1_83' title="bbox 2001 3488 3654 3561; baseline 0 -17"><span class='ocrx_word' id='word_1_621' title='bbox 2001 3489 2059 3544; x_wconf 92' lang='lat' dir='ltr'><strong>in</strong></span> <span class='ocrx_word' id='word_1_622' title='bbox 2092 3489 2322 3544; x_wconf 90' lang='lat' dir='ltr'><strong>cunctis</strong></span> <span class='ocrx_word' id='word_1_623' title='bbox 2350 3489 2689 3543; x_wconf 87' lang='lat' dir='ltr'><strong>civitatibus</strong></span> <span class='ocrx_word' id='word_1_624' title='bbox 2715 3490 2884 3559; x_wconf 83' lang='lat' dir='ltr'><strong>juxta</strong></span> <span class='ocrx_word' id='word_1_625' title='bbox 2927 3488 3267 3550; x_wconf 88' lang='lat' dir='ltr'><strong>Jordanem.</strong></span> <span class='ocrx_word' id='word_1_626' title='bbox 3296 3505 3398 3561; x_wconf 87' lang='lat' dir='ltr'><strong>per</strong></span> <span class='ocrx_word' id='word_1_627' title='bbox 3426 3495 3654 3544; x_wconf 88' lang='lat' dir='ltr'><strong>trecen-</strong></span> 
     </span>
    </p>
   </div>
   <div class='ocr_carea' id='block_1_84' title="bbox 1999 3577 3654 3648">
    <p class='ocr_par' dir='ltr' id='par_1_84' title="bbox 1999 3577 3654 3648">
     <span class='ocr_line' id='line_1_84' title="bbox 1999 3577 3654 3648; baseline 0.001 -17"><span class='ocrx_word' id='word_1_628' title='bbox 1999 3582 2092 3633; x_wconf 89' lang='lat' dir='ltr'><strong>tos</strong></span> <span class='ocrx_word' id='word_1_629' title='bbox 2123 3594 2328 3632; x_wconf 90' lang='lat' dir='ltr'><strong>annos.</strong></span> <span class='ocrx_word' id='word_1_630' title='bbox 2361 3579 2549 3642; x_wconf 86' lang='lat' dir='ltr'><strong>Quare</strong></span> <span class='ocrx_word' id='word_1_631' title='bbox 2598 3583 2762 3631; x_wconf 89' lang='lat' dir='ltr'><strong>tanto</strong></span> <span class='ocrx_word' id='word_1_632' title='bbox 2812 3582 3070 3648; x_wconf 90' lang='lat' dir='ltr'><strong>tempore</strong></span> <span class='ocrx_word' id='word_1_633' title='bbox 3118 3577 3264 3632; x_wconf 91' lang='lat' dir='ltr'><strong>nihil</strong></span> <span class='ocrx_word' id='word_1_634' title='bbox 3312 3593 3492 3648; x_wconf 84' lang='lat' dir='ltr'><strong>super</strong></span> <span class='ocrx_word' id='word_1_635' title='bbox 3546 3579 3654 3634; x_wconf 91' lang='lat' dir='ltr'><strong>hac</strong></span> 
     </span>
    </p>
   </div>
   <div class='ocr_carea' id='block_1_85' title="bbox 2001 3665 3652 3738">
    <p class='ocr_par' dir='ltr' id='par_1_85' title="bbox 2001 3665 3652 3738">
     <span class='ocr_line' id='line_1_85' title="bbox 2001 3665 3652 3738; baseline -0.001 -17"><span class='ocrx_word' id='word_1_636' title='bbox 2001 3667 2348 3736; x_wconf 90' lang='lat' dir='ltr'><strong>repetitione</strong></span> <span class='ocrx_word' id='word_1_637' title='bbox 2392 3665 2664 3721; x_wconf 90' lang='lat' dir='ltr'><strong>tentastis</strong></span> <span class='ocrx_word' id='word_1_638' title='bbox 2693 3667 2721 3720; x_wconf 66' lang='grc' dir='ltr'><em>Ἰ</em></span> <span class='ocrx_word' id='word_1_639' title='bbox 2774 3667 2960 3736; x_wconf 91' lang='lat' dir='ltr'><strong>Igitur</strong></span> <span class='ocrx_word' id='word_1_640' title='bbox 2991 3682 3106 3720; x_wconf 90' lang='lat' dir='ltr'><strong>non</strong></span> <span class='ocrx_word' id='word_1_641' title='bbox 3140 3683 3246 3736; x_wconf 85' lang='lat' dir='ltr'><strong>ego</strong></span> <span class='ocrx_word' id='word_1_642' title='bbox 3279 3682 3450 3738; x_wconf 89' lang='lat' dir='ltr'><strong>pecco</strong></span> <span class='ocrx_word' id='word_1_643' title='bbox 3479 3666 3538 3720; x_wconf 91' lang='lat' dir='ltr'><strong>in</strong></span> <span class='ocrx_word' id='word_1_644' title='bbox 3573 3672 3652 3734; x_wconf 90' lang='lat' dir='ltr'><strong>te,</strong></span> 
     </span>
    </p>
   </div>
   <div class='ocr_carea' id='block_1_86' title="bbox 2002 3754 3655 3823">
    <p class='ocr_par' dir='ltr' id='par_1_86' title="bbox 2002 3754 3655 3823">
     <span class='ocr_line' id='line_1_86' title="bbox 2002 3754 3655 3823; baseline -0.001 -13"><span class='ocrx_word' id='word_1_645' title='bbox 2002 3757 2104 3810; x_wconf 91' lang='lat' dir='ltr'><strong>sed</strong></span> <span class='ocrx_word' id='word_1_646' title='bbox 2155 3761 2219 3811; x_wconf 92' lang='lat' dir='ltr'><strong>tu</strong></span> <span class='ocrx_word' id='word_1_647' title='bbox 2269 3759 2474 3810; x_wconf 90' lang='lat' dir='ltr'><strong>contra</strong></span> <span class='ocrx_word' id='word_1_648' title='bbox 2501 3770 2592 3809; x_wconf 90' lang='lat' dir='ltr'><strong>me</strong></span> <span class='ocrx_word' id='word_1_649' title='bbox 2627 3754 2778 3809; x_wconf 90' lang='lat' dir='ltr'><strong>male</strong></span> <span class='ocrx_word' id='word_1_650' title='bbox 2807 3755 2956 3823; x_wconf 86' lang='lat' dir='ltr'><strong>agis.</strong></span> <span class='ocrx_word' id='word_1_651' title='bbox 2992 3755 3255 3810; x_wconf 89' lang='lat' dir='ltr'><strong>indicens</strong></span> <span class='ocrx_word' id='word_1_652' title='bbox 3306 3755 3450 3810; x_wconf 88' lang='lat' dir='ltr'><strong>mihi</strong></span> <span class='ocrx_word' id='word_1_653' title='bbox 3501 3755 3655 3809; x_wconf 88' lang='lat' dir='ltr'><strong>bella</strong></span> 
     </span>
    </p>
   </div>
   <div class='ocr_carea' id='block_1_87' title="bbox 2003 3842 3657 3915">
    <p class='ocr_par' dir='ltr' id='par_1_87' title="bbox 2003 3842 3657 3915">
     <span class='ocr_line' id='line_1_87' title="bbox 2003 3842 3657 3915; baseline -0.002 -15"><span class='ocrx_word' id='word_1_654' title='bbox 2003 3845 2319 3915; x_wconf 89' lang='lat' dir='ltr'><strong>nonjusta.</strong></span> <span class='ocrx_word' id='word_1_655' title='bbox 2341 3843 2573 3899; x_wconf 88' lang='lat' dir='ltr'><strong>Judicet</strong></span> <span class='ocrx_word' id='word_1_656' title='bbox 2604 3842 2888 3897; x_wconf 87' lang='lat' dir='ltr'><strong>Dominus</strong></span> <span class='ocrx_word' id='word_1_657' title='bbox 2910 3842 3129 3897; x_wconf 91' lang='lat' dir='ltr'><strong>arbiter</strong></span> <span class='ocrx_word' id='word_1_658' title='bbox 3149 3842 3329 3913; x_wconf 87' lang='lat' dir='ltr'><strong>hujus</strong></span> <span class='ocrx_word' id='word_1_659' title='bbox 3345 3843 3483 3906; x_wconf 90' lang='lat' dir='ltr'><strong>diei,</strong></span> <span class='ocrx_word' id='word_1_660' title='bbox 3503 3843 3657 3898; x_wconf 90' lang='lat' dir='ltr'><strong>inter</strong></span> 
     </span>
    </p>
   </div>
   <div class='ocr_carea' id='block_1_88' title="bbox 2001 3930 3654 4002">
    <p class='ocr_par' dir='ltr' id='par_1_88' title="bbox 2001 3930 3654 4002">
     <span class='ocr_line' id='line_1_88' title="bbox 2001 3930 3654 4002; baseline -0.002 -14"><span class='ocrx_word' id='word_1_661' title='bbox 2001 3933 2176 3989; x_wconf 79' lang='lat' dir='ltr'><strong>Israel</strong></span> <span class='ocrx_word' id='word_1_662' title='bbox 2197 3937 2254 3988; x_wconf 92' lang='lat' dir='ltr'><strong>et</strong></span> <span class='ocrx_word' id='word_1_663' title='bbox 2277 3933 2432 3987; x_wconf 71' lang='lat' dir='ltr'><strong>inter</strong></span> <span class='ocrx_word' id='word_1_664' title='bbox 2458 3931 2611 3986; x_wconf 86' lang='lat' dir='ltr'><strong>filios</strong></span> <span class='ocrx_word' id='word_1_665' title='bbox 2633 3939 2910 3986; x_wconf 85' lang='lat' dir='ltr'><strong>Ammon.</strong></span> <span class='ocrx_word' id='word_1_666' title='bbox 2934 3930 3251 3993; x_wconf 80' lang='lat' dir='ltr'><strong>Noluitque</strong></span> <span class='ocrx_word' id='word_1_667' title='bbox 3282 3931 3654 4002; x_wconf 88' lang='lat' dir='ltr'><strong>acquiescere</strong></span> 
     </span>
    </p>
   </div>
   <div class='ocr_carea' id='block_1_89' title="bbox 2001 4018 3649 4092">
    <p class='ocr_par' dir='ltr' id='par_1_89' title="bbox 2001 4018 3649 4092">
     <span class='ocr_line' id='line_1_89' title="bbox 2001 4018 3649 4092; baseline -0.002 -14"><span class='ocrx_word' id='word_1_668' title='bbox 2001 4037 2099 4078; x_wconf 86' lang='lat' dir='ltr'><strong>rex</strong></span> <span class='ocrx_word' id='word_1_669' title='bbox 2131 4022 2382 4078; x_wconf 78' lang='lat' dir='ltr'><strong>filiorum</strong></span> <span class='ocrx_word' id='word_1_670' title='bbox 2414 4023 2664 4076; x_wconf 84' lang='lat' dir='ltr'><strong>Ammon</strong></span> <span class='ocrx_word' id='word_1_671' title='bbox 2693 4019 2885 4074; x_wconf 90' lang='lat' dir='ltr'><strong>verbis</strong></span> <span class='ocrx_word' id='word_1_672' title='bbox 2912 4018 3186 4091; x_wconf 89' lang='lat' dir='ltr'><strong>Jephthe.</strong></span> <span class='ocrx_word' id='word_1_673' title='bbox 3210 4035 3338 4091; x_wconf 77' lang='lat' dir='ltr'><strong>quae</strong></span> <span class='ocrx_word' id='word_1_674' title='bbox 3372 4036 3470 4092; x_wconf 85' lang='lat' dir='ltr'><strong>per</strong></span> <span class='ocrx_word' id='word_1_675' title='bbox 3505 4037 3649 4075; x_wconf 86' lang='lat' dir='ltr'><strong>nuu-</strong></span> 
     </span>
    </p>
   </div>
   <div class='ocr_carea' id='block_1_90' title="bbox 1999 4107 3652 4180">
    <p class='ocr_par' dir='ltr' id='par_1_90' title="bbox 1999 4107 3652 4180">
     <span class='ocr_line' id='line_1_90' title="bbox 1999 4107 3652 4180; baseline -0.002 -14"><span class='ocrx_word' id='word_1_676' title='bbox 1999 4113 2114 4166; x_wconf 90' lang='lat' dir='ltr'><strong>tios</strong></span> <span class='ocrx_word' id='word_1_677' title='bbox 2173 4111 2570 4166; x_wconf 88' lang='lat' dir='ltr'><strong>mandaverat.</strong></span> <span class='ocrx_word' id='word_1_678' title='bbox 2608 4109 2817 4163; x_wconf 88' lang='lat' dir='ltr'><strong>Factus</strong></span> <span class='ocrx_word' id='word_1_679' title='bbox 2865 4114 2953 4163; x_wconf 89' lang='lat' dir='ltr'><strong>est</strong></span> <span class='ocrx_word' id='word_1_680' title='bbox 2998 4123 3136 4178; x_wconf 89' lang='lat' dir='ltr'><strong>ergo</strong></span> <span class='ocrx_word' id='word_1_681' title='bbox 3184 4122 3362 4178; x_wconf 91' lang='lat' dir='ltr'><strong>super</strong></span> <span class='ocrx_word' id='word_1_682' title='bbox 3401 4107 3652 4180; x_wconf 88' lang='lat' dir='ltr'><strong>Jephthe</strong></span> 
     </span>
    </p>
   </div>
   <div class='ocr_carea' id='block_1_91' title="bbox 1998 4195 3651 4272">
    <p class='ocr_par' dir='ltr' id='par_1_91' title="bbox 1998 4195 3651 4272">
     <span class='ocr_line' id='line_1_91' title="bbox 1998 4195 3651 4272; baseline -0.002 -16"><span class='ocrx_word' id='word_1_683' title='bbox 1998 4202 2253 4272; x_wconf 86' lang='lat' dir='ltr'><strong>Spiritus</strong></span> <span class='ocrx_word' id='word_1_684' title='bbox 2272 4197 2503 4254; x_wconf 91' lang='lat' dir='ltr'><strong>Domini</strong></span> <span class='ocrx_word' id='word_1_685' title='bbox 2527 4214 2540 4252; x_wconf 90' lang='lat'><strong>:</strong></span> <span class='ocrx_word' id='word_1_686' title='bbox 2569 4202 2627 4252; x_wconf 91' lang='lat' dir='ltr'><strong>et</strong></span> <span class='ocrx_word' id='word_1_687' title='bbox 2647 4196 3000 4252; x_wconf 88' lang='lat' dir='ltr'><strong>circumiens</strong></span> <span class='ocrx_word' id='word_1_688' title='bbox 3024 4195 3264 4258; x_wconf 89' lang='lat' dir='ltr'><strong>Galaad,</strong></span> <span class='ocrx_word' id='word_1_689' title='bbox 3283 4205 3340 4252; x_wconf 89' lang='lat' dir='ltr'><strong>et</strong></span> <span class='ocrx_word' id='word_1_690' title='bbox 3361 4197 3651 4264; x_wconf 85' lang='lat' dir='ltr'><strong>Manasse,</strong></span> 
     </span>
    </p>
   </div>
   <div class='ocr_carea' id='block_1_92' title="bbox 2000 4285 3655 4362">
    <p class='ocr_par' dir='ltr' id='par_1_92' title="bbox 2000 4285 3655 4362">
     <span class='ocr_line' id='line_1_92' title="bbox 2000 4285 3655 4362; baseline -0.002 -16"><span class='ocrx_word' id='word_1_691' title='bbox 2000 4289 2238 4362; x_wconf 79' lang='lat' dir='ltr'><strong>Mespha</strong></span> <span class='ocrx_word' id='word_1_692' title='bbox 2268 4303 2504 4360; x_wconf 87' lang='lat' dir='ltr'><strong>quoque</strong></span> <span class='ocrx_word' id='word_1_693' title='bbox 2534 4285 2776 4352; x_wconf 87' lang='lat' dir='ltr'><strong>Galaad,</strong></span> <span class='ocrx_word' id='word_1_694' title='bbox 2807 4291 2864 4342; x_wconf 93' lang='lat' dir='ltr'><strong>et</strong></span> <span class='ocrx_word' id='word_1_695' title='bbox 2905 4286 3040 4341; x_wconf 88' lang='lat' dir='ltr'><strong>inde</strong></span> <span class='ocrx_word' id='word_1_696' title='bbox 3071 4287 3366 4342; x_wconf 88' lang='lat' dir='ltr'><strong>transiens</strong></span> <span class='ocrx_word' id='word_1_697' title='bbox 3396 4287 3465 4341; x_wconf 89' lang='lat' dir='ltr'><strong>ad</strong></span> <span class='ocrx_word' id='word_1_698' title='bbox 3501 4285 3655 4342; x_wconf 88' lang='grc'><strong>111108</strong></span> 
     </span>
    </p>
   </div>
   <div class='ocr_carea' id='block_1_93' title="bbox 2001 4375 3654 4447">
    <p class='ocr_par' dir='ltr' id='par_1_93' title="bbox 2001 4375 3654 4447">
     <span class='ocr_line' id='line_1_93' title="bbox 2001 4375 3654 4447; baseline -0.002 -13"><span class='ocrx_word' id='word_1_699' title='bbox 2001 4387 2276 4443; x_wconf 82' lang='lat' dir='ltr'><strong>Ammon,</strong></span> <span class='ocrx_word' id='word_1_700' title='bbox 2307 4381 2507 4432; x_wconf 91' lang='lat' dir='ltr'><strong>votum</strong></span> <span class='ocrx_word' id='word_1_701' title='bbox 2558 4377 2710 4429; x_wconf 90' lang='lat' dir='ltr'><strong>vovit</strong></span> <span class='ocrx_word' id='word_1_702' title='bbox 2757 4375 3028 4440; x_wconf 89' lang='lat' dir='ltr'><strong>Domino,</strong></span> <span class='ocrx_word' id='word_1_703' title='bbox 3078 4375 3302 4430; x_wconf 86' lang='lat' dir='ltr'><strong>dicens.</strong></span> <span class='ocrx_word' id='word_1_704' title='bbox 3354 4375 3437 4446; x_wconf 78' lang='grc' dir='ltr'><strong>[Ο.</strong></span> <span class='ocrx_word' id='word_1_705' title='bbox 3486 4375 3654 4447; x_wconf 57' lang='grc' dir='ltr'><strong>Χιλι]</strong></span> 
     </span>
    </p>
   </div>
   <div class='ocr_carea' id='block_1_94' title="bbox 1999 4464 3654 4536">
    <p class='ocr_par' dir='ltr' id='par_1_94' title="bbox 1999 4464 3654 4536">
     <span class='ocr_line' id='line_1_94' title="bbox 1999 4464 3654 4536; baseline -0.002 -12"><span class='ocrx_word' id='word_1_706' title='bbox 1999 4469 2060 4524; x_wconf 90' lang='lat' dir='ltr'><strong>Si</strong></span> <span class='ocrx_word' id='word_1_707' title='bbox 2091 4466 2404 4524; x_wconf 88' lang='lat' dir='ltr'><strong>tradideris</strong></span> <span class='ocrx_word' id='word_1_708' title='bbox 2434 4464 2586 4519; x_wconf 81' lang='lat' dir='ltr'><strong>filios</strong></span> <span class='ocrx_word' id='word_1_709' title='bbox 2607 4467 2855 4518; x_wconf 88' lang='lat' dir='ltr'><strong>Ammon</strong></span> <span class='ocrx_word' id='word_1_710' title='bbox 2880 4465 2937 4518; x_wconf 92' lang='lat' dir='ltr'><strong>in</strong></span> <span class='ocrx_word' id='word_1_711' title='bbox 2962 4479 3176 4518; x_wconf 89' lang='lat' dir='ltr'><strong>manus</strong></span> <span class='ocrx_word' id='word_1_712' title='bbox 3197 4480 3382 4530; x_wconf 89' lang='lat' dir='ltr'><strong>meas,</strong></span> <span class='ocrx_word' id='word_1_713' title='bbox 3401 4464 3654 4536; x_wconf 88' lang='lat' dir='ltr'><strong>quicun-</strong></span> 
     </span>
    </p>
   </div>
   <div class='ocr_carea' id='block_1_95' title="bbox 235 4553 3650 4636">
    <p class='ocr_par' dir='ltr' id='par_1_95' title="bbox 235 4553 3650 4636">
     <span class='ocr_line' id='line_1_95' title="bbox 235 4553 3650 4636; baseline -0.003 -16"><span class='ocrx_word' id='word_1_714' title='bbox 235 4567 451 4620; x_wconf 85' lang='lat' dir='ltr'><strong>terram</strong></span> <span class='ocrx_word' id='word_1_715' title='bbox 489 4565 730 4620; x_wconf 83' lang='lat' dir='ltr'><strong>meam?</strong></span> <span class='ocrx_word' id='word_1_716' title='bbox 760 4563 981 4629; x_wconf 76' lang='lat' dir='ltr'><strong>Quibus</strong></span> <span class='ocrx_word' id='word_1_717' title='bbox 1035 4563 1132 4617; x_wconf 89' lang='lat' dir='ltr'><strong>ille</strong></span> <span class='ocrx_word' id='word_1_718' title='bbox 1182 4563 1480 4635; x_wconf 85' lang='lat' dir='ltr'><strong>respondit</strong></span> <span class='ocrx_word' id='word_1_719' title='bbox 1513 4580 1527 4619; x_wconf 92' lang='lat'><strong>:</strong></span> <span class='ocrx_word' id='word_1_720' title='bbox 1570 4565 1717 4630; x_wconf 89' lang='lat' dir='ltr'><strong>Quia</strong></span> <span class='ocrx_word' id='word_1_721' title='bbox 1747 4565 1882 4620; x_wconf 88' lang='lat' dir='ltr'><strong>tulit</strong></span> <span class='ocrx_word' id='word_1_722' title='bbox 1914 4570 1959 4636; x_wconf 79' lang='grc' dir='ltr'>υ</span> <span class='ocrx_word' id='word_1_723' title='bbox 1992 4573 2106 4628; x_wconf 89' lang='lat' dir='ltr'><strong>que</strong></span> <span class='ocrx_word' id='word_1_724' title='bbox 2135 4555 2364 4627; x_wconf 90' lang='lat' dir='ltr'><strong>primus</strong></span> <span class='ocrx_word' id='word_1_725' title='bbox 2410 4553 2585 4608; x_wconf 85' lang='lat' dir='ltr'><strong>fuerit</strong></span> <span class='ocrx_word' id='word_1_726' title='bbox 2631 4568 2908 4623; x_wconf 87' lang='lat' dir='ltr'><strong>egressus</strong></span> <span class='ocrx_word' id='word_1_727' title='bbox 2958 4553 3111 4608; x_wconf 83' lang='lat' dir='ltr'><strong>fores</strong></span> <span class='ocrx_word' id='word_1_728' title='bbox 3163 4554 3269 4620; x_wconf 81' lang='grc' dir='ltr'><strong>(Αι.</strong></span> <span class='ocrx_word' id='word_1_729' title='bbox 3303 4553 3374 4608; x_wconf 90' lang='grc'><strong>(18</strong></span> <span class='ocrx_word' id='word_1_730' title='bbox 3405 4553 3650 4622; x_wconf 81' lang='lat' dir='ltr'><strong>foribus)</strong></span> 
     </span>
    </p>
   </div>
   <div class='ocr_carea' id='block_1_96' title="bbox 239 4652 1883 4726">
    <p class='ocr_par' dir='ltr' id='par_1_96' title="bbox 239 4652 1883 4726">
     <span class='ocr_line' id='line_1_96' title="bbox 239 4652 1883 4726; baseline -0.001 -17"><span class='ocrx_word' id='word_1_731' title='bbox 239 4653 412 4710; x_wconf 88' lang='lat' dir='ltr'><strong>Israel</strong></span> <span class='ocrx_word' id='word_1_732' title='bbox 455 4659 677 4708; x_wconf 86' lang='lat' dir='ltr'><strong>terram</strong></span> <span class='ocrx_word' id='word_1_733' title='bbox 727 4669 878 4718; x_wconf 90' lang='lat' dir='ltr'><strong>eam,</strong></span> <span class='ocrx_word' id='word_1_734' title='bbox 932 4653 1167 4723; x_wconf 90' lang='lat' dir='ltr'><strong>quando</strong></span> <span class='ocrx_word' id='word_1_735' title='bbox 1213 4652 1475 4708; x_wconf 86' lang='lat' dir='ltr'><strong>ascendit</strong></span> <span class='ocrx_word' id='word_1_736' title='bbox 1505 4653 1576 4708; x_wconf 90' lang='lat' dir='ltr'><strong>de</strong></span> <span class='ocrx_word' id='word_1_737' title='bbox 1620 4653 1883 4726; x_wconf 69' lang='lat' dir='ltr'><strong>Egypto,</strong></span> 
     </span>
    </p>
   </div>
   <div class='ocr_carea' id='block_1_97' title="bbox 238 4741 1881 4813">
    <p class='ocr_par' dir='ltr' id='par_1_97' title="bbox 238 4741 1881 4813">
     <span class='ocr_line' id='line_1_97' title="bbox 238 4741 1881 4813; baseline 0.004 -19"><span class='ocrx_word' id='word_1_738' title='bbox 238 4757 267 4794; x_wconf 87' lang='lat' dir='ltr'><strong>a</strong></span> <span class='ocrx_word' id='word_1_739' title='bbox 296 4743 524 4798; x_wconf 86' lang='grc'><strong>1101008</strong></span> <span class='ocrx_word' id='word_1_740' title='bbox 564 4746 759 4797; x_wconf 83' lang='grc' dir='ltr'><strong>Δι·1100</strong></span> <span class='ocrx_word' id='word_1_741' title='bbox 805 4757 995 4813; x_wconf 91' lang='lat' dir='ltr'><strong>usque</strong></span> <span class='ocrx_word' id='word_1_742' title='bbox 1033 4741 1252 4797; x_wconf 85' lang='lat' dir='ltr'><strong>Jebboc</strong></span> <span class='ocrx_word' id='word_1_743' title='bbox 1301 4747 1477 4812; x_wconf 90' lang='lat' dir='ltr'><strong>atque</strong></span> <span class='ocrx_word' id='word_1_744' title='bbox 1517 4743 1833 4798; x_wconf 85' lang='lat' dir='ltr'><strong>Jordanem</strong></span> <span class='ocrx_word' id='word_1_745' title='bbox 1867 4761 1881 4800; x_wconf 91' lang='lat'><strong>:</strong></span> 
     </span>
    </p>
   </div>
   <div class='ocr_carea' id='block_1_98' title="bbox 239 4831 1883 4904">
    <p class='ocr_par' dir='ltr' id='par_1_98' title="bbox 239 4831 1883 4904">
     <span class='ocr_line' id='line_1_98' title="bbox 239 4831 1883 4904; baseline 0.002 -20"><span class='ocrx_word' id='word_1_746' title='bbox 239 4847 392 4888; x_wconf 89' lang='lat' dir='ltr'><strong>nunc</strong></span> <span class='ocrx_word' id='word_1_747' title='bbox 424 4831 611 4904; x_wconf 88' lang='lat' dir='ltr'><strong>igitur</strong></span> <span class='ocrx_word' id='word_1_748' title='bbox 639 4847 770 4885; x_wconf 90' lang='lat' dir='ltr'><strong>cum</strong></span> <span class='ocrx_word' id='word_1_749' title='bbox 802 4847 944 4902; x_wconf 89' lang='lat' dir='ltr'><strong>pace</strong></span> <span class='ocrx_word' id='word_1_750' title='bbox 990 4831 1165 4886; x_wconf 86' lang='lat' dir='ltr'><strong>redde</strong></span> <span class='ocrx_word' id='word_1_751' title='bbox 1216 4831 1360 4886; x_wconf 86' lang='lat' dir='ltr'><strong>mihi</strong></span> <span class='ocrx_word' id='word_1_752' title='bbox 1411 4847 1564 4886; x_wconf 87' lang='lat' dir='ltr'><strong>eam.</strong></span> <span class='ocrx_word' id='word_1_753' title='bbox 1601 4833 1704 4887; x_wconf 89' lang='lat' dir='ltr'><strong>Per</strong></span> <span class='ocrx_word' id='word_1_754' title='bbox 1735 4849 1883 4904; x_wconf 87' lang='lat' dir='ltr'><strong>quos</strong></span> 
     </span>
    </p>
   </div>
   <div class='ocr_carea' id='block_1_99' title="bbox 240 4918 1884 4992">
    <p class='ocr_par' dir='ltr' id='par_1_99' title="bbox 240 4918 1884 4992">
     <span class='ocr_line' id='line_1_99' title="bbox 240 4918 1884 4992; baseline 0.002 -19"><span class='ocrx_word' id='word_1_755' title='bbox 240 4935 474 4976; x_wconf 90' lang='lat' dir='ltr'><strong>rursum</strong></span> <span class='ocrx_word' id='word_1_756' title='bbox 509 4918 807 4974; x_wconf 87' lang='lat' dir='ltr'><strong>mandavit</strong></span> <span class='ocrx_word' id='word_1_757' title='bbox 833 4918 1084 4989; x_wconf 86' lang='lat' dir='ltr'><strong>Jephthe</strong></span> <span class='ocrx_word' id='word_1_758' title='bbox 1115 4937 1134 4976; x_wconf 92' lang='lat'><strong>:</strong></span> <span class='ocrx_word' id='word_1_759' title='bbox 1164 4927 1216 4974; x_wconf 87' lang='lat' dir='ltr'><strong>et</strong></span> <span class='ocrx_word' id='word_1_760' title='bbox 1241 4920 1548 4992; x_wconf 87' lang='lat' dir='ltr'><strong>imperavit</strong></span> <span class='ocrx_word' id='word_1_761' title='bbox 1575 4920 1681 4989; x_wconf 89' lang='lat' dir='ltr'><strong>eis,</strong></span> <span class='ocrx_word' id='word_1_762' title='bbox 1715 4924 1781 4976; x_wconf 88' lang='lat' dir='ltr'><strong>ut</strong></span> <span class='ocrx_word' id='word_1_763' title='bbox 1801 4921 1884 4976; x_wconf 91' lang='lat' dir='ltr'><strong>di-</strong></span> 
     </span>
    </p>
   </div>
   <div class='ocr_carea' id='block_1_100' title="bbox 304 5093 1879 5168">
    <p class='ocr_par' dir='ltr' id='par_1_100' title="bbox 304 5093 1879 5168">
     <span class='ocr_line' id='line_1_100' title="bbox 304 5093 1879 5168; baseline 0.003 -17"><span class='ocrx_word' id='word_1_764' title='bbox 304 5101 320 5134; x_wconf 78' lang='grc' dir='ltr'>ί</span> <span class='ocrx_word' id='word_1_765' title='bbox 350 5098 568 5152; x_wconf 90' lang='lat' dir='ltr'><strong>Totum</strong></span> <span class='ocrx_word' id='word_1_766' title='bbox 601 5095 758 5150; x_wconf 89' lang='lat' dir='ltr'><strong>hunc</strong></span> <span class='ocrx_word' id='word_1_767' title='bbox 787 5093 980 5168; x_wconf 86' lang='lat' dir='ltr'><strong>locum</strong></span> <span class='ocrx_word' id='word_1_768' title='bbox 1021 5094 1264 5166; x_wconf 89' lang='lat' dir='ltr'><strong>replicat</strong></span> <span class='ocrx_word' id='word_1_769' title='bbox 1313 5095 1700 5168; x_wconf 83' lang='lat' dir='ltr'><strong>Hieronymus</strong></span> <span class='ocrx_word' id='word_1_770' title='bbox 1730 5097 1879 5156; x_wconf 91' lang='lat' dir='ltr'><strong>libro</strong></span> 
     </span>
    </p>
   </div>
   <div class='ocr_carea' id='block_1_101' title="bbox 237 5166 1880 5239">
    <p class='ocr_par' dir='ltr' id='par_1_101' title="bbox 237 5166 1880 5239">
     <span class='ocr_line' id='line_1_101' title="bbox 237 5166 1880 5239; baseline 0.002 -15"><span class='ocrx_word' id='word_1_771' title='bbox 237 5169 420 5238; x_wconf 86' lang='lat' dir='ltr'><strong>primo</strong></span> <span class='ocrx_word' id='word_1_772' title='bbox 460 5169 743 5223; x_wconf 89' lang='lat' dir='ltr'><strong>adversus</strong></span> <span class='ocrx_word' id='word_1_773' title='bbox 770 5166 1144 5239; x_wconf 66' lang='lat' dir='ltr'><strong>Iovinianum</strong></span> <span class='ocrx_word' id='word_1_774' title='bbox 1179 5183 1191 5220; x_wconf 92' lang='lat'><strong>:</strong></span> <span class='ocrx_word' id='word_1_775' title='bbox 1221 5171 1258 5221; x_wconf 84' lang='lat' dir='ltr'><strong>A</strong></span> <span class='ocrx_word' id='word_1_776' title='bbox 1290 5166 1570 5239; x_wconf 65' lang='lat' dir='ltr'><strong>plerisque</strong></span> <span class='ocrx_word' id='word_1_777' title='bbox 1619 5171 1880 5228; x_wconf 75' lang='lat' dir='ltr'><strong>Hebraeo-</strong></span> 
     </span>
    </p>
   </div>
   <div class='ocr_carea' id='block_1_102' title="bbox 239 5237 1880 5312">
    <p class='ocr_par' dir='ltr' id='par_1_102' title="bbox 239 5237 1880 5312">
     <span class='ocr_line' id='line_1_102' title="bbox 239 5237 1880 5312; baseline 0.003 -19"><span class='ocrx_word' id='word_1_778' title='bbox 239 5237 376 5312; x_wconf 70' lang='lat' dir='ltr'><strong>rum,</strong></span> <span class='ocrx_word' id='word_1_779' title='bbox 411 5240 628 5312; x_wconf 84' lang='lat' dir='ltr'><strong>inquit,</strong></span> <span class='ocrx_word' id='word_1_780' title='bbox 659 5237 1078 5312; x_wconf 63' lang='lat' dir='ltr'><strong>reprehenditur</strong></span> <span class='ocrx_word' id='word_1_781' title='bbox 1102 5240 1397 5312; x_wconf 11' lang='lat' dir='ltr'><strong>patergvoti</strong></span> <span class='ocrx_word' id='word_1_782' title='bbox 1418 5237 1722 5310; x_wconf 67' lang='lat' dir='ltr'><strong>temerarii,</strong></span> <span class='ocrx_word' id='word_1_783' title='bbox 1753 5243 1880 5312; x_wconf 78' lang='lat' dir='ltr'><strong>quia</strong></span> 
     </span>
    </p>
   </div>
   <div class='ocr_carea' id='block_1_103' title="bbox 242 5309 1876 5369">
    <p class='ocr_par' dir='ltr' id='par_1_103' title="bbox 242 5309 1876 5369">
     <span class='ocr_line' id='line_1_103' title="bbox 242 5309 1876 5369; baseline 0.004 -6"><span class='ocrx_word' id='word_1_784' title='bbox 242 5310 439 5366; x_wconf 68' lang='lat' dir='ltr'><strong>dixerit</strong></span> <span class='ocrx_word' id='word_1_785' title='bbox 470 5309 582 5367; x_wconf 58' lang='lat' dir='ltr'><strong>{Si</strong></span> <span class='ocrx_word' id='word_1_786' title='bbox 616 5311 852 5366; x_wconf 88' lang='lat' dir='ltr'><strong>tradens</strong></span> <span class='ocrx_word' id='word_1_787' title='bbox 875 5309 1186 5365; x_wconf 90' lang='lat' dir='ltr'><strong>tradideris</strong></span> <span class='ocrx_word' id='word_1_788' title='bbox 1209 5309 1357 5366; x_wconf 81' lang='lat' dir='ltr'><strong>[ilics</strong></span> <span class='ocrx_word' id='word_1_789' title='bbox 1377 5313 1627 5368; x_wconf 88' lang='lat' dir='ltr'><strong>Ammon</strong></span> <span class='ocrx_word' id='word_1_790' title='bbox 1659 5313 1718 5368; x_wconf 92' lang='lat' dir='ltr'><strong>in</strong></span> <span class='ocrx_word' id='word_1_791' title='bbox 1750 5309 1876 5369; x_wconf 84' lang='lat' dir='ltr'><strong>ma-</strong></span> 
     </span>
    </p>
   </div>
   <div class='ocr_carea' id='block_1_104' title="bbox 247 5381 1876 5452">
    <p class='ocr_par' dir='ltr' id='par_1_104' title="bbox 247 5381 1876 5452">
     <span class='ocr_line' id='line_1_104' title="bbox 247 5381 1876 5452; baseline 0.003 -17"><span class='ocrx_word' id='word_1_792' title='bbox 247 5383 413 5438; x_wconf 90' lang='lat' dir='ltr'><strong>nibus</strong></span> <span class='ocrx_word' id='word_1_793' title='bbox 440 5384 611 5446; x_wconf 88' lang='lat' dir='ltr'><strong>meis,</strong></span> <span class='ocrx_word' id='word_1_794' title='bbox 644 5382 983 5452; x_wconf 87' lang='lat' dir='ltr'><strong>quicunque</strong></span> <span class='ocrx_word' id='word_1_795' title='bbox 1012 5381 1215 5436; x_wconf 85' lang='lat' dir='ltr'><strong>exierit</strong></span> <span class='ocrx_word' id='word_1_796' title='bbox 1234 5382 1305 5437; x_wconf 89' lang='lat' dir='ltr'><strong>de</strong></span> <span class='ocrx_word' id='word_1_797' title='bbox 1333 5383 1510 5438; x_wconf 90' lang='lat' dir='ltr'><strong>domo</strong></span> <span class='ocrx_word' id='word_1_798' title='bbox 1543 5399 1671 5440; x_wconf 89' lang='lat' dir='ltr'><strong>mea</strong></span> <span class='ocrx_word' id='word_1_799' title='bbox 1699 5385 1758 5440; x_wconf 91' lang='lat' dir='ltr'><strong>in</strong></span> <span class='ocrx_word' id='word_1_800' title='bbox 1790 5401 1876 5440; x_wconf 91' lang='lat' dir='ltr'><strong>oc-</strong></span> 
     </span>
    </p>
   </div>
   <div class='ocr_carea' id='block_1_105' title="bbox 246 5452 1877 5524">
    <p class='ocr_par' dir='ltr' id='par_1_105' title="bbox 246 5452 1877 5524">
     <span class='ocr_line' id='line_1_105' title="bbox 246 5452 1877 5524; baseline 0.004 -18"><span class='ocrx_word' id='word_1_801' title='bbox 246 5468 476 5510; x_wconf 87' lang='lat' dir='ltr'><strong>cursum</strong></span> <span class='ocrx_word' id='word_1_802' title='bbox 512 5453 680 5520; x_wconf 88' lang='lat' dir='ltr'><strong>mibi,</strong></span> <span class='ocrx_word' id='word_1_803' title='bbox 713 5468 844 5524; x_wconf 89' lang='lat' dir='ltr'><strong>cum</strong></span> <span class='ocrx_word' id='word_1_804' title='bbox 871 5452 1074 5506; x_wconf 88' lang='lat' dir='ltr'><strong>reverti</strong></span> <span class='ocrx_word' id='word_1_805' title='bbox 1125 5468 1349 5524; x_wconf 84' lang='lat' dir='ltr'><strong>ccepero</strong></span> <span class='ocrx_word' id='word_1_806' title='bbox 1399 5455 1455 5508; x_wconf 92' lang='lat' dir='ltr'><strong>in</strong></span> <span class='ocrx_word' id='word_1_807' title='bbox 1510 5471 1648 5524; x_wconf 89' lang='lat' dir='ltr'><strong>pace</strong></span> <span class='ocrx_word' id='word_1_808' title='bbox 1679 5473 1711 5510; x_wconf 91' lang='lat' dir='ltr'><strong>a</strong></span> <span class='ocrx_word' id='word_1_809' title='bbox 1739 5457 1877 5513; x_wconf 84' lang='lat' dir='ltr'><strong>filiis</strong></span> 
     </span>
    </p>
   </div>
   <div class='ocr_carea' id='block_1_106' title="bbox 247 5523 1873 5591">
    <p class='ocr_par' dir='ltr' id='par_1_106' title="bbox 247 5523 1873 5591">
     <span class='ocr_line' id='line_1_106' title="bbox 247 5523 1873 5591; baseline 0.003 -14"><span class='ocrx_word' id='word_1_810' title='bbox 247 5525 627 5591; x_wconf 79' lang='lat' dir='ltr'><strong>Ammon,erit</strong></span> <span class='ocrx_word' id='word_1_811' title='bbox 641 5523 908 5590; x_wconf 90' lang='lat' dir='ltr'><strong>Domino,</strong></span> <span class='ocrx_word' id='word_1_812' title='bbox 927 5528 982 5577; x_wconf 88' lang='lat' dir='ltr'><strong>et</strong></span> <span class='ocrx_word' id='word_1_813' title='bbox 999 5523 1235 5579; x_wconf 72' lang='lat' dir='ltr'><strong>offeram</strong></span> <span class='ocrx_word' id='word_1_814' title='bbox 1259 5525 1426 5580; x_wconf 91' lang='lat' dir='ltr'><strong>illum</strong></span> <span class='ocrx_word' id='word_1_815' title='bbox 1443 5523 1873 5584; x_wconf 84' lang='lat' dir='ltr'><strong>holocaustum.</strong></span> 
     </span>
    </p>
   </div>
   <div class='ocr_carea' id='block_1_107' title="bbox 251 5593 1876 5668">
    <p class='ocr_par' dir='ltr' id='par_1_107' title="bbox 251 5593 1876 5668">
     <span class='ocr_line' id='line_1_107' title="bbox 251 5593 1876 5668; baseline 0.005 -20"><span class='ocrx_word' id='word_1_816' title='bbox 251 5595 304 5649; x_wconf 80' lang='lat' dir='ltr'><strong>Si</strong></span> <span class='ocrx_word' id='word_1_817' title='bbox 332 5597 504 5668; x_wconf 70' lang='lat' dir='ltr'><strong>cenis,</strong></span> <span class='ocrx_word' id='word_1_818' title='bbox 538 5593 886 5668; x_wconf 76' lang='lat' dir='ltr'><strong>inquiunt,n&#39;</strong></span> <span class='ocrx_word' id='word_1_819' title='bbox 912 5594 1108 5668; x_wconf 71' lang='lat' dir='ltr'><strong>asinus</strong></span> <span class='ocrx_word' id='word_1_820' title='bbox 1137 5597 1615 5668; x_wconf 63' lang='lat' dir='ltr'><strong>occurrissemuid</strong></span> <span class='ocrx_word' id='word_1_821' title='bbox 1642 5600 1876 5668; x_wconf 77' lang='lat' dir='ltr'><strong>faceres,</strong></span> 
     </span>
    </p>
   </div>
   <div class='ocr_carea' id='block_1_108' title="bbox 251 5667 1876 5741">
    <p class='ocr_par' dir='ltr' id='par_1_108' title="bbox 251 5667 1876 5741">
     <span class='ocr_line' id='line_1_108' title="bbox 251 5667 1876 5741; baseline 0.007 -22"><span class='ocrx_word' id='word_1_822' title='bbox 251 5667 385 5723; x_wconf 73' lang='lat' dir='ltr'><strong>etc.?</strong></span> <span class='ocrx_word' id='word_1_823' title='bbox 415 5667 689 5724; x_wconf 79' lang='lat' dir='ltr'><strong>Advertat</strong></span> <span class='ocrx_word' id='word_1_824' title='bbox 704 5667 887 5724; x_wconf 86' lang='lat' dir='ltr'><strong>lector</strong></span> <span class='ocrx_word' id='word_1_825' title='bbox 907 5667 1083 5724; x_wconf 86' lang='lat' dir='ltr'><strong>istam</strong></span> <span class='ocrx_word' id='word_1_826' title='bbox 1101 5669 1439 5741; x_wconf 81' lang='lat' dir='ltr'><strong>Hieronymi</strong></span> <span class='ocrx_word' id='word_1_827' title='bbox 1457 5667 1780 5728; x_wconf 83' lang='lat' dir='ltr'><strong>versionem</strong></span> <span class='ocrx_word' id='word_1_828' title='bbox 1804 5673 1876 5730; x_wconf 87' lang='lat' dir='ltr'><strong>ad</strong></span> 
     </span>
    </p>
   </div>
   <div class='ocr_carea' id='block_1_109' title="bbox 1995 4641 3649 4712">
    <p class='ocr_par' dir='ltr' id='par_1_109' title="bbox 1995 4641 3649 4712">
     <span class='ocr_line' id='line_1_109' title="bbox 1995 4641 3649 4712; baseline -0.002 -12"><span class='ocrx_word' id='word_1_829' title='bbox 1995 4647 2208 4702; x_wconf 91' lang='lat' dir='ltr'><strong>domus</strong></span> <span class='ocrx_word' id='word_1_830' title='bbox 2260 4658 2426 4712; x_wconf 66' lang='lat' dir='ltr'><strong>meae,</strong></span> <span class='ocrx_word' id='word_1_831' title='bbox 2460 4641 2725 4712; x_wconf 90' lang='lat' dir='ltr'><strong>mihique</strong></span> <span class='ocrx_word' id='word_1_832' title='bbox 2781 4643 3098 4696; x_wconf 89' lang='lat' dir='ltr'><strong>occurrerit</strong></span> <span class='ocrx_word' id='word_1_833' title='bbox 3153 4641 3466 4697; x_wconf 89' lang='lat' dir='ltr'><strong>revertenti</strong></span> <span class='ocrx_word' id='word_1_834' title='bbox 3516 4659 3649 4698; x_wconf 91' lang='lat' dir='ltr'><strong>cum</strong></span> 
     </span>
    </p>
   </div>
   <div class='ocr_carea' id='block_1_110' title="bbox 1995 4719 3712 4806">
    <p class='ocr_par' dir='ltr' id='par_1_110' title="bbox 1995 4719 3712 4806">
     <span class='ocr_line' id='line_1_110' title="bbox 1995 4719 3712 4806; baseline -0.001 -19"><span class='ocrx_word' id='word_1_835' title='bbox 1995 4749 2137 4806; x_wconf 78' lang='lat' dir='ltr'><strong>pace</strong></span> <span class='ocrx_word' id='word_1_836' title='bbox 2156 4749 2190 4788; x_wconf 88' lang='lat' dir='ltr'><strong>a</strong></span> <span class='ocrx_word' id='word_1_837' title='bbox 2215 4732 2353 4787; x_wconf 89' lang='grc'><strong>111118</strong></span> <span class='ocrx_word' id='word_1_838' title='bbox 2377 4735 2640 4795; x_wconf 78' lang='lat' dir='ltr'><strong>Ammon,</strong></span> <span class='ocrx_word' id='word_1_839' title='bbox 2661 4744 2796 4784; x_wconf 89' lang='lat' dir='ltr'><strong>eum</strong></span> <span class='ocrx_word' id='word_1_840' title='bbox 2829 4729 3240 4785; x_wconf 88' lang='lat' dir='ltr'><strong>holocaustum</strong></span> <span class='ocrx_word' id='word_1_841' title='bbox 3272 4731 3513 4786; x_wconf 81' lang='lat' dir='ltr'><strong>otl‘eram</strong></span> <span class='ocrx_word' id='word_1_842' title='bbox 3545 4731 3650 4786; x_wconf 81' lang='lat' dir='ltr'><strong>Do-</strong></span> <span class='ocrx_word' id='word_1_843' title='bbox 3697 4719 3712 4733; x_wconf 82' lang='grc'><em>’</em></span> 
     </span>
    </p>
   </div>
   <div class='ocr_carea' id='block_1_111' title="bbox 1994 4816 3651 4888">
    <p class='ocr_par' dir='ltr' id='par_1_111' title="bbox 1994 4816 3651 4888">
     <span class='ocr_line' id='line_1_111' title="bbox 1994 4816 3651 4888; baseline -0.002 -10"><span class='ocrx_word' id='word_1_844' title='bbox 1994 4825 2156 4878; x_wconf 91' lang='lat' dir='ltr'><strong>mino</strong></span> <span class='ocrx_word' id='word_1_845' title='bbox 2191 4824 2231 4874; x_wconf 81' lang='grc' dir='ltr'><strong>ί.</strong></span> <span class='ocrx_word' id='word_1_846' title='bbox 2263 4819 2677 4888; x_wconf 87' lang='lat' dir='ltr'><strong>Transivitque</strong></span> <span class='ocrx_word' id='word_1_847' title='bbox 2703 4816 2958 4888; x_wconf 86' lang='lat' dir='ltr'><strong>Jephthe</strong></span> <span class='ocrx_word' id='word_1_848' title='bbox 2987 4819 3060 4872; x_wconf 90' lang='lat' dir='ltr'><strong>ad</strong></span> <span class='ocrx_word' id='word_1_849' title='bbox 3092 4819 3248 4874; x_wconf 84' lang='grc'><strong>111108</strong></span> <span class='ocrx_word' id='word_1_850' title='bbox 3279 4820 3552 4884; x_wconf 85' lang='lat' dir='ltr'><strong>Ammon,</strong></span> <span class='ocrx_word' id='word_1_851' title='bbox 3585 4825 3651 4875; x_wconf 90' lang='lat' dir='ltr'><strong>ut</strong></span> 
     </span>
    </p>
   </div>
   <div class='ocr_carea' id='block_1_112' title="bbox 1993 4905 3647 4983">
    <p class='ocr_par' dir='ltr' id='par_1_112' title="bbox 1993 4905 3647 4983">
     <span class='ocr_line' id='line_1_112' title="bbox 1993 4905 3647 4983; baseline -0.002 -17"><span class='ocrx_word' id='word_1_852' title='bbox 1993 4918 2278 4983; x_wconf 85' lang='lat' dir='ltr'><strong>pugnaret</strong></span> <span class='ocrx_word' id='word_1_853' title='bbox 2301 4914 2504 4964; x_wconf 91' lang='lat' dir='ltr'><strong>contra</strong></span> <span class='ocrx_word' id='word_1_854' title='bbox 2531 4923 2632 4962; x_wconf 88' lang='lat' dir='ltr'><strong>eos</strong></span> <span class='ocrx_word' id='word_1_855' title='bbox 2659 4923 2672 4962; x_wconf 90' lang='lat'><strong>:</strong></span> <span class='ocrx_word' id='word_1_856' title='bbox 2707 4922 2858 4977; x_wconf 81' lang='lat' dir='ltr'><strong>quos</strong></span> <span class='ocrx_word' id='word_1_857' title='bbox 2879 4905 3122 4962; x_wconf 89' lang='lat' dir='ltr'><strong>tradidit</strong></span> <span class='ocrx_word' id='word_1_858' title='bbox 3139 4907 3424 4963; x_wconf 90' lang='lat' dir='ltr'><strong>Dominus</strong></span> <span class='ocrx_word' id='word_1_859' title='bbox 3446 4908 3504 4962; x_wconf 91' lang='lat' dir='ltr'><strong>in</strong></span> <span class='ocrx_word' id='word_1_860' title='bbox 3529 4924 3647 4963; x_wconf 84' lang='lat' dir='ltr'><strong>ma-</strong></span> 
     </span>
    </p>
   </div>
   <div class='ocr_carea' id='block_1_113' title="bbox 1991 5097 3640 5172">
    <p class='ocr_par' dir='ltr' id='par_1_113' title="bbox 1991 5097 3640 5172">
     <span class='ocr_line' id='line_1_113' title="bbox 1991 5097 3640 5172; baseline -0.004 -12"><span class='ocrx_word' id='word_1_861' title='bbox 1991 5102 2275 5160; x_wconf 84' lang='lat' dir='ltr'><strong>Hebraica</strong></span> <span class='ocrx_word' id='word_1_862' title='bbox 2303 5101 2474 5157; x_wconf 80' lang='lat' dir='ltr'><strong>verba</strong></span> <span class='ocrx_word' id='word_1_863' title='bbox 2506 5097 2753 5172; x_wconf 82' lang='lat' dir='ltr'><strong>propius</strong></span> <span class='ocrx_word' id='word_1_864' title='bbox 2776 5099 3070 5166; x_wconf 87' lang='lat' dir='ltr'><strong>accedere,</strong></span> <span class='ocrx_word' id='word_1_865' title='bbox 3095 5115 3274 5172; x_wconf 86' lang='lat' dir='ltr'><strong>quam</strong></span> <span class='ocrx_word' id='word_1_866' title='bbox 3306 5099 3404 5156; x_wconf 91' lang='lat' dir='ltr'><strong>illa</strong></span> <span class='ocrx_word' id='word_1_867' title='bbox 3433 5116 3560 5172; x_wconf 69' lang='lat' dir='ltr'><strong>quae</strong></span> <span class='ocrx_word' id='word_1_868' title='bbox 3582 5099 3640 5155; x_wconf 92' lang='lat' dir='ltr'><strong>in</strong></span> 
     </span>
    </p>
   </div>
   <div class='ocr_carea' id='block_1_114' title="bbox 1989 5171 3100 5248">
    <p class='ocr_par' dir='ltr' id='par_1_114' title="bbox 1989 5171 3100 5248">
     <span class='ocr_line' id='line_1_114' title="bbox 1989 5171 3100 5248; baseline -0.005 -17"><span class='ocrx_word' id='word_1_869' title='bbox 1989 5177 2120 5248; x_wconf 87' lang='lat' dir='ltr'><strong>ipso</strong></span> <span class='ocrx_word' id='word_1_870' title='bbox 2151 5179 2422 5248; x_wconf 85' lang='lat' dir='ltr'><strong>contextu</strong></span> <span class='ocrx_word' id='word_1_871' title='bbox 2455 5188 2620 5227; x_wconf 87' lang='lat' dir='ltr'><strong>sacro</strong></span> <span class='ocrx_word' id='word_1_872' title='bbox 2647 5171 2881 5248; x_wconf 75' lang='lat' dir='ltr'><strong>legitur.</strong></span> <span class='ocrx_word' id='word_1_873' title='bbox 2916 5173 3100 5227; x_wconf 78' lang='lat' dir='ltr'><strong>MART.</strong></span> 
     </span>
    </p>
   </div>
   <div class='ocr_carea' id='block_1_115' title="bbox 2061 5241 3640 5314">
    <p class='ocr_par' dir='ltr' id='par_1_115' title="bbox 2061 5241 3640 5314">
     <span class='ocr_line' id='line_1_115' title="bbox 2061 5241 3640 5314; baseline -0.003 -12"><span class='ocrx_word' id='word_1_874' title='bbox 2061 5278 2126 5288; x_wconf 92' lang='lat'>—</span> <span class='ocrx_word' id='word_1_875' title='bbox 2158 5247 2373 5302; x_wconf 84' lang='lat' dir='ltr'><strong>Locum</strong></span> <span class='ocrx_word' id='word_1_876' title='bbox 2405 5256 2560 5299; x_wconf 86' lang='lat' dir='ltr'><strong>nunc</strong></span> <span class='ocrx_word' id='word_1_877' title='bbox 2596 5243 2860 5314; x_wconf 89' lang='lat' dir='ltr'><strong>pressius</strong></span> <span class='ocrx_word' id='word_1_878' title='bbox 2890 5250 2960 5299; x_wconf 85' lang='lat' dir='ltr'><strong>ad</strong></span> <span class='ocrx_word' id='word_1_879' title='bbox 2992 5248 3302 5299; x_wconf 78' lang='lat' dir='ltr'><strong>Hebraeum</strong></span> <span class='ocrx_word' id='word_1_880' title='bbox 3345 5241 3551 5314; x_wconf 82' lang='lat' dir='ltr'><strong>recitat</strong></span> <span class='ocrx_word' id='word_1_881' title='bbox 3581 5242 3640 5298; x_wconf 92' lang='lat' dir='ltr'><strong>S.</strong></span> 
     </span>
    </p>
   </div>
   <div class='ocr_carea' id='block_1_116' title="bbox 1987 5312 3642 5385">
    <p class='ocr_par' dir='ltr' id='par_1_116' title="bbox 1987 5312 3642 5385">
     <span class='ocr_line' id='line_1_116' title="bbox 1987 5312 3642 5385; baseline -0.004 -11"><span class='ocrx_word' id='word_1_882' title='bbox 1987 5317 2175 5385; x_wconf 84' lang='lat' dir='ltr'><strong>Pater,</strong></span> <span class='ocrx_word' id='word_1_883' title='bbox 2211 5319 2355 5372; x_wconf 84' lang='grc'><strong>110.1</strong></span> <span class='ocrx_word' id='word_1_884' title='bbox 2387 5318 2577 5371; x_wconf 81' lang='lat' dir='ltr'><strong>contra</strong></span> <span class='ocrx_word' id='word_1_885' title='bbox 2596 5312 2890 5371; x_wconf 69' lang='grc' dir='ltr'><strong>Ἰουὶηἰαη.</strong></span> <span class='ocrx_word' id='word_1_886' title='bbox 2921 5331 3085 5370; x_wconf 87' lang='lat' dir='ltr'><strong>num.</strong></span> <span class='ocrx_word' id='word_1_887' title='bbox 3116 5315 3207 5385; x_wconf 76' lang='lat'><strong>23,</strong></span> <span class='ocrx_word' id='word_1_888' title='bbox 3241 5313 3337 5384; x_wconf 92' lang='lat' dir='ltr'><strong>qui</strong></span> <span class='ocrx_word' id='word_1_889' title='bbox 3357 5312 3547 5385; x_wconf 86' lang='lat' dir='ltr'><strong>habet</strong></span> <span class='ocrx_word' id='word_1_890' title='bbox 3573 5329 3642 5368; x_wconf 89' lang='lat' dir='ltr'><strong>ex</strong></span> 
     </span>
    </p>
   </div>
   <div class='ocr_carea' id='block_1_117' title="bbox 1987 5383 3644 5454">
    <p class='ocr_par' dir='ltr' id='par_1_117' title="bbox 1987 5383 3644 5454">
     <span class='ocr_line' id='line_1_117' title="bbox 1987 5383 3644 5454; baseline -0.005 -8"><span class='ocrx_word' id='word_1_891' title='bbox 1987 5383 2325 5446; x_wconf 85' lang='lat' dir='ltr'><strong>recensione</strong></span> <span class='ocrx_word' id='word_1_892' title='bbox 2358 5394 2560 5444; x_wconf 88' lang='lat' dir='ltr'><strong>nostra</strong></span> <span class='ocrx_word' id='word_1_893' title='bbox 2591 5403 2604 5441; x_wconf 92' lang='lat'><strong>:</strong></span> <span class='ocrx_word' id='word_1_894' title='bbox 2656 5385 2718 5441; x_wconf 89' lang='lat' dir='ltr'><strong>Si</strong></span> <span class='ocrx_word' id='word_1_895' title='bbox 2745 5385 2972 5441; x_wconf 75' lang='lat' dir='ltr'><strong>tradens</strong></span> <span class='ocrx_word' id='word_1_896' title='bbox 3000 5383 3306 5440; x_wconf 74' lang='lat' dir='ltr'><strong>tradideris</strong></span> <span class='ocrx_word' id='word_1_897' title='bbox 3334 5383 3478 5454; x_wconf 77' lang='lat' dir='ltr'><strong>ﬁlios</strong></span> <span class='ocrx_word' id='word_1_898' title='bbox 3506 5385 3644 5439; x_wconf 82' lang='lat' dir='ltr'><strong>Am-</strong></span> 
     </span>
    </p>
   </div>
   <div class='ocr_carea' id='block_1_118' title="bbox 1985 5455 3640 5528">
    <p class='ocr_par' dir='ltr' id='par_1_118' title="bbox 1985 5455 3640 5528">
     <span class='ocr_line' id='line_1_118' title="bbox 1985 5455 3640 5528; baseline -0.004 -11"><span class='ocrx_word' id='word_1_899' title='bbox 1985 5476 2113 5516; x_wconf 82' lang='lat' dir='ltr'><strong>mon</strong></span> <span class='ocrx_word' id='word_1_900' title='bbox 2162 5463 2224 5516; x_wconf 82' lang='lat' dir='ltr'><strong>in</strong></span> <span class='ocrx_word' id='word_1_901' title='bbox 2272 5459 2528 5516; x_wconf 77' lang='lat' dir='ltr'><strong>manibus</strong></span> <span class='ocrx_word' id='word_1_902' title='bbox 2570 5459 2730 5524; x_wconf 73' lang='lat' dir='ltr'><strong>meis,</strong></span> <span class='ocrx_word' id='word_1_903' title='bbox 2763 5459 2942 5513; x_wconf 76' lang='lat' dir='ltr'><strong>omni:</strong></span> <span class='ocrx_word' id='word_1_904' title='bbox 2965 5459 3279 5528; x_wconf 80' lang='lat' dir='ltr'><strong>quicunque</strong></span> <span class='ocrx_word' id='word_1_905' title='bbox 3307 5455 3526 5528; x_wconf 61' lang='lat' dir='ltr'><strong>exierit</strong></span> <span class='ocrx_word' id='word_1_906' title='bbox 3573 5456 3640 5510; x_wconf 85' lang='lat' dir='ltr'><strong>de</strong></span> 
     </span>
    </p>
   </div>
   <div class='ocr_carea' id='block_1_119' title="bbox 1987 5527 3635 5598">
    <p class='ocr_par' dir='ltr' id='par_1_119' title="bbox 1987 5527 3635 5598">
     <span class='ocr_line' id='line_1_119' title="bbox 1987 5527 3635 5598; baseline -0.004 -10"><span class='ocrx_word' id='word_1_907' title='bbox 1987 5534 2151 5588; x_wconf 87' lang='lat' dir='ltr'><strong>domo</strong></span> <span class='ocrx_word' id='word_1_908' title='bbox 2195 5549 2312 5588; x_wconf 83' lang='lat' dir='ltr'><strong>mea</strong></span> <span class='ocrx_word' id='word_1_909' title='bbox 2359 5536 2417 5588; x_wconf 84' lang='lat' dir='ltr'><strong>in</strong></span> <span class='ocrx_word' id='word_1_910' title='bbox 2457 5546 2743 5586; x_wconf 71' lang='lat' dir='ltr'><strong>occursum</strong></span> <span class='ocrx_word' id='word_1_911' title='bbox 2772 5529 2936 5597; x_wconf 84' lang='lat' dir='ltr'><strong>mihi,</strong></span> <span class='ocrx_word' id='word_1_912' title='bbox 2965 5527 3086 5583; x_wconf 66' lang='lat' dir='ltr'><strong>cum</strong></span> <span class='ocrx_word' id='word_1_913' title='bbox 3113 5527 3314 5581; x_wconf 83' lang='lat' dir='ltr'><strong>reverti</strong></span> <span class='ocrx_word' id='word_1_914' title='bbox 3340 5542 3544 5598; x_wconf 65' lang='lat' dir='ltr'><strong>coepero</strong></span> <span class='ocrx_word' id='word_1_915' title='bbox 3573 5532 3635 5583; x_wconf 81' lang='lat' dir='ltr'><strong>in</strong></span> 
     </span>
    </p>
   </div>
   <div class='ocr_carea' id='block_1_120' title="bbox 1985 5598 3636 5675">
    <p class='ocr_par' dir='ltr' id='par_1_120' title="bbox 1985 5598 3636 5675">
     <span class='ocr_line' id='line_1_120' title="bbox 1985 5598 3636 5675; baseline -0.002 -16"><span class='ocrx_word' id='word_1_916' title='bbox 1985 5620 2122 5675; x_wconf 83' lang='lat' dir='ltr'><strong>pace</strong></span> <span class='ocrx_word' id='word_1_917' title='bbox 2148 5621 2181 5658; x_wconf 91' lang='lat' dir='ltr'><strong>a</strong></span> <span class='ocrx_word' id='word_1_918' title='bbox 2205 5606 2340 5675; x_wconf 72' lang='lat' dir='ltr'><strong>ﬂuis</strong></span> <span class='ocrx_word' id='word_1_919' title='bbox 2370 5607 2618 5670; x_wconf 85' lang='lat' dir='ltr'><strong>Ammon,</strong></span> <span class='ocrx_word' id='word_1_920' title='bbox 2649 5602 2756 5656; x_wconf 78' lang='lat' dir='ltr'><strong>erit</strong></span> <span class='ocrx_word' id='word_1_921' title='bbox 2810 5602 3060 5668; x_wconf 81' lang='lat' dir='ltr'><strong>Domino,</strong></span> <span class='ocrx_word' id='word_1_922' title='bbox 3092 5603 3142 5654; x_wconf 81' lang='lat' dir='ltr'><strong>et</strong></span> <span class='ocrx_word' id='word_1_923' title='bbox 3189 5598 3417 5670; x_wconf 82' lang='lat' dir='ltr'><strong>oﬂ‘eram</strong></span> <span class='ocrx_word' id='word_1_924' title='bbox 3465 5598 3636 5655; x_wconf 76' lang='lat' dir='ltr'><strong>illum</strong></span> 
     </span>
    </p>
   </div>
   <div class='ocr_carea' id='block_1_121' title="bbox 1987 5675 2389 5735">
    <p class='ocr_par' dir='ltr' id='par_1_121' title="bbox 1987 5675 2389 5735">
     <span class='ocr_line' id='line_1_121' title="bbox 1987 5675 2389 5735; baseline -0.01 0"><span class='ocrx_word' id='word_1_925' title='bbox 1987 5675 2389 5735; x_wconf 72' lang='lat' dir='ltr'><strong>holocaustum.</strong></span> 
     </span>
    </p>
   </div>
  </div>
