3982 6178
415 316 518 372 571

1451 313 1509 368 S.
1554 312 1964 369 HIERONYMI
2001 317 2258 371 DlVlNA
2293 319 2787 375 BlBLlO’I‘HECA.
3703 321 3794 376 572

415 458 527 498 nus
550 441 699 512 ejus.
729 437 1140 509 Percussitque
1165 437 1234 493 ab
1257 448 1438 492 Aroer
1459 436 1806 508 usquedum
1830 437 2067 494 veniens
2099 443 2150 508 Α
2183 455 2363 496 meas.
2389 441 2533 506 Quid
2570 443 2914 511 commerui,
2949 448 3011 500 ut
3054 445 3357 502 adversum
3387 458 3476 500 me
3506 461 3796 518 consurga-

418 530 474 586 in
507 529 794 598 Mennitb,
819 527 1024 600 viginti
1053 526 1337 594 civitates,
1363 531 1419 582 et
1444 542 1630 604 usque
1655 525 1724 580 ad
1753 525 1915 596 Abel,
1943 543 2070 600 quae

416 624 504 675 est
524 617 708 674 vineis
730 616 976 681 consita,
1003 615 1172 688 plaga
1192 632 1405 686 magna
1425 614 1622 670 nimis.
1649 614 2073 687 Humiliatique

416 714 555 764 sunt
589 706 689 761 ﬁlii
726 708 978 760 Ammon
1026 721 1058 759 a
1110 704 1246 762 ﬁliis
1281 703 1477 760 Israel.
1514 704 1843 759 Revertenti
1875 709 2069 760 autem

413 795 666 868 Jephthe
688 795 748 849 in
770 793 1015 866 Maspha
1037 794 1276 850 domum
1300 810 1466 850 suam
1493 792 1750 848 occurrit
1773 793 2073 862 unigenita

417 885 538 940 ﬁlia
570 901 701 939 cum
735 883 1032 956 tympanis
1075 888 1130 937 et
1178 883 1390 938 choris.
1425 881 1550 937 Non
1609 885 1762 937 enim
1822 881 2076 938 habebat

415 973 558 1029 alios
611 973 850 1028 liberos.
885 977 1007 1039 Qua
1055 972 1200 1037 visi,
1237 971 1408 1027 scidit
1442 971 1794 1026 vestimenta
1855 989 1983 1039 sua,
2017 975 2075 1027 et

414 1064 532 1120 ait:
590 1065 745 1119 Ilcu!
797 1063 977 1133 [ναις.
1018 1061 1169 1116 addit
1204 1061 1316 1132 me]
1353 1060 1470 1115 ﬁlia
1504 1061 1608 1127 mi,
1640 1062 1922 1133 decepisti
1956 1077 2070 1148 me,

413 1157 470 1208 et
503 1152 631 1224 ipsa
663 1152 902 1221 decepta
933 1168 994 1206 es
1031 1168 1042 1206 :
1078 1149 1278 1222 aperui
1307 1149 1463 1207 enim
1497 1166 1560 1205 os
1595 1166 1788 1205 meum
1833 1151 1903 1205 ad
1956 1149 2069 1205 Do-

413 1241 662 1306 minum,
698 1246 754 1294 et
785 1238 941 1293 aliud
998 1239 1184 1293 facere
1231 1254 1346 1293 non
1399 1241 1622 1309 potero.
1671 1237 1778 1295 Cul
1833 1236 1933 1293 illa
1982 1253 2072 1292 re-

413 1331 650 1401 spondit
687 1346 699 1383 :
735 1333 905 1382 Pater
937 1327 1036 1394 mi,
1070 1327 1116 1382 si
1151 1327 1431 1399 aperuisti
1464 1344 1526 1382 os
1559 1331 1726 1381 tuum
1764 1327 1832 1381 ad
1868 1327 2067 1382 Domi-

412 1437 572 1488 num,
609 1421 696 1475 Iac
732 1419 874 1474 iiiibi
909 1419 1305 1490 quodcunque
1332 1416 1630 1489 pollicitus
1671 1435 1754 1486 es,
1789 1433 2070 1473 concessa

409 1511 515 1566 tibi
553 1509 773 1565 ultione
806 1517 978 1580 alque
1007 1509 1248 1563 victoria
1279 1508 1349 1563 de
1396 1507 1666 1562 hostibus
1713 1507 1853 1562 tuis.
1886 1506 2068 1562 Dixit-

412 1617 520 1671 que
553 1600 621 1655 ad
657 1602 886 1672 patrem
925 1616 937 1654 :
985 1601 1102 1653 Hoc
1151 1595 1342 1652 solum
1379 1596 1521 1652 milii
1557 1600 1790 1667 praesta,
1822 1597 1975 1668 quod
2012 1600 2065 1652 te

410 1691 717 1761 deprecor:
755 1687 984 1742 dimitte
1013 1691 1198 1756 n':e,ut
1225 1687 1455 1742 duobus
1488 1685 1790 1741 mensibus
1824 1685 2067 1740 circum-

408 1796 535 1834 eam
571 1784 822 1845 montes,
854 1781 910 1832 et
940 1775 1215 1850 plangam
1247 1775 1644 1847 virginitatem
1695 1791 1884 1830 meam
1926 1791 2061 1830 cum

405 1867 708 1924 sodalibus
733 1867 896 1922 meis.
924 1867 1024 1921 Cui
1048 1864 1144 1921 ille
1167 1865 1468 1936 respondit
1491 1881 1504 1920 ε
1532 1865 1709 1920 Vade.
1745 1865 1812 1918 Et
1834 1864 2060 1920 dimisit

405 1974 528 2014 eam
555 1957 786 2012 duobus
814 1956 1137 2012 mensibus.
1164 1955 1429 2026 Cumque
1463 1954 1700 2010 abiisset
1727 1969 1856 2008 cum
1882 1953 2058 2010 sociis

405 2064 470 2103 ac
494 2045 798 2103 sodalibus
828 2046 976 2114 suis,
1001 2045 1174 2101 flebat
1195 2043 1589 2116 virginitatem
1613 2060 1781 2099 suam
1808 2043 1864 2098 in
1890 2060 2054 2099 mon-

405 2138 589 2192 tibus.
610 2135 982 2207 Expletisque
1013 2135 1245 2189 duobus
1271 2133 1593 2199 mensibus,
1613 2149 1839 2188 reversa
1869 2137 1958 2188 est
1985 2133 2056 2188 ad

410 2231 635 2298 patrem
668 2242 859 2292 suum,
894 2231 949 2280 et
981 2224 1114 2278 fecit
1161 2223 1210 2279 ei
1261 2222 1415 2278 sicut
1444 2228 1697 2290 voverat,
1733 2238 1858 2293 quae
1892 2223 2053 2293 igno-

407 2314 577 2370 rabat
622 2315 833 2368 virum.
868 2312 1084 2368 Exinde
1143 2327 1270 2366 mos
1329 2310 1612 2367 increbuit
1664 2311 1721 2365 in
1768 2310 1968 2377 Israel,
2000 2315 2057 2366 et

407 2403 772 2459 consuetudo
806 2406 1031 2457 servata
1062 2403 1172 2466 est,
1198 2405 1259 2454 ut
1289 2405 1416 2472 post
1450 2400 1587 2455 anni
1611 2399 1895 2456 circulum
1919 2416 2054 2455 con-

407 2493 649 2548 veniant
699 2492 755 2546 in
809 2507 994 2546 unum
1045 2490 1176 2546 tiliae
1228 2487 1426 2555 Israel,
1461 2493 1518 2544 et
1564 2488 1844 2562 plangant
1876 2488 2054 2545 ﬁliam

405 2581 656 2654 Jephtlm
688 2580 1002 2636 Galaadites
1033 2580 1239 2636 diebus
1265 2582 1534 2650 quatuor.

481 2671 564 2743 [Ο.
597 2671 764 2738 XLII,
791 2671 921 2743 Cap.
956 2670 1097 2741 XII.]
1129 2675 1268 2725 Ecce
1298 2673 1492 2724 autem
1525 2667 1583 2723 in
1617 2666 1891 2740 Ephraim
1928 2670 2054 2723 orta

411 2759 620 2816 seditio
653 2766 787 2816 est:
839 2777 975 2816 nam
1025 2764 1397 2815 transeuntes
1455 2763 1658 2814 contra
1713 2757 2050 2831 aquilonem

407 2850 683 2905 dixerunt
722 2851 792 2905 ad
838 2849 1137 2922 Jepbthe:
1190 2851 1376 2916 Quare
1407 2848 1624 2904 vadens
1671 2848 1741 2903 ad
1793 2862 2050 2919 pugnam

399 2944 607 2994 contra
632 2938 784 2995 ﬁlios
823 2943 1098 3005 Ammon,
1129 2954 1336 2994 vocare
1370 2954 1476 2993 nos
1521 2935 1782 3007 voluisti,
1828 2941 1891 2991 ut
1924 2951 2054 3006 per-

405 3045 680 3102 geremus
709 3033 947 3085 tecum?
999 3027 1186 3100 Igitur
1234 3028 1616 3084 incendemus
1662 3031 1714 3083 te
1765 3030 1821 3082 et
1871 3027 2050 3098 [l'ulg.

401 3127 548 3174 tacet
598 3123 652 3175 te
707 3119 783 3190 et]
833 3119 1072 3174 domum
1107 3122 1292 3173 tuam.
1321 3117 1544 3183 Quibus
1574 3116 1672 3172 ille
1704 3117 2002 3188 respondit
2036 3131 2050 3171 :

2181 527 2255 584 tis
2286 529 2338 584 in
2373 529 2642 602 przeliuzn
2665 532 2692 586 ?
2735 531 2969 590 Vocatis
3010 533 3208 606 itaque
3237 534 3308 590 ad
3342 550 3403 590 se
3433 534 3650 590 cunctis
3679 534 3798 590 viris

2181 618 2420 686 Galaad,
2453 621 2754 692 pugnabat
2786 627 2991 678 contra
3021 622 3294 695 Ephraim
3332 640 3343 679 :
3380 628 3797 696 percusserunt-

2181 723 2294 779 que
2324 709 2432 763 viri
2465 710 2678 765 Galaad
2714 710 3013 784 Ephraim,
3047 713 3186 784 quia
3213 713 3438 768 dixerat
3469 730 3482 768 :
3525 713 3800 786 Fugitivus

2181 802 2270 854 est
2334 797 2548 854 Galaad
2609 801 2678 854 de
2738 801 3047 872 prraim,
3108 807 3164 858 et
3237 801 3463 856 habitat
3519 801 3574 856 in
3629 802 3799 858 medio

2180 886 2456 958 prraim
2505 894 2562 944 et
2609 889 2896 946 Manasse.
2931 890 3484 962 Occupaveruntque
3510 890 3796 947 Galaaditai

2179 977 2328 1032 vada
2355 976 2651 1046 Jordanis,
2690 996 2790 1050 per
2820 996 2946 1050 quae
2979 979 3252 1052 Epliraim
3287 997 3624 1036 reversurus
3668 985 3794 1034 erat.

2181 1064 2438 1136 Cumque
2463 1066 2721 1122 venisset
2770 1069 2839 1123 ad
2893 1085 2959 1124 ea
3009 1070 3082 1125 de
3128 1068 3401 1141 prraim
3439 1085 3687 1137 numero,
3720 1069 3798 1124 fu-

2179 1154 2370 1226 giens,
2393 1160 2569 1228 atque
2601 1156 2845 1212 dixisset
2874 1174 2886 1212 :
2922 1157 3173 1215 Obsecro
3202 1163 3264 1214 ut
3295 1174 3388 1212 me
3417 1157 3656 1212 transire
3685 1173 3796 1228 pcr-

2181 1244 2432 1298 mittatis
2466 1261 2479 1298 :
2514 1245 2783 1301 dicebant
2814 1245 2864 1301 ei
2892 1245 3208 1302 Galaadita:
3243 1263 3254 1302 :
3301 1245 3571 1317 Nunquid
3601 1245 3796 1318 Ephra-

2179 1332 2365 1388 thzeus
2399 1351 2462 1389 es
2484 1334 2511 1388 ?
2543 1351 2658 1406 quo
2689 1336 2915 1390 dicente
2948 1351 2962 1390 :
3016 1335 3139 1391 Non
3171 1352 3301 1390 sum
3339 1353 3352 1391 :
3386 1335 3798 1406 interrogabant

2177 1439 2311 1478 eum
2339 1441 2350 1479 :
2385 1423 2487 1480 Dic
2518 1441 2652 1496 ergo
2686 1424 2986 1480 Sibboletb
3013 1428 3027 1460 ¹
3057 1425 3380 1496 [Sibboleth
3413 1440 3515 1496 per
3545 1423 3796 1491 Sin,Zib-

2175 1511 2366 1568 boleth
2404 1530 2505 1584 per
2531 1512 2828 1584 Zamaob],
2851 1514 3005 1584 quod
3040 1515 3462 1586 interpretatur
3490 1515 3669 1584 Spica.
3698 1512 3790 1578 Qui

2176 1601 2567 1672 respondebat
2597 1601 2923 1668 Zibboletb,
2958 1603 3161 1658 eadem
3211 1602 3408 1658 littera
3455 1601 3665 1674 spicam
3709 1617 3791 1656 ex-

2175 1690 2426 1762 primere
2459 1707 2573 1746 non
2596 1690 2815 1761 valens,
2841 1691 3164 1763 statimque
3192 1690 3616 1763 apprehensum
3640 1691 3792 1761 jugu-

2174 1779 2375 1834 labant
2423 1779 2480 1834 in
2531 1779 2658 1851 ipso
2689 1779 2963 1836 Jordanis
2993 1779 3265 1836 transitu.
3300 1781 3368 1835 Et
3397 1780 3715 1836 ceciderunt
3741 1778 3789 1834 in

2168 1866 2268 1924 illo
2304 1873 2567 1941 tempore
2598 1870 2667 1924 de
2698 1869 2974 1941 Ephraim
3007 1869 3401 1941 quadraginta
3445 1869 3556 1924 duo
3604 1867 3786 1924 millia.

2165 1957 2453 2013 Judicavit
2483 1957 2681 2029 itaque
2711 1957 2960 2029 Jepbtbe
2989 1957 3323 2016 Galaadites
3369 1956 3539 2014 Israel
3569 1974 3660 2014 sex
3690 1973 3781 2012 an-

2167 2045 2280 2113 nis,
2305 2051 2360 2102 et
2393 2051 2660 2102 mortuus
2689 2052 2798 2116 est,
2823 2063 2887 2102 ac
2918 2046 3180 2116 sepultus
3206 2047 3264 2101 in
3298 2047 3524 2102 civitate
3554 2063 3653 2102 sua
3680 2045 3778 2101 Ga-

2166 2134 2319 2205 laad,
2345 2137 2429 2207 [Β.
2456 2135 2601 2203 XIV,
2626 2134 2938 2207 C.XL1II.]
2973 2135 3105 2191 Post
3137 2135 3294 2190 hunc
3320 2135 3595 2205 judicavit
3625 2131 3781 2189 lsrael

2167 2224 2396 2281 Abesan
2423 2226 2493 2281 de
2527 2225 2869 2281 Beth-Lcem
2906 2243 2918 2280 :
2965 2226 3066 2296 qui
3117 2225 3324 2280 habuit
3373 2225 3605 2295 triginta
3650 2222 3784 2278 ﬁlios

2167 2319 2221 2370 et
2253 2315 2492 2370 totidem
2529 2314 2700 2381 ﬁlias,
2735 2331 2881 2386 quas
2911 2314 3190 2370 emittcns
3245 2314 3419 2382 foras,
3453 2313 3670 2368 maritis
3697 2312 3786 2367 de-

2166 2405 2271 2476 dit,
2305 2410 2362 2462 et
2395 2405 2661 2476 ejusdem
2697 2405 2924 2461 numeri
2959 2405 3094 2460 ﬁliis
3135 2405 3263 2460 suis
3313 2403 3532 2477 accepit
3581 2419 3788 2472 uxores,

2165 2494 2544 2551 introducens
2571 2495 2627 2550 in
2657 2495 2899 2550 domum
2933 2511 3122 2550 suam.
3149 2494 3257 2558 Qui
3282 2499 3500 2566 septem
3526 2492 3783 2562 annisju-

2163 2584 2377 2639 dicavit
2414 2583 2614 2640 Israel.
2647 2584 3030 2655 Mortuusque
3053 2590 3160 2653 est,
3185 2601 3251 2639 ac
3273 2583 3538 2656 sepultus
3557 2581 3610 2636 in
3639 2579 3785 2636 Beth-

2164 2671 2358 2728 Leem.
2387 2673 2469 2744 [(3.
2502 2671 2717 2742 XLlV.]
2749 2670 2848 2726 Cui
2881 2671 3163 2727 successit
3207 2672 3352 2728 Elon
3398 2668 3741 2726 Zabulonites
3771 2681 3783 2721 :

2161 2765 2217 2817 et
2240 2761 2533 2831 judicavit
2566 2760 2744 2817 Israel
2772 2761 2969 2817 decem
3005 2761 3175 2817 annis
3213 2777 3226 2816 :
3286 2765 3652 2831 mortuusque
3688 2759 3782 2822 est,

2161 2867 2228 2906 ac
2260 2849 2529 2922 sepultus
2561 2851 2617 2906 in
2645 2849 2924 2906 Zabulon.
2951 2849 3033 2919 [Ο.
3065 2849 3249 2921 ΧΙΝ.]
3279 2854 3415 2906 Post
3457 2848 3607 2904 hunc
3637 2842 3782 2927 judi-z

2162 2939 2312 2996 cavit
2345 2938 2521 2996 Israel
2543 2939 2770 3009 Abdon,
2795 2938 2952 2995 ﬁlius
2985 2937 3184 3008 Helle],
3210 2938 3668 3004 Pharatbonites,
3697 2933 3783 3008 qul

2163 3028 2372 3085 habuit
2403 3027 2794 3100 quadraginta
2822 3028 2994 3094 ﬁlios,
3018 3033 3075 3083 et
3099 3027 3343 3099 triginta
3365 3045 3431 3084 ex
3451 3027 3530 3084 eis
3552 3029 3783 3098 nepotes.

2165 3118 2550 3174 ascendentes
2579 3134 2756 3189 super
2785 3117 3156 3190 septuaginta
3187 3116 3386 3189 pullos
3416 3114 3781 3179 asinarum,et

405 3180 916 3280 Disceptatio‘erat
948 3207 1091 3262 mibi
1124 3213 1180 3263 ct
1211 3180 1424 3278 populo
1475 3222 1603 3262 meo
1653 3180 1852 3262 contra
1904 3205 2052 3262 ﬁlios
2085 3180 2126 3247 Ο
2153 3208 2448 3280 judicavit
2495 3180 2672 3265 Israel
2723 3180 2869 3264 octo.
2901 3180 3074 3263 annis
3110 3225 3121 3262 :
3175 3180 3560 3279 mortuusque
3601 3207 3699 3270 est,
3729 3216 3782 3256 ac

404 3302 652 3352 Ammon
677 3296 990 3352 vehemens
1018 3313 1032 3351 :
1065 3295 1380 3366 vocavique
1412 3311 1535 3364 vos,
1562 3299 1624 3350 ut
1653 3294 1795 3350 mihi
1831 3294 2050 3367 praebe-

2155 3297 2424 3370 sepultus
2468 3297 2528 3353 in
2583 3296 2914 3352 Pliaratbon
2967 3301 3131 3351 terra:
3183 3295 3477 3368 Ephraim,
3509 3295 3562 3350 in
3602 3294 3774 3346 monte

403 3386 544 3442 retis
585 3386 892 3453 auxilium,
922 3391 976 3440 et
1025 3385 1214 3441 facere
1267 3383 1562 3440 noluistis.
1597 3385 1756 3448 Quod
1809 3400 2053 3440 cernens
2156 3386 2419 3443 Amalec.

403 3475 570 3549 posui
595 3475 650 3530 in
677 3475 951 3531 manibus
970 3474 1116 3530 meis
1141 3473 1400 3530 animam
1426 3490 1640 3543 meam,
1666 3473 2053 3544 transivitque

2228 3476 2383 3550 [Cap.
2415 3475 2588 3549 XIII.]
2624 3475 3000 3548 Rursumque
3033 3474 3135 3530 ﬁlii
3169 3473 3349 3532 Israel
3395 3473 3643 3529 fecerunt
3671 3485 3775 3524 ma-

404 3565 477 3622 ad
509 3564 660 3621 ﬁlios
680 3567 949 3634 Ammon,
972 3569 1028 3620 et
1049 3563 1289 3619 tradidit
1321 3579 1420 3619 eos
1451 3563 1736 3619 Dominus
1758 3562 1816 3618 in
1844 3579 2054 3618 manus
2157 3565 2283 3622 lum
2306 3565 2366 3621 in
2385 3570 2702 3638 conspectu
2736 3563 2994 3636 Domini,
3015 3564 3114 3637 qui
3135 3564 3376 3620 tradidit
3395 3577 3489 3619 eos
3512 3563 3565 3616 in
3590 3572 3772 3615 manus

479 3767 495 3800 ί
530 3763 789 3819 Primum
824 3777 1037 3818 nomen
1069 3760 1224 3818 istud
1257 3761 1412 3832 apud
1464 3761 1728 3817 llebrseos
1779 3761 2060 3818 scribitur

410 3871 512 3926 per
542 3851 702 3918 Shin,
735 3836 934 3926 ribus
963 3849 1312 3906 Schibbolelh
1343 3869 1360 3904 :
1401 3851 1694 3922 posterius
1725 3856 1919 3907 autem
1947 3851 2057 3908 ha-

407 3925 501 3998 bet
534 3941 757 3998 Samecli
788 3925 972 4002 11512::
1012 3938 1294 3996 Sibboleth
1323 3957 1342 3994 :
1403 3939 1576 4011 idque
1635 3945 1833 3995 monet
1887 3941 2057 3997 sclio-

409 4032 608 4086 liastes
656 4035 873 4099 noster,
908 4029 1008 4100 qui
1036 4029 1361 4102 Hebraeum
1413 4028 1766 4102 elementum
1802 4042 1860 4094 ο,
1894 4035 2063 4087 vocat

406 4105 643 4165 Zamac;
697 4103 809 4158 nisi
860 4101 1219 4158 notariorum
1277 4100 1770 4172 librariOrumque
1799 4118 2063 4172 pronun-

406 4177 649 4232 tiatione
679 4173 764 4229 vel
798 4173 1094 4245 imperitia
1123 4174 1352 4245 Zamecli
1391 4172 1534 4245 illud
1569 4171 1928 4245 ﬁuxcritipro
1959 4177 2059 4228 Sa-

405 4247 576 4302 mech.
612 4246 736 4301 Non
785 4244 924 4300 levis
975 4249 1064 4300 est
1111 4244 1264 4312 apud
1320 4244 1548 4299 criticos
1597 4261 1798 4300 sacros
1827 4244 2074 4300 eontro--

408 4319 598 4373 versis.
627 4318 698 4373 de
729 4333 870 4372 sono
903 4315 1175 4389 Si'bbolelh
1209 4332 1308 4389 per
1334 4317 1458 4386 δίη,
1489 4321 1556 4389 et
1587 4315 1656 4370 de
1695 4321 1898 4372 eodem
1961 4332 2064 4389 per

411 4390 655 4445 Samech.
701 4389 946 4452 Quidam
979 4388 1182 4442 volunt
1210 4387 1464 4460 litteram
1496 4387 1596 4442 Sin
1624 4401 1677 4446 Ψ
1709 4389 1892 4443 fuisse
1925 4387 2063 4460 pro-

408 4461 586 4517 latam
613 4466 676 4516 ut
695 4477 718 4514 .ς
743 4466 1005 4516 nostrum
1043 4460 1098 4514 in
1131 4459 1419 4531 principio
1442 4459 1714 4515 dictionis
1740 4476 1752 4516 :
1775 4459 2064 4517 Saminech

410 4547 447 4594 Ο
480 4541 675 4618 autem
697 4545 768 4618 .ut
799 4532 1008 4618 suinter
1038 4533 1186 4618 duas
1217 4531 1444 4618 vocales
1478 4548 1552 4600 m,
1585 4535 2054 4618 tamquam‘pro-
2087 4552 2134 4618 Ι)

412 4622 486 4686 nu
501 4623 531 4659 n
545 4605 750 4686 ti_are_tu
763 4603 1214 4686 r’Zibbolel/inper
1241 4620 1289 4686 κς
1311 4605 1445 4669 Quin
1478 4603 1741 4686 proiecto
1762 4605 1916 4686 quad
1928 4613 2059 4686 rant

331 4720 340 4729 .
411 4678 480 4731 ad
516 4676 737 4732 scholia
787 4677 1035 4749 Catonis
1064 4675 1370 4749 _llebrai_cze
1403 4675 1700 4749 veritatis,_
1718 4675 1802 4749 uti
1832 4675 2056 4749 perspi-

410 4765 585 4804 cuum
620 4753 727 4811 est,
751 4753 808 4803 et
838 4749 908 4803 ad
945 4747 1256 4819 lectionem,
1290 4746 1547 4819 insuper
1583 4747 1806 4818 antiqui
1835 4746 2056 4803 exem-

409 4821 592 4892 plaris
642 4837 748 4874 ms.
784 4819 840 4873 in
872 4825 1088 4892 nostra
1120 4817 1470 4892 bibliotheca
1499 4817 1819 4892 obtinentis
1851 4837 2057 4892 nume;

410 4890 541 4947 rum
573 4893 595 4946 1
635 4909 647 4946 :
683 4908 815 4946 nam
867 4891 924 4945 in
975 4907 1042 4946 co
1090 4890 1287 4945 codice
1319 4890 1685 4947 Corbeiensis
1717 4890 2058 4947 monasterii

409 4965 695 5034 scriptum
728 4962 976 5027 legimus
1005 4979 1017 5016 ε
1071 4962 1166 5017 Dic
1193 4977 1338 5031 ergo,
1371 4961 1678 5029 Sebbolclh,
1712 4963 1853 5034 quod
1882 4965 2058 5019 inter-

402 5033 657 5107 pretatur
697 5033 880 5107 spica.
917 5034 1036 5107 Qui
1068 5033 1432 5107 respondebat
1453 5033 1928 5107 _Zebbolet’h,etc.
1963 5035 2059 5090 Sic

405 5104 582 5164 etiam
617 5106 942 5162 habebatur
963 5105 1105 5159 oliin
1133 5105 1188 5158 in
1216 5104 1533 5160 ms.codice
1553 5106 1889 5161 Colbertino
1917 5107 2057 5160 Ani-

410 5179 591 5235 ciensi
625 5197 682 5233 n.
726 5179 848 5242 157,
884 5177 983 5232 ubi
1016 5177 1087 5231 ab
1121 5177 1316 5248 aliquo
1349 5178 1723 5232 emendatore
1755 5180 1825 5232 de
1853 5179 2057 5232 Ζεὺὺο-

411 5253 482 5308 let
516 5253 730 5306 factum
749 5255 839 5305 est
861 5249 1088 5310 Tebolet;
1110 5249 1605 5320 quemadmodum
1640 5250 2058 5320 superstitibus

409 5323 603 5379 adhuc
617 5323 940 5378 litterarum
964 5321 1228 5390 vestigiis
1244 5319 1585 5392 planissime
1599 5319 2056 5388 demonstratur,

409 5395 520 5452 Alii
555 5402 752 5451 autem
792 5395 1001 5448 docent
1046 5393 1418 5446 Hebraeorum
1451 5405 1504 5450 ur
1536 5393 1903 5463 pronuntiari
1938 5399 2003 5448 ut
2033 5410 2057 5448 .ς

410 5484 698 5534 crassum,
751 5465 904 5537 quod
959 5463 1288 5535 prrathaai
1334 5466 1591 5537 proferre
1646 5465 2054 5537 nequiverunt,

411 5539 510 5595 sed
563 5539 687 5596 loco
746 5535 871 5610 ejus
917 5552 942 5610 ,ξ
987 5539 1222 5610 acutum
1285 5535 1673 5610 proferebant,
1708 5535 1919 5610 idest,
1955 5553 2056 5610 pro

409 5607 1073 5676 Schibboleth,‘dicebant
1102 5607 1406 5681 Sz'bboleth.
1436 5607 1581 5681 lluic
1625 5609 1886 5681 Opinioni
1935 5607 2057 5681 suf-

411 5681 627 5754 fragari
657 5686 845 5754 potest
874 5682 1053 5738 codex
1084 5686 1282 5739 noster
1331 5680 1386 5737 S.
1423 5679 1695 5738 Germani
1743 5699 1801 5740 n.
1835 5682 1887 5753 3,
1921 5680 2059 5754 quia

2162 3749 2410 3813 utroque
2460 3743 2587 3801 loco
2638 3743 2844 3799 scribit
2872 3741 3171 3809 Sibboleth,
3205 3741 3376 3813 quasi
3411 3739 3702 3813 discrimen
3735 3747 3777 3792 ti?

2161 3824 2217 3873 et
2248 3830 2284 3877 εί
2316 3811 2713 3881 Hebraeorum,
2743 3814 2970 3870 nullum
3000 3815 3075 3870 sit
3103 3811 3259 3886 apud
3295 3813 3542 3886 Latinos,
3577 3811 3779 3886 prater-

2163 3905 2340 3960 quam
2375 3887 2433 3942 in
2465 3905 2608 3960 sono
2642 3879 3098 3960 pronuntiantis.
3124 3879 3298 3941 Notat
3331 3879 3774 3960 denique'R.Da-

2163 3957 2254 4014 vid
2299 3959 2494 4032 Kimbi
2543 3957 2744 4032 eodem
2773 3959 2913 4032 vitio
2967 3958 3298 4028 prrataaos
3330 3957 3774 4032 laborassehquo

2163 4032 2435 4088 laborant
2461 4031 2610 4087 Galli
2646 4048 2759 4086 non
2792 4023 3052 4087 valentes
3084 4045 3297 4086 sonare
3330 4028 3572 4082 litteram
3601 4023 3775 4086 Schi'm,

2165 4104 2267 4160 sed
2291 4120 2419 4159 eam
2445 4103 2750 4159 efferentes
2769 4120 2834 4158 ac
2866 4102 2925 4175 si
2947 4111 3097 4175 esset
3126 4101 3274 4175 Tliau
3299 4091 3778 4175 raphatum,quod

2165 4192 2366 4230 verum
2422 4191 2550 4229 esse
2608 4192 2779 4230 nemo
2829 4171 2941 4229 non
2999 4173 3230 4242 dixerit,
3267 4167 3778 4244 qui-consuletm‘is.

2168 4247 2396 4303 codices
2458 4246 2728 4313 Biblicos,
2762 4247 3001 4318 Regium
3053 4235 3628 4318 3563,"Cclbertiuum
3678 4235 3778 4298 181,

2167 4318 2576 4376 Corbeiensem
2623 4320 2709 4387 10,
2743 4319 2801 4374 S.
2830 4313 3100 4373 Germani
3133 4317 3169 4371 5
3198 4323 3255 4371 et
3282 4317 3336 4383 7,
3373 4313 3642 4387 praecipue
3668 4321 3780 4387 χρη

2169 4391 2293 4456 164,
2316 4391 2375 4445 in
2403 4406 2520 4461 quo
2553 4377 2708 4445 lima,
2729 4389 3042 4460 raphatum
3078 4377 3514 4461 reperitur;boc
3542 4377 3643 4461 est,
3667 4377 3780 4461 Tha:

2171 4451 2374 4529 bolelh,
2410 4451 2510 4532 pro
2561 4451 2865 4531 Sibboleili,
2896 4462 2979 4516 rel
3035 4451 3334 4532 Zibboleth.
3368 4451 3562 4532 (laetari
3610 4451 3781 4532 legunt

2175 4519 2526 4606 Tebbol'el'hJ
2576 4549 2790 4606 nempe
2833 4519 2936 4606 pro
2982 4531 3226 4606 Ilebrazo
3279 4544 3317 4591 ε
3361 4526 3687 4606 δαηῃᾳεή..Αι
3719 4519 3779 4606 de

2166 4604 2259 4660 his
2314 4592 2620 4660 elementis
2670 4592 2738 4660 ac
2787 4592 3109 4677 prolatione
3140 4618 3342 4677 eorum
3374 4595 3680 4677 audiendus
3706 4592 3779 4646 cst

2168 4677 2295 4760 ipse
2326 4678 2736 4748 Hieronymus,
2771 4671 2868 4747 qui
2897 4676 3046 4730 libro
3079 4675 3375 4732 Nominum
3428 4671 3779 4727 Hebraicorum

2165 4747 2420 4804 litteram
2452 4765 2476 4803 ις
2519 4765 2632 4804 non
2667 4748 3042 4804 praetermisit
3073 4747 3352 4801 intactam
3388 4760 3400 4799 :
3450 4766 3477 4792 ‹‹
3507 4747 3619 4798 Ηοο
3647 4747 3776 4791 nunc

2167 4767 2420 4804 iiuerain
2452 4767 2476 4803 ις
2519 4767 2632 4804 non
2667 4767 3042 4820 prazlermisit
3074 4767 3352 4801 intactam
3388 4767 3400 4799 :
3450 4767 3477 4792 ‹‹
3508 4767 3619 4798 nuc
3646 4767 3770 4819 μυυι

2167 4837 2422 4908 quoque,
2446 4821 2658 4908 inquit,
2683 4821 2741 4874 in
2769 4819 3006 4908 s‘littera
3035 4817 3336 4908 scie‘ndiu‘m
3369 4820 3474 4871 est.

2168 4887 2321 4975 apud
2354 4887 2453 4948 eos
2483 4887 2795 4960 (Hebraeos)
2829 4896 2947 4974 tres
2977 4894 3173 4972 {sunt
3233 4887 3427 4968 littera
3456 4901 3468 4940 :
3521 4899 3639 4964 una.
3671 4891 3778 4950 qua?

2167 4964 2382 5019 dicitur
2435 4962 2684 5032 Samech,
2717 4967 2774 5019 et
2828 4959 3175 5032 simpliciter
3209 4959 3454 5032 legitur,
3485 4965 3640 5028 quasi
3693 4962 3777 5032 per

2167 5041 2429 5092 nostram
2464 5027 2715 5091 litteram
2750 5027 3135 5090 describatur.
3159 5027 3418 5106 Alia'sin,
3442 5029 3498 5084 in
3530 5040 3636 5106 qua
3657 5027 3775 5106 stri-

2167 5108 2273 5164 dor
2299 5107 2538 5178 quidam
2576 5123 2688 5162 non
2724 5106 2905 5162 nostri
2941 5093 3778 5179 sermoniainterstrepit.‘Ter-

2169 5180 2251 5253 tia
2280 5166 2427 5253 satis,
2454 5195 2629 5253 quam
2669 5183 2880 5253 nostra:
2917 5192 3089 5253 aures
3120 5173 3350 5253 penitus
3382 5166 3774 5253 reformidalli-f

2168 5252 2314 5306 Hinc
2361 5242 2543 5320 liquet
2591 5249 2818 5306 Samcch
2869 5242 3244 5320 Hebraeorum
3292 5242 3622 5315 simpliciter
3647 5246 3778 5320 per}

2169 5323 2287 5396 sive
2319 5337 2350 5396 τε
2383 5307 3036 5396 fuissepronuntiatum
3071 5336 3084 5375 :
3135 5307 3464 5396 sin_au_te:m
3490 5307 3772 5396 quemdam

2173 5393 2453 5449 habuisse
2482 5384 2791 5449 stridorem
2826 5392 3082 5449 alienum
3132 5407 3196 5447 ac
3241 5387 3458 5444 Latinis
3487 5384 3771 5440 insuetum.

2170 5466 2660 5592 MgTbrzeferunt
2712 5535 2896 5592 nostri
2951 5550 3062 5589 ms.
3098 5531 3220 5605 pari
3262 5518 3765 5605 ⁸(ξοπιεθιιειι,βᾳζνὺοζ

2168 5607 2680 5664 ιειὴΜειιιιίαοωυε
2700 5609 2773 5664 de
2786 5607 2948 5664 varia
2964 5594 3143 5675 hujus
3156 5601 3312 5661 vocis
3332 5594 3766 5674 pronuntiatione

2169 5684 2228 5738 et
2257 5681 2550 5754 scriptura
2580 5679 2849 5754 pluribus
2879 5677 3136 5738 disserit.
