3982 6178
299 357 400 412 573

1709 359 1920 414 LIBER
1959 361 2296 418 JUDICUM.

3604 377 3710 432 574

292 482 794 548 Philisthinorum,
825 479 1214 575 quadraginta
1240 479 1541 575 annis-(T,
1565 480 1688 549 VII,
1713 481 1776 536 B.
1816 483 1942 575 XV,
1976 484 2029 551 Α
2055 487 2401 575 (moriemur,
2435 493 2573 564 quia
2604 495 2860 553 vidimus
2895 504 3096 556 Deum.
3133 500 3234 557 Cui
3258 503 3710 575 responditmu-

288 578 335 629 Ο,
371 574 591 641 XLVI.)
627 573 760 627 Erat
792 576 987 625 autem
1020 569 1260 640 quidam
1298 569 1387 623 vir
1417 570 1488 624 de
1517 573 1718 640 Saraa,
1771 576 1825 626 et
1875 572 1944 626 de

287 665 463 737 stirpe
500 669 645 729 Dan,
680 661 916 716 nomine
953 661 1185 728 Manus,
1221 659 1446 714 habens
1480 677 1721 716 uxorem
1775 663 1942 718 steri-

288 756 422 810 lem.
447 754 556 810 Cui
588 751 861 824 apparuit
891 749 1137 820 angelus
1171 749 1419 816 Domini,
1449 756 1506 806 et
1536 751 1684 805 dixit
1701 753 1771 806 ad
1790 769 1942 808 eam:

283 844 517 900 Sterilis
543 860 604 898 es
635 850 690 897 et
721 841 946 912 absque
979 839 1179 894 liberis
1205 855 1217 894 :
1244 839 1343 894 sed
1367 839 1734 910 concipieset
1751 842 1941 913 paries

281 935 492 997 filium,
529 948 664 987 cave
692 947 828 1002 ergo
860 946 930 984 ne
962 929 1162 983 vinum
1199 928 1362 983 bibas
1392 944 1456 983 ac
1504 930 1776 996 siceram,
1840 947 1942 986 nec

281 1023 664 1078 immundum
698 1020 1019 1090 quidquam
1051 1019 1348 1087 comedas,
1399 1018 1499 1089 qui
1552 1020 1850 1087 concipies
1887 1025 1943 1075 et

281 1113 474 1186 paries
509 1112 719 1177 tilium,
753 1110 924 1180 cujus
985 1125 1098 1163 non
1155 1112 1354 1178 tanget
1405 1113 1584 1178 caput
1637 1109 1939 1178 novacula,

283 1204 389 1258 erit
421 1201 584 1258 enim
607 1200 913 1254 Nazarteus
941 1197 1043 1252 Dei
1066 1199 1137 1252 ab
1172 1197 1424 1252 infantia
1459 1214 1568 1251 sua
1603 1204 1660 1252 et
1689 1215 1757 1252 ex
1819 1216 1940 1254 ma-

280 1291 386 1344 tris
423 1295 591 1344 utero
621 1305 632 1343 :
668 1293 724 1343 et
751 1288 875 1358 ipse
898 1287 1136 1358 incipiet
1169 1285 1413 1340 liberare
1448 1285 1626 1341 Israel
1659 1287 1728 1341 de
1763 1303 1941 1342 manu

282 1377 938 1441 Pbilisthinorquuaa
961 1393 1095 1431 cum
1111 1377 1366 1432 venisset
1385 1377 1450 1430 ad
1475 1377 1749 1432 maritum
1765 1394 1940 1432 suum

283 1469 429 1525 dixit
459 1472 511 1525 ei
540 1486 552 1523 :
585 1469 679 1525 Vir
701 1467 798 1522 Dei
833 1467 990 1522 venit
1022 1467 1093 1522 ad
1127 1481 1242 1532 me,
1276 1465 1500 1521 habens
1548 1465 1776 1522 vultum
1836 1484 1940 1522 an-

285 1559 566 1631 gelicum,
584 1555 864 1612 terribilis
883 1555 1081 1610 nimis.
1107 1555 1290 1619 Quem
1307 1570 1442 1610 cum
1460 1555 1939 1628 interrogassem,

288 1649 384 1719 qui
419 1650 601 1714 esset,
631 1651 689 1702 et
710 1647 863 1701 unde
893 1645 1170 1715 venisset,
1199 1650 1256 1699 et
1286 1660 1403 1715 quo
1437 1643 1672 1700 nomine
1704 1662 1940 1701 vocare-

289 1743 403 1805 tur,
441 1736 635 1792 noluit
664 1735 808 1791 mihi
840 1734 1054 1800 dicere,
1089 1735 1190 1789 sed
1233 1733 1340 1789 hoc
1396 1734 1736 1805 respondit:
1801 1739 1940 1791 Ecce

296 1827 588 1899 concipies
619 1830 676 1881 et
707 1825 900 1898 paries
931 1823 1154 1879 filium:
1189 1839 1326 1879 cave
1369 1839 1439 1878 ne
1484 1823 1685 1878 vinum
1747 1825 1936 1891 bibas,
1975 1849 2021 1914 Β

304 1934 403 1972 nec
433 1917 708 1983 siceram,
732 1921 790 1971 et
819 1931 891 1970 ne
923 1913 1118 1984 aliquo
1149 1913 1404 1969 vescaris
1433 1912 1740 1969 immundo
1767 1931 1784 1968 :
1837 1915 1946 1970 erit

303 2007 452 2063 enim
506 2023 654 2079 puer
683 2005 989 2060 Nazaraus
1039 2004 1138 2059 Dei
1173 2003 1246 2059 ab
1296 2003 1543 2058 infantia
1600 2020 1726 2072 sua,
1777 2007 1834 2059 et
1879 2021 1946 2060 ex

299 2103 457 2154 utero
492 2096 701 2152 matris
733 2111 919 2166 usque
943 2095 1014 2150 ad
1039 2094 1194 2149 diem
1221 2093 1424 2148 mortis
1449 2110 1586 2150 suae.
1609 2098 1804 2150 Oravit
1833 2095 1941 2151 ita-

301 2206 406 2262 que
434 2193 650 2245 Manue
681 2185 1023 2250 Dominum,
1057 2189 1112 2239 et
1144 2184 1225 2239 ait
1257 2183 1566 2251 ;Obsecro,
1596 2183 1852 2252 Domine,
1880 2191 1944 2240 ut

301 2280 382 2334 vir
407 2277 536 2346 Dei,
570 2291 742 2347 quem
779 2274 1016 2344 misisti,
1051 2273 1247 2328 veniat
1272 2274 1485 2328 iterum
1522 2279 1578 2328 et
1609 2275 1813 2329 doceat
1838 2291 1942 2330 nos

297 2369 428 2440 quid
465 2367 787 2422 debeamus
811 2365 1000 2421 facere
1031 2363 1100 2419 de
1123 2379 1325 2435 puero,
1355 2363 1453 2434 qui
1476 2363 1811 2419 nascithrus
1833 2369 1941 2420 est.

294 2456 717 2528 Exaudivitque
748 2453 1032 2510 Dominus
1065 2458 1403 2525 precantem
1432 2452 1665 2519 Manue,
1693 2457 1750 2508 et
1767 2471 1942 2526 appa-

291 2549 405 2602 ruit
437 2562 682 2602 rursum
740 2543 984 2615 angelus
1036 2543 1133 2599 Dei
1194 2543 1358 2598 uxori
1413 2543 1541 2613 ejus
1595 2543 1824 2598 sedenti
1883 2545 1942 2599 in

288 2655 440 2709 agro.
467 2640 680 2692 Manue
711 2637 907 2688 autem
944 2632 1190 2688 maritus
1227 2633 1355 2702 ejus
1387 2648 1502 2686 non
1533 2635 1658 2687 erat
1689 2648 1821 2687 cum
1854 2649 1940 2690 ea.

288 2729 417 2793 Quae
451 2741 589 2782 eum
628 2723 871 2778 vidisset
903 2720 1201 2792 angelum,
1228 2720 1525 2776 festinavit
1576 2724 1633 2776 et
1685 2723 1946 2777 cucurrit

285 2817 352 2870 ad
377 2816 575 2869 virum
601 2828 829 2868 suum:
891 2801 1310 2880 nuntiavitque
1366 2808 1439 2876 ei,
1495 2809 1740 2864 dicens:
1800 2812 1945 2866 Ecce

293 2903 572 2976 apparuit
605 2901 750 2957 mihi
782 2900 888 2968 vir,
913 2916 1086 2970 quem
1120 2905 1257 2954 ante
1286 2897 1563 2954 videram.
1648 2899 1756 2966 Qui
1815 2917 1943 2956 sur-

292 2995 452 3050 rexit
486 2996 544 3048 et
574 2997 816 3048 secutus
849 2994 939 3044 est
970 3005 1204 3044 uxorem
1238 3005 1406 3043 suam
1443 3004 1454 3041 :
1487 2990 1840 3058 veniensque
1872 2991 1943 3045 ad

291 3085 513 3149 virum,
546 3082 692 3136 dixit
719 3080 768 3135 ei
800 3098 813 3135 :
847 3079 933 3134 Tu
968 3095 1029 3134 es
1059 3077 1152 3149 qui
1185 3077 1416 3132 locutus
1449 3094 1510 3133 es
1551 3077 1819 3134 mulieri?
1877 3083 1945 3135 Et

289 3173 389 3228 ille
439 3170 779 3242 respondit:
816 3169 931 3240 Ego
962 3184 1115 3223 sum.
1141 3168 1239 3221 Cui
1272 3156 1522 3222 Manue:
1557 3169 1819 3236 Quando,
1853 3169 1941 3223 in-

2050 574 2157 631 lier
2183 595 2195 631 :
2225 578 2282 634 Si
2316 580 2600 639 Dominus
2633 603 2739 642 nos
2771 588 2940 645 vellet
2970 593 3252 664 occidere,
3307 574 3378 650 de
3437 594 3712 650 manibus

2053 668 2696 730 nostrisbolocaustum
2724 681 2778 731 et
2810 677 3130 737 libamenta
3164 699 3277 738 non
3309 685 3710 754 suscepisset:

2051 757 2149 810 sed
2186 757 2363 828 (Vulg.
2396 768 2535 816 tace:
2595 765 2722 836 sed)
2784 785 2886 822 nec
2949 771 3304 827 ostendisset
3366 772 3533 827 nobis
3587 773 3704 828 hinc

2050 845 2268 912 omnia,
2304 865 2492 920 neque
2524 867 2592 906 ea
2623 870 2748 924 qua:
2784 861 2924 912 sunt
2976 864 3238 930 ventura,
3299 860 3561 916 dixisset.
3625 862 3705 930 (C.

2050 933 2296 1004 XLVII.)
2331 937 2557 1009 Peperit
2590 941 2784 1014 itaque
2819 945 3027 1013 filium,
3090 953 3147 1003 et
3208 950 3428 1004 vocavit
3487 967 3699 1006 nomen

2049 1023 2176 1093 ejus
2206 1024 2476 1082 Samson.
2511 1033 2815 1102 Crevitque
2849 1051 3010 1106 puer,
3045 1041 3100 1090 et
3127 1038 3420 1092 benedixit
3477 1040 3525 1094 ei
3586 1039 3702 1094 Do-

2057 1112 2274 1167 minus.
2305 1114 2606 1188 Ccepitque
2639 1121 2886 1190 Spiritus
2923 1123 3152 1179 Domini
3187 1141 3315 1181 esse
3349 1143 3480 1181 cum
3514 1145 3579 1183 eo
3641 1128 3699 1182 in

2051 1202 2263 1257 castris
2297 1208 2414 1258 Dan
2451 1205 2601 1261 inter
2633 1208 2814 1265 Saraa
2846 1216 2901 1266 et
2932 1213 3192 1268 Esthaol.

2123 1289 2274 1361 (Cap.
2306 1292 2470 1366 XIV.)
2504 1298 2807 1354 Descendit
2837 1316 2973 1372 ergo
3007 1303 3252 1358 Samson
3285 1303 3343 1359 in
3405 1305 3705 1361 Thamna-

2053 1379 2170 1434 tha.
2207 1381 2543 1456 Vidensque
2569 1386 2646 1441 ibi
2681 1389 2982 1448 mulierem
3021 1392 3090 1446 de
3107 1391 3340 1448 ﬁliabus
3359 1393 3712 1462 Philisthim,

2052 1471 2319 1526 ascendit
2353 1477 2410 1526 et
2443 1474 2730 1530 nuntiavit
2763 1478 2910 1549 patri
2944 1496 3071 1547 suo,
3106 1486 3160 1536 et
3193 1481 3364 1536 matri
3397 1483 3580 1554 (Vulg.
3616 1484 3713 1539 ad-

2050 1557 2130 1611 dit
2163 1562 2329 1631 sum),
2366 1562 2610 1618 dicens:
2646 1565 2775 1620 Vidi
2813 1567 3120 1625 mulierem
3146 1570 3202 1624 in
3225 1571 3600 1628 Thamnatha
3641 1575 3712 1629 de

2050 1647 2287 1704 filiabus
2319 1650 2809 1710 Philisthinorum
2845 1676 2857 1723 ;
2893 1674 3072 1727 quam
3106 1677 3319 1729 quaeso,
3350 1666 3413 1715 ut
3441 1661 3584 1716 mihi
3608 1678 3707 1718 ac-

2047 1737 2278 1808 cipiatis
2313 1757 2574 1808 uxorem,
2636 1743 2738 1798 Cui
2774 1743 3045 1802 dixerunt
3077 1755 3242 1819 pater
3271 1754 3329 1805 et
3363 1756 3550 1806 mater
3573 1768 3710 1807 sua:

2049 1826 2322 1899 Nunquid
2363 1847 2475 1885 non
2508 1836 2598 1887 est
2621 1833 2904 1890 mulierin
2929 1836 3164 1894 filiabus
3193 1838 3710 1909 fratrumtuorum,

2055 1920 2113 1970 et
2145 1916 2203 1971 in
2235 1919 2394 1972 omni
2422 1920 2634 1991 populo
2667 1927 2764 1978 tuo
2798 1925 2837 1994 ¹,
2879 1924 3020 1995 quia
3048 1925 3134 1981 vis
3187 1926 3445 1998 accipere
3474 1945 3711 1985 uxorem

2055 2005 2125 2060 de
2158 2007 2516 2073 Philisthim,
2551 2011 2651 2082 qui
2687 2011 3082 2069 incircumcisi
3116 2022 3256 2072 sunt
3285 2017 3312 2070 ?
3338 2018 3416 2088 (C.
3441 2018 3711 2090 XLVIII.)

2055 2095 2320 2166 Dixitque
2351 2098 2596 2154 Samson
2630 2101 2700 2155 ad
2737 2107 2958 2172 patrem
2985 2121 3159 2159 suum
3193 2121 3204 2160 :
3240 2105 3400 2162 Hanc
3438 2107 3585 2162 mihi
3621 2125 3714 2164 ac-

2055 2185 2202 2257 cipe,
2233 2186 2370 2256 quia
2403 2187 2623 2259 placuit
2654 2191 2840 2246 oculis
2874 2194 3040 2248 meis.
3067 2199 3346 2250 Parentes
3370 2202 3563 2251 autem
3582 2199 3710 2268 ejus

2054 2274 2417 2331 occasionem
2451 2279 2606 2348 quod
2641 2295 2731 2335 res
2763 2297 2796 2336 a
2827 2280 3075 2338 Domino
3099 2281 3286 2349 ﬁeret,
3314 2289 3372 2338 et
3423 2293 3712 2356 quareret

2053 2362 2417 2419 occasionem
2451 2370 2653 2421 contra
2684 2367 3040 2424 Philisthim.
3095 2371 3170 2426 Eo
3228 2372 3384 2427 enim
3445 2378 3708 2445 tempore

2053 2451 2389 2508 Philistbim
2419 2455 2878 2512 dominabantur
2909 2459 3127 2514 Israeli.
3163 2460 3478 2516 Descendit
3510 2463 3710 2534 itaque

2051 2544 2296 2597 Samson
2329 2560 2460 2598 cum
2497 2549 2656 2615 patre
2687 2563 2792 2602 suo
2854 2552 2910 2603 et
2950 2553 3136 2604 matre
3208 2549 3265 2605 in
3318 2550 3712 2610 Thamnatha.

2051 2633 2315 2702 Cumque
2350 2634 2646 2690 venissent
2679 2635 2748 2690 ad
2777 2635 2974 2693 vineas
3004 2638 3226 2709 oppidi,
3251 2641 3520 2710 apparuit
3543 2646 3700 2697 catu-

2050 2718 2146 2775 lus
2173 2719 2357 2776 leonis
2389 2739 2594 2790 seevus,
2631 2725 2892 2796 rugiens,
2927 2731 2982 2780 et
3013 2728 3270 2782 occurrit
3301 2728 3706 2802 ei.(C.XLIX.)

2052 2809 2227 2864 Irruit
2249 2815 2441 2866 autem
2466 2811 2722 2884 Spiritus
2759 2814 2990 2870 Domini
3028 2816 3083 2870 in
3106 2821 3376 2885 Samson,
3402 2822 3458 2873 et
3489 2818 3706 2875 dilace-

2053 2899 2200 2953 ravit
2230 2898 2474 2968 leonem,
2510 2903 2677 2972 quasi
2711 2903 2943 2958 haedum
2992 2905 3050 2959 in
3107 2905 3293 2961 frusta
3343 2906 3702 2979 discerperet

2052 2989 2238 3058 (Vulg.
2276 2989 2659 3062 discerpens),
2694 2991 2839 3047 nihil
2866 2993 3106 3050 omnino
3140 2994 3361 3050 habens
3393 2995 3451 3050 in
3505 3013 3702 3067 manu,

2053 3081 2108 3132 et
2139 3078 2245 3133 hoc
2278 3082 2425 3150 patri
2455 3086 2510 3134 et
2541 3082 2712 3136 matri
2742 3081 2926 3138 noluit
2956 3082 3234 3140 indicare.
3276 3086 3618 3158 Descenditq
3634 3105 3703 3143 ue

2051 3171 2110 3246 et
2137 3167 2368 3224 locutus
2400 3174 2487 3224 est
2518 3169 2770 3240 mulieri,
2804 3189 2930 3244 qua;
2978 3173 3275 3244 placuerat
3315 3173 3502 3232 oculis
3550 3177 3700 3246 ejus.

287 3261 442 3334 quit,
476 3231 672 3316 sermo
704 3264 842 3313 tuus
861 3231 1052 3312 fuerit
1083 3255 1370 3326 expletus,
1404 3255 1542 3326 quid
1566 3231 1653 3310 vis
1685 3262 1749 3311 ut
1771 3231 1942 3312 faciat
1972 3231 2014 3297 (ἶ
2050 3244 2121 3311 Et
2152 3262 2279 3327 post
2309 3257 2534 3329 aliquot
2563 3260 2687 3315 dies
2730 3231 3026 3317 reverteris
3087 3267 3150 3318 ut
3207 3263 3493 3335 acciperet
3542 3231 3707 3335 eam,

284 3349 486 3424 puer?
522 3353 625 3404 aut
654 3366 687 3404 a
710 3363 826 3419 quo
857 3363 917 3403 se
976 3347 1288 3402 observare
1332 3345 1565 3400 debebit
1595 3345 1621 3398 ‘2
1672 3345 1943 3417 Dixitque

286 3440 546 3511 angelus
578 3437 813 3493 Domini
843 3437 913 3491 ad
943 3436 1154 3492 Manue
1176 3436 1288 3490 :Ab
1313 3435 1753 3505 omnibusque:
1782 3435 1944 3490 locu-

283 3538 386 3586 tus
420 3544 557 3585 sum
594 3525 760 3583 uxori
791 3529 924 3593 tuae,
959 3524 1252 3580 abstineat
1285 3539 1366 3593 se,
1392 3527 1447 3577 et
1478 3523 1766 3595 quidquid
1800 3541 1830 3578 e
1862 3524 1946 3578 vi-

289 3637 406 3675 nea
436 3615 724 3682 nascitur,
762 3632 873 3670 non
900 3614 1166 3670 comedat
1198 3631 1211 3668 :
1249 3612 1781 3668 vinumetsiceram
1829 3631 1944 3669 non

289 3710 481 3774 bibat,
507 3705 670 3761 nullo
702 3709 973 3760 vescatur
1004 3703 1334 3768 immundo,
1356 3706 1407 3757 et
1431 3703 1584 3773 quod
1601 3703 1650 3757 ei
1677 3702 1941 3773 praecepi,

285 3798 540 3871 impleat
561 3800 739 3866 atque
770 3793 1065 3849 custodiat
1119 3792 1391 3862 Dixitque
1421 3796 1633 3848 Manue
1665 3792 1734 3846 ad
1767 3807 1943 3864 ange-

282 3887 414 3943 lum
448 3885 682 3942 Domini
717 3901 728 3939 :
762 3885 1016 3939 Obsecro
1051 3887 1127 3946 te,
1180 3885 1245 3936 ut
1302 3880 1613 3952 aquiescas
1671 3881 1944 3953 precibus

284 3977 462 4046 meis,
498 3980 556 4031 et
590 3975 875 4029 faciamus
908 3971 1014 4027 tibi
1037 3971 1269 4026 haedum
1295 3970 1366 4026 de
1415 3970 1624 4042 capris.
1688 3970 1792 4025 Cui
1854 3987 1941 4024 re-

284 4066 535 4138 apondit
565 4061 850 4134 angelus:
888 4062 945 4116 Si
983 4077 1073 4115 me
1105 4060 1415 4132 cogis,non
1437 4060 1737 4114 comedam
1764 4076 1944 4130 panes

282 4160 464 4223 tuos;
502 4155 597 4210 sin
630 4143 824 4207 autem
857 4150 940 4205 vis
972 4150 1382 4206 holocaustum
1418 4148 1941 4216 facere,ofl'erillud

284 4245 561 4301 Domino.
598 4243 665 4296 Et
698 4240 995 4297 nesciebat
1026 4243 1231 4295 Manue
1265 4238 1421 4310 quod
1455 4237 1696 4309 angelus
1712 4237 1943 4293 Domini

282 4343 463 4391 esset.
497 4333 774 4404 Dixitque
808 4330 877 4386 ad
905 4346 1077 4385 cum:
1115 4329 1278 4392 Quod
1317 4332 1408 4384 est
1438 4327 1542 4382 tibi
1580 4343 1814 4397 nomen,
1858 4332 1942 4394 ut,

283 4424 333 4479 si
370 4440 564 4480 sermo
600 4426 735 4476 tuus
768 4419 946 4474 fuerit
973 4417 1260 4489 expletus,
1295 4417 1654 4472 honoremus
1704 4424 1754 4470 te
1789 4419 1807 4470 ἒ
1837 4418 1942 4472 Cui

286 4512 390 4569 ille
420 4511 725 4582 respondit
758 4527 770 4564 :
795 4509 910 4564 Cur
934 4507 1172 4579 quaertis
1198 4522 1408 4560 nomen
1445 4521 1661 4572 meum,
1683 4507 1836 4576 quod
1857 4510 1944 4560 est

2055 3345 2370 3400 declinavit
2404 3353 2468 3402 ut
2499 3347 2718 3404 videret
2747 3350 2993 3406 cadaver
3023 3349 3230 3419 leonis,
3263 3357 3320 3408 et
3366 3368 3496 3409 ecce
3554 3371 3694 3410 exa-

2055 3451 2188 3490 men
2223 3453 2398 3506 apum
2432 3437 2489 3492 in
2523 3455 2621 3494 ore
2643 3437 2828 3494 leonis
2857 3444 2982 3495 erat
3001 3457 3066 3495 ac
3100 3440 3492 3497 favusmellis.
3523 3444 3705 3509 Quem

2056 3541 2190 3579 cum
2225 3525 2549 3598 sumpisset
2600 3527 2659 3582 in
2714 3528 3012 3593 manibus,
3059 3532 3399 3587 comedebat
3458 3533 3517 3586 in
3577 3533 3707 3588 via:

2055 3615 2409 3687 veniensque
2439 3617 2511 3671 ad
2543 3622 2769 3688 patrem
2803 3635 2972 3673 suum
3010 3625 3066 3674 et
3099 3625 3370 3688 matrem,
3404 3621 3564 3676 dedit
3625 3621 3711 3678 eis

2050 3709 2298 3775 partem,
2334 3705 2520 3776 quiet
2569 3706 2683 3778 ipsi
2743 3709 3145 3777 comederunt,
3208 3725 3312 3765 nec
3372 3713 3568 3766 tamen
3622 3711 3708 3766 eis

2053 3793 2235 3849 voluit
2264 3793 2520 3850 indicare
2547 3797 2701 3866 quod
2739 3796 2852 3852 mel
2877 3798 2948 3853 de
2979 3814 3220 3870 corpore
3254 3797 3438 3854 leonis
3475 3815 3709 3855 assum-

2056 3883 2258 3954 pserit.
2293 3883 2603 3939 Descendit
2633 3884 2831 3956 itaque
2863 3890 3026 3957 pater
3056 3887 3184 3957 ejus
3201 3888 3270 3942 ad
3294 3887 3624 3955 mulierem,
3649 3893 3706 3943 et

2055 3971 2189 4027 fecit
2219 3971 2337 4026 ﬁlio
2369 3989 2474 4027 suo
2507 3973 2754 4029 Samson
2788 3975 3134 4030 convivium.
3168 3974 3258 4030 Sic
3281 3976 3434 4030 enim
3459 3977 3708 4046 juvenes

2054 4062 2241 4116 facere
2273 4068 2714 4116 consueverant.
2753 4063 2897 4117 Dum
2935 4063 3115 4133 igitur
3163 4064 3318 4118 cives
3377 4063 3487 4119 loci
3548 4064 3710 4120 illius

2053 4150 2336 4205 vidissent
2365 4166 2518 4218 eum,
2553 4151 2840 4206 dederunt
2871 4151 2922 4206 ei
2979 4151 3214 4207 sodales
3273 4152 3534 4224 triginta,
3599 4153 3707 4225 qui

2053 4244 2252 4294 essent
2281 4255 2414 4294 cum
2442 4255 2528 4294 eo.
2563 4240 2786 4302 Quibus
2809 4239 3040 4295 locutus
3075 4245 3163 4296 est
3216 4243 3502 4296 Samson:
3565 4241 3707 4296 Pro-

2054 4344 2267 4400 ponam
2298 4329 2462 4383 vobis
2495 4328 2834 4399 problema:
2868 4329 3021 4400 quod
3056 4329 3103 4384 si
3137 4328 3427 4385 solveritis
3456 4329 3593 4384 mihi
3623 4329 3708 4384 in-

2055 4422 2144 4472 tra
2174 4421 2398 4488 septem
2431 4417 2554 4472 dies
2589 4417 2865 4488 convivii,
2901 4418 3229 4474 dabovobis
3247 4418 3489 4490 triginta
3508 4418 3706 4474 sindo-

2055 4523 2158 4561 nes
2189 4513 2246 4561 et
2275 4506 2519 4561 totidem
2569 4506 2842 4562 tunicas:
2879 4507 2970 4562 sin
3002 4511 3196 4562 autem
3232 4524 3346 4561 non
3394 4507 3705 4578 potueritis

295 4601 560 4656 mirabile
584 4599 612 4653 ‘I
642 4598 802 4653 Tulit
834 4598 1028 4668 itaque
1061 4600 1268 4651 Manue
1292 4594 1526 4649 haedum
1563 4594 1632 4648 de
1655 4594 1868 4664 capris,
1891 4598 1947 4648 et
1977 4604 2024 4668 D
2057 4595 2298 4662 solvere,
2333 4611 2430 4650 vos
2463 4593 2682 4651 dabitis
2717 4595 3121 4667 mihiltriginta
3143 4596 3445 4666 sindones,
3475 4606 3527 4652 et
3551 4597 3704 4667 ejus-

291 4688 636 4758 libamenta,
670 4693 722 4742 et
741 4684 1127 4758 posuittsupcr
1149 4689 1391 4755 petram,
1409 4683 1939 4754 offerensDomino,

294 4779 395 4849 qui
428 4779 564 4833 facit
595 4774 921 4831 mirabilia:
959 4773 1083 4844 ipse
1114 4777 1309 4826 autem
1334 4777 1389 4826 et
1425 4788 1567 4826 uxor
1597 4772 1723 4840 ejus
1754 4770 1943 4825 intue-

294 4868 527 4924 bantur.
562 4866 818 4936 Cumque
852 4862 1192 4918 ascenderet
1217 4860 1456 4916 ilamma
1479 4859 1681 4916 altaris
1712 4859 1772 4914 in
1831 4877 1944 4915 cce—

300 4955 439 5028 lum,
471 4954 717 5028 angelus
751 4952 980 5008 Domini
1011 4951 1070 5006 in
1105 4951 1339 5006 flamma
1375 4949 1594 5020 pariter
1651 4949 1938 5006 ascendit.

295 5045 451 5108 Quod
483 5061 617 5102 cum
647 5044 938 5099 vidissent
995 5046 1202 5097 Manus
1255 5048 1311 5095 et
1370 5057 1517 5095 uxor
1567 5039 1718 5110 ejus,
1777 5040 1942 5111 proni

305 5136 634 5192 ceciderunt
661 5133 719 5188 in
774 5138 1010 5199 terram,
1063 5136 1119 5186 et
1162 5129 1315 5185 ultra
1355 5129 1439 5184 eis
1501 5144 1615 5184 non
1673 5130 1944 5201 apparuit

308 5225 540 5298 angelus
578 5221 830 5278 Domini.
865 5220 1195 5292 Statimque
1227 5218 1514 5274 intellexit
1543 5224 1752 5275 Manue
1773 5234 1946 5290 ange-

301 5313 425 5370 lum
457 5331 585 5371 esse
620 5311 874 5380 Domini,
909 5315 965 5365 et
998 5310 1144 5365 dixit
1173 5311 1240 5365 ad
1265 5326 1498 5367 uxorem
1531 5325 1700 5367 suam
1731 5313 1944 5364 :Morte

372 5488 385 5520 ¹
418 5486 499 5541 lta
525 5487 721 5540 Canon
752 5485 808 5537 et
841 5496 984 5535 mss.
1016 5496 1190 5551 quam
1209 5478 1405 5551 plures
1434 5478 1944 5548 Latinizidemque

301 5573 618 5628 pronomen
638 5553 922 5632 secundae
946 5567 1204 5632 persona:
1224 5551 1431 5632 retinet
1453 5552 1650 5632 Syrus,
1685 5551 1940 5632 etArabs

305 5623 602 5700 interpres.
637 5625 792 5681 Editi
813 5624 1011 5696 legunt
1034 5625 1197 5695 juxta
1226 5623 1554 5692 Hebraeum,
1590 5624 1649 5678 in
1681 5625 1939 5694 omnipo-

288 5703 418 5772 pulo
445 5716 580 5760 meo.
614 5703 803 5757 MART.

2055 4687 2187 4740 dem
2221 4687 2451 4740 numeri
2481 4685 2731 4740 tunicas.
2765 4687 2848 4755 (C.
2883 4687 2969 4755 L.)
3001 4684 3109 4750 Qui
3142 4687 3564 4755 responderunt
3608 4685 3699 4741 ei:

2052 4776 2314 4848 Propone
2346 4775 2664 4846 problema,
2699 4780 2761 4829 ut
2792 4776 3124 4832 audiamus.
3159 4775 3424 4847 Dixitque
3457 4775 3541 4831 eis
3577 4793 3590 4829 :
3627 4781 3706 4830 De

2053 4866 2392 4921 comedente
2423 4864 2596 4920 exivit
2626 4864 2814 4932 cibus,
2849 4870 2903 4920 et
2930 4865 3000 4920 de
3033 4865 3165 4920 forti
3197 4881 3434 4937 egressa
3465 4871 3554 4921 est
3575 4865 3710 4920 dul-

2053 4955 2210 5011 cedo.
2272 4955 2384 5010 Nec
2417 4958 2736 5026 potuerunt
2769 4970 2871 5025 per
2902 4958 3020 5009 tres
3055 4955 3180 5010 dies
3239 4954 3704 5027 propositionem

2052 5044 2290 5102 solvere.
2323 5043 2584 5114 Cumque
2609 5044 2842 5098 adesset
2870 5043 2996 5099 dies
3021 5043 3328 5115 septimus,
3348 5042 3703 5098 dixeruntad

2051 5151 2285 5189 uxorem
2319 5133 2563 5188 Samson
2596 5150 2608 5188 :
2643 5132 2916 5187 Blandire
2951 5132 3069 5188 viro
3105 5138 3224 5200 tuo,
3261 5135 3317 5186 et
3340 5131 3523 5187 suade
3555 5130 3606 5184 ei
3639 5135 3702 5184 ut

2051 5223 2266 5278 indicet
2298 5223 2401 5276 tibi
2436 5221 2576 5293 quid
2613 5221 2905 5293 significet
2937 5220 3240 5294 problema
3271 5222 3309 5275 ³.
3336 5220 3498 5284 Quod
3530 5218 3579 5274 si
3614 5219 3705 5272 fa-

2051 5329 2179 5368 cere
2208 5310 2487 5381 nolueris,
2519 5309 2904 5366 incendemus
2936 5316 3011 5379 te,
3038 5316 3095 5367 et
3126 5311 3366 5366 domum
3381 5308 3566 5379 patris
3597 5307 3703 5362 tui.

2122 5505 2190 5515 —
2225 5471 2474 5528 Urbinas
2504 5489 2614 5529 ms.
2649 5487 2781 5528 cum
2812 5471 3084 5538 Vulgatis
3115 5470 3316 5542 populo
3363 5484 3479 5524 meo
3561 5467 3708 5543 legit

2052 5564 2156 5620 pro
2172 5551 2317 5620 tuo:
2352 5546 2529 5620 idque
2562 5545 2779 5598 rectius
2811 5545 2881 5620 ad
2917 5543 3244 5620 Hebraeum.

2121 5619 2142 5652 ²
2171 5618 2233 5673 In
2262 5618 2369 5673 hoc
2399 5612 2537 5671 etin
2583 5615 2849 5687 sequenti
2887 5613 3196 5687 versiculo
3255 5613 3450 5687 canon
3513 5612 3698 5687 Hebr,

2051 5689 2215 5748 verit.
2249 5705 2459 5748 nomen
2478 5683 2756 5760 probleina
2787 5686 3072 5758 scriptum
3102 5683 3351 5742 habetin
3373 5683 3693 5743 textulittea
