3982 6178
389 307 497 363 575

1428 309 1486 363 S.
1531 311 1934 368 HIERONYMI
1973 316 2227 372 DIVINA
2261 321 2756 376 BIBLIOTHECA.
3665 319 3757 375 576

387 436 472 490 An
502 433 720 490 idcirco
752 449 858 489 nos
880 432 1134 489 vocastis
1169 431 1238 486 ad
1273 431 1532 504 nuptias,
1567 436 1629 488 ut
1660 433 1992 506 spoliaretis
2013 437 2040 492 ‘?
2068 447 2121 514 Α
2155 442 2443 510 venimus,
2474 449 2531 500 et
2561 445 2867 501 traderem
2895 460 3107 500 manus
3136 441 3625 500 philisthiuomm,
3646 443 3764 508 Qui.

389 525 523 588 Qua;
559 523 838 579 fundebat
870 521 1021 594 apud
1050 521 1298 578 Samson
1351 520 1665 595 Iacrymas,
1715 529 1772 580 et
1829 541 2037 596 quere-

389 615 568 670 batur
597 613 834 670 dicens:
867 611 1048 668 Odisti
1096 628 1207 677 me,
1242 616 1299 668 et
1349 630 1462 668 non
1522 613 1722 687 diligis
1758 631 1770 669 :
1822 616 2040 672 idcirco

391 704 714 776 problema,
748 703 900 773 quod
936 701 1292 773 proposuisti
1323 702 1458 757 filiis
1483 702 1682 775 pOpuli
1741 704 1876 772 mei,
1923 722 2038 760 non

389 792 474 847 vis
507 791 650 846 mihi
683 806 990 862 exponere.
1024 793 1096 846 At
1130 790 1227 845 ille
1246 792 1548 863 respondit
1592 809 1604 847 :
1641 794 1795 849 Patri
1823 809 1952 850 meo
1983 801 2041 850 et

392 881 562 936 matri
598 880 755 936 nolui
791 880 1005 947 dicere,
1041 883 1096 936 ct
1127 881 1232 935 tibi
1257 879 1514 936 indicare
1537 882 1781 953 potero_?
1803 883 2036 955 Septem

387 971 568 1042 igitur
597 971 806 1026 diebus
831 969 1078 1025 convivii
1106 971 1280 1024 ﬂebat
1304 969 1456 1042 apud
1483 970 1662 1042 (Vulg.
1687 975 1844 1041 ante)
1870 989 2034 1028 eum:

389 1064 746 1134 tandemque
777 1061 870 1115 die
902 1060 1150 1132 septimo
1174 1078 1305 1116 cum
1342 1062 1390 1116 ei
1411 1061 1656 1118 molesta
1673 1068 2036 1134 nsset,expo-

389 1152 524 1209 suit.
559 1152 697 1216 Quae
745 1149 945 1206 statim
996 1149 1274 1205 indicavit
1331 1150 1558 1206 civibus
1621 1151 1766 1210 suis.
1831 1156 1895 1207 Et
1950 1152 2036 1207 illi

389 1241 662 1298 dixerunt
684 1240 734 1296 ei
763 1239 855 1294 die
887 1241 1137 1311 septimo
1160 1243 1292 1294 ante
1314 1239 1455 1295 solis
1485 1240 1817 1296 accubitum
1849 1242 2032 1310 :Quid

392 1329 624 1386 dulcius
658 1327 848 1396 melle,
881 1333 938 1383 et
977 1328 1519 1399 quidleonefoitius
1545 1329 1683 1393 .PQui
1708 1331 1875 1386 aitad
1899 1349 2031 1386 eos:

389 1419 447 1476 Si
483 1435 593 1474 non
641 1417 914 1472 arassetis
946 1416 1005 1472 in
1056 1416 1234 1472 vitula
1284 1434 1434 1484 mea,
1489 1435 1603 1473 non
1659 1417 2035 1475 invenissetis

391 1507 847 1582 propositionem
883 1522 1092 1562 meam.
1128 1506 1304 1562 Irruit
1333 1506 1532 1578 itaque
1577 1508 1636 1562 in
1667 1525 1802 1564 eum
1853 1508 2034 1579 Spiri-

388 1603 487 1654 tus
517 1596 768 1666 Domini,
796 1596 1212 1668 descenditque
1239 1595 1606 1664 Ascalonem,
1641 1603 1698 1653 et
1744 1599 2036 1671 percussit

390 1687 469 1742 ibi
501 1687 743 1759 triginta
773 1685 948 1742 viros.
983 1687 1241 1751 Quorum
1275 1685 1498 1741 ablatas
1529 1691 1716 1742 vestes
1747 1687 1908 1742 dedit
1959 1686 2034 1742 iis

389 1777 489 1848 qui
523 1775 820 1849 problema
845 1773 1159 1832 solverant.
1194 1778 1505 1846 Iratusque
1536 1771 1715 1830 nimis
1766 1777 2034 1832 ascendit

390 1868 448 1922 in
474 1869 707 1922 domum
742 1865 924 1937 patris
947 1864 1037 1919 sui
1063 1882 1076 1920 :
1104 1881 1248 1919 uxor
1277 1869 1472 1920 autem
1504 1866 1632 1935 ejus
1665 1865 2034 1938 accepitma-

392 1957 568 2013 ritum
606 1972 787 2011 unum
817 1954 888 2009 de
918 1953 1124 2010 amicis
1153 1954 1282 2025 cjus
1312 1959 1368 2009 et
1397 1955 1702 2026 pronuhis.

463 2045 795 2118 [Cap.XV.]
854 2044 990 2099 Post
1048 2043 1414 2115 aliquantum
1472 2050 1669 2100 autem
1730 2044 2032 2116 temporis,

394 2152 526 2192 cum
561 2135 683 2190 dies
717 2134 957 2189 triticeas
993 2132 1204 2188 messis
1234 2133 1540 2198 instarent,
1562 2133 1718 2188 venit
1761 2134 2034 2202 Samson,

393 2223 647 2278 invisere
682 2220 879 2276 volens
912 2238 1148 2276 uxorem
1185 2238 1372 2288 suam,
1405 2225 1462 2276 et
1491 2221 1692 2277 attulit
1722 2221 1773 2277 ei
1807 2223 2035 2278 haedum

393 2312 465 2368 de
493 2311 707 2383 capris.
739 2310 1002 2381 Cumque
1031 2309 1372 2365 cubiculum
1404 2312 1530 2381 ejus
1562 2311 1736 2368 solito
1767 2310 2038 2367 velletin-

393 2405 568 2467 trare,
604 2399 906 2472 prohibuit
937 2416 1070 2454 eum
1120 2404 1285 2471 pater
1335 2398 1492 2454 illius
1546 2399 1784 2456 dicens:
1835 2401 2038 2457 Putavi

395 2490 550 2562 quod
585 2489 810 2545 odisses
840 2505 990 2558 eam,
1021 2494 1078 2544 et
1110 2489 1238 2545 ideo
1271 2489 1482 2544 tradidi
1514 2488 1672 2546 illam
1694 2491 1880 2546 amico
1901 2498 2039 2548 tuo:

400 2579 501 2636 sed
527 2577 702 2634 habet
725 2595 1008 2649 sororem,
1040 2594 1168 2650 quae
1190 2578 1394 2649 junior
1409 2583 1466 2634 et
1491 2577 1790 2651 pulchrior
1811 2580 1909 2637 illa
1926 2585 2038 2650 est,

396 2669 475 2724 sit
505 2668 610 2722 tibi
644 2684 746 2740 pro
779 2683 846 2722 ea
897 2684 1059 2723 uxor.
1092 2667 1197 2724 Cui
1257 2669 1558 2741 respondit
1612 2669 1896 2726 Samson:
1959 2672 2038 2726 Ab

397 2756 509 2812 hac
539 2755 632 2812 die
667 2773 778 2812 non
801 2756 911 2811 erit
932 2757 1107 2829 culpa
1136 2756 1195 2812 in
1255 2774 1348 2813 me
1388 2761 1592 2813 contra
1620 2757 1992 2815 Pbilisthzeos
2025 2777 2038 2816 :

397 2845 607 2901 faciam
640 2845 796 2900 enim
832 2845 994 2902 vobis
1028 2844 1202 2901 mala.
1236 2845 1473 2920 (C..LI.)
1531 2846 1926 2918 Perrexitque,
1986 2855 2042 2904 et

398 2935 553 3008 cepit
609 2939 900 2991 trecentas
918 2934 1138 3008 vulpes,
1177 2936 1507 3005 caudasque
1528 2952 1730 2992 earum
1753 2937 2041 3007 junxit_ad

401 3025 643 3092 caudas,
676 3033 730 3080 et
761 3024 918 3080 faces
948 3023 1153 3098 ligavit
1183 3025 1242 3081 in
1276 3025 1502 3082 medio:
1538 3043 1686 3098 quas
1720 3026 1853 3098 igne
1913 3043 2038 3082 suc-

397 3113 675 3182 cendens,
693 3112 1020 3180 dimisit,ut
1050 3113 1163 3168 huc
1189 3112 1445 3186 illucque
1466 3113 1880 3171 discurrerent.
1906 3115 2039 3178 Quae

2064 1826 2112 1891 B

2151 530 2262 588 bus
2295 535 2597 605 respondit
2623 548 2871 590 Samson
2897 551 2910 591 :
2941 535 3169 600 Jurate,
3201 537 3259 589 et
3309 533 3580 604 spondete
3632 534 3760 589 mihi

2150 624 2306 692 quod
2340 640 2454 678 non
2484 640 2576 679 me
2604 623 2907 680 occidatis.
2970 623 3285 680 Dixerunt:
3319 621 3439 676 Non
3470 625 3523 677 te
3558 623 3760 678 occide-

2151 725 2306 780 mus,
2339 712 2439 766 sed
2471 711 2734 767 vinctum
2771 712 3093 767 trademus.
3138 711 3594 782 Ligaveruntque
3637 727 3754 766 eum

2149 801 2382 857 duobus
2414 802 2579 857 novis
2610 802 2876 869 funibus,
2910 806 2968 856 et
2995 799 3258 856 tulerunt
3286 801 3354 854 de
3387 805 3546 870 petra
3590 798 3758 854 Etam.

2149 890 2256 954 Qui
2289 907 2423 946 cum
2453 891 2705 947 venisset
2735 892 2806 946 ad
2839 891 3034 946 locum
3069 888 3333 953 Maxillae,
3365 894 3420 942 et
3453 886 3754 942 Philisthim

2145 979 2532 1036 vociferantes
2563 981 2954 1036 occurrissent
2983 979 3056 1047 ei,
3084 978 3254 1032 irruit
3283 975 3529 1048 Spiritus
3551 975 3758 1032 Domini

2147 1068 2204 1124 in
2237 1087 2372 1125 eum
2405 1088 2418 1126 :
2451 1077 2510 1125 et
2539 1070 2694 1125 sicut
2725 1069 2916 1124 solent
2943 1069 3014 1123 ad
3049 1068 3283 1122 odorem
3319 1065 3469 1137 ignis
3500 1063 3612 1120 lina
3635 1082 3759 1121 con-

2146 1158 2324 1226 sumi,
2344 1159 2421 1214 ita
2439 1157 2670 1214 vincula
2690 1159 2906 1228 quibus
2928 1155 3147 1229 ligatus
3168 1159 3312 1222 erat,
3347 1153 3622 1225 dissipata
3639 1159 3762 1209 sunt

2145 1252 2201 1304 et
2229 1247 2438 1304 soluta.
2466 1249 2543 1319 (C.
2577 1248 2721 1318 LII.)
2753 1247 3175 1316 lnventamque
3219 1243 3532 1309 maxillam,
3566 1245 3616 1297 id
3664 1255 3764 1310 est,

2145 1337 2550 1393 mandibulam
2581 1336 2754 1403 asini,
2790 1353 2915 1406 quze
2950 1335 3194 1401 iacebat,
3217 1331 3522 1404 arripiens,
3545 1331 3758 1387 interfe-

2143 1427 2222 1481 cit
2253 1427 2311 1481 in
2343 1443 2410 1482 ea
2441 1425 2602 1480 mille
2631 1425 2806 1494 viros,
2837 1428 2894 1479 et
2923 1425 3006 1478 ait
3033 1439 3046 1476 :
3083 1422 3146 1477 In
3203 1419 3440 1476 maxilla
3496 1419 3656 1489 asini,
3714 1422 3762 1474 in

2143 1514 2488 1572 mandibula
2518 1513 2663 1586 pulli
2721 1513 3062 1578 asinarum,
3096 1509 3280 1566 delevi
3313 1526 3430 1578 eos,
3448 1514 3503 1564 et
3530 1511 3763 1582 percussi

2143 1605 2303 1660 mille
2333 1605 2507 1660 viros.
2540 1603 2804 1674 Cumque
2826 1602 2948 1656 haec
2975 1602 3150 1656 verba
3179 1615 3394 1656 canens
3414 1598 3760 1670 complesset,

2141 1693 2389 1766 projecit
2419 1692 2825 1748 mandibulam
2859 1693 2930 1746 de
2963 1707 3167 1756 manu,
3198 1694 3257 1745 et
3305 1687 3523 1744 vocavit
3568 1703 3758 1742 nomen

2142 1780 2255 1837 loci
2272 1780 3063 1850 illiusRamath-Lehi,quod
3088 1779 3502 1850 interpretatur
3539 1775 3758 1831 elevatio

2143 1869 2414 1936 maxillas,
2447 1869 2780 1940 Sitiensque
2813 1867 2999 1936 valde,
3025 1865 3300 1922 clamavit
3330 1865 3399 1920 ad
3443 1865 3754 1932 Dominum,

2143 1963 2200 2014 et
2229 1959 2346 2014 ait:
2380 1959 2466 2025 Tu
2499 1958 2712 2014 dedisti
2745 1958 2803 2012 in
2837 1973 3013 2012 manu
3048 1955 3202 2012 servi
3234 1955 3317 2010 tui
3351 1953 3592 2010 salutem
3618 1953 3752 2007 hanc

2145 2048 2463 2104 maximam
2495 2054 2672 2120 atque
2700 2047 3036 2103 victoriam:
3071 2052 3130 2100 et
3157 2061 3230 2100 en
3263 2044 3361 2100 siti
3395 2041 3756 2111 uiorior,inci-

2145 2137 2403 2208 demque
2423 2135 2480 2191 in
2507 2153 2716 2191 manus
2733 2134 3308 2191 incircumcisorum.
3331 2132 3566 2205 Aperuit
3586 2129 3761 2202 itaque

2146 2226 2430 2282 Dominus
2480 2225 2758 2280 molarem
2810 2225 3046 2280 dentem
3097 2222 3156 2277 in
3216 2221 3451 2278 maxilla
3504 2220 3662 2283 asini,
3713 2226 3759 2272 et

2145 2331 2393 2388 egressa:
2425 2318 2565 2370 sunt
2594 2329 2662 2370 ex
2695 2329 2761 2369 eo
2794 2329 2979 2386 aquae.
3011 2312 3239 2374 Quibus
3279 2310 3526 2375 haustis,
3557 2306 3759 2364 refocil-

2146 2404 2283 2460 lavit
2314 2403 2611 2475 spiritum,
2643 2407 2700 2458 et
2720 2403 2874 2457 vires
2907 2400 3144 2471 recepit.
3177 2399 3398 2456 Idcirco
3427 2397 3755 2469 appellatum

2147 2499 2238 2550 est
2268 2509 2479 2549 nomen
2508 2491 2618 2548 loci
2648 2490 2831 2560 illius,
2856 2491 2989 2545 fons
3018 2489 3348 2546 invocantis
3407 2489 3477 2545 de
3529 2483 3758 2547 maxilla,

2150 2600 2337 2656 usque
2367 2587 2422 2639 in
2460 2587 2802 2653 praesentem
2835 2580 3010 2636 diem.
3043 2579 3452 2650 Judicavitque
3501 2573 3660 2632 Israel
3712 2575 3760 2626 in

2149 2673 2360 2728 diebus
2391 2669 2731 2725 Philisthim
2765 2668 2974 2740 viginti
3006 2668 3200 2723 annis.

2221 2763 2378 2834 (Cap.
2405 2759 2572 2827 XVI.)
2603 2758 2756 2814 Abiit
2784 2774 3020 2830 quoque
3054 2757 3108 2812 in
3143 2757 3384 2823 Gazam,
3415 2763 3471 2811 et
3514 2751 3648 2808 vidit
3692 2748 3760 2805 ibi

2152 2849 2521 2907 meretricem
2556 2847 2884 2914 mulierem,
2929 2846 3320 2917 ingressuque
3375 2850 3462 2900 est
3515 2843 3579 2897 ad
3626 2855 3758 2896 eam.

2151 2939 2312 3004 Quod
2346 2954 2481 2993 cum
2515 2936 2820 2992 audissent
2863 2934 3226 3003 Philisthim,
3258 2940 3316 2990 et
3373 2929 3764 3006 percrebuisset

2153 3027 2308 3098 apud
2339 3043 2461 3092 eos,
2489 3025 2742 3082 intrasse
2777 3025 2982 3081 urbem
3006 3027 3257 3093 Sanson,
3281 3020 3766 3080 circumdederunt

2153 3133 2313 3182 eum,
2329 3114 2533 3188 positis
2557 3113 2616 3169 in
2643 3120 2807 3180 porta
2829 3113 3087 3169 civitatis
3105 3112 3478 3168 custodibus:
3501 3116 3556 3166 et
3577 3107 3768 3163 ibitota

399 3202 598 3257 statim
640 3207 1018 3272 perrexerunt
1049 3203 1106 3257 in
1129 3209 1352 3275 segetes
1371 3203 2039 3269 Philisthinorum.Qui-
2072 3194 2114 3260 C
2154 3211 2321 3261 nocte
2371 3221 2506 3260 cum
2555 3203 2786 3259 silentio
2828 3201 3264 3274 praestolantes,
3299 3208 3364 3256 ut
3421 3202 3566 3256 facto
3620 3209 3768 3251 mane

402 3291 515 3346 bus
546 3291 863 3359 succensis,
897 3295 954 3365 et
984 3297 1358 3364 comportatze
1381 3293 1506 3363 jam
1534 3293 1752 3365 fruges,
1778 3299 1834 3350 et
1855 3294 2046 3350 adhuc

404 3384 628 3436 stantes
657 3380 714 3434 in
748 3380 989 3452 stipula,
1020 3387 1399 3437 concrematas
1430 3387 1593 3451 sunt,
1625 3383 1684 3438 in
1707 3387 1956 3450 tantum,
1982 3389 2047 3438 ut

403 3468 606 3524 vineas
640 3486 874 3541 quoque
904 3474 961 3524 et
991 3469 1200 3525 oliveta
1220 3469 1457 3526 ﬂamma
1471 3476 1858 3526 consumeret.
1889 3473 2048 3526 Dixe-

408 3565 670 3630 runtque
701 3558 1081 3614 Philisthim:
1117 3561 1260 3626 Quis
1293 3559 1428 3616 fecit
1457 3560 1607 3616 hanc
1639 3577 1759 3616 rem
1781 3559 2046 3624 7Quibus

404 3648 624 3704 dictum
654 3657 740 3705 est
766 3649 1043 3705 :Samson
1067 3665 1244 3722 gener
1271 3649 1676 3706 Thamnathaai
1701 3666 1714 3706 :
1749 3649 1888 3722 quia
1911 3647 2049 3704 tulit

406 3754 646 3794 uxorem
679 3739 830 3808 ejus,
865 3743 919 3792 rt
950 3737 1110 3793 alteri
1136 3739 1394 3806 tradidit,
1428 3738 1549 3794 hazc
1602 3744 1874 3811 operatus
1931 3743 2041 3795 est.

404 3827 928 3900 Ascenderuntque
964 3827 1320 3896 Pbilistbim,
1354 3832 1410 3884 et
1443 3828 1897 3884 comlmsserunt
1926 3833 2042 3884 tam

408 3916 714 3973 mulierem
748 3934 923 3990 quam
959 3921 1179 3990 patrem
1215 3918 1363 3989 ejus.
1392 3917 1614 3982 Quibus
1645 3919 1726 3974 ait
1753 3923 1999 3974 Samson
2031 3934 2043 3974 :

409 4007 567 4062 Licet
597 4006 717 4062 haec
753 4006 1022 4075 feceritis,
1046 4011 1240 4063 tamen
1275 4006 1468 4064 adhuc
1499 4024 1565 4063 ex
1593 4007 1756 4063 vobis
1783 4010 2045 4079 expetam

412 4096 717 4164 ultionem,
746 4102 800 4152 et
834 4102 971 4152 tunc
1003 4098 1325 4168 quiescam.
1357 4097 1769 4168 Percussitque
1801 4113 1900 4153 eos
1967 4097 2052 4153 in-

410 4186 570 4257 genti
587 4186 778 4257 plaga,
799 4186 880 4241 ita
900 4192 961 4240 ut
984 4191 1292 4256 stupentes
1317 4203 1518 4242 suram
1543 4187 1771 4253 femori,
1788 4190 1863 4242 im
1876 4202 2052 4258 pone-

409 4279 556 4330 rent.
592 4274 658 4329 Et
686 4275 1046 4330 descendens
1099 4274 1382 4331 habitavit
1411 4273 1469 4330 In
1528 4275 1811 4348 spelunca
1875 4280 2054 4347 petrae

410 4362 596 4417 Etam.
628 4363 815 4434 Igitur
844 4363 1228 4420 ascendentes
1259 4363 1591 4420 Philisthim
1626 4364 1681 4419 in
1715 4368 1926 4420 terram
1949 4364 2053 4421 Ju-

411 4452 508 4519 da,
540 4453 935 4508 castrametati
970 4457 1130 4520 sunt,
1162 4455 1221 4510 in
1253 4453 1378 4510 loco
1407 4453 1505 4525 qui
1556 4459 1758 4525 postea
1813 4459 2055 4510 vocatus

410 4551 498 4598 est
530 4542 689 4608 Lehi,
722 4541 778 4596 id
811 4550 916 4609 est,
947 4542 1205 4608 maxilla,
1233 4543 1328 4597 ubi
1353 4559 1556 4598 eorum
1588 4548 1678 4598 est
1699 4541 1866 4598 fusus
1887 4559 2050 4598 exer-

412 4629 583 4685 citus.
634 4629 1031 4703 Dixeruntque
1079 4631 1148 4686 ad
1200 4647 1300 4687 eos
1364 4631 1436 4686 de
1492 4630 1646 4686 tribu
1705 4631 1900 4687 Juda:
1937 4631 2054 4686 Cur

407 4720 758 4776 ascendistis
779 4721 1084 4776 adversum
1119 4737 1225 4776 nos
1249 4723 1272 4776 Ρ
1299 4721 1405 4786 Qui
1465 4721 1927 4792 responderunt:
1980 4719 2052 4776 Ut

409 4807 662 4882 ligemus
695 4811 963 4877 Samson,
993 4811 1281 4876 venimus,
1313 4817 1370 4866 et
1401 4810 1718 4866 reddamus
1753 4811 1802 4866 ei
1835 4827 1960 4882 que
1994 4809 2050 4864 in

409 4916 516 4955 nos
547 4907 822 4971 operatus
851 4905 961 4955 est.
997 4901 1430 4956 Descenderunt
1458 4916 1595 4970 ergo
1627 4899 1741 4956 tria
1763 4898 1943 4954 millia
1970 4898 2051 4953 vi-

408 5005 607 5044 rorum
642 4989 918 5044 deJuada
940 4989 1011 5043 ad
1045 5005 1284 5062 specum
1319 4989 1504 5044 silicis
1533 4989 1719 5053 Etam,
1753 4987 2054 5042 dixerunt-

409 5093 521 5148 que
552 5078 620 5132 ad
644 5081 890 5133 Samson
919 5097 932 5135 :
964 5079 1164 5136 Nescis
1198 5078 1352 5150 quod
1385 5077 1719 5134 Philisthim
1766 5078 2056 5148 imperent

409 5167 579 5224 nobis
601 5168 630 5224 ‘f
659 5185 843 5240 quare
874 5169 981 5225 hoc
1004 5169 1192 5224 facere
1224 5168 1457 5224 voluisti
1493 5169 1516 5222 Ρ
1571 5166 1796 5234 Quibus
1820 5164 1914 5220 ille
1935 5165 2050 5220 ait:

409 5257 571 5313 Sicut
604 5259 866 5314 fecerunt
898 5257 1064 5326 mihi,
1099 5259 1205 5313 feci
1239 5259 1342 5313 eis.
1379 5257 1607 5329 Ligare,
1640 5256 1941 5327 inquiunt,
2000 5260 2056 5308 te

411 5437 492 5492 ris
517 5438 755 5514 Graecis,
786 5436 896 5493 hoc
926 5437 1099 5514 modo
1135 5435 1548 5514 IIPQBAHMA.
1573 5431 1787 5488 Eadem
1820 5447 2056 5514 quoque

409 5525 608 5563 vocem
642 5509 835 5565 Graece
869 5510 1147 5581 scriptam
1184 5509 1252 5562 ad
1292 5507 1612 5578 marginem
1649 5507 2054 5581 reperimusin

413 5596 527 5657 ms.
561 5583 758 5657 codice
791 5575 1188 5657 nostro-num.
1219 5582 1272 5657 _3.
1301 5575 1602 5657 Atparum
1645 5576 1820 5632 refert
1843 5575 2056 5657 quibus

412 5651 647 5722 litteris,
677 5653 894 5710 Graecis
914 5656 1016 5709 aut
1044 5652 1288 5724 Latinis,
1321 5647 1705 5719 exscribatur,
1739 5662 1874 5704 cum
1912 5647 2056 5702 mihi

2155 3301 2462 3350 exeuntem
2521 3294 2867 3350 occiderent.
2916 3293 2998 3364 (Ο.
3045 3291 3219 3358 LIII.)
3274 3287 3545 3347 Dormivit
3596 3291 3766 3342 autem

2153 3384 2402 3439 Samson
2439 3398 2622 3452 usque
2652 3383 2724 3437 ad
2759 3381 2945 3437 noctis
2977 3381 3241 3436 medium
3271 3397 3284 3436 :
3320 3384 3377 3436 et
3406 3379 3536 3434 inde
3560 3387 3770 3432 consur-

2155 3487 2321 3545 gens,
2343 3471 2732 3544 apprehendit
2753 3470 2958 3526 ambas
2991 3475 3167 3541 portae
3202 3470 3355 3524 fores
3375 3484 3507 3524 cum
3531 3463 3766 3538 postibus

2156 3563 2282 3619 suis
2311 3569 2364 3617 et
2387 3578 2538 3630 sera,
2560 3559 2988 3632 impositasque
3010 3557 3282 3614 humeris
3307 3558 3484 3628 (Vulg.
3507 3554 3622 3611 add.
3645 3546 3770 3617 suis)

2157 3651 2407 3724 portavit
2438 3650 2509 3706 ad
2550 3649 2822 3706 verticem
2869 3648 3086 3704 montis
3131 3649 3234 3720 qui
3285 3645 3517 3719 respicit
3545 3642 3766 3699 Hebron.

2155 3739 2238 3812 (Ο.
2263 3738 2427 3808 LIV.)
2450 3744 2588 3794 Post
2609 3738 2731 3793 haec
2752 3739 2970 3792 amavit
2992 3735 3324 3803 mulierem,
3347 3752 3473 3805 qua:
3496 3731 3766 3788 habitabat

2155 3829 2214 3886 in
2245 3827 2394 3883 valle
2425 3827 2684 3890 Sorec,et
2715 3829 3034 3881 vocabatur
3059 3825 3258 3880 Dalila.
3286 3823 3681 3891 Veneruntque
3706 3814 3764 3868 ad

2159 3931 2286 3973 eam
2314 3914 2608 3988 principes
2637 3913 3332 3986 Philisthinorum,atque
3363 3911 3621 3967 dixerunt
3642 3922 3654 3957 :
3674 3909 3768 3960 De-

2159 4005 2287 4078 cipe
2315 4019 2472 4074 eum,
2508 4009 2565 4060 et
2597 4003 2757 4059 disce
2790 4002 2861 4058 ab
2893 4000 3016 4070 illo,
3047 4000 3106 4056 in
3158 4018 3276 4072 quo
3328 4005 3544 4056 tantem
3589 3991 3773 4050 haheat

2160 4093 2590 4159 fortitudinem,
2609 4092 2666 4148 in
2693 4108 2812 4164 quo
2836 4092 3007 4146 modo
3029 4106 3164 4146 eum
3190 4105 3465 4163 superam
3487 4083 3772 4141 valeamus.

2161 4188 2220 4239 et
2245 4183 2504 4238 vinctum
2539 4182 2820 4252 affligere.
2853 4181 3013 4244 Quod
3046 4180 3094 4235 si
3131 4180 3358 4242 feceris,
3409 4177 3666 4232 dabimus
3684 4167 3774 4225 tibi

2162 4271 2376 4340 singuli
2413 4270 2578 4326 mille
2608 4275 2664 4325 et
2692 4274 2925 4325 centum
2959 4273 3288 4340 argenteos.
3316 4271 3526 4324 Locuta
3551 4267 3633 4318 est
3657 4271 3774 4328 ergo

2163 4359 2352 4417 Dalila
2373 4359 2442 4416 ad
2467 4360 2712 4415 Samson
2741 4374 2753 4414 :
2782 4358 2885 4413 Dic
2912 4357 3076 4424 mihi,
3099 4356 3364 4423 obsecro,
3387 4356 3443 4410 in
3468 4369 3576 4427 quo
3605 4350 3775 4406 sittua

2164 4450 2422 4506 maxima
2451 4448 2754 4517 fortitudo,
2786 4459 2837 4502 et
2866 4448 3003 4518 quid
3028 4448 3107 4502 sit
3127 4463 3243 4518 quo
3271 4447 3485 4516 ligatus
3504 4449 3775 4533 erumpere

2087 4565 2132 4630 Ι)
2165 4537 2468 4630 nequeas?
2489 4537 2591 4594 Cui
2626 4537 2941 4630 respondit.
2958 4537 3200 4630 Samson
3229 4533 3331 4630 ξ-Βί
3365 4539 3578 4630 septem

2161 4627 2280 4683 ceis
2313 4625 2576 4696 funibus,
2611 4627 2859 4680 necdum
2895 4624 3066 4678 siccis
3093 4628 3145 4679 et
3179 4625 3365 4677 adhuc
3395 4615 3767 4677 humentibus,

2164 4713 2382 4789 ligatus
2413 4714 2595 4783 fuero,
2629 4713 2898 4768 infirmus
2925 4729 3022 4768 ero
3054 4717 3118 4767 ut
3150 4711 3338 4766 caeteri
3384 4707 3658 4766 homines.
3686 4702 3766 4755 At-

2164 4803 2544 4875 tuleruntque
2574 4803 2645 4858 ad
2676 4819 2803 4858 eam
2836 4808 3084 4873 satrapis
3116 4799 3551 4855 Pliilistinorum
3575 4796 3771 4863 septem

2165 4895 2357 4960 funes,
2394 4898 2459 4947 ut
2502 4893 2768 4946 dixerat:
2802 4891 3021 4961 quibus
3067 4890 3247 4944 vinxit
3293 4905 3450 4954 eum,
3490 4879 3775 4939 latentibus

2163 4983 2316 5055 apud
2357 4997 2418 5036 se
2449 4980 2701 5045 insidiis,
2737 4985 2793 5035 et
2821 4980 2885 5035 in
2932 4977 3202 5034 cubiculo
3262 4977 3434 5032 finem
3493 4973 3570 5028 rei
3599 4977 3776 5038 exspe-

2165 5070 2498 5139 ctantibus;
2533 5068 2922 5141 clamavitque
2964 5068 3034 5123 ad
3067 5083 3199 5124 eum
3229 5083 3241 5122 :
3275 5060 3595 5123 Philisthim
3625 5065 3778 5126 super

2165 5167 2244 5230 te,
2270 5163 2541 5217 Samson.
2567 5159 2672 5222 Qui
2703 5157 2861 5231 rupit
2885 5155 3145 5225 vincula,
3168 5173 3283 5228 quo
3307 5154 3475 5211 modo
3507 5149 3553 5207 si
3573 5146 3783 5214 rumpat

2167 5251 2299 5323 quis
2335 5248 2499 5304 tilum
2532 5249 2603 5304 de
2634 5263 2820 5318 stupze
2850 5254 3071 5302 tortum
3103 5243 3409 5318 putamine
3441 5243 3478 5308 ⁸,
3505 5253 3631 5295 cum
3660 5231 3777 5286 odo-

2171 5432 2440 5486 mutatur
2468 5428 2525 5500 in
2560 5425 2814 5483 nomine.
2848 5425 3036 5500 Mam.
3133 5493 3146 5500 .
3364 5490 3398 5500 __
3448 5487 3483 5500 ﬂ

2237 5482 2258 5535 ί
2288 5482 2620 5572 Era-scriptor
2645 5497 2897 5572 Canonis
2936 5493 3230 5572 Eebraicaa
3261 5487 3516 5572 veritatis
3546 5482 3772 5572 codiggfn

2165 5589 2340 5629 suum
2376 5561 2697 5643 emendans
2724 5569 3008 5643 ponltg_de
3053 5577 3258 5643 ξίυρεῖθι,
3283 5561 3771 5643 ιονῖωζδ...³¹¹ῗῖἶῖξῖῗίξ

2166 5625 2552 5718 Manuscripti
2585 5625 2775 5700 caeteri
2807 5625 3036 5699 codices
3063 5625 3290 5713 leg'un't,
3320 5638 3386 5692 ut
3411 5628 3567 5703 editi,
3597 5625 3774 5684 tortum
