3982 6178
275 309 376 393 577

1691 341 1902 394 LIBER
1938 338 2274 395 JUDICUM.

3579 355 3688 412 578

278 481 394 520 rem
426 462 586 536 ignis
617 462 908 536 acceperit
939 479 952 518 :
988 467 1046 519 et
1077 481 1190 520 non
1224 466 1314 518 est
1345 463 1645 534 cognitum
1702 465 1759 517 in
1807 478 1922 533 quo
1955 465 2007 531 Α
2037 461 2208 518 etiam
2237 463 2490 535 populus
2514 463 2714 520 videns
2736 464 3016 525 laudabat
3046 470 3218 529 deum
3253 461 3696 547 suum,eadem-

277 558 428 608 esset
459 552 740 610 fortitudo
772 553 1202 624 ejus.Dixitque
1234 553 1302 607 ad
1339 568 1473 606 eum
1521 551 1704 606 Dalila
1740 568 1752 606 :
1788 552 1931 606 Ecce

277 641 516 696 illusisti
550 641 718 712 mihi,
750 645 805 696 et
837 641 1048 697 falsum
1082 641 1314 697 locutus
1344 658 1406 696 es
1453 657 1466 696 :
1512 641 1725 697 saltem
1775 655 1933 696 nunc

275 730 474 787 indica
508 730 651 786 mihi
687 747 803 802 quo
833 729 1001 802 ligari
1033 731 1268 786 debeas.
1303 730 1406 787 Cui
1441 729 1538 785 ille
1581 729 1883 802 respondit
1917 744 1930 784 :

274 821 330 875 8i
354 820 573 893 ligatus
607 820 766 875 fuero
799 821 964 875 novis
995 820 1263 885 funibus,
1295 820 1394 892 qui
1445 836 1750 892 nunquam
1807 818 1931 874 fue-

280 914 423 965 runt
453 909 513 965 in
542 925 737 980 opere,
772 909 1046 966 infirmus
1076 926 1194 979 ero,
1229 914 1281 966 et
1315 908 1568 965 aliorum
1625 909 1932 964 hominum

285 1001 521 1057 similis.
553 1001 778 1065 Quibus
809 1018 1044 1056 rursum
1081 999 1267 1056 Dalila
1295 1001 1476 1056 vinxit
1507 1018 1664 1066 eum,
1709 1005 1767 1056 et
1816 999 1934 1055 cla-

279 1090 464 1146 mavit
497 1107 509 1145 :
543 1090 873 1146 Philisthim
909 1107 1088 1162 super
1113 1096 1190 1156 te,
1239 1091 1501 1159 Samson,
1553 1091 1612 1146 in
1663 1088 1933 1145 cubiculo

273 1179 516 1236 insidiis
539 1179 903 1253 praeparatis.
937 1179 1041 1243 Qui
1077 1179 1154 1233 ita
1187 1179 1346 1252 rupit
1372 1180 1607 1235 vincula
1635 1180 1803 1252 quasi
1840 1177 1936 1235 fila

273 1269 554 1325 telarum.
599 1267 873 1342 Dixitque
903 1269 1091 1325 Dalila
1123 1287 1358 1326 rursum
1392 1269 1461 1325 ad
1492 1286 1626 1326 eum
1662 1287 1675 1325 :
1710 1268 1934 1342 Usque-

276 1375 398 1428 quo
433 1359 691 1431 decipies
723 1375 836 1424 me,
869 1363 926 1415 et
953 1357 1164 1414 lalsum
1201 1359 1501 1432 loqueris?
1530 1360 1770 1416 ostende
1819 1374 1933 1430 quo

271 1448 492 1503 vinciri
528 1449 763 1503 debeas.
797 1449 879 1514 Si,
911 1449 1101 1520 inquit
1138 1452 1177 1519 ί,
1212 1455 1433 1522 septem
1483 1449 1672 1505 crines
1723 1449 1932 1522 capitis

277 1536 398 1592 mei
435 1553 567 1592 cum
602 1535 736 1592 licio
769 1535 1143 1608 plexueris,et
1174 1537 1404 1593 clavum
1432 1537 1524 1593 his
1555 1537 1929 1611 circumliga-

273 1631 405 1681 tum
441 1630 607 1682 terra
637 1626 855 1693 ﬂxeris,
886 1625 1160 1682 infirmus
1191 1643 1308 1682 ero.
1340 1627 1501 1692 Quod
1535 1644 1665 1682 cum
1701 1627 1936 1684 fecisset

273 1715 495 1785 Dalila,
519 1715 668 1770 dixit
696 1715 766 1771 ad
801 1731 932 1771 eum
957 1733 969 1769 :
991 1714 1323 1770 Philisthim
1358 1733 1537 1789 super
1566 1721 1641 1785 te,
1661 1721 1929 1774 Samson.

277 1804 396 1872 Qui
446 1820 810 1876 consurgens
860 1807 932 1860 de
978 1822 1183 1860 somno
1232 1805 1475 1861 extraxit
1522 1806 1744 1862 clavum
1797 1823 1929 1862 cum

273 1893 554 1950 crinibus
585 1899 642 1950 et
673 1893 827 1949 licio.
863 1893 1132 1967 Dixitque
1163 1895 1230 1950 ad
1285 1912 1418 1951 eum
1473 1896 1658 1952 Dalila
1711 1913 1722 1952 :
1775 1897 1932 1962 Quo-

273 1984 460 2040 modo
491 1983 640 2039 dicis
669 1983 820 2055 quod
855 2000 1016 2040 ames
1051 1999 1160 2051 me,
1190 2001 1321 2040 cum
1356 1983 1590 2041 animus
1628 1990 1769 2042 tuus
1819 2001 1935 2041 non

271 2074 358 2129 sit
390 2073 813 2129 mecumPPer
851 2078 968 2128 tres
1017 2072 1170 2129 vices
1221 2075 1499 2130 mentitus
1547 2091 1608 2130 es
1659 2074 1827 2144 mihi,
1877 2079 1936 2131 et

272 2161 527 2218 noluisti
563 2162 751 2218 dicere
785 2162 844 2216 in
893 2179 1008 2234 quo
1052 2162 1128 2218 sit
1174 2168 1272 2218 tua
1327 2164 1580 2219 maxima
1631 2164 1932 2220 fortitudo.

267 2252 349 2307 Cu
370 2268 549 2324 mque
570 2251 619 2306 ei
652 2251 894 2307 molesta
917 2257 1089 2320 esset,
1123 2257 1179 2308 et
1203 2269 1302 2324 per
1326 2253 1542 2309 multos
1574 2252 1937 2326 diesjugiter

270 2341 627 2409 adhaereret,
662 2339 918 2412 spatium
942 2342 1011 2396 ad
1038 2340 1292 2412 quietem
1319 2358 1432 2396 non
1457 2341 1743 2410 tribuens,
1779 2342 1935 2399 defe-

272 2431 350 2486 cit
382 2430 593 2486 anima
624 2429 774 2500 ejus,
802 2433 858 2484 et
895 2430 964 2484 ad
1021 2436 1266 2486 mortem
1320 2448 1506 2504 usque
1555 2431 1776 2488 lassata
1823 2437 1935 2488 est.

272 2523 436 2575 Tunc
465 2519 736 2591 aperiens
757 2517 1058 2574 veritatem
1094 2519 1350 2586 rei,dixit
1379 2521 1450 2576 ad
1482 2538 1608 2577 eam
1648 2537 1663 2578 :
1695 2522 1936 2577 Ferrum

276 2625 598 2680 nunquam
635 2607 898 2664 ascendit
927 2625 1105 2681 super
1141 2614 1316 2682 caput
1365 2627 1584 2676 meum,
1635 2612 1773 2683 quia
1820 2610 1938 2667 Na-

280 2715 512 2754 zaraaus
565 2694 643 2759 [id
695 2701 802 2768 est,
856 2705 1232 2754 consecratus
1292 2699 1430 2772 Deo]
1475 2718 1605 2756 sum
1653 2701 1724 2758 de
1773 2707 1939 2756 utero

285 2787 502 2844 matris
531 2803 671 2844 mea:
695 2805 708 2842 :
734 2786 782 2842 si
816 2804 1012 2843 rasum
1048 2789 1221 2844 fuerit
1252 2794 1426 2861 caput
1459 2806 1676 2860 meum,
1713 2790 1941 2850 recedet

281 2895 310 2931 a
345 2893 446 2932 me
481 2874 765 2930 fortitudo
799 2891 949 2944 mea,
983 2882 1038 2931 et
1067 2877 1360 2944 deficiam,
1392 2894 1607 2951 eroque
1641 2884 1702 2934 ut
1749 2878 1940 2935 caeteri

277 2964 583 3021 homines.
617 2964 948 3036 Videasque
981 2965 1081 3020 illa
1126 2967 1281 3037 quod
1333 2969 1638 3023 confessus
1687 2967 1737 3024 ei
1786 2971 1942 3024 esset

277 3069 524 3110 omnem
560 3053 824 3108 animum
857 3071 1053 3122 suum,
1089 3056 1247 3111 misit
1297 3057 1367 3112 ad
1419 3057 1712 3130 principes
1763 3056 1937 3113 Phili-

277 3143 627 3199 sthinerum
662 3147 832 3214 atque
871 3145 1174 3200 mandavit
1207 3163 1220 3202 :
1251 3147 1562 3202 Ascendite
1611 3147 1801 3203 adhuc
1849 3164 1941 3203 se-

2045 568 2155 622 que
2178 551 2701 609 dicebatzTradidit
2732 555 2874 610 deus
2909 563 3108 617 noster
3129 561 3186 617 in
3221 579 3432 622 manus
3458 573 3689 626 nostras

2043 640 2440 696 adversarium
2512 643 2688 716 [Vulg.
2756 646 2877 700 add.
2951 652 3266 723 nostrum],
3316 655 3410 724 qui
3480 657 3695 714 delevit

2044 733 2257 785 terram
2323 735 2606 804 nostram,
2659 739 2716 789 et
2772 736 2984 792 occidit
3040 739 3345 810 plurimos.
3407 746 3489 814 [ϐ.
3554 748 3688 821 Lx.j

2044 824 2448 893 Lzetantesque
2504 839 2606 894 per
2652 825 2935 892 convivia,
2981 829 3233 901 sumptis
3298 833 3419 903 jam
3472 838 3690 908 epulis.

2045 917 2447 982 praeceperunt
2499 917 2559 966 ut
2619 919 2927 970 vacaretur
2987 921 3256 988 Samson,
3307 927 3364 977 et
3410 931 3543 981 ante
3593 943 3692 984 eos

2042 998 2288 1054 luderet.
2323 1000 2428 1066 Qui
2462 1001 2753 1057 adductus
2775 1004 2845 1058 de
2874 1021 3102 1062 carcere
3137 1008 3373 1066 ludebat
3403 1016 3540 1070 ante
3571 1032 3692 1088 eos,

2045 1088 2422 1162 feceruntque
2448 1106 2582 1146 eum
2615 1097 2771 1148 stare
2804 1093 2956 1149 inter
3011 1098 3156 1152 duas
3209 1099 3536 1161 columnas.
3585 1105 3695 1173 Qui

2043 1177 2188 1234 dixit
2214 1195 2392 1250 puero
2425 1181 2645 1253 regenti
2675 1198 2913 1254 gressus
2944 1201 3082 1240 suos
3117 1203 3130 1240 :
3180 1188 3413 1246 Dimitte
3463 1208 3578 1260 me,
3634 1202 3700 1250 ut

2045 1270 2281 1340 tangam
2315 1267 2639 1338 columnas,
2673 1270 2891 1342 quibus
2921 1275 3114 1330 omnis
3145 1275 3408 1334 imminet
3459 1281 3694 1354 domus,

2042 1359 2099 1410 et
2147 1355 2392 1411 recliner
2440 1374 2619 1428 super
2664 1375 2783 1428 eas,
2836 1367 2890 1415 et
2938 1361 3245 1433 paululum
3304 1367 3688 1439 requiescam.

2043 1444 2265 1500 Domus
2297 1449 2491 1501 autem
2527 1451 2653 1502 erat
2706 1449 2879 1520 plena
2929 1451 3182 1508 virorum
3231 1472 3298 1510 ac
3351 1457 3691 1530 mulierum,

2045 1536 2101 1588 et
2129 1538 2296 1589 erant
2328 1534 2404 1590 ibi
2455 1552 2660 1591 omnes
2707 1537 3008 1612 principes
3061 1542 3574 1620 Philisthinorum,
3627 1568 3693 1606 ac

2044 1623 2114 1679 de
2160 1627 2312 1679 tecto
2357 1628 2412 1680 et
2462 1623 2675 1681 solario
2723 1627 2954 1684 circiter
2997 1629 3106 1687 tria
3152 1633 3334 1691 millia
3386 1640 3693 1712 utriusque

2044 1729 2215 1769 sexus
2247 1715 2591 1786 spectabant
2619 1714 2916 1773 ludentem
2949 1719 3214 1779 Samson.
3250 1729 3326 1780 At
3385 1725 3501 1797 ille,
3525 1728 3686 1784 invu-

2045 1807 2172 1858 cato
2199 1802 2471 1875 Domino,
2505 1803 2586 1859 ait
2615 1821 2626 1858 :
2663 1805 2906 1863 Domine
2933 1813 3110 1880 Deus,
3147 1821 3437 1871 memento
3469 1819 3604 1887 mei,
3639 1826 3697 1876 et

2046 1892 2220 1948 redde
2275 1909 2432 1948 nunc
2485 1893 2627 1948 mihi
2693 1895 3091 1954 fortitudinem
3157 1902 3490 1976 pristinam,
3541 1913 3694 1967 Deus

2045 1984 2305 2048 meus,ut
2338 1980 2589 2037 ulciscar
2623 1999 2712 2038 me
2742 1984 2813 2040 de
2842 1983 3114 2043 hostibus
3139 1990 3368 2059 meis,et
3392 2011 3495 2066 pro
3517 1997 3694 2052 amis-

2045 2070 2210 2125 sione
2246 2070 2496 2126 duorum
2525 2070 2820 2128 luminum
2856 2090 3030 2130 unam
3063 2075 3338 2136 ultionem
3390 2085 3690 2156 recipiam.

2044 2159 2116 2214 Et
2147 2158 2591 2231 apprehendens
2625 2161 2829 2216 ambas
2859 2163 3186 2234 columnas,
3220 2169 3432 2240 quibus
3474 2171 3692 2231 innite-

2047 2247 2220 2304 batur
2247 2249 2482 2320 domus,
2512 2249 2866 2322 alteramque
2897 2269 3097 2308 carum
3140 2257 3398 2328 dextera,
3442 2266 3500 2317 et
3549 2263 3694 2320 alte-

2049 2354 2171 2392 ram
2201 2336 2341 2393 leva
2373 2343 2600 2408 tenens,
2632 2340 2710 2394 ait
2745 2356 2758 2394 :
2794 2339 3076 2397 Moriatur
3131 2346 3326 2402 anima
3379 2365 3506 2406 mea
3555 2368 3691 2408 cum

2048 2425 2856 2500 Philisthim.Concussisque
2891 2431 3116 2488 fortiter
3146 2434 3460 2508 columnis,
3482 2441 3690 2498 cecidit

2047 2517 2258 2572 domus
2290 2533 2469 2589 super
2497 2534 2700 2574 omnes
2728 2519 3023 2592 principes
3065 2531 3118 2579 et
3167 2532 3436 2584 ceteram
3488 2531 3695 2588 multi-

2049 2606 2314 2662 tudinem
2347 2623 2477 2678 que:
2509 2607 2588 2662 ibi
2619 2613 2763 2675 erat,
2813 2610 3116 2683 multoque
3161 2614 3358 2686 plures
3408 2620 3698 2678 interfecit

2050 2695 2330 2763 moriens,
2357 2712 2530 2767 quam
2560 2702 2693 2752 ante
2722 2696 2888 2753 vivus
2919 2700 3228 2759 occiderat.
3267 2710 3696 2768 Descendentes

2049 2788 2244 2839 autem
2281 2784 2488 2840 fratres
2518 2786 2648 2857 ejus
2685 2790 2744 2842 et
2791 2788 3064 2845 universa
3113 2794 3381 2865 cognatio
3433 2797 3697 2856 tulerunt

2049 2889 2262 2945 corpus
2293 2873 2441 2945 ejus,
2473 2879 2530 2930 et
2560 2874 2921 2947 sepelierunt
2949 2877 3100 2934 intcr
3125 2881 3305 2938 Saraa
3344 2890 3401 2940 et
3451 2888 3694 2945 Asthaol

2049 2961 2107 3017 in
2141 2963 2410 3034 sepulcro
2443 2965 2626 3036 patris
2657 2964 2748 3020 sui
2783 2965 3029 3038 Manue;
3056 2969 3463 3048 judicavitque
3512 2978 3693 3035 Israel

2049 3051 2255 3124 viginti
2288 3051 2476 3109 annis.

2123 3141 2212 3212 [Τ.
2244 3140 2391 3210 Vill,
2443 3142 2506 3196 B.
2556 3141 2675 3209 VL,
2729 3146 2786 3197 c.
2837 3143 2991 3214 xvr,
3044 3146 3173 3221 Cap.
3226 3152 3426 3224 xvu.]
3454 3155 3584 3212 Fuit
3629 3174 3696 3215 eo

276 3232 420 3302 mel,
463 3231 604 3303 quia
635 3249 790 3288 nunc
827 3231 966 3288 mihi
1000 3235 1226 3305 aperuit
1256 3251 1354 3290 cor
1387 3237 1697 3301 suum.Qui
1729 3253 1937 3292 ascen—
1969 3223 2011 3289 C
2051 3236 2312 3304 tempore
2344 3231 2432 3286 vir
2462 3231 2700 3303 quidam
2743 3233 2814 3288 de
2863 3240 3060 3292 monte
3108 3223 3423 3311 Ephraim,
3463 3247 3701 3305 nomine

276 3323 838 3394 derunt,assumpta
886 3323 1132 3393 pecunia
1179 3341 1354 3396 quam
1408 3326 1813 3395 promiserant.
1868 3331 1944 3381 At

277 3409 379 3465 illa
415 3409 681 3465 dormire
713 3427 845 3466 eum
884 3411 1015 3466 fecit
1046 3428 1223 3483 super
1250 3429 1440 3486 genua
1472 3431 1602 3480 sua,
1635 3420 1690 3470 et
1720 3414 1778 3470 in
1808 3415 1942 3470 sinu

283 3517 391 3555 suo
425 3498 712 3555 reclinare
742 3504 934 3572 caput.
967 3500 1324 3574 Vocavitque
1355 3509 1672 3570 tonsorem,
1704 3510 1760 3561 et
1794 3505 1945 3561 rasis

283 3594 528 3662 septem
561 3589 827 3644 crinibus
856 3591 1004 3662 ejus,
1038 3592 1210 3663 coepit
1238 3592 1470 3666 abigere
1500 3610 1657 3662 eum,
1698 3599 1754 3650 et
1801 3612 1834 3650 a
1883 3610 1946 3650 se

288 3676 582 3750 repellere
617 3695 630 3732 :
664 3678 864 3734 statim
897 3680 1053 3735 enim
1087 3681 1158 3736 ab
1203 3697 1270 3738 eo
1322 3682 1600 3739 fortitudo
1650 3683 1944 3752 discessit,

287 3768 565 3839 dixitque
607 3785 620 3823 :
661 3767 994 3824 Philisthim
1049 3786 1226 3842 super
1271 3776 1348 3838 te,
1399 3774 1666 3828 Samson.
1718 3774 1824 3839 Qui
1874 3775 1946 3829 de

287 3873 509 3911 somno
545 3871 926 3928 consurgens,
960 3857 1099 3913 dixit
1133 3858 1192 3914 in
1224 3859 1420 3916 animo
1447 3878 1552 3918 suo
1607 3879 1620 3918 :
1669 3862 1947 3936 Egrediar

286 3945 448 4001 sicut
477 3951 537 4001 et
566 3951 701 4002 ante
735 3946 864 4013 feci,
895 3951 952 4003 et
983 3963 1076 4003 me
1104 3953 1418 4017 excutiam,
1469 3952 1736 4008 nesciens
1785 3954 1942 4025 quod

287 4033 583 4091 Dominus
615 4036 951 4092 recessisset
983 4037 1054 4093 ab
1087 4054 1172 4094 eo.
1215 4039 1395 4103 Quem
1443 4057 1575 4096 cum
1625 4041 1948 4114 apprehen-

286 4123 523 4182 dissent
551 4125 911 4190 Philisthim.
964 4129 1165 4183 statim
1215 4135 1498 4185 eruerunt
1544 4130 1744 4187 oculos
1795 4133 1943 4202 ejus,

290 4220 347 4268 et
376 4216 682 4270 duxerunt
709 4217 919 4270 Gazam
969 4217 1227 4272 vinctum
1275 4219 1517 4288 catenis,
1569 4225 1627 4274 et
1673 4219 1945 4276 clausum

287 4301 345 4356 in
379 4318 623 4358 carcere
671 4303 888 4358 molere
937 4306 1223 4360 fecerunt.
1273 4309 1520 4378 Jamque
1570 4309 1765 4378 capilli
1817 4310 1945 4380 ejus

290 4392 528 4447 renasci
595 4397 910 4464 emperant,
970 4399 1026 4448 et
1092 4394 1386 4466 principes
1451 4395 1944 4453 Philisthinorum

288 4487 698 4537 convenerunt
783 4482 840 4537 in
923 4501 1130 4552 unum,
1218 4490 1283 4540 ut
1369 4483 1748 4542 immolarent
1837 4486 1944 4541 bo-

287 4570 431 4624 stias
493 4570 834 4642 magniticas
906 4577 1098 4640 Dagou
1167 4575 1275 4628 deo
1333 4590 1463 4637 suo,
1521 4581 1579 4629 et
1634 4575 1946 4646 epularen-
1981 4599 2024 4662 υ

286 4663 403 4724 tur,
488 4659 753 4714 dicentes
822 4677 835 4714 :
905 4662 1175 4717 Tradidit
1248 4663 1394 4718 deus
1472 4670 1673 4719 noster
1748 4665 1944 4718 inimi-

288 4763 424 4802 cum
481 4755 753 4804 nostrum
803 4749 1052 4806 Samson
1104 4751 1162 4805 in
1211 4768 1422 4808 manus
1474 4758 1728 4809 nostras.
1779 4753 1943 4818 Quod

284 4941 610 5010 putamine.
646 4939 833 4994 MART.

359 5041 428 5051 -—
481 5011 606 5066 Non
662 5013 983 5079 incongrue
1030 5011 1207 5067 habet
1256 5015 1508 5070 Urbinas
1557 5031 1693 5079 ms.,
1742 5017 1945 5073 desiu-

289 5096 358 5150 pa
379 5089 595 5137 tortum
615 5083 1113 5153 sputamine,quod
1139 5092 1228 5139 est
1256 5092 1412 5156 sputo
1433 5087 1635 5142 saliva.
1657 5089 1943 5144 Putamen

286 5168 424 5208 vero
462 5156 692 5225 preprie
719 5165 1236 5228 repurgamentum
1264 5158 1343 5211 rei
1367 5159 1687 5228 cujuslibet
1708 5162 1944 5226 dicitur,

288 5230 353 5298 ut
383 5232 574 5298 stupe
605 5229 769 5298 quasi
803 5243 1048 5281 scenam
1084 5227 1176 5282 hic
1207 5235 1387 5284 notet.
1422 5227 1669 5284 Palatia.
1702 5248 1814 5287 ms.
1848 5232 1945 5286 ha-

289 5294 436 5374 bet;
478 5294 637 5365 ﬁtuni
665 5308 841 5374 διείρας
887 5303 1093 5374 tortum
1143 5300 1418 5374 staminis
1441 5300 1768 5371 putamine;
1821 5319 1948 5374 quae

289 5364 683 5444 lecti_o_’_quoad
714 5364 951 5444 sensum
987 5370 1377 5444 improbanda
1406 5364 1535 5443 ipsa
1567 5364 1798 5444 quoque
1830 5364 1944 5429 non

289 5437 596 5516 est._Mir_0r
627 5441 910 5516 magis,in
945 5437 1175 5516 tantula
1204 5459 1271 5516 re
1295 5437 1470 5516 quam
1505 5437 1674 5516 longe
1701 5437 1947 5502 abludat

291 5505 497 5590 Latina
527 5511 658 5582 ipsa
689 5505 1094 5590 interpretatio
1127 5514 1199 5568 ab
1233 5505 1471 5590 Hebraeo
1502 5505 1660 5570 textu
1694 5533 1760 5571 ac
1812 5533 1945 5588 pro-

292 5583 470 5648 positi
500 5585 748 5654 exempli
777 5583 946 5640 serie.
977 5587 1292 5657 Comparat
1321 5587 1479 5642 enim
1530 5603 1698 5642 sacer
1749 5583 1945 5643 textus

293 5667 488 5724 soluta
508 5687 624 5728 uno
645 5671 763 5728 ictu
787 5689 820 5728 a
841 5675 1122 5729 Samsone
1142 5673 1399 5748 vincula,
1423 5685 1799 5744 mam-oms
1826 5677 1948 5734 cui-

2052 3318 2291 3387 Michas,
2327 3320 2427 3392 qui
2461 3320 2606 3376 dixit
2637 3323 2807 3377 matri
2839 3341 2957 3380 sus:
2991 3343 3004 3380 :
3039 3327 3190 3384 Mille
3221 3338 3454 3389 centum
3487 3352 3700 3408 argen-

2052 3415 2202 3475 teos,
2237 3426 2386 3482 quos
2415 3426 2788 3482 separaveras
2819 3414 2946 3484 tibi,
2978 3421 3035 3471 ct
3089 3435 3267 3491 super
3314 3423 3552 3495 quibus,
3608 3444 3699 3482 me

2055 3498 2350 3569 audiente,
2377 3499 2704 3569 juraveras,
2737 3517 2868 3558 ecce
2895 3519 3001 3575 ego
3033 3505 3240 3577 habeo,
3293 3515 3351 3566 et
3401 3514 3552 3585 apud
3607 3531 3702 3572 me

2055 3593 2219 3646 sunt.
2251 3587 2351 3642 Cui
2400 3587 2500 3644 illa
2548 3591 2850 3662 respondit
2883 3609 2894 3646 :
2926 3593 3274 3654 Benedictus
3324 3599 3479 3657 filius
3532 3621 3698 3660 meus

2059 3678 2323 3734 Domino.
2359 3678 2631 3734 Reddidit
2660 3696 2796 3752 ergo
2828 3697 2927 3738 eos
2958 3685 3124 3740 matri
3171 3704 3311 3759 suas,
3364 3708 3490 3762 quas
3541 3693 3699 3750 dixe-

2057 3776 2145 3827 rat
2177 3771 2227 3827 ei
2264 3788 2276 3826 :
2311 3773 2637 3828 consecravi
2670 3777 2727 3829 et
2755 3776 2883 3832 vovi
2916 3784 3223 3848 argentum
3272 3780 3380 3838 hoc
3437 3785 3700 3855 Domino,

2059 3866 2123 3918 ut
2153 3861 2224 3917 de
2259 3877 2433 3916 manu
2469 3878 2598 3918 mea
2651 3863 2931 3935 suscipiat
2982 3865 3140 3922 ﬁlius
3191 3885 3377 3941 meus,
3422 3876 3478 3927 et
3531 3875 3704 3931 faciat

2059 3949 2328 4024 sculptile
2360 3967 2374 4005 :
2407 3956 2581 4022 atque
2613 3951 2992 4009 conﬂatilezet
3015 3971 3172 4011 nunc
3201 3959 3366 4014 trado
3395 3959 3539 4016 illud
3575 3963 3703 4021 tibi.

2059 4039 2333 4096 Reddidit
2363 4039 2545 4112 igitur
2573 4041 2742 4095 matri
2775 4057 2913 4108 suae,
2947 4060 3072 4114 qua:
3105 4044 3238 4101 tulit
3275 4047 3559 4107 ducentos
3607 4069 3705 4107 ar-

2059 4135 2317 4202 genteos,
2352 4135 2408 4184 et
2434 4128 2596 4184 dedit
2625 4146 2723 4184 eus
2751 4134 3107 4201 argentario,
3143 4143 3203 4189 ut
3235 4135 3447 4192 faceret
3496 4156 3564 4193 ex
3617 4145 3701 4196 eis

2057 4215 2329 4287 sculptile
2350 4221 2524 4285 atque
2545 4215 3021 4288 conflatile,quod
3057 4219 3166 4273 fuit
3194 4219 3252 4275 in
3285 4222 3459 4278 domo
3491 4225 3702 4282 Micba.

2059 4305 2164 4369 Qui
2221 4303 2526 4358 aediculam
2585 4320 2822 4375 quoque
2871 4307 2929 4360 in
2980 4323 3047 4362 ea
3107 4312 3218 4362 Deo
3278 4313 3595 4384 separavit,
3649 4319 3708 4369 et

2059 4393 2193 4450 fecit
2220 4392 2430 4465 ephod,
2465 4409 2530 4448 ac
2563 4391 2918 4466 theraphim,
2952 4395 3008 4450 id
3041 4403 3149 4468 est,
3185 4404 3401 4455 vestem
3435 4404 3706 4460 sacerdo-

2061 4481 2258 4548 talem,
2293 4487 2350 4538 et
2382 4480 2538 4537 idola
2570 4498 2583 4537 :
2617 4481 2998 4556 implevitque
3030 4487 3206 4542 unius
3255 4489 3512 4548 filiorum
3565 4511 3705 4549 suo-

2059 4590 2188 4626 rum
2224 4588 2484 4636 manum,
2517 4577 2573 4626 et
2603 4572 2792 4626 factus
2821 4581 2912 4627 est
2941 4574 2989 4628 ei
3037 4577 3331 4632 sacerdos.
3392 4581 3451 4634 In
3495 4582 3706 4637 diebus

2055 4661 2140 4715 illi
2174 4676 2288 4714 non
2321 4665 2442 4715 erat
2476 4675 2575 4714 rex
2605 4660 2664 4714 in
2699 4661 2898 4729 Israel,
2931 4665 3026 4718 sed
3065 4667 3496 4740 unusquisque,
3547 4673 3705 4744 quod

2056 4749 2169 4804 sibi
2201 4753 2424 4805 rectum
2476 4748 2804 4818 videbatur,
2855 4750 2965 4807 hoc
3018 4751 3286 4811 faciebat.
3341 4761 3422 4824 [Β.
3471 4760 3703 4831 XVIll.]

2058 4945 2214 5018 piam
2247 4946 2346 5072 qui
2379 4945 2618 5000 odorem
2646 4945 2802 5017 ignis
2834 4951 3337 5020 conceperit.lllud
3371 4955 3440 5008 ad
3475 4971 3541 5010 eo
3564 4941 3706 5017 ὃτι-19

2059 5035 2172 5072 non
2206 5017 2239 5072 ﬂ
2275 5033 2366 5072 um
2394 5022 2598 5072 tortum
2627 5020 2932 5072 nutamine.
2964 5028 3067 5072 aut
3096 5022 3161 5072 de
3189 5032 3370 5072 ,ςῑυυισρ
3399 5026 3702 5072 nutamine-

2059 5017 2172 5104 non
2203 5017 2366 5104 ﬁl‘uzn
2394 5022 2598 5104 tortum
2625 5020 2932 5104 putamine,
2964 5017 3161 5104 antae
3189 5032 3370 5104 stupes
3394 5026 3705 5104 putamine,

2057 5086 2502 5166 sed‘&1t?tatc,.llt
2533 5104 2636 5154 ego
2670 5089 2907 5162 quidem
2943 5093 3157 5158 sentio,
3191 5110 3259 5149 ex
3279 5086 3413 5166 ipsa
3447 5086 3706 5153 nominis

2059 5161 2346 5241 analogia,
2401 5160 3134 5241 ﬂoccum,_'n'iy:n__uu'ae
3197 5160 3368 5241 sonat
3431 5183 3444 5222 :
3503 5169 3708 5241 sicque

2057 5231 2276 5305 optime
2302 5237 2660 5313 comparatio
2681 5231 3707 5313 instituitur,respondetque_ﬂocéus

2058 5302 2445 5378 stupaetqu‘i
2516 5302 2823 5378 solo_fere
2870 5306 3043 5378 ignis
3109 5302 3284 5362 odore
3352 5302 3408 5363 in
3475 5309 3704 5367 fumum

2057 5374 2378 5450 evanescit,
2404 5374 2708 5430 Samsonis
2738 5375 2797 5430 in
2828 5374 3078 5432 vin'culis
3111 5378 3547 5450 confringendis
3587 5382 3706 5439 ala-

2055 5449 2134 5503 cri
2144 5447 2270 5502 tati.

2134 5524 2150 5556 ι
2192 5518 2426 5587 Vulgati
2488 5516 2714 5572 addunt
2773 5535 2786 5573 :
2845 5518 2954 5574 Cui
3007 5519 3286 5589 respondit
3329 5524 3584 5579 Samsou.
3646 5527 3709 5581 In

2058 5607 2296 5664 Hebraeo
2358 5608 2588 5662 tantum
2649 5610 2770 5674 est,
2829 5591 2972 5668 r1351»:
3030 5617 3260 5680 112m},
3322 5612 3386 5668 Et
3441 5611 3591 5670 dixit
3636 5613 3711 5671 ad

2051 5697 2179 5736 eam
2191 5719 2202 5734 .
