3982 6178
366 310 474 372 579

1410 309 1450 362 s
1511 287 1920 361 HIERONYMI
1958 295 2210 357 mva
2247 290 2745 348 BIBLIOTHECA.
3657 302 3754 363 580

371 399 502 493 Fuit
535 452 768 509 quoque
789 435 934 490 alter
956 433 1335 490 addolescens
1358 433 1429 490 de
1452 431 1799 488 Beth-Leem
1819 423 2022 492 Juda‘,
2054 432 2106 494 Α
2139 417 2248 473 viri
2281 416 2526 509 accipcti
2561 417 2744 509 armis
2765 415 3523 509 _bell_icis,accendentesque
3554 441 3762 486 manse-

373 543 442 582 ex
474 525 821 598 cognatione
853 523 981 595 ejus
1009 527 1250 592 oratque
1284 522 1406 593 ipse
1448 523 1469 554 ²
1519 519 1759 579 Levites,
1809 519 1866 570 et
1913 513 2019 567 ha-

373 614 600 670 bitabat
659 613 761 669 ibi.
813 614 1216 685 Egressusque
1265 611 1337 666 de
1388 609 1620 666 civitate
1654 605 2019 669 Beth-Leem,

373 702 733 776 peregrinari
767 702 949 757 voluit
980 701 1317 771 ubicunque
1349 699 1458 754 sibi
1501 696 1876 754 commodum
1930 708 2022 746 re-

374 792 642 865 perisset.
677 795 940 862 Cumque
988 791 1242 846 venisset
1289 789 1347 844 in
1405 792 1663 843 montem
1723 781 2022 856 Ephraim,

372 882 482 936 iter
513 880 752 948 faciens,
803 885 859 935 et
907 877 1260 934 declinasset
1308 892 1624 950 parumper
1671 875 1729 928 in
1782 873 2021 925 domum

369 970 578 1040 Micha,
613 971 1010 1042 interrogatus
1043 973 1132 1023 est
1161 969 1232 1022 ab
1274 984 1340 1023 eo
1388 967 1541 1021 unde
1589 964 1862 1020 venisset.
1916 957 2024 1023 Qui

374 1059 680 1132 respondit
731 1076 744 1113 :
799 1057 991 1114 Levita
1041 1073 1170 1111 sum
1228 1057 1299 1110 de
1351 1052 1912 1118 Beth~Leem-Juda,
1968 1051 2024 1104 et

371 1149 518 1207 vado
546 1156 608 1203 ut
638 1147 897 1202 habitem
949 1145 1046 1200 ubi
1096 1148 1361 1216 potuero,
1413 1148 1469 1198 et
1517 1142 1658 1196 utile
1708 1139 1848 1195 mihi
1897 1153 2024 1193 esse

379 1253 749 1309 perspexero,
793 1235 970 1306 [ναις.
1020 1234 1150 1290 add.
1204 1233 1475 1304 Dixitque
1523 1229 1786 1300 Michas.]
1839 1232 2023 1297 Mane,

381 1325 596 1398 inquit,
630 1325 780 1396 apud
817 1341 930 1392 me,
955 1327 1009 1378 et
1039 1327 1163 1379 esto
1193 1321 1334 1376 mihi
1368 1337 1578 1392 parens
1610 1335 1675 1374 ac
1706 1318 1974 1373 sacerdos
2010 1331 2022 1369 :

377 1416 642 1485 daboque
676 1414 776 1468 tibi
812 1431 914 1485 per
946 1429 1128 1467 annos
1161 1409 1426 1482 singulos
1459 1411 1658 1464 decem
1695 1411 2024 1478 argenteos,

378 1521 444 1559 ac
473 1507 694 1558 vestem
729 1502 1049 1573 duplicem,
1084 1506 1139 1556 et
1171 1518 1295 1571 quae
1327 1500 1392 1553 ad
1429 1499 1646 1553 victum
1697 1496 2028 1552 necessaria

379 1596 539 1647 sunt.
569 1589 877 1662 Acquievit
908 1595 963 1646 et
995 1588 1213 1644 mansit
1247 1589 1399 1660 apud
1435 1587 1757 1654 hominem,
1802 1584 2029 1654 fuitque

375 1680 461 1736 illi
497 1679 662 1752 quasi
695 1697 850 1736 unus
883 1680 952 1734 de
989 1677 1539 1748 liliis,lmplevitqne
1570 1675 1758 1730 Micha
1790 1690 2028 1728 manum

378 1771 531 1842 ejus,
561 1772 618 1824 et
648 1768 856 1824 habuit
884 1769 1035 1840 apud
1070 1784 1130 1823 se
1162 1783 1408 1837 puerum
1444 1766 1824 1821 sacerdotem.
1862 1763 2028 1818 Nunc

375 1859 516 1926 scio,
551 1858 771 1929 dicens,
805 1859 955 1929 quod
985 1857 1132 1912 bene
1165 1856 1307 1910 mihi
1362 1855 1534 1911 faciat
1588 1856 1736 1910 Deus
1785 1852 2026 1909 habenti

376 1947 615 2003 Levitici
647 1947 875 2020 generis
909 1947 1291 2002 sacerdotem.

448 2038 601 2109 ἰδίη).
636 2035 855 2106 XVIll.]
893 2037 950 2090 ln
983 2035 1192 2090 diebus
1224 2033 1341 2089 illis
1369 2050 1481 2088 non
1519 2037 1644 2088 erat
1678 2049 1775 2088 rex
1824 2032 1880 2085 in
1938 2031 2027 2085 Is-

379 2126 521 2196 rael,
556 2129 611 2179 et
652 2125 673 2158 ³
718 2124 908 2179 tribus
949 2124 1070 2178 Dan
1105 2123 1397 2194 quaerebat
1427 2121 1856 2194 possessionem
1891 2117 2027 2188 sibi,

381 2218 444 2268 ut
475 2213 770 2267 habitaret
801 2212 858 2265 in
906 2228 971 2266 ea
1027 2229 1040 2267 :
1090 2228 1278 2282 usque
1327 2211 1396 2266 ad
1446 2210 1612 2265 illum
1663 2209 1815 2264 enim
1878 2208 2031 2262 diem

380 2301 534 2355 inter
582 2303 819 2354 caeteras
865 2299 1052 2354 tribus
1103 2305 1319 2353 sortem
1391 2315 1502 2353 non
1571 2300 1891 2368 acceperat.
1945 2295 2025 2366 [Ο.

386 2385 571 2450 LVIH
601 2387 887 2443 Miserunt
915 2404 1052 2459 ergo
1086 2387 1189 2442 filii
1239 2393 1384 2453 Dan,
1438 2387 1645 2457 stirpis
1693 2392 1750 2440 et
1796 2385 2028 2440 familim

381 2494 499 2532 suae
563 2477 825 2549 quinque
882 2477 1038 2532 viros
1108 2477 1462 2532 fortissimos
1513 2477 1584 2531 de
1633 2477 1812 2531 Saraa
1860 2480 1916 2530 et
1962 2477 2030 2530 de

382 2562 640 2634 Esthaol,
690 2570 751 2620 ut
801 2565 1170 2638 explararent
1215 2571 1432 2620 terram
1483 2569 1539 2621 et
1586 2563 1895 2639 diligenter
1940 2562 2028 2618 in-

380 2655 674 2727 spicerent
729 2671 741 2710 :
795 2655 1186 2728 dixeruntque
1217 2654 1352 2710 eis:
1405 2655 1510 2720 lte,
1563 2658 1619 2708 et
1667 2653 2031 2709 considerate

377 2750 620 2800 terram.
655 2743 760 2810 Qui
791 2761 924 2800 cum
955 2748 1262 2817 pergentes
1309 2743 1610 2800 venissent
1661 2745 1717 2798 in
1773 2746 2030 2798 montem

379 2832 680 2905 Ephraim,
714 2839 772 2889 et
801 2832 1125 2889 intrassent
1169 2834 1412 2890 domum
1464 2832 1678 2901 Micha,
1727 2831 2028 2903 requieve-

380 2931 519 2980 runt
550 2926 626 2981 ibi
662 2944 676 2978 :
710 2930 767 2981 et
797 2928 1184 2998 agnoscentes
1235 2940 1434 2980 vocem
1486 2922 1876 2979 adolescentis
1924 2923 2032 2977 Le-

381 3015 551 3083 vitae,
604 3019 958 3086 utcntesque
1010 3014 1173 3069 illius
1223 3013 1540 3069 diversorio
1571 3056 1584 3080 ,
1638 3013 1909 3068 dixerunt
1958 3012 2031 3068 ad

389 3119 520 3159 eum
557 3121 569 3158 ε
603 3104 743 3170 Quis
774 3108 829 3159 te
856 3104 970 3158 huc
997 3103 1281 3159 adduxit?
1312 3103 1451 3174 quid
1494 3102 1587 3157 hic
1629 3101 1801 3173 agis?
1849 3118 2027 3173 quam

2135 511 2271 563 runt
2303 507 2360 561 in
2396 507 2838 584 Cariath-Jari_m
2869 507 3034 563 Judae
3072 524 3084 564 :
3116 509 3216 580 qui
3251 507 3434 582 locus,
3466 529 3529 570 eo
3561 519 3761 589 tempo-

2133 614 2214 668 re,
2272 597 2606 653 Castrorum
2667 601 2787 652 Dan
2851 614 3060 653 nomen
3121 601 3365 671 accepit,
3415 606 3471 658 et
3516 610 3601 660 est
3646 613 3762 678 post

2132 692 2360 758 tergum
2387 686 2943 743 Cariath-Jarim.Et
2966 688 3101 743 inde
3128 691 3488 748 transierunt
3517 695 3570 749 in
3606 713 3753 753 mon-

2133 782 2250 831 tem
2276 776 2572 847 Ephraim.
2594 781 2858 848 Cumque
2889 777 3188 833 venissent
3210 780 3277 834 ad
3305 781 3543 838 domum
3567 786 3756 854 Micha,

2133 865 2408 920 dixerunt
2437 865 2700 936 quinque
2728 866 2860 936 viri,
2889 867 2988 938 qui
3015 868 3181 939 prius
3213 869 3378 925 missi
3430 873 3649 929 fuerant
3693 878 3753 932 ad

2135 955 2622 1010 considerandam
2647 961 2859 1010 terram
2887 956 3033 1025 Lais,
3058 959 3278 1013 caeteris
3300 960 3572 1017 fratribus
3602 965 3714 1020 suis
3745 983 3756 1020 :

2135 1042 2325 1100 Nostis
2356 1045 2508 1116 quod
2542 1045 2601 1099 in
2632 1045 2905 1101 domibus
2937 1046 3065 1102 istis
3097 1048 3176 1102 sit
3223 1048 3437 1120 ephod,
3479 1057 3534 1107 et
3579 1053 3757 1111 thera-

2136 1133 2323 1205 phim,
2357 1139 2413 1188 et
2442 1133 2736 1206 sculptile,
2783 1140 2957 1207 atque
3007 1137 3296 1194 conﬂatile
3347 1156 3360 1195 :
3410 1139 3594 1198 videte
3638 1144 3758 1215 quid

2134 1222 2297 1278 vobis
2331 1222 2572 1295 placeat.
2608 1224 2832 1279 Etcum
2866 1225 3173 1296 paululum
3225 1227 3628 1298 declinassent,
3678 1233 3759 1288 in-

2136 1311 2321 1383 gressi
2354 1317 2492 1367 sunt
2521 1313 2761 1368 domum
2795 1313 3180 1370 adolescentis
3233 1317 3457 1386 LOVltIB,
3508 1320 3604 1391 qui
3649 1327 3759 1378 erat

2137 1401 2195 1455 in
2230 1402 2402 1456 domo
2437 1401 2649 1469 Micha,
2683 1401 3202 1476 salutaveruntque
3254 1423 3388 1462 eum
3437 1409 3622 1466 verbis
3667 1428 3757 1484 pa-

2138 1490 2340 1546 cificis.
2383 1490 2647 1547 Sexcenti
2693 1497 2885 1548 autem
2931 1493 3040 1548 viri
3089 1495 3170 1549 ita
3219 1500 3286 1550 ut
3330 1503 3492 1552 erant
3547 1501 3758 1568 armati,

2139 1580 2371 1636 stabant
2400 1584 2532 1636 ante
2563 1582 2799 1636 ostium.
2851 1584 2924 1637 At
2969 1582 3052 1638 illi
3103 1584 3202 1655 qui
3251 1584 3504 1658 ingressi
3553 1589 3763 1644 fuerant

2139 1669 2377 1725 domum
2429 1670 2684 1740 javenis,
2745 1671 3033 1743 sculptile,
3089 1678 3144 1729 et
3204 1675 3418 1747 ephod,
3477 1680 3531 1732 et
3585 1678 3762 1734 thera-

2141 1757 2325 1829 phim,
2357 1763 2532 1829 atque
2563 1760 2852 1816 conﬂatile
2882 1761 3086 1818 tollere
3118 1762 3478 1834 nitebantur,
3509 1770 3564 1822 et
3589 1760 3760 1823 sacer-

2138 1848 2244 1902 dos
2277 1847 2468 1902 stabat
2498 1853 2631 1904 ante
2658 1849 2877 1904 ostium
2919 1852 3208 1908 sexcentis
3257 1853 3398 1910 viris
3451 1855 3761 1912 fortissimis

2137 1935 2293 1990 haud
2345 1936 2544 2008 procul
2594 1940 3090 2010 exspectantibus.
3135 1941 3417 1998 Tulerunt
3462 1943 3632 2018 igitur
3675 1945 3764 2018 qui

2138 2025 2516 2094 intraverant,
2550 2026 2841 2098 sculptile,
2875 2028 3088 2100 ephod,
3121 2034 3175 2085 et
3207 2031 3386 2100 idola,
3426 2038 3594 2105 atque
3639 2052 3764 2091 con-

2139 2113 2336 2170 flatile.
2370 2114 2593 2179 Quibus
2624 2116 2767 2172 dixit
2817 2119 3088 2174 sacerdos
3140 2137 3152 2175 :
3203 2121 3354 2186 Quid
3405 2122 3629 2178 facitis?
3672 2122 3761 2178 Cui

2141 2205 2570 2274 responderunt
2619 2222 2631 2261 :
2681 2207 2831 2261 Tace
2881 2211 2939 2260 et
2985 2224 3134 2280 pone
3181 2209 3431 2282 digitum
3494 2229 3660 2284 super
3704 2227 3759 2267 os

2139 2298 2308 2348 tuum
2339 2309 2354 2351 :
2384 2295 2632 2366 venique
2664 2297 2993 2365 nobiscum,
3028 2302 3093 2352 ut
3121 2297 3444 2355 habeamus
3472 2305 3524 2355 te
3557 2305 3756 2373 patrem

2141 2384 2771 2452 ac§sacerdotem.Quid
2801 2385 2908 2440 tibi
2942 2387 3149 2444 melius
3180 2394 3366 2457 est,ut
3397 2390 3477 2446 sis
3510 2391 3760 2446 sacerdos

2139 2473 2199 2528 in
2231 2474 2401 2528 domo
2435 2475 2612 2529 unius
2644 2476 2770 2540 viri,
2804 2493 2876 2532 an
2911 2477 2968 2532 in
3001 2494 3118 2532 una
3148 2477 3306 2533 tribu
3355 2483 3412 2534 et
3458 2479 3663 2534 familia
3705 2478 3757 2533 in

2142 2563 2364 2618 Israel?
2397 2564 2556 2630 Quod
2593 2581 2724 2620 cum
2758 2566 3044 2632 audisset,
3077 2568 3369 2638 acquievit
3414 2569 3754 2625 sermonibus

2140 2668 2362 2721 eorum,
2392 2658 2448 2707 et
2475 2653 2608 2709 tulit
2636 2653 2842 2726 ephod.
2878 2659 2934 2710 et
2961 2655 3115 2711 idola
3146 2673 3211 2712 ac
3243 2657 3531 2730 sculptile,
3563 2661 3758 2713 etcum

2140 2741 2224 2797 eis
2255 2743 2549 2812 profectus
2580 2747 2686 2799 est.
2721 2743 2827 2808 Qui
2877 2761 3011 2800 cum
3066 2751 3394 2817 pergerent,
3444 2751 3500 2803 et
3542 2753 3664 2804 ante
3707 2762 3760 2802 se

2138 2831 2223 2885 ire
2256 2831 2532 2887 fecissent
2561 2831 2834 2904 parvulos
2869 2849 2933 2888 ac
2956 2835 3249 2906 jumenta,
3303 2840 3361 2892 et
3410 2851 3573 2891 omne
3621 2834 3756 2906 quod

2141 2925 2264 2974 erat
2287 2921 2631 2991 pretiosum,
2652 2921 2899 2993 jamque
2926 2939 2958 2977 a
2980 2923 3152 2978 domo
3193 2922 3397 2978 Michaa
3422 2928 3611 2982 essent
3638 2939 3754 2994 pro-

2142 3008 2256 3079 cul,
2291 3008 2398 3064 viri
2432 3009 2530 3080 qui
2562 3010 2908 3066 habitabant
2936 3010 2997 3066 in
3031 3012 3253 3068 aedibus
3307 3013 3505 3069 Michaa
3552 3010 3758 3069 concla-

2144 3102 2371 3153 mantes
2406 3100 2589 3154 secuti
2619 3091 2778 3170 sunt,
2811 3105 2869 3155 et
2911 3105 3044 3172 post
3091 3107 3323 3172 tergum
3375 3101 3617 3157 clamare
3659 3117 3758 3156 coe-

388 3193 460 3248 ob
493 3209 732 3248 causam
762 3193 874 3249 huc
897 3191 1089 3248 venire
1127 3190 1410 3247 voluisti?
1441 3191 1547 3259 Qui
1585 3191 1887 3263 respondit
1915 3191 2032 3246 eis:
2068 3186 2109 3252 C
2142 3187 2483 3257 perunt-Olli
2509 3205 2641 3242 cum
2676 3189 3070 3260 respexissent
3097 3189 3377 3246 dixerunt
3407 3192 3475 3246 ad
3510 3190 3758 3245 Micham:

380 3287 515 3336 Hmc
544 3286 598 3336 et
631 3281 752 3336 hazc
785 3281 1055 3354 praestitit
1088 3281 1233 3336 mihi
1265 3281 1506 3353 Micbas,
1539 3285 1594 3335 et
1625 3295 1716 3335 me
1766 3281 2031 3336 mercede

387 3375 756 3442 conduxit,ut
783 3375 892 3428 sim
925 3375 974 3430 ei
1009 3375 1304 3430 sacerdos.
1342 3375 1824 3446 Rogaveruntque
1871 3390 2029 3459 eum,

385 3469 448 3521 ut
480 3462 810 3519 consuleret
842 3464 1171 3530 Dominum,
1207 3467 1270 3518 ut
1298 3462 1443 3518 scire
1485 3467 1724 3534 possent
1771 3479 1842 3517 an
1894 3479 2030 3533 pro-

393 3569 563 3626 spero
598 3551 802 3607 itinere
836 3556 1162 3624 pergerent,
1199 3556 1256 3607 et
1306 3568 1397 3607 res
1445 3550 1688 3606 haberet
1734 3550 2026 3606 effectum.

381 3642 489 3706 Qui
522 3639 822 3713 respondit
852 3639 937 3696 eis
971 3657 983 3695 :
1021 3640 1101 3696 Ite
1133 3656 1262 3695 cum
1295 3655 1436 3712 pace
1469 3656 1481 3695 :
1520 3639 1800 3695 Dominus
1846 3639 2030 3711 respi-

380 3731 459 3787 cit
487 3731 639 3786 viam
674 3735 946 3798 vestram,
981 3733 1038 3786 et
1070 3730 1180 3785 iter
1208 3746 1325 3801 quo
1359 3729 1620 3802 pergitis.
1654 3733 1877 3784 Euntes
1917 3727 2030 3800 igi-

379 3826 475 3877 tur
501 3820 762 3892 quinque
789 3819 896 3875 viri
930 3823 1214 3874 venerunt
1247 3818 1375 3874 Lais
1427 3835 1439 3872 :
1491 3818 1877 3889 viderentque
1925 3835 2030 3888 po-

379 3909 584 3983 pulum
617 3908 978 3964 habitantem
1007 3909 1065 3964 in
1099 3925 1166 3963 ea
1192 3908 1414 3980 absque
1447 3906 1566 3964 ullo
1596 3912 1825 3976 timore,
1865 3907 2033 3978 juxta

377 3999 749 4056 Sidoniorum
784 3997 1296 4066 consuetudinem,
1333 4013 1606 4053 securum
1639 4001 1696 4053 et
1741 3997 2027 4069 quietum,

378 4088 539 4144 nullo
572 4088 622 4143 ei
651 4087 886 4160 penitus
920 4086 1253 4155 resistente,
1306 4103 1776 4160 magnarumque
1826 4103 2027 4159 opum,

377 4181 432 4232 et
486 4177 685 4249 procul
737 4194 769 4231 a
816 4176 1030 4234 Sidone
1093 4185 1262 4246 atque
1312 4194 1345 4231 a
1397 4176 1622 4231 cunctis
1687 4176 2030 4232 hominibus

376 4272 736 4338 separatum.
775 4266 1130 4337 Reversique
1174 4267 1245 4321 ad
1299 4266 1505 4322 fratres
1553 4283 1692 4321 suos
1741 4265 1800 4320 in
1851 4267 2031 4322 Saraa

377 4361 433 4412 et
461 4355 716 4423 Estbaol,
750 4360 807 4411 et
838 4355 978 4427 quid
1013 4356 1268 4427 egissent
1300 4355 1736 4411 sciscitantibus
1787 4372 2030 4428 respon-

379 4446 592 4500 derunt
627 4462 639 4498 :
672 4445 925 4517 Surgite,
957 4448 1014 4500 et
1045 4445 1432 4500 ascendamus
1475 4445 1545 4500 ad
1595 4461 1719 4513 eos,
1769 4445 2029 4500 vidimus

378 4535 536 4590 enim
570 4540 784 4590 terram
815 4533 978 4590 valde
1011 4533 1351 4606 opulentam
1393 4537 1449 4589 et
1495 4534 1730 4589 uberem
1785 4550 1798 4589 :
1854 4533 2031 4590 nolite

380 4623 700 4695 negligere,
735 4623 912 4679 nolite
944 4640 1195 4680 cessare.
1234 4629 1468 4694 Eamus,
1519 4626 1577 4678 et
1627 4621 2031 4694 possideamus

383 4729 538 4781 eam,
576 4712 774 4768 nullus
804 4713 914 4768 erit
946 4713 1129 4769 labor.
1164 4713 1522 4769 Intrabimus
1571 4712 1640 4766 ad
1691 4729 1928 4768 securos
1977 4712 2033 4768 in

389 4802 686 4873 regionem
719 4801 1402 4873 latissimam,tradetque
1432 4800 1602 4857 nobis
1634 4799 1918 4857 Dominus
1948 4799 2034 4856 lo-

392 4908 548 4959 cum,
583 4891 639 4946 in
670 4909 783 4963 quo
830 4891 1050 4947 nullius
1099 4891 1176 4947 rei
1228 4896 1317 4947 est
1367 4890 1610 4962 penuria
1657 4906 1857 4945 eorum
1908 4908 2034 4962 quae

384 4982 718 5054 gignuntur
749 4981 806 5035 in
843 4986 1016 5036 terra.
1052 4980 1297 5036 Profecti
1331 4979 1511 5052 igitur
1559 4984 1697 5034 sunt
1727 4980 1797 5034 de
1820 4995 2036 5052 cogna-

381 5070 539 5127 tione
574 5071 713 5139 Dan,
749 5070 804 5124 id
857 5075 967 5141 est,
1021 5069 1091 5124 de
1138 5070 1318 5125 Soraa
1366 5073 1423 5122 et
1471 5065 1725 5139 Esthaol,
1775 5069 2032 5124 sexcenti

456 5215 474 5248 ί
506 5213 801 5270 Jonathan
839 5212 994 5268 ﬁlius
1029 5212 1250 5268 Gerson
1284 5211 1388 5267 filii
1447 5211 1650 5284 Moysi.
1701 5211 1831 5266 Vid.
1881 5212 2035 5268 infra

387 5303 752 5415 cayl’ﬂaiiin.
788 5372 924 5428 ms,
953 5358 1003 5409 et
1032 5357 1168 5428 ipse,
1202 5353 1374 5428 paulo
1407 5371 1636 5426 quoque
1684 5357 1839 5427 post,
1890 5355 2033 5412 unde

387 5429 585 5486 venis?
614 5446 714 5501 pro
741 5427 884 5482 unde
915 5425 1166 5482 veniaset.

458 5503 478 5536 ³
511 5498 735 5572 Repetit
764 5501 1061 5566 Hebraeus,
1095 5501 1155 5554 In
1183 5498 1372 5572 diebus
1423 5499 1538 5572 illis
1571 5514 1600 5572 7:

385 5577 502 5628 tem
537 5569 812 5646 praeterea
863 5572 1142 5628 omittunt
1193 5571 1387 5639 verba,
1439 5569 1518 5626 Ad
1563 5569 1922 5626 habitandum
1973 5572 2033 5628 in

384 5659 466 5701 ea.

1649 5497 1882 5570 Vulgati
1935 5517 2036 5556 au-

2142 3275 2291 3341 Quid
2322 3276 2425 3330 tibi
2460 3275 2547 3331 vis
2577 3274 2601 3330 ?
2631 3292 2736 3331 cur
2764 3276 3023 3333 clames?
3050 3277 3156 3342 Qui
3211 3279 3514 3351 respondit
3565 3296 3577 3334 :
3627 3283 3756 3333 Deos

2142 3380 2323 3432 meos,
2359 3381 2505 3436 quos
2535 3365 2680 3420 mihi
2712 3366 2840 3436 feci,
2893 3366 3136 3432 tulistis,
3187 3370 3244 3422 et
3295 3368 3665 3432 sacerdotem,
3709 3370 3758 3421 et

2139 3453 2337 3508 omnia
2368 3470 2494 3525 qua:
2525 3453 2733 3522 habeo,
2769 3460 2819 3510 et
2852 3454 3044 3510 dicitis
3079 3471 3092 3512 :
3125 3455 3275 3520 Quid
3307 3456 3412 3512 tibi
3445 3457 3571 3513 est?
3605 3455 3756 3512 Dixe-

2141 3546 2395 3614 runtque
2427 3543 2476 3598 ei
2513 3543 2616 3598 ﬁlii
2651 3545 2771 3599 Dan
2823 3561 2836 3599 :
2889 3545 3032 3600 Cave
3083 3561 3154 3601 ne
3200 3545 3357 3602 ultra
3407 3545 3654 3618 loquaris
3695 3545 3755 3599 ad

2142 3647 2271 3701 nos,
2303 3635 2359 3686 et
2389 3632 2622 3687 veniant
2653 3633 2723 3687 ad
2758 3637 2812 3688 te
2836 3632 2942 3687 viri
2974 3632 3170 3688 animo
3215 3634 3511 3703 concitati,
3555 3638 3607 3690 et
3650 3634 3759 3706 ipse

2141 3737 2271 3776 cum
2306 3721 2465 3776 omni
2497 3722 2669 3777 domo
2702 3726 2802 3776 tua
2833 3738 3052 3794 pereas.
3092 3723 3170 3778 Et
3214 3724 3302 3779 sic
3351 3729 3531 3796 empto
3579 3722 3760 3778 itinere

2142 3815 2540 3882 perrexerunt.
2572 3812 2790 3868 Videns
2822 3816 3014 3867 autem
3046 3812 3293 3885 Michas,
3321 3815 3471 3885 quod
3521 3813 3760 3869 fortiores

2141 3917 2204 3956 se
2236 3905 2454 3968 essent,
2489 3917 2754 3958 reversus
2785 3907 2874 3957 est
2904 3901 2961 3956 in
2997 3903 3233 3958 domum
3287 3921 3474 3960 suam.
3523 3898 3758 3960 Sexcenti

2141 3995 2334 4046 autem
2364 3991 2468 4045 viri
2500 3991 2762 4047 tulerunt
2791 3992 3149 4048 sacerdotem
3196 3996 3254 4048 et
3307 4009 3432 4065 qua
3482 4007 3650 4064 supra
3691 3987 3762 4046 dl-

2139 4079 2387 4136 ximus:
2419 4085 2820 4153 veneruntque
2873 4081 2931 4135 in
2984 4081 3114 4136 Lais
3164 4085 3235 4136 ad
3287 4082 3566 4155 populum
3614 4078 3759 4152 quie-

2141 4175 2396 4225 scentem
2429 4174 2605 4242 atque
2636 4175 2993 4241 securum,et
3019 4177 3440 4242 percusserunt
3468 4188 3567 4227 eos
3595 4169 3648 4224 in
3677 4181 3762 4222 ore

2139 4252 2675 4332 gladiizurbemque
2709 4259 2976 4315 incendio
3010 4260 3398 4333 tradiderunt,
3433 4259 3588 4316 nullo
3617 4254 3759 4330 peni-

2141 4352 2240 4402 tus
2272 4348 2489 4404 ferente
2521 4349 2880 4420 prazsidium,
2917 4364 2983 4404 eo
3015 4349 3169 4421 quod
3203 4349 3408 4420 procul
3457 4346 3761 4404 habitarent

2141 4453 2174 4492 a
2205 4436 2442 4506 Sidona,
2477 4442 2532 4492 et
2563 4454 2695 4492 cum
2724 4437 2882 4493 nullo
2925 4437 3233 4492 hominum
3283 4438 3560 4494 haberent
3605 4433 3757 4507 quid-

2063 4557 2108 4621 D
2141 4542 2317 4598 quam
2350 4526 2647 4582 societatis
2678 4543 2742 4583 ac
2774 4527 3008 4598 negotii.
3042 4527 3175 4581 Erat
3205 4532 3402 4582 autem
3435 4525 3627 4582 civitas
3664 4521 3762 4577 sita

2150 4617 2207 4672 in
2242 4618 2477 4691 regione
2509 4619 2667 4674 Roob
2701 4635 2714 4674 :
2750 4635 2922 4690 quam
2957 4634 3190 4672 rursum
3225 4621 3585 4674 exstruentes
3615 4609 3762 4669 habi-

2145 4711 2417 4764 taverunt
2462 4708 2521 4762 in
2554 4724 2640 4774 ea,
2675 4713 2873 4764 vocato
2907 4707 3143 4762 nomine
3173 4707 3422 4762 civitatis
3457 4711 3590 4772 Dan,
3619 4704 3762 4774 juxta

2143 4797 2494 4852 vocabulum
2528 4797 2710 4869 patris
2741 4797 2857 4866 sui,
2893 4812 3062 4868 quem
3097 4801 3380 4868 genuerat
3413 4792 3604 4861 Israel,
3650 4804 3762 4862 quae

2145 4887 2314 4956 prius
2366 4886 2493 4942 Lais
2545 4886 2868 4941 dicebatur.
2918 4886 2999 4956 [Ο.
3055 4885 3280 4954 LVIll.]
3346 4885 3763 4949 Posueruntque

2144 4976 2255 5030 sibi
2281 4974 2574 5047 sculptile,
2608 4980 2664 5030 et
2682 4975 2972 5030 Jenathan
3002 4975 3188 5029 ﬁlium
3210 4978 3449 5029 Gersom
3483 4969 3580 5026 lilii
3611 4964 3758 5032 Mosi,

2144 5082 2208 5121 ac
2235 5066 2387 5122 ﬁlios
2409 5065 2536 5136 ejus
2568 5066 2897 5121 sacerdotes
2921 5065 2979 5119 in
3003 5065 3154 5120 tribu
3181 5064 3303 5120 Dan
3331 5078 3512 5134 usque
3533 5059 3600 5115 ad
3622 5057 3758 5112 diem

2213 5219 2233 5252 ι
2264 5209 2431 5280 Apud
2463 5209 2627 5279 LXX,
2664 5208 2858 5264 Gerson
2891 5212 2949 5263 et
2978 5213 3199 5263 Gerso-m
3229 5205 3480 5280 legimus
3515 5220 3526 5258 :
3558 5202 3619 5280 in
3661 5198 3758 5252 La-

2143 5281 2278 5336 tinis
2309 5276 2503 5336 autem
2539 5276 2969 5353 exemplaribus
3000 5279 3208 5353 Gersan
3243 5276 3312 5353 et
3332 5276 3758 5353 GersamCanop

2141 5353 2496 5410 Hebr.verit.
2518 5338 3080 5424 capite‘praecedenti
3112 5352 3179 5424 in
3202 5350 3421 5406 scholio
3455 5338 3758 5424 marginali.

2143 5433 2197 5480 et
2225 5427 2315 5480 hic
2345 5425 2403 5480 in
2436 5419 2704 5481 contextu
2737 5419 2900 5480 sacro
2933 5425 3140 5480 Gerson
3170 5423 3345 5478 habet
3384 5437 3398 5475 :
3450 5419 3548 5475 sed
3598 5419 3760 5491 man}-

2142 5501 2326 5553 festus
2355 5497 2531 5574 est,ui
2564 5495 3408 5574 fallor,exscgiptorisAlapsuS,
3431 5491 3529 5574 qui
3560 5497 3754 5574 ῼῙΟῘῙῘΕ

2141 5557 2550 5644 seue__accipit
2607 5557 2848 5644 nomina
2907 5557 3759 5644 Gerson_ﬁlii:llevi,.'et'6e;sepz

2139 5641 2246 5697 ﬁlii
2277 5626 2482 5699 Mosis:
2516 5646 2691 5698 Porro
2722 5641 2961 5697 Gersom
2992 5639 3102 5696 iste
3132 5638 3190 5694 in
3221 5626 3473 5693 Hebraeis
3519 5647 3583 5690 ac
3626 5626 3757 5685 Grae-
