3982 6178
377 264 486 319 583

1409 268 1472 320 8.
1512 265 1921 321 HIERONYMI
1959 259 2219 316 DIVINA
2255 259 2750 317 BIBLIO’I‘HECA.

3645 269 3734 326 584

380 403 602 459 meum,
634 392 692 444 et
740 391 963 444 cessate
993 387 1066 442 ab
1117 385 1225 442 hac
1276 387 1570 443 stultitia:
1604 387 1789 442 habeo
1841 384 2022 440 ﬁliam
2050 383 2108 452 Α
2137 381 2197 438 in
2227 382 2392 438 vobis
2443 387 2738 454 repertum
2787 382 2925 438 est?
2954 381 3192 440 Tradite
3241 383 3496 443 homines
3531 389 3596 446 de
3635 395 3734 449 Ga-

373 476 681 548 virginein,
715 481 772 531 et
802 475 896 531 hic
923 475 1098 530 homo
1130 475 1304 530 habet
1334 476 1749 543 concubinam,
1776 475 2023 530 educam

371 580 470 619 eas
505 565 576 620 ad
606 581 726 630 vos,
763 568 825 618 ut
854 563 1181 618 humilietis
1214 569 1398 632 eas,et
1430 569 1682 619 vestram
1716 563 2020 619 libidinem

371 651 710 723 complestis
746 669 759 707 :
797 658 1054 720 tantum,
1088 655 1351 720 obsecro,
1384 669 1456 708 ne
1486 653 1681 709 scelus
1725 654 1832 708 hoc
1881 667 2021 706 con-

367 745 458 796 tra
489 745 753 795 naturam
788 741 1107 812 operamini
1139 742 1196 795 in
1232 742 1762 797 virum..Nolebant
1786 740 2018 810 acquie-

368 846 531 884 scere
561 829 935 885 sermonibus
965 832 1285 901 ejus.Quod
1318 847 1564 886 cernens
1599 832 1791 898 homo,
1823 828 2023 884 eduxit

365 919 438 973 ad
472 935 570 974 eos
601 919 992 973 concubinam
1026 935 1218 985 suam,
1257 927 1315 974 et
1345 919 1428 974 eis
1468 921 1715 974 tradidit
1763 918 2018 972 illuden-

365 1007 502 1063 dam
533 1026 552 1062 :
585 1024 702 1077 qua
731 1025 867 1062 cum
901 1015 1019 1063 tota
1051 1015 1220 1064 nocte
1251 1009 1420 1064 abusi
1442 1009 2022 1075 essent,dimiserunt

365 1111 495 1152 eam
530 1113 722 1151 mane.
759 1101 825 1152 At
856 1097 1091 1162 mulier,
1125 1097 1528 1153 recedentibus
1554 1097 1832 1161 tenebris,
1861 1097 2019 1152 venit

363 1187 434 1239 ad
470 1185 692 1239 ostium
725 1185 955 1252 domus,
995 1186 1094 1240 ubi
1135 1187 1412 1241 manebat
1457 1187 1731 1241 dominus
1761 1201 1928 1249 suus,
1962 1191 2020 1240 et

363 1273 443 1327 ibi
477 1273 716 1328 corruit.
751 1273 920 1328 Mane
950 1274 1121 1338 facto,
1163 1275 1417 1330 surrexit
1467 1275 1640 1329 homo
1681 1281 1738 1330 et
1789 1274 2020 1344 aperuit

361 1361 604 1425 ostium,
636 1367 700 1414 ut
730 1367 977 1432 emptam
1028 1363 1289 1432 expleret
1321 1362 1474 1417 viam
1507 1379 1522 1418 :
1557 1371 1614 1418 et
1645 1379 1776 1418 ecce
1801 1378 2016 1418 concu-

355 1448 495 1504 bina
541 1451 671 1518 ejus
711 1449 946 1519 jaCebat
993 1455 1128 1505 ante
1168 1454 1385 1505 ostium
1431 1451 1655 1520 sparsis
1701 1451 1759 1505 in
1812 1449 2017 1505 limine

359 1537 659 1592 manibus.
693 1537 798 1594 Cui
832 1539 949 1606 ille,
983 1544 1198 1609 putans
1226 1555 1353 1593 eam
1388 1540 1708 1610 quiescere,
1743 1539 2016 1609 loqueba-

359 1631 458 1680 tur
491 1642 505 1680 :
541 1626 749 1696 Surge,
781 1633 839 1681 et
870 1625 1393 1692 ambulemus.Qua
1425 1627 1570 1683 nihil
1603 1629 2014 1698 respondente,

359 1714 700 1785 intelligens
727 1715 884 1786 quod
938 1721 1062 1770 erat
1092 1721 1348 1782 mortua,
1380 1717 1518 1772 tulit
1545 1732 1697 1783 eam,
1734 1722 1792 1771 et
1820 1716 2007 1786 impo-

359 1803 478 1858 suit
530 1805 718 1870 asino,
773 1819 1160 1876 reversusque
1219 1812 1306 1860 est
1380 1807 1438 1860 in
1499 1818 1744 1861 domum
1814 1821 2006 1860 suam.

360 1892 545 1956 Quam
578 1908 709 1947 cum
761 1897 919 1947 esset
967 1894 1291 1964 ingressus,
1343 1893 1593 1965 arripuit
1639 1893 1924 1965 gladium,
1957 1897 2015 1948 et

360 1982 608 2036 cadaver
639 1981 834 2036 uxoris
863 1997 997 2036 cum
1029 1983 1265 2037 ossibus
1299 1982 1425 2038 suis
1456 1985 1516 2037 in
1547 1983 1852 2038 duodecim
1880 2000 2009 2053 par-

363 2076 447 2124 tes
479 2087 546 2124 ac
581 2071 771 2124 frusta
819 2071 1157 2136 concidens,
1192 2071 1356 2126 misit
1406 2073 1462 2126 in
1493 2087 1698 2126 omnes
1728 2071 2011 2126 terminos

358 2157 564 2213 Israel.
595 2158 756 2221 Quod
789 2174 922 2212 cum
952 2158 1238 2214 vidissent
1269 2160 2006 2231 singuli,conclamabant:

361 2252 676 2317 Nunquam
711 2263 802 2301 res
853 2247 989 2302 talis
1026 2254 1177 2302 laeta
1224 2256 1314 2302 est
1357 2248 1414 2303 in
1466 2247 1662 2316 Israel,
1695 2265 1764 2303 ex
1810 2265 1876 2304 eo
1917 2249 2009 2303 die

2129 471 2376 543 baa,qui
2412 471 2520 528 hoc
2552 471 2838 544 ﬂagitium
2872 478 3303 544 perpetrarunt,
3337 481 3397 531 ut
3423 477 3733 548 moriantur,

2127 565 2185 614 et
2216 560 2519 616 auferatur
2551 560 2770 616 malum
2805 561 2876 616 de
2926 561 3124 617 Israel.
3159 561 3267 624 Qui
3315 564 3606 621 noluerunt
3631 569 3731 625 fra-

2127 652 2284 704 trum
2315 665 2559 704 suorum
2613 649 2869 705 ﬁliorum
2915 650 3092 707 Israel
3141 651 3342 708 audire
3391 655 3734 727 mandatum;

2133 739 2235 794 sed
2286 754 2354 792 ex
2405 738 2633 814 cunctis
2687 739 2958 805 urbibus,
3016 756 3146 810 quae
3195 756 3310 796 suae
3365 742 3530 798 sortis
3571 751 3732 813 erant,

2131 833 2531 882 convenerunt
2562 828 2621 881 in
2671 827 2891 896 Gabaa,
2921 834 2985 883 ut
3015 829 3135 884 illis
3194 828 3410 886 ferrent
3455 832 3734 905 auxilium,

2126 922 2183 969 et
2213 921 2416 970 contra
2465 917 2806 971 universum
2836 916 3014 972 Israel
3068 918 3346 988 populum
3395 919 3730 976 dimicarent.

2125 1004 2467 1074 Inventique
2497 1010 2636 1060 sunt
2655 1006 2862 1077 viginti
2888 1007 3146 1076 quinque
3174 1006 3358 1062 millia
3379 1008 3447 1062 de
3466 1009 3735 1079 Benjamin

2124 1093 2500 1149 educentium
2549 1093 2838 1164 gladium,
2889 1100 3096 1163 printer
3152 1095 3500 1151 habitatores
3545 1096 3735 1168 Gabaa,

2123 1197 2225 1252 qui
2255 1182 2610 1253 septingenti
2634 1188 2802 1238 erant
2828 1181 2932 1238 viri
2958 1183 3289 1250 fortissimi,
3323 1183 3403 1239 ita
3435 1185 3658 1240 sinistra
3684 1192 3740 1242 ut

2124 1269 2327 1325 dextra
2360 1271 2712 1340 prmliantes,
2745 1275 2804 1326 et
2832 1272 2917 1326 sic
2949 1273 3149 1327 fundis
3180 1272 3252 1327 ad
3297 1278 3516 1328 certum
3538 1274 3735 1342 jacien-

2122 1363 2212 1413 tes
2242 1358 2492 1430 lapides,
2516 1365 2583 1414 ut
2611 1359 2888 1431 capillum
2922 1375 3156 1432 quoque
3187 1366 3426 1432 possent
3448 1369 3740 1432 percutere,

2121 1452 2178 1502 et
2207 1463 2585 1519 nequaquam
2617 1447 2675 1502 in
2710 1447 2954 1504 alteram
2985 1455 3210 1520 partem
3244 1448 3396 1504 ictus
3425 1448 3624 1521 lapidis
3653 1452 3737 1506 de-

2120 1535 2390 1591 ferretur.
2448 1536 2721 1592 Virorum
2775 1553 3011 1609 quoque
3087 1536 3286 1606 Israel,
3346 1538 3563 1610 absque
3616 1539 3737 1595 ﬁliis

2122 1624 2445 1694 Benjamin,
2479 1625 2717 1682 inventa
2765 1632 2907 1682 sunt
2957 1626 3352 1698 quadraginta
3401 1626 3578 1682 millia
3607 1627 3736 1683 edu-

2121 1712 2376 1768 centium
2425 1713 2673 1785 gladios,
2720 1720 2778 1770 et
2824 1721 3164 1786 paratorum
3215 1716 3288 1771 ad
3338 1733 3603 1786 pugnam.
3644 1715 3738 1779 Qui

2124 1810 2436 1872 surgentes
2485 1807 2769 1859 venerunt
2819 1804 2878 1858 in
2933 1805 3174 1859 domum
3225 1805 3345 1871 Dei,
3397 1805 3500 1860 hoc
3543 1811 3643 1873 est,
3688 1805 3736 1859 in

2121 1891 2285 1948 Silo:
2331 1893 2872 1962 consulueruntque
2921 1892 3105 1948 Deum
3166 1893 3348 1964 [Vulg.
3411 1892 3740 1963 Dominum],

2121 1987 2297 2050 atque
2326 1981 2601 2035 dixerunt
2633 1999 2645 2037 :
2675 1981 2816 2045 Quis
2846 1981 2957 2037 erit
2988 1983 3045 2036 in
3081 1981 3353 2038 exercitu.
3380 1989 3573 2038 nostro
3602 1982 3741 2053 prin-

2119 2084 2255 2140 ceps
2302 2069 2642 2125 certaminis
2690 2075 2893 2126 contra
2942 2071 3093 2126 l’ilios
3143 2071 3495 2142 Benjamin?
3542 2071 3741 2137 Quibus

2117 2158 2422 2228 respondit
2453 2159 2732 2214 Dominus
2766 2176 2780 2214 :
2813 2159 3001 2215 Judas
3032 2160 3110 2215 sit
3139 2161 3261 2215 dux
3291 2165 3496 2216 vester.
3525 2159 3742 2214 Statim-

2117 2262 2232 2317 que
2261 2245 2364 2300 tilii
2399 2247 2575 2302 Israel
2608 2253 2919 2319 surgentes
2952 2265 3144 2315 mane,
3194 2247 3588 2304 castrametati
3622 2251 3744 2302 sunt

360 2352 476 2406 quo
509 2337 901 2390 ascenderunt
946 2341 1142 2405 patres
1173 2336 1362 2390 nostri
1405 2338 1474 2392 de
1520 2337 1786 2409 (Egypto,
1820 2353 2008 2406 usque
2107 2335 2278 2404 juxta
2309 2335 2590 2405 Gabaa,et
2618 2335 2755 2391 inde
2779 2338 3160 2408 procedentes
3185 2341 3260 2394 ad
3287 2354 3542 2410 pugnam
3565 2343 3745 2392 contra

359 2425 418 2478 in
454 2440 706 2495 praesens
737 2430 972 2494 tempus
1006 2440 1018 2478 :
1054 2424 1198 2480 ferte
1228 2427 1603 2491 sententiam,
1635 2433 1694 2480 et
1730 2425 1791 2480 in
1843 2441 2005 2480 com-

359 2529 536 2569 mune
570 2513 862 2567 decernite
895 2513 1034 2583 quid
1066 2514 1219 2568 facto
1249 2530 1399 2583 opus
1439 2514 1539 2570 sit.

426 2602 587 2673 [Cap.
621 2599 753 2670 XX].
775 2600 1006 2671 Egressi
1038 2607 1178 2656 sunt
1208 2601 1404 2672 itaque
1433 2617 1637 2657 omnes
1667 2600 1768 2656 ﬁlii
1800 2603 1998 2668 Israel,

356 2697 414 2745 et
446 2692 665 2762 pariter
695 2690 1053 2760 congregati,
1089 2690 1261 2760 quasi
1292 2690 1380 2744 vir
1407 2706 1580 2757 unus,
1612 2691 1682 2747 de
1730 2695 1852 2746 Dan
1904 2708 2004 2746 us-

359 2797 472 2852 que
502 2779 840 2844 Ber-sabee,
871 2786 928 2834 et
962 2785 1116 2834 terra
1162 2779 1406 2848 Galaad,
1455 2781 1528 2834 ad
1580 2779 1890 2835 Dominum
1941 2782 2000 2834 in

357 2868 596 2940 Maspha
627 2885 640 2923 :
673 2884 997 2938 omnesque
1031 2866 1228 2936 anguli
1272 2867 1644 2940 populorum,
1675 2874 1733 2924 et
1777 2875 1999 2925 cuncta)

352 2957 546 3013 tribus
576 2957 752 3012 Israel
786 2957 844 3011 in
879 2956 1196 3012 Ecclesiam
1231 2957 1429 3028 populi
1457 2957 1557 3012 Dei
1580 2963 1996 3025 convenerunt,

2116 2423 2648 2493 Benjamin,urbem
2681 2441 3024 2497 oppugnare
3057 2431 3384 2499 coeperunt.
3419 2425 3741 2496 Egressique

2113 2513 2220 2567 ﬁlii
2269 2513 2572 2584 Benjamin
2621 2514 2840 2579 Gabaa,
2888 2515 3235 2570 occiderunt
3285 2516 3358 2570 de
3406 2514 3540 2570 ﬁliis
3586 2510 3743 2568 Israel

2111 2601 2208 2656 die
2240 2601 2342 2658 illo
2385 2602 2594 2674 viginti
2642 2604 2758 2658 duo
2810 2603 2999 2659 millia
3048 2605 3337 2659 virorum.
3371 2607 3618 2659 Rursum
3647 2599 3741 2655 ﬁlii

2111 2691 2284 2746 Israel
2317 2697 2373 2746 et
2404 2691 2746 2747 fortitudine
2775 2698 2833 2747 et
2864 2708 3109 2748 numero
3158 2693 3542 2761 conﬁdentes,
3576 2691 3629 2745 in
3659 2705 3744 2745 eo-

2109 2779 2241 2834 dem
2279 2780 2425 2836 loco.
2462 2779 2520 2835 in
2551 2797 2663 2850 quo
2696 2780 2862 2852 prius
2892 2787 3287 2850 certaverant,
3320 2781 3503 2837 aciem
3533 2780 3744 2834 direxe-

2108 2877 2292 2924 runt:
2326 2870 2407 2923 ita
2451 2875 2647 2924 tamen
2700 2876 2764 2924 ut
2811 2871 2976 2941 prius
3027 2873 3418 2927 ascenderant
3467 2875 3523 2925 et
3564 2868 3748 2924 ﬂerent

2107 2975 2304 3013 coram
2335 2959 2583 3014 Domino
2615 2975 2803 3029 usque
2833 2959 2905 3014 ad
2957 2963 3187 3014 noctem
3221 2977 3235 3019 :
3279 2960 3747 3027 consulerentque

355 3045 788 3116 quadringenta
835 3044 1020 3099 millia
1052 3047 1066 3079 ¹
1097 3047 1360 3116 peditum
1411 3052 1823 3118 pugnatorum.
1860 3046 1997 3116 (Nec
2104 3063 2264 3112 eum,
2295 3052 2353 3103 et
2381 3047 2644 3102 dicerent
2677 3064 2690 3103 :
2724 3047 2912 3102 Debeo
2945 3047 3099 3102 ultra
3133 3049 3452 3119 procedere
3485 3047 3553 3102 ad
3583 3041 3744 3100 dimi-

354 3134 528 3189 latuit
558 3134 709 3188 ﬁlios
741 3134 1231 3205 Benjamin,quod
1265 3135 1666 3190 ascendissent
1688 3135 1791 3189 ﬁlii
1817 3134 1996 3190 Israel
2028 3120 2070 3187 C
2109 3136 2362 3190 candum
2396 3141 2600 3190 contra
2652 3135 2804 3191 ﬁlios
2841 3135 3144 3204 Benjamin
3193 3139 3413 3192 fratres
3461 3151 3637 3204 meos,
3683 3148 3747 3187 an

358 3220 418 3274 in
453 3220 739 3290 Maspha).
773 3222 1289 3292 Interrogatusque
1333 3222 1546 3292 Levita,
1581 3224 1826 3278 maritus
1865 3239 2001 3277 mu-

355 3307 516 3363 lieris
548 3310 887 3377 interfecta,
921 3310 1213 3379 quomodo
1266 3317 1496 3364 tantum
1548 3309 1740 3366 scelus
1789 3327 1997 3382 perpe-

361 3403 582 3453 tratum
612 3401 787 3464 esset,
815 3397 1116 3468 respondit
1145 3415 1163 3452 :
1195 3397 1340 3452 Veni
1370 3398 1428 3453 in
1455 3399 1652 3454 Gabaa
1691 3399 2000 3470 Benjamin

361 3502 496 3542 cum
532 3501 707 3541 uxore
736 3503 886 3554 mea,
917 3486 1170 3558 illucque
1200 3487 1429 3553 diverti,
1461 3496 1519 3544 et
1554 3504 1685 3544 ecce
1731 3488 2000 3544 homines

362 3574 616 3630 civitatis
659 3571 822 3629 illius
866 3575 1361 3631 circumeiderunt
1417 3583 1584 3632 nocte
1640 3579 1906 3645 domum,
1938 3577 2000 3632 in

361 3680 479 3736 qua
527 3663 860 3726 manebam,
895 3662 1148 3720 volentes
1199 3681 1292 3720 me
1338 3665 1623 3735 occidere,
1651 3671 1708 3722 et
1758 3683 1999 3723 uxorem

358 3768 551 3808 meam
581 3751 909 3807 incredibili
957 3752 1220 3809 libidinis
1268 3756 1461 3810 furore
1507 3762 1801 3822 vexantes,
1834 3756 2002 3811 deni-

359 3859 471 3912 que
502 3849 734 3896 mortua
760 3846 1068 3908 est.Quam
1101 3851 1408 3915 arreptam,
1441 3843 1502 3899 in
1532 3846 1721 3901 frusta
1749 3844 1997 3916 concidi,

359 3931 612 4003 misique
666 3936 862 4002 partes
911 3933 972 3986 in
1021 3947 1226 3989 omnes
1273 3933 1556 3990 terminos
1607 3937 1998 4005 possessionis

357 4028 556 4076 vestrae
608 4037 622 4076 :
678 4020 818 4092 quia
874 4038 1180 4092 nunquam
1233 4026 1463 4078 tantum
1523 4025 1709 4090 nefas,
1767 4030 1826 4080 et
1877 4030 1998 4080 tam

355 4113 574 4182 grande
605 4109 903 4181 piaculum
937 4111 1157 4165 factum
1188 4111 1248 4166 in
1280 4112 1478 4168 Israel.
1514 4114 1742 4169 Adestis
1772 4130 2000 4181 omnes,

355 4199 460 4253 ﬁlii
493 4197 990 4265 lsrael,decernite
1016 4201 1158 4271 quid
1188 4204 1376 4256 facere
1405 4203 1687 4268 debeatis.
1707 4202 2000 4274 Stansque

356 4288 550 4343 omnis
583 4287 857 4359 populus,
887 4295 944 4344 et
987 4289 1155 4360 quasi
1207 4290 1380 4346 unius
1423 4288 1683 4346 hominis
1730 4292 2000 4347 Sermone

359 4378 747 4448 respondens:
769 4376 894 4432 Non
926 4378 1264 4434 recedemus
1287 4379 1346 4433 in
1371 4380 1751 4436 tabernacula
1772 4387 1996 4448 nostra,

2109 3224 2272 3279 non?
2324 3223 2551 3288 Quibus
2599 3223 2697 3278 ille
2743 3224 3097 3295 respondit:
3142 3224 3464 3281 Ascendite
3509 3222 3579 3279 ad
3626 3235 3746 3276 eum

2109 3313 2286 3384 [Vulg.
2317 3313 2460 3383 eos],
2489 3319 2546 3368 et
2575 3312 2720 3368 inite
2749 3318 3064 3369 certamen.
3114 3313 3388 3386 Cumque
3440 3313 3546 3368 ﬁlii
3591 3308 3750 3366 Israel

2107 3402 2288 3456 altero
2320 3401 2413 3456 die
2445 3405 2649 3456 contra
2681 3400 2830 3456 ﬁlios
2860 3400 3160 3471 Benjamin
3196 3403 3276 3458 ad
3328 3401 3593 3474 praelium
3623 3413 3741 3470 pro-

2107 3489 2441 3554 cessissent,
2473 3495 2794 3561 erupsrunt
2825 3489 2929 3544 ﬁlii
2961 3490 3278 3561 Benjamin
3309 3492 3383 3547 de
3430 3490 3608 3562 portis
3642 3490 3746 3541 Ga—

2105 3579 2238 3647 baa,
2269 3585 2326 3634 et
2363 3585 2736 3634 occurrentes
2785 3577 2892 3643 eis,
2944 3583 3107 3634 tanta
3155 3578 3224 3636 in
3273 3597 3376 3635 eos
3423 3578 3577 3634 caede
3621 3576 3741 3631 bac-

2107 3669 2260 3724 chati
2294 3671 2456 3736 sunt,
2489 3673 2555 3722 ut
2607 3667 2807 3722 decem
2857 3671 2914 3724 et
2946 3675 3074 3723 octo
3104 3667 3302 3724 millia
3330 3669 3586 3723 virorum
3615 3665 3747 3719 edu-

2106 3759 2362 3813 centium
2380 3755 2645 3826 gladium
2669 3761 3123 3826 prosternerent.
3143 3755 3542 3820 Quamobrem
3563 3767 3748 3810 omnes

2105 3845 2210 3900 ﬁlii
2265 3844 2439 3900 Israel
2492 3851 2779 3900 venerunt
2826 3846 2886 3900 in
2935 3847 3175 3900 domum
3234 3847 3362 3914 Dei,
3395 3852 3453 3902 et
3499 3845 3749 3900 sedentes

2104 3934 2322 3988 ﬂebant
2352 3947 2545 3988 coram
2599 3932 2849 3988 Domino
2883 3949 2896 3988 :
2931 3934 3483 4005 jejunaveruntque
3529 3930 3623 3988 illo
3667 3928 3749 3983 die

2105 4038 2292 4094 usque
2323 4022 2396 4077 ad
2431 4027 2817 4092 vesperam,et
2847 4020 3192 4078 obtulerunt
3224 4023 3277 4078 ei
3313 4022 3674 4086 holocausta,
3703 4022 3754 4072 et

2104 4111 2380 4183 paciﬁcus
2409 4109 2697 4177 victimas,
2731 4115 2788 4166 et
2816 4127 2995 4182 super
3023 4117 3181 4166 statu
3212 4129 3326 4168 suo
3372 4112 3752 4180 interrogave-

2105 4206 2263 4255 runt.
2296 4203 2373 4254 Eo
2399 4204 2660 4270 tempore
2703 4198 2786 4254 ibi
2815 4205 2940 4254 erat
2982 4215 3117 4254 arca
3165 4201 3413 4257 foederis
3443 4199 3546 4256 Dei
3575 4195 3755 4270 [Vulg.

2105 4287 2382 4355 Domini],
2413 4293 2472 4342 et
2501 4288 2750 4343 Phinees
2780 4286 2938 4342 ﬁlius
2970 4287 3232 4343 Eleazari
3265 4289 3376 4344 ﬁlii
3404 4290 3594 4345 Aaron
3627 4299 3755 4356 prrs-

2104 4377 2333 4448 positus
2389 4379 2624 4432 domus.
2681 4376 3123 4432 Consuluerunt
3176 4378 3371 4448 igitur
3429 4375 3755 4436 Dominum,

361 4481 466 4520 nec
491 4483 659 4521 suam
683 4466 998 4538 quisquam
1023 4467 1527 4523 intrabitdomum
1557 4485 1570 4524 :
1603 4469 1703 4524 sed
1737 4467 1847 4525 hoc
1869 4485 1999 4524 con-
2029 4479 2074 4542 D
2109 4473 2284 4536 atque
2310 4465 2587 4521 dixerunt
2622 4480 2634 4520 :
2667 4465 2834 4520 Exire
2865 4465 3022 4520 ultra
3071 4465 3370 4522 debemus
3404 4467 3478 4522 ad
3510 4475 3758 4536 pugnam

363 4557 453 4609 tra
484 4555 680 4610 Gabaa
708 4553 767 4609 in
799 4571 1110 4611 commune
1137 4556 1440 4612 faciemus.
1475 4556 1686 4612 Decem
1735 4557 1843 4612 viri
1895 4558 2006 4614 eli-

363 4649 579 4715 gantur
607 4659 637 4698 e
667 4648 905 4699 centum
953 4660 1021 4700 ex
1069 4646 1348 4701 omnibus
1395 4645 1670 4702 tribubus
1719 4646 1916 4716 Israel,
1947 4652 2006 4703 et

359 4737 594 4786 centum
625 4733 697 4787 de
750 4733 930 4799 mille,
963 4741 1019 4788 et
1051 4734 1209 4789 mille
1255 4736 1327 4790 de
1375 4735 1573 4791 decem
1621 4735 1906 4807 millibus,
1941 4740 2007 4792 ut

358 4825 726 4892 comportant
754 4821 1029 4876 exercitui
1061 4821 1301 4889 cibaria,
1319 4826 1376 4878 et
1407 4823 1705 4895 possimus
1735 4840 2004 4895 pugnan-

360 4915 448 4966 tes
480 4915 688 4966 contra
714 4910 911 4964 Gabaa
962 4911 1290 4981 Benjamin,
1342 4913 1581 4967 reddere
1629 4913 1681 4967 ei
1732 4929 1832 4982 pro
1879 4928 2005 4968 sce-

361 4999 499 5068 lere,
536 5005 690 5070 quod
741 5006 1018 5056 meretur.
1050 5001 1442 5072 Convenitque
1493 5004 1797 5058 universus
1830 5001 2005 5056 Israel

363 5089 436 5144 ad
495 5089 810 5156 civitatem,
844 5088 1010 5161 quasi
1072 5105 1226 5144 unus
1283 5089 1478 5158 homo,
1532 5091 1732 5146 eadem
1788 5095 2003 5159 mente,

365 5193 600 5249 unoque
633 5177 899 5234 consilio.
933 5178 1002 5233 Et
1033 5178 1324 5234 miserunt
1360 5179 1599 5236 nuntios
1649 5179 1721 5234 ad
1771 5194 2003 5235 omnem

365 5263 584 5321 tribum
617 5265 948 5338 Benjamin,
980 5265 1079 5338 qui
1111 5265 1372 5323 dicerent
1405 5282 1417 5320 :
1451 5266 1566 5322 Cur
1596 5270 1822 5322 tantum
1845 5266 2006 5322 nefas

444 5428 462 5461 ¹
496 5430 603 5498 Pro
632 5423 1084 5496 quadringentis
1106 5423 1392 5481 millibus.
1415 5426 1612 5482 Canon
1635 5442 1768 5482 cum
1787 5427 2010 5498 aliquot

371 5511 517 5570 mss.
553 5497 1146 5570 habet,rquardraginla
1169 5498 1385 5570 _millz'a
1418 5515 1432 5553 :
1477 5499 1631 5570 quod
1657 5497 1920 5570 incuriae
1952 5506 2010 5556 et

371 5568 677 5642 imperitiae
703 5568 1077 5628 librariorum
1107 5568 1627 5628 tribuendum'est.
1655 5568 1838 5628 Mser.

2113 4559 2317 4611 contra
2361 4554 2514 4610 ﬁlios
2542 4554 2848 4623 Benjamin
2876 4554 3083 4609 fratres
3119 4561 3383 4623 nostros,
3419 4572 3493 4611 an
3522 4551 3764 4625 quiesce-

2112 4644 2220 4700 re?
2249 4642 2474 4708 Quibus
2522 4643 2605 4698 ait
2651 4642 2985 4698 Dominus:
3035 4645 3383 4714 Ascendite,
3436 4660 3567 4699 cras
3612 4641 3757 4697 enim

2111 4731 2342 4788 tradam
2371 4747 2470 4786 eos
2517 4731 2578 4785 in
2625 4746 2854 4787 manus
2886 4737 3128 4786 vestras.
3179 4735 3640 4804 Posueruntque
3668 4725 3765 4782 ﬁlii

2113 4820 2292 4877 Israel
2324 4820 2572 4876 insidias
2603 4836 2705 4891 per
2733 4819 3044 4875 circuitum
3079 4819 3250 4876 urbis
3280 4823 3572 4888 Gabaa,et
3602 4816 3764 4873 tertia

2111 4911 2256 4977 vice,
2279 4910 2435 4965 sicut
2458 4909 2637 4965 semel
2661 4915 2718 4965 et
2739 4907 2846 4976 bis,
2872 4915 3076 4965 contra
3095 4915 3214 4964 Ben
3215 4911 3418 4980 jamin
3459 4907 3765 4967 exercitum

2114 5001 2536 5072 produxerunt.
2568 4999 2680 5054 Sed
2731 4997 2835 5052 ﬁlii
2867 4999 3176 5070 Benjamin
3237 5001 3532 5055 audacter
3573 5009 3768 5067 erupe-

2115 5094 2253 5144 runt
2281 5087 2352 5144 de
2390 5088 2644 5156 civitate,
2678 5091 2736 5142 et
2780 5087 3072 5160 fugientes
3116 5087 3500 5145 adversarios
3549 5086 3768 5157 longius

2114 5175 2408 5250 persecuti
2463 5179 2622 5245 sunt,
2655 5175 2736 5230 ita
2789 5181 2855 5230 ut
2907 5174 3296 5232 vulnerarent
3353 5195 3426 5233 ex
3484 5177 3569 5233 eis
3627 5174 3771 5230 sicut

2117 5267 2307 5338 primo
2340 5268 2398 5321 et
2426 5266 2683 5321 secunda
2700 5264 2880 5334 die,et
2907 5265 3201 5322 caderent
3224 5283 3335 5337 per
3363 5267 3520 5324 duas
3540 5263 3772 5322 semitas

2190 5459 2258 5470 -
2302 5427 2474 5513 Unus.
2515 5426 2762 5513 Palatin.
2801 5431 2989 5513 atque
3037 5425 3209 5481 aliter
3264 5444 3454 5513 penes
3510 5425 3772 5513 Martian.

2120 5518 2263 5631 inest:
2330 5497 2702 5572 quadraginta
2760 5498 2966 5554 vitiose
3037 5513 3139 5570 pro
3198 5497 3618 5571 quadringenta
3680 5497 3775 5551 ha-

2162 5588 2234 5629 en
2266 5612 2282 5630 .
