3982 6178
358 329 461 383 587

1414 327 1472 380 Β.
1513 323 1919 380 HIERONYMI
1957 324 2210 379 DIVINA
2253 323 2748 383 BIBLIO'I‘HECA.

3628 328 3720 383 588

357 454 498 510 mini
559 459 645 509 est
701 453 762 508 in
796 452 916 508 Silo
975 450 1393 518 anniversaria,
1448 467 1575 522 quas
1638 450 1751 505 sita
1797 454 1886 505 est
1930 450 1997 506 ad
2030 450 2083 516 Α
2116 448 2362 505 lantiuin
2396 454 2571 521 atque
2600 451 2908 517 victorum,
2956 450 3056 506 sed
3109 450 3442 521 rogantibus
3485 455 3546 506 ut
3584 454 3717 508 acci—

353 542 809 615 septentrionem
862 542 1026 597 urbis
1079 539 1358 610 Beth-El,
1411 545 1467 595 et
1526 541 1598 595 ad
1652 539 1998 595 orientalem
2110 546 2336 611 perent,
2369 560 2480 596 non
2515 542 2785 609 dedistis,
2817 546 2937 597 eta
2990 544 3186 596 vestra
3220 545 3379 611 parte
3438 548 3715 611 peccatum

357 634 584 706 plagam
608 633 730 702 viae,
764 648 893 705 quae
925 632 996 685 de
1028 629 1271 686 Beth-El
1312 630 1500 685 tendit
1545 630 1615 684 ad
1650 629 1998 699 Sichimam,

353 740 423 778 en
455 724 523 777 ad
558 722 863 777 meridiem
923 720 1125 792 oppidi
1178 721 1425 775 Lebona.
1470 725 2006 789 Prwceperuntque

356 811 493 866 filiis
523 811 848 881 Benjamin,
884 816 1057 880 atque
1090 810 1363 864 dixerunt
1396 827 1408 863 :
1442 809 1542 879 Ite,
1574 814 1633 864 et
1683 809 1911 863 latitate
1944 807 2003 861 in

358 900 561 956 vineis.
597 900 863 971 Cumque
893 898 1156 954 videritis
1217 897 1367 953 ﬁlias
1412 897 1529 952 Silo
1578 898 1651 952 ad
1683 897 2005 965 ducendos,

364 990 574 1045 choros
603 1006 673 1045 ex
730 1004 891 1043 more
924 988 1254 1058 procedere,
1279 988 1427 1042 exite
1449 992 1687 1058 repente
1709 988 1779 1041 de
1800 986 2007 1049 vineis,

367 1084 423 1134 et
456 1080 642 1151 rapite
693 1080 869 1150 [Vulg.
904 1094 972 1133 ex
1005 1076 1117 1147 eis]
1153 1093 1253 1132 eas
1311 1078 1564 1148 singulis
1615 1091 1826 1131 uxores
1883 1075 2009 1131 sin-

366 1168 556 1240 gulas,
594 1173 649 1223 et
681 1167 906 1239 pergite
936 1167 996 1221 in
1026 1170 1240 1221 terram
1266 1166 1595 1236 Benjamin.
1625 1167 1887 1236 Cumque
1909 1181 2009 1219 ve-

366 1261 582 1313 nerunt
611 1261 807 1330 patres
840 1273 1066 1324 earum,
1100 1272 1165 1311 ac
1198 1258 1429 1324 fratres,
1455 1260 1512 1309 et
1544 1256 1856 1310 adversum
1902 1271 2007 1310 vos

364 1346 528 1417 queri
560 1345 863 1417 coeperint,
896 1350 1071 1415 atque
1093 1344 1349 1417 jurgari,
1381 1344 1649 1399 dicemus
1692 1344 1797 1399 eis:
1832 1343 2006 1399 Mise-

360 1435 572 1493 remini
604 1450 847 1490 eorum:
883 1451 999 1489 non
1032 1434 1189 1488 enim
1224 1438 1548 1504 rapuerunt
1580 1433 1834 1503 easjure
1883 1432 2004 1486 bel-

2120 634 2225 685 est.
2273 630 2673 703 Feceruntqne
2735 631 2838 685 ﬁlii
2889 630 3219 701 Benjamin,
3278 633 3340 685 ut
3394 630 3500 686 sibi
3552 632 3720 688 fuerat

2118 719 2497 791 imperatum,
2532 723 2782 793 etjuxta
2828 736 3141 775 numerum
3192 736 3385 783 suum,
3433 727 3722 792 rapuerunt

2119 809 2233 863 sibi
2266 809 2335 863 de
2358 808 2449 865 his
2484 826 2614 882 quas
2645 810 2939 865 ducebant
2967 810 3197 877 choros,
3233 824 3432 863 uxores
3462 808 3721 880 singulas;

2118 897 2506 969 abieruntque
2564 900 2621 953 in
2684 899 3113 970 possessionem
3174 913 3337 952 suam
3395 898 3717 953 aediﬁcantes

2121 986 2316 1054 urbes,
2367 992 2423 1042 et
2467 987 2803 1042 habitantes
2845 987 2905 1041 in
2964 987 3067 1043 eis.
3102 985 3231 1040 Filii
3287 1001 3507 1057 quoque
3562 985 3720 1041 Israel

2119 1076 2334 1130 reversi
2367 1081 2506 1130 sunt
2555 1091 2658 1147 per
2682 1074 2872 1131 tribus
2898 1082 2955 1131 et
3000 1074 3254 1130 familias
3284 1074 3342 1129 in
3374 1074 3723 1130 tabernacula

2119 1179 2244 1218 sua.
2281 1166 2344 1219 In
2398 1164 2607 1220 diebus
2667 1163 2783 1221 illis
2815 1181 2928 1221 non
2980 1170 3105 1221 erat
3154 1181 3252 1220 rex
3279 1164 3338 1219 in
3394 1163 3581 1233 Israel,
3626 1164 3714 1219 sed

2117 1253 2571 1325 unusquisque,
2632 1254 2790 1325 quod
2848 1253 2961 1309 sibi
3010 1257 3235 1310 rectum
3289 1252 3587 1309 videbatur
3630 1252 3723 1307 hoc

2120 1340 2391 1398 faciebat.

1683 1601 1927 1675 Explicit
1956 1600 2123 1658 Liber
2149 1603 2434 1660 Iudicum.

1575 1874 1965 1935 CAPITULA
2012 1873 2225 1936 LIBRI
2276 1876 2485 1937 RUTH
2515 1877 2556 1937 ί.

370 2174 417 2228 I.
454 2174 631 2229 Facta
672 2172 823 2227 fame
863 2171 921 2225 in
938 2170 1286 2237 terraJudae,
1304 2169 1617 2225 Elimelech
1638 2170 1709 2225 de
1732 2168 2026 2225 Bethleem
2059 2172 2104 2236 B
2138 2168 2230 2224 VI.
2266 2169 2515 2226 Reversa
2542 2171 2699 2227 Ruth
2726 2174 2918 2229 denuo
2942 2175 3012 2229 ad
3029 2192 3266 2232 socrum
3290 2193 3480 2247 suam,
3504 2184 3743 2235 monetur

443 2262 597 2317 Juda
628 2259 771 2315 abiit
791 2277 923 2314 cum
960 2274 1136 2314 uxore
1160 2257 1505 2322 suaNoemi,
1528 2257 1833 2312 etduobus
1860 2255 2021 2325 ﬁliis,

432 2351 490 2405 in
522 2356 677 2405 terra
706 2348 1019 2404 Moabitide
1048 2364 1226 2403 causa
1254 2346 1623 2413 victualium,
1685 2363 1800 2417 quo
1850 2362 2020 2401 mor-

433 2444 559 2508 tuo,
593 2438 697 2493 ﬁlii
727 2439 858 2507 ejus
889 2437 1241 2508 accipientes
1270 2452 1478 2491 uxores
1522 2440 1578 2490 et
1636 2435 1746 2507 ipsi
1802 2431 2022 2490 mortui

434 2532 601 2583 sunt

366 2618 437 2673 II.
462 2617 664 2673 Noemi
701 2620 1084 2671 revertentem
1119 2614 1191 2670 ad
1226 2615 1496 2684 patriam,
1530 2613 1681 2668 Ruth
1718 2630 1903 2667 nurus
1925 2614 2023 2668 de-

440 2721 632 2761 serere
664 2704 873 2770 uoluit,
907 2720 1036 2775 quae
1068 2704 1409 2775 perveniens
1440 2702 1499 2756 in
1531 2702 1822 2757 Bethleem
1846 2702 2027 2762 Juda,

443 2794 695 2867 perrexit
724 2794 780 2848 in
814 2809 1021 2865 agrum
1057 2793 1203 2849 Booz
1225 2793 1294 2847 ad
1332 2791 1689 2863 colligendas
1720 2793 1931 2861 spicas.

375 2885 475 2941 III.
508 2884 657 2939 Booz
688 2884 788 2938 dat
816 2883 1113 2937 licentiam
1149 2882 1303 2936 Ruth
1339 2886 1401 2935 ut
1433 2884 1504 2935 de
1538 2897 1677 2952 agro
1700 2881 1829 2951 ejus
1862 2881 2025 2936 colli-

445 2973 767 3046 gatspicas,
787 2970 1279 3028 ethoravescendi
1302 2987 1435 3025 cum
1453 2970 1818 3025 messoribus
1835 2986 2026 3025 come.

445 3065 565 3129 dat,
600 3078 702 3134 pro
733 3076 799 3116 eo
830 3060 982 3132 quod
1010 3059 1279 3115 audierat
1308 3076 1436 3115 eam
1471 3062 1615 3115 bene
1649 3060 1839 3131 egisse
1863 3060 2021 3114 circa

445 3168 677 3207 socrum
707 3166 874 3204 suam
888 3190 900 3202 .

375 3240 466 3296 IV.
506 3238 825 3311 Inquirenti
857 3238 1061 3294 Noemi
1091 3238 1312 3293 indicat
1342 3237 1547 3305 Ruth.,
1579 3236 1753 3307 quale
1796 3237 1857 3292 in
1882 3253 2021 3309 agro

446 3331 595 3385 Booz
627 3327 827 3383 fecerit
860 3342 1025 3397 epus.

371 3419 439 3473 V.
471 3417 839 3475 Commonita
864 3415 1021 3471 Ruth
1056 3433 1087 3470 a
1116 3433 1287 3473 socru
1322 3434 1450 3487 sua,
1485 3416 1755 3490 jungitur
1809 3416 2020 3488 puellis

447 3509 596 3563 Booz
617 3508 829 3562 iterum
863 3507 932 3561 ad
967 3507 1351 3577 operandum.

456 3657 468 3690 ¹
503 3656 708 3712 Isthaec
732 3654 990 3726 capitula
1010 3654 1123 3709 huc
1155 3670 1261 3726 nos
1283 3652 1705 3726 transtulimus
1735 3668 1804 3707 ex
1846 3652 2029 3726 Palat.

387 3743 526 3783 mss.
562 3735 735 3798 atque
769 3724 1026 3783 editione
1055 3724 1297 3797 Josephi
1314 3726 1506 3780 Mariae
1528 3724 1656 3779 Casi
1686 3724 2031 3797 presbyteri,

2205 2260 2277 2313 ab
2293 2275 2361 2315 ea
2374 2262 2874 2331 quemadmodum
2888 2264 3097 2320 debeat
3109 2269 3262 2321 Booz
3278 2269 3542 2341 conjugio
3559 2268 3740 2323 sociari

2132 2364 2255 2421 VII.
2291 2366 2445 2421 Ruth
2479 2366 2792 2436 instructa,
2824 2369 3129 2427 collocavit
3159 2389 3223 2429 se
3257 2379 3423 2431 nocte
3477 2376 3545 2432 ad
3589 2376 3741 2448 pedes

2204 2454 2373 2525 Booz,
2407 2456 2507 2527 qui
2540 2457 2612 2512 ab
2652 2458 2783 2529 ejus
2814 2460 2969 2516 coitu
3005 2462 3319 2519 abstinuit.

2134 2569 2289 2625 VIII.
2322 2571 2470 2627 Booz
2503 2576 2890 2645 praesentibus
2918 2578 3116 2633 decem
3150 2579 3296 2636 viris
3324 2580 3382 2636 in
3416 2586 3573 2654 porta
3600 2580 3744 2637 Beth-

2206 2659 2374 2729 leem,
2409 2663 2704 2719 consuluit
2735 2667 3221 2739 propinquiorem
3256 2687 3318 2726 se
3340 2671 3408 2726 de
3428 2671 3653 2743 nuptiis.

2136 2774 2226 2831 IX.
2244 2776 2426 2831 Solvit
2447 2780 2815 2852 propinquus
2833 2786 3157 2840 secundum
3184 2803 3411 2843 morem
3433 2787 3751 2843 calciamen-

2223 2871 2348 2920 tum
2402 2883 2603 2934 suum,
2632 2876 2689 2924 et
2719 2870 2881 2926 dedit
2911 2873 3080 2942 Booz,
3130 2877 3429 2948 cessitque
3468 2877 3596 2947 jure
3640 2891 3753 2947 pro-

2209 2955 2579 3025 pinquitatis,
2611 2963 2668 3013 et
2690 2959 2836 3015 Booz
2858 2961 3013 3016 Ruth
3038 2968 3268 3035 accepit
3294 2980 3549 3030 uxorem,
3576 2970 3755 3019 natus-

2135 3058 2248 3112 que
2281 3042 2364 3098 illi
2396 3050 2487 3101 est
2517 3045 2697 3115 ﬁlius,
2733 3065 2907 3119 quem
2933 3050 3137 3107 Noemi
3170 3069 3384 3111 socrus
3407 3053 3755 3110 nutriendum

2207 3133 2484 3205 suscepit.

2127 3241 2192 3297 X.
2227 3237 2512 3297 Vocatum
2543 3246 2633 3298 est
2664 3260 2877 3301 nomen
2895 3245 3171 3303 filiiObed
3191 3292 3210 3315 ,
3254 3250 3349 3305 hic
3371 3253 3462 3306 est
3479 3252 3636 3321 pater
3656 3244 3754 3301 Issi

2204 3332 2385 3402 patris
2433 3330 2637 3401 David,
2691 3334 2903 3391 deinde
2956 3342 3256 3409 sequntur
3310 3340 3753 3411 generationesa

2204 3419 2421 3476 Phares
2446 3437 2629 3491 usque
2660 3423 2729 3477 ad
2751 3423 2957 3480 David.

2143 3653 2244 3724 qui
2275 3654 2694 3733 eqtribusaliis
2725 3672 2869 3733 mss.
2893 3657 3334 3733 excepit.Nulla
3358 3662 3621 3718 Martian.
3640 3679 3765 3733 prte-

2145 3725 2357 3795 posuit,
2394 3727 2547 3796 quod
2582 3728 2639 3781 in
2673 3729 2799 3783 suis
2827 3725 3270 3802 exemplaribus
3305 3751 3420 3789 non
3452 3725 3761 3790 invenisset.

1943 4023 2234 4084 INCIPIT

1414 4210 2015 4373 LIBER
2127 4212 2738 4375 BUTH.

447 4638 533 4707 [Ο.
563 4637 605 4708 Ι,
640 4636 775 4706 Cap.
810 4637 876 4707 1.]
911 4638 975 4691 In
1006 4635 1216 4691 diebus
1284 4637 1462 4693 unius
1505 4636 1733 4707 judicis
1796 4640 2036 4709 quando
2146 4639 2369 4708 Noemi,
2395 4643 2454 4695 et
2479 4641 2596 4696 duo
2625 4639 2750 4710 ﬁlii,
2802 4640 2947 4698 alter
2971 4644 3229 4716 Maalon,
3257 4653 3317 4705 et
3363 4652 3511 4706 alter
3531 4648 3762 4714 Chilion,

367 4727 603 4797 judices
636 4732 947 4798 praeerant,
982 4726 1135 4781 facta
1165 4731 1253 4781 est
1287 4727 1467 4781 fames
1499 4726 1556 4780 in
1618 4732 1787 4782 terra.
1833 4728 2025 4783 Abiit-

2140 4727 2469 4798 Ephrathaei
2501 4729 2570 4783 de
2603 4729 3150 4791 Beth-LeemJuda.
3185 4738 3565 4811 Ingressique
3595 4738 3761 4809 regio-

376 4833 489 4917 que
517 4816 689 4916 homo
720 4817 790 4926 de
824 4815 1159 4926 Bleth-JLeem
1207 4815 1384 4883 Juda,
1440 4822 1504 4870 ut
1552 4818 2022 4926 peregriqaretur
2053 4863 2099 4926 D
2129 4833 2265 4926 pem
2298 4817 2700 4926 Il‘doaLbitidem,
2735 4821 3121 4926 mvorabantur
3155 4824 3260 4881 ibi.
3296 4827 3362 4882 Et
3393 4835 3656 4884 mortuus
3688 4829 3763 4881 est

374 4904 436 4959 in
468 4906 699 4974 regione
732 4905 1066 4970 Moabitide,
1122 4921 1252 4959 cum
1300 4921 1477 4959 uxore
1528 4921 1635 4959 sua
1680 4922 1746 4960 ac
1792 4906 2023 4961 duobus
2053 4904 2098 4926 ”
2129 4904 2445 4960 Elimelech
2482 4906 2728 4961 maritus
2760 4907 2963 4963 Noemi
2994 4910 3015 4943 ²
3048 4911 3125 4971 (h.
3161 4910 3427 4984 Nahmi),
3474 4912 3761 4973 remansit-

372 4992 596 5049 liberis.
632 4998 697 5048 Et
726 4994 850 5065 ipse
878 4994 1196 5048 vocabatur
1228 4992 1566 5059 Elimelech,
1612 4999 1667 5048 et
1713 5011 1857 5049 uxor
1893 4996 2020 5065 ejus
2132 5009 2245 5064 que
2273 4994 2400 5064 ipsa
2424 5009 2557 5047 cum
2593 4994 2872 5059 Iiliis.Qui
2896 5008 3253 5070 acceperunt
3277 5021 3488 5060 uxores
3509 5004 3756 5063 Moabiti-

445 5137 462 5171 ¹
497 5134 665 5189 Liber
693 5135 846 5189 Ruth
884 5133 1048 5189 nulla
1076 5133 1251 5189 habet
1284 5134 1341 5188 in
1375 5133 1564 5188 fronte
1598 5134 1898 5203 adscripta
1928 5151 2015 5189 ca-

368 5205 576 5276 pitula;
610 5207 831 5261 nullam
860 5205 917 5260 in
974 5222 1138 5260 sacro
1189 5210 1458 5260 contextu
1500 5205 1876 5267 divisionem,
1928 5206 2013 5261 vel

370 5280 701 5333 numericas
736 5287 903 5333 notas
934 5279 1229 5348 appositas
1262 5279 1330 5331 ad
1368 5277 1714 5347 marginem:
1765 5278 1862 5331 sed
1896 5293 2010 5332 uno

368 5357 569 5405 tenore
610 5356 772 5405 totus
826 5351 1154 5419 descriptus
1206 5349 1498 5403 invenitur
1543 5349 1599 5400 in
1651 5349 1902 5413 Canone,
1955 5355 2011 5404 et

366 5421 499 5475 aliis
534 5439 651 5477 mss
684 5421 1115 5492 antiquioribus
1143 5438 1207 5475 ac
1242 5419 1798 5492 melioris_notaa._ld
1827 5437 2005 5492 _vero,

367 5498 431 5545 ut
458 5499 757 5563 putamus,
796 5488 931 5563 quia
966 5494 1115 5563 apud
1174 5493 1442 5546 Hebraeos
1501 5488 1645 5545 liber
1707 5490 1861 5545 Ruth
1917 5497 2006 5547 est

366 5562 546 5618 veluti
580 5562 868 5634 appendix
914 5562 1044 5618 libri
1093 5564 1402 5617 Judicum:
1448 5578 1578 5615 nam
1632 5562 1690 5634 in
1731 5564 2003 5619 eumdem

356 5633 552 5690 brum.
587 5632 732 5689 teste
768 5636 1168 5710 Hieronymo,
1202 5639 1522 5704 utrumque
1552 5632 1826 5689 volumen
1850 5650 2006 5691 com-

2125 5135 2395 5218 pingunt.
2428 5135 2677 5218 Consu'le
2708 5138 3058 5218 principium
3083 5143 3534 5218 scripturarum
3583 5146 3756 5218 galea-

2125 5218 2244 5262 tum
2290 5208 2551 5282 ejusdem
2588 5208 2945 5282 Hieronymi,
2996 5229 3102 5269 suo
3152 5208 3282 5270 loco
3338 5235 3494 5273 nunc
3526 5208 3757 5273 avnobis

2123 5280 2441 5349 repositum
2473 5286 2608 5334 ante
2627 5280 2961 5338 libros'Sam
2974 5286 3121 5341 uelis
3145 5293 3203 5339 et
3226 5288 3563 5345 Malachim.
3587 5290 3755 5346 MART.

2190 5352 2211 5383 ²
2242 5350 2596 5405 Scholiastes
2626 5361 2824 5408 noster
2854 5354 2948 5410 hic
2979 5356 3250 5411 diversus
3284 5362 3436 5411 abiit
3468 5363 3540 5411 ab
3572 5362 3754 5411 Hiero-

2190 5362 2211 5383 ²
2242 5362 2596 5405 δοῐιοιιαεῐθε
2626 5362 2824 5408 noster
2854 5362 2948 5410 hic
2979 5362 3250 5413 diversus
3284 5362 3436 5416 abiit
3468 5363 3540 5417 ab
3572 5362 3754 5416 Hiero-

2119 5438 2293 5504 nymo
2328 5423 2384 5476 in
2412 5422 3229 5504 lectione_nominum_z\loemi
3259 5438 3319 5504 et
3350 5433 3543 5504 Orphe
3577 5451 3590 5488 :
3636 5448 3752 5486 nam

2117 5495 2271 5576 quod
2297 5500 2493 5576 monet
2525 5496 2847 5576 proﬂggmi
2876 5499 2940 5576 in_
2964 5498 3223 5576 _Hebraeo
3238 5495 3472 5576 _haberi
3525 5505 3720 5563 Nahmi
3740 5520 3752 5567 ;

2114 5574 2172 5619 et
2203 5582 2305 5650 pro
2326 5566 2515 5650 Qrpha
2540 5566 2650 5650 legi
2700 5568 2903 5650 Harpe,
2924 5570 2977 5624 id
3003 5572 3075 5626 ab
3092 5572 3575 5650 ugu_Hiero_nymi
3599 5566 3751 5650 proré

2114 5654 2215 5693 sus
2247 5638 2561 5694 abhorrere
2591 5638 2980 5711 dignoscitur:
3030 5638 3163 5698 cum
3211 5641 3273 5699 in
3307 5638 3617 5722 Scrip'tura.
3656 5649 3749 5702 He-
