3982 6178
302 353 405 409 589

1784 354 1998 408 LIBER
2036 354 2253 409 BUTH.

3607 350 3715 410 590

304 481 428 545 das,
461 494 717 549 quarum
750 494 866 533 una
911 476 1229 532 vocabatur
1274 475 1470 546 Orpba
1510 475 1592 546 [h.
1629 474 1869 545 Harpa],
1898 478 1956 529 et
1987 486 2038 551 Α
2076 483 2165 531 est
2200 476 2257 531 in
2292 476 2698 545 Beeth-Leem,
2734 480 2966 549 quando
2992 480 3249 551 primum
3292 480 3507 536 hordea
3538 486 3720 536 mete-

301 567 483 622 altera
517 567 1161 636 Rutb.Manseruntque
1193 564 1274 618 ibi
1307 565 1505 619 decem
1548 564 1805 632 annis,et
1835 580 1959 618 am-

304 672 374 725 bo
406 655 627 712 mortui
658 660 817 722 sunt,
850 653 1075 710 Maalon
1130 652 1399 708 videlicet
1446 658 1503 707 et
1550 651 1777 707 Chilion
1812 668 1826 707 :
1862 667 1950 707 re-

305 746 643 815 mansitque
676 744 886 799 mulier
916 746 1115 799 orbata
1151 743 1381 797 duobus
1414 741 1611 796 liberis
1641 757 1706 796 ac
1728 742 1957 797 marito.

307 836 370 891 Et
403 834 661 889 surrexit
693 839 756 888 ut
807 836 864 888 in
899 834 1145 904 patriam
1176 836 1461 902 pergeret,
1513 846 1649 885 cum
1712 836 1962 901 utraque

307 939 462 978 nuru
493 939 623 988 sua,
674 923 745 978 de
793 922 1029 993 regione
1076 920 1432 975 Moabitide:
1484 919 1750 973 audierat
1802 919 1961 973 enim

308 1011 464 1083 quod
498 1011 849 1081 respexisset
900 1009 1182 1065 Dominus
1214 1007 1497 1080 populum
1539 1024 1736 1075 suum,
1768 1013 1825 1062 et
1858 1010 1958 1063 de-

308 1101 495 1154 disset
524 1100 611 1154 eis
640 1114 827 1154 escas.
878 1102 1123 1169 Egressa
1152 1103 1241 1151 est
1289 1097 1482 1166 itaque
1514 1096 1585 1150 de
1642 1096 1770 1151 loco
1808 1111 1964 1166 pere-

309 1187 660 1260 grinationis
690 1204 833 1253 suae,
865 1202 998 1242 cum
1033 1192 1280 1256 utraque
1312 1202 1485 1250 nuru,
1529 1189 1587 1239 et
1622 1185 1746 1254 jam
1778 1184 1836 1239 in
1870 1183 1963 1239 via

311 1277 501 1349 posita
534 1276 863 1331 revertendi
897 1276 954 1331 in
987 1280 1203 1330 terram
1234 1274 1564 1339 Juda,dixit
1593 1274 1664 1327 ad
1698 1290 1796 1328 eas
1830 1289 1842 1326 :
1880 1276 1960 1328 Ite

309 1366 369 1421 in
402 1366 643 1421 domum
679 1365 884 1420 matris
914 1362 1321 1429 vestras,faciat
1349 1363 1630 1418 Dominus
1660 1362 1963 1418 vobiscum

314 1453 802 1520 misericordiam,
838 1453 991 1508 sicut
1034 1452 1253 1507 fecistis
1305 1467 1438 1506 cum
1473 1451 1718 1506 mortuis
1750 1456 1805 1506 et
1844 1467 1963 1506 me-

314 1559 473 1598 cum.
500 1546 603 1597 Det
630 1542 795 1597 vobis
826 1541 1082 1597 invenire
1116 1540 1375 1611 requiem
1416 1540 1476 1594 in
1509 1540 1787 1595 domibus
1812 1540 1964 1594 viro-

317 1648 470 1703 rum,
502 1647 651 1703 quos
699 1632 989 1687 sortitum
1020 1630 1182 1685 estis.
1218 1631 1300 1701 [Ο.
1337 1629 1425 1700 II].
1461 1630 1528 1683 Et
1574 1628 1839 1684 osculata
1878 1631 1967 1683 est

316 1738 435 1779 eas.
470 1721 605 1785 Quae
636 1719 859 1776 elevata
896 1734 1031 1775 voce
1076 1719 1214 1775 flere
1266 1723 1587 1789 cceperunt,
1622 1723 1679 1773 et
1727 1718 1920 1773 dicere
1951 1734 1964 1771 :

2078 567 2315 620 bantur.

2143 654 2297 724 [Cap.
2332 654 2426 725 II].
2460 655 2596 710 Erat
2625 668 2817 711 autem
2858 655 2961 710 viri
3016 656 3331 713 Elimelech
3372 658 3730 730 consangui-

2076 742 2426 798 neus'bomo
2459 749 2686 813 potens,
2724 750 2782 800 et
2830 762 3177 817 magnarum
3227 763 3430 817 opum,
3481 747 3723 804 nomine

2073 830 2402 885 Booz.Dixit
2434 832 2584 886 Ruth
2644 834 2826 906 [Vulg.
2857 838 2963 889 iac.
2996 834 3173 906 Ruth]
3222 834 3488 890 Moabitis
3519 836 3590 890 ad
3623 853 3722 891 so-

2073 936 2235 974 crum
2269 937 2436 975 suam
2473 938 2484 974 :
2522 921 2583 976 Si
2609 922 2807 992 jubes,
2840 925 3046 977 vadam
3079 924 3139 977 in
3184 938 3390 994 agrum
3442 928 3499 978 et
3549 923 3718 980 colli-

2072 1024 2204 1078 gam
2240 1010 2432 1081 spicas
2464 1027 2589 1081 quae
2622 1014 2963 1066 metentium
3019 1013 3273 1083 fugerint
3321 1029 3552 1079 manus,
3587 1014 3716 1068 ubi-

2073 1113 2303 1168 cunque
2353 1099 2652 1154 clementis
2697 1100 2755 1153 in
2808 1116 2899 1155 me
2957 1100 3400 1171 patrisfamilias
3449 1118 3715 1173 reperero

2073 1187 2342 1257 gratiam.
2376 1188 2478 1242 Cui
2525 1187 2627 1242 illa
2681 1190 2980 1260 respondit
3011 1206 3024 1244 :
3058 1190 3233 1251 Vade.
3269 1189 3386 1245 tilia
3427 1191 3527 1246 mi.
3560 1190 3718 1247 Abiit

2074 1276 2271 1346 itaque
2310 1283 2364 1331 et
2395 1292 2460 1331 eo
2491 1276 2711 1347 ligebat
2740 1278 2935 1349 spicas
2969 1282 3099 1349 post
3129 1283 3291 1349 terga
3340 1279 3717 1334 metentium.

2074 1364 2299 1419 Accidit
2328 1368 2522 1419 autem
2558 1370 2622 1419 ut
2653 1381 2791 1437 ager
2820 1365 2918 1421 ille
2967 1366 3208 1421 haberet
3240 1366 3547 1421 dominum
3580 1366 3724 1421 Booz

2081 1453 2268 1525 [ναις.
2302 1453 2437 1508 add.
2470 1455 2751 1525 nomine],
2784 1456 2885 1525 qui
2934 1459 3058 1510 erat
3105 1456 3177 1510 de
3225 1456 3569 1526 cognatione
3616 1455 3731 1510 Eli-

2078 1542 2400 1597 melecb.Et
2429 1558 2559 1597 ecce
2590 1543 2714 1614 ipse
2744 1544 3015 1599 veniebat
3048 1544 3116 1599 de
3148 1544 3530 1612 Beth-Leem,
3562 1544 3730 1599 dixit-

2077 1646 2187 1701 que
2220 1631 2581 1687 messoribus
2616 1649 2628 1687 :
2665 1632 2952 1689 Dominus
2990 1633 3314 1688 vobiscum.
3353 1635 3435 1701 [Ο.
3470 1634 3585 1703 llIJ.
3621 1632 3731 1699 Qui

2079 1719 2509 1789 responderunt
2539 1720 2588 1773 ei
2624 1736 2637 1773 :
2673 1720 2983 1776 Benedicat
3012 1721 3117 1776 tibi
3148 1721 3729 1792 Dominus.Dixitque

316 1811 981 1916 Tecum‘perg'emuslad
1006 1808 1317 1916 .ppprullum
1594 1808 1819 1916 Quibus
1865 1807 1968 1863 illa
2000 1852 2047 1916 Β
2079 1805 2225 1916 ΡΟΟΖ
2247 1806 2470 1916 juveni;
2498 1807 2622 1916 “qui
2672 1810 3033 1916 messoribus
3087 1813 3331 1880 praeerat
3362 1826 3375 1865 :
3408 1808 3592 1916 Cujus
3640 1813 3729 1865 est

317 1899 624 1972 respondit
655 1917 669 1955 :
705 1898 1109 1966 Revertimini,
1145 1897 1278 1952 filiae
1313 1898 1391 1953 mi
1431 1897 1613 1968 [ναις.
1652 1897 1831 1967 mete],
1866 1913 1972 1952 cur
2000 1895 2047 1916 "
2079 1896 2197 1950 bzec
2231 1895 2468 1967 puella?
2497 1896 2601 1952 Cui
2634 1898 2932 1969 respondit
2964 1914 2976 1952 :
3011 1902 3144 1953 Haec
3174 1903 3263 1954 est
3290 1898 3728 1969 Moabitis,quaa

316 1988 536 2047 venitis
586 2004 813 2044 mecum
840 1987 868 2041 ?
900 2004 1039 2042 num
1094 1986 1245 2041 ultra
1299 1986 1481 2042 babeo
1516 1986 1666 2041 ﬁlios
1710 1989 1767 2040 in
1811 1993 1973 2041 utero

322 2095 476 2144 meo,
508 2082 575 2132 ut
600 2077 756 2132 viros
785 2093 855 2131 ex
905 2092 997 2131 me
1017 2091 1251 2146 sperare
1296 2074 1582 2147 possitis?
1632 2074 1972 2130 Revertimi-

324 2168 407 2233 ni,
441 2166 574 2221 filiai
609 2164 785 2231 mi,et
816 2165 973 2220 abite
1002 2165 1163 2235 :jam
1195 2164 1354 2219 enim
1389 2168 1688 2219 senectute
1710 2164 1976 2219 conlecta

323 2272 594 2324 sum,nec
628 2260 763 2326 apta
793 2253 1025 2308 vinculo
1059 2253 1355 2324 eonjugali
1392 2270 1404 2306 :
1442 2253 1619 2307 etiam
1659 2254 1704 2307 si
1741 2268 1974 2323 possem

325 2344 435 2397 hac
466 2348 638 2398 nocte
669 2343 993 2412 concipere,
1028 2345 1085 2394 et
1116 2355 1318 2410 parere
1349 2338 1522 2407 filios,
1557 2340 1601 2394 si
1638 2356 1737 2393 eos
1769 2354 1975 2406 exspe-

324 2437 482 2486 ctare
535 2430 749 2497 velitis,
784 2430 968 2485 donec
1010 2434 1297 2492 crescant,
1330 2434 1388 2483 et
1446 2444 1633 2483 annos
1692 2426 1980 2497 impleant

326 2519 814 2592 pubertatis,ante
844 2518 1006 2573 erilis
1038 2517 1247 2572 vetulae
1279 2532 1455 2586 quam
1490 2516 1745 2571 nubatis.
1768 2514 1975 2581 Nolite,

325 2626 546 2681 quaeso,
579 2608 711 2662 filiae
743 2608 823 2661 mi
858 2624 870 2660 :
906 2608 1045 2677 quia
1081 2616 1271 2661 vestra
1325 2605 1599 2675 angustia
1649 2619 1741 2657 me
1794 2602 1980 2673 magis

324 2699 558 2770 premit,
589 2701 647 2751 et
693 2711 929 2767 egressa
960 2699 1045 2750 est
1092 2710 1303 2749 manus
1338 2692 1563 2747 Domini
1618 2697 1818 2747 contra
1863 2707 1975 2747 me.

322 2787 558 2842 Elevata
588 2785 768 2857 igitur
817 2800 975 2853 voce,
1016 2799 1251 2839 rursum
1308 2781 1447 2838 flere
1496 2786 1797 2852 coeperunt
1830 2798 1841 2835 :
1877 2783 1979 2835 0r-

330 2875 445 2947 pha
474 2874 743 2930 osculata
766 2882 853 2928 est
883 2888 1138 2937 socrum,
1175 2887 1241 2926 ac
1274 2886 1506 2927 reversa
1536 2886 1550 2927 :
1593 2870 1746 2925 Ruth
1779 2870 1979 2924 adhae-

332 2963 407 3018 sit
436 2962 631 3018 socrui
666 2977 808 3016 suae.
837 2960 943 3015 Cui
989 2959 1135 3014 dixit
1182 2959 1432 3015 Noemi:
1482 2959 1564 3015 En
1612 2975 1843 3015 reversa
1893 2962 1982 3013 est

333 3057 583 3123 cognata
611 3056 713 3105 tua
744 3051 815 3105 ad
851 3049 1133 3121 populum
1167 3064 1363 3117 suum,
1391 3052 1449 3103 et
1480 3048 1550 3103 ad
1601 3049 1740 3104 deos
1790 3063 1929 3103 suos
1964 3062 1977 3101 :

336 3142 474 3196 vade
504 3156 640 3196 cum
669 3155 756 3194 ea.
790 3140 928 3203 Quae
976 3138 1283 3209 respondit
1316 3153 1329 3192 :
1367 3136 1448 3191 Ne
1480 3136 1804 3193 adverseris
1836 3135 1980 3191 mibi

341 3236 398 3284 ut
430 3229 764 3300 relinquam
794 3233 849 3282 te
877 3235 931 3282 et
967 3227 1171 3281 abeam
1208 3243 1220 3279 :
1252 3242 1602 3296 quocunque
1636 3226 1975 3295 perrexeris,
2010 3209 2053 3274 Ο

338 3334 573 3390 pergam
608 3334 622 3372 :
656 3316 755 3371 ubi
806 3321 1031 3370 morata
1064 3316 1265 3380 fueris,
1299 3320 1357 3369 et
1389 3330 1494 3385 ego
1548 3313 1761 3384 pariter
1792 3330 1985 3369 mora-

335 3406 729 3478 bor.Populus
760 3409 899 3460 tuus
932 3404 1187 3476 populus
1220 3408 1471 3472 meus,et
1492 3407 1647 3457 Dous
1669 3408 1807 3457 tuus
1828 3402 1983 3456 Deus

332 3513 527 3552 meus.
562 3496 700 3559 Quae
731 3499 786 3549 te
841 3494 1186 3549 morientem
1236 3496 1391 3547 terra
1435 3493 1779 3563 susceperit,
1825 3492 1883 3545 in
1916 3508 1985 3546 ea

331 3586 604 3641 moriar:
638 3583 835 3654 ibique
882 3584 1075 3637 locum
1127 3582 1410 3652 accipiam
1456 3581 1792 3651 sepulturae.
1855 3585 1984 3635 Haec

328 3673 479 3730 mihi
513 3673 691 3729 faciat
732 3671 1040 3739 Dominus,
1072 3674 1129 3724 et
1180 3670 1301 3724 haec
1346 3670 1542 3735 addat,
1596 3670 1643 3723 si
1696 3686 1809 3724 non
1861 3668 1986 3724 sola

328 3780 498 3819 mors
561 3778 655 3816 me
702 3766 760 3816 et
800 3766 857 3816 te
906 3761 1279 3830 separaverit.
1315 3758 1529 3814 Videns
1586 3774 1722 3828 ergo
1782 3757 1986 3812 Noemi

328 3854 494 3925 quod
525 3851 823 3907 obstinato
850 3849 1002 3905 Ruth
1037 3850 1234 3903 animo
1265 3849 1613 3903 decrevisset
1634 3850 1987 3918 secumiper-

328 3956 498 4014 gere,
532 3940 827 3995 adversari
880 3938 1091 4004 noluit,
1127 3954 1231 3992 nec
1261 3938 1329 3991 ad
1365 3953 1505 3991 suos
1552 3934 1706 3990 ultra
1736 3935 1987 3990 reditum

332 4030 693 4101 persuadere
727 4044 740 4081 :
778 4030 1162 4099 proiectisque
1211 4031 1351 4081 sunt
1381 4025 1580 4090 simul,
1613 4029 1670 4079 et
1708 4030 1993 4079 venerunt

334 4122 398 4175 in
436 4118 809 4173 Betb-Leem.
843 4116 1065 4182 Quibus
1092 4117 1295 4169 urbem
1329 4113 1809 4184 ingressis,velox
1837 4113 1989 4183 apud

333 4215 593 4264 cunctos
645 4206 800 4261 fama
835 4205 1162 4277 percrebuit
1193 4221 1204 4259 :
1239 4204 1629 4273 dicebantque
1670 4202 1943 4257 mulieres
1980 4218 1991 4255 :

335 4299 477 4354 Haec
510 4301 604 4351 est
650 4294 752 4349 illa
799 4294 1024 4349 Noemi.
1075 4293 1299 4357 Quibus
1349 4294 1477 4347 ait:
1514 4291 1595 4348 Ne
1637 4292 1849 4345 vocetis
1904 4307 1997 4345 me

339 4384 556 4444 Noemi
589 4383 669 4453 [id
703 4388 793 4437 est
823 4380 1290 4453 pulchram],sed
1324 4384 1521 4434 vocate
1552 4396 1645 4434 me
1677 4378 1836 4433 Mare
1866 4379 1999 4447 (hoc

336 4482 433 4532 est
463 4482 776 4537 amaram),
810 4472 951 4541 quia
979 4468 1372 4525 amaritudine
1417 4483 1509 4522 me
1540 4466 1707 4523 valde
1758 4467 2001 4538 replevit

2076 1983 2235 2038 venit
2261 2000 2393 2039 cum
2428 1985 2654 2052 Noemi,
2686 1986 2756 2041 de
2797 1988 3031 2058 regione
3063 1987 3385 2054 Moabitide,
3419 1992 3476 2043 et
3504 1987 3729 2058 rogavit

2081 2078 2146 2128 ut
2175 2074 2369 2143 spicas
2424 2073 2721 2143 colligeret
2768 2081 3155 2143 remanentes,
3196 2092 3453 2146 sequens
3502 2091 3727 2130 messo-

2082 2179 2211 2216 rum
2242 2163 2507 2233 vestigia,
2530 2169 2587 2217 et
2616 2165 2687 2219 de
2718 2180 2889 2219 mane
2924 2179 3109 2236 usque
3142 2181 3299 2219 nunc
3330 2168 3445 2219 stat
3473 2163 3533 2218 in
3565 2179 3728 2234 agro,

2083 2257 2139 2306 et
2169 2268 2240 2304 no
2272 2252 2342 2305 ad
2377 2258 2741 2306 momentum
2790 2253 3027 2323 quidem
3081 2255 3321 2307 domum
3356 2269 3587 2308 reversa
3617 2258 3727 2307 est.

2082 2342 2151 2395 Et
2200 2341 2281 2394 ait
2330 2340 2482 2395 Booz
2527 2342 2597 2395 ad
2646 2342 2845 2397 Ruth:
2900 2342 3073 2411 Audi,
3129 2341 3269 2408 ﬁlia,
3303 2359 3373 2396 ne
3423 2342 3602 2396 vadas
3660 2342 3731 2396 ad

2084 2429 2477 2499 colligendum
2512 2430 2568 2484 in
2604 2430 2849 2485 alterum
2883 2447 3228 2503 agrum,nec
3258 2432 3497 2486 recedas
3518 2432 3592 2485 ab
3623 2430 3733 2486 hoc

2084 2517 2211 2572 loco
2241 2535 2253 2572 :
2290 2518 2390 2571 sed
2416 2518 2665 2589 jungere
2698 2518 2910 2590 puellis
2941 2518 3109 2586 meis,
3141 2524 3197 2574 et
3230 2519 3327 2573 ubi
3361 2518 3735 2584 messuarint,

2085 2621 2349 2677 sequere.
2389 2606 2656 2661 Mandavi
2686 2607 2841 2661 enim
2895 2608 3093 2679 pueris
3126 2608 3288 2675 meis,
3324 2612 3388 2662 ut
3428 2623 3598 2662 nemo
3629 2606 3737 2662 tibi

2086 2693 2374 2750 molestus
2405 2695 2483 2749 sit
2514 2713 2528 2749 :
2558 2697 2657 2751 sed
2692 2697 2866 2751 etiam
2901 2696 2950 2752 si
2983 2696 3221 2759 sitieris,
3256 2697 3398 2751 vade
3429 2696 3502 2751 ad
3551 2696 3735 2751 sarci-

2090 2785 2281 2853 nulas,
2314 2792 2373 2840 et
2405 2785 2536 2840 bibe
2568 2801 2777 2857 aquas,
2810 2786 2880 2839 de
2920 2785 3137 2856 quibus
3185 2789 3239 2840 et
3289 2784 3453 2855 pueri
3504 2784 3735 2839 bibunt.

2091 2874 2220 2938 Quae
2253 2875 2469 2929 cadens
2496 2873 2555 2929 in
2591 2874 2796 2928 faciem
2829 2890 2997 2929 suam
3032 2878 3089 2927 et
3126 2874 3377 2928 adorans
3410 2889 3587 2942 super
3614 2877 3733 2927 ter-

2088 2980 2237 3032 ram,
2273 2964 2419 3018 dixit
2446 2964 2513 3017 ad
2548 2978 2679 3017 eum
2717 2979 2729 3017 :
2766 2962 2928 3018 Unde
2961 2962 3104 3017 mihi
3136 2961 3264 3029 hoc,
3299 2967 3364 3017 ut
3410 2961 3729 3016 invenirem

2092 3052 2278 3123 [ναις.
2338 3050 2682 3121 invenerim]
2743 3051 2990 3120 gratiam
3049 3056 3183 3105 ante
3238 3050 3436 3105 oculos
3494 3054 3647 3113 tuos,
3683 3052 3741 3104 et

2090 3157 2265 3196 nosse
2306 3157 2398 3195 me
2445 3140 2774 3212 dignareris
2823 3139 3183 3211 peregrinam
3234 3137 3588 3194 mulierem?
3637 3137 3744 3193 Cui

2094 3229 2194 3284 ille
2224 3230 2533 3300 respondit
2566 3246 2578 3282 :
2613 3229 2895 3284 Nuntiata
2925 3233 3065 3283 sunt
3096 3228 3237 3283 mihi
3269 3226 3467 3283 omnia
3498 3244 3626 3298 quas
3656 3226 3738 3281 fe-

2095 3317 2242 3373 ceris
2274 3317 2471 3373 socrui
2504 3322 2617 3371 tuae
2650 3322 2783 3387 post
2810 3322 3059 3371 mortem
3091 3316 3197 3371 viri
3230 3317 3335 3385 tui,
3366 3321 3423 3371 et
3458 3316 3611 3386 quod
3647 3316 3747 3370 de-

2094 3406 2402 3477 reliqueris
2434 3412 2705 3477 parentes
2740 3410 2894 3468 tuos.
2924 3411 2981 3460 et
3010 3411 3224 3460 terram
3260 3406 3319 3460 in
3346 3423 3463 3474 qua
3495 3410 3633 3460 nata
3663 3421 3748 3473 es,

2094 3502 2150 3552 et
2180 3495 2408 3551 veneris
2440 3496 2508 3550 ad
2546 3494 2828 3566 populum
2862 3511 3036 3565 quem
3069 3500 3241 3549 antea
3273 3494 3749 3549 nesciebas.Red-

2096 3586 2187 3639 dat
2222 3584 2326 3639 tibi
2360 3584 2645 3639 Dominus
2675 3601 2777 3655 pro
2809 3600 2978 3652 opere
3012 3591 3131 3651 tuo,
3165 3588 3220 3638 et
3253 3583 3481 3653 plenam
3519 3598 3745 3638 merce-

2095 3675 2225 3729 dem
2254 3672 2502 3743 recipias
2535 3689 2567 3727 a
2596 3673 2843 3728 Domino
2873 3674 2984 3727 Deo
3016 3671 3217 3736 Israel,
3259 3673 3329 3726 ad
3372 3688 3545 3741 quem
3579 3670 3741 3725 veni-

2096 3762 2189 3823 sti.
2224 3766 2281 3816 et
2312 3763 2421 3816 sub
2470 3761 2638 3829 cujus
2671 3759 2987 3831 confugisti
3037 3760 3179 3814 alas.
3212 3760 3347 3824 Quae
3381 3763 3461 3814 ait
3495 3777 3507 3815 :
3543 3758 3739 3814 Inveni

2097 3851 2345 3922 gratiam
2381 3852 2533 3922 apud
2566 3849 2767 3904 oculos
2798 3855 2952 3918 tuos,
2986 3850 3223 3903 domine
3264 3849 3365 3915 mi,
3400 3847 3500 3919 qui
3532 3863 3742 3902 conso-

2101 3942 2255 3994 latus
2287 3956 2346 3993 es
2380 3956 2491 4004 me,
2517 3943 2572 3994 et
2603 3936 2833 3993 locutus
2865 3954 2927 3992 es
2957 3938 3026 3992 ad
3062 3955 3160 3992 cor
3190 3938 3413 3992 ancillae
3444 3942 3579 3999 tuae,
3612 3952 3740 4006 qua:

2102 4045 2213 4083 non
2249 4044 2378 4081 sum
2412 4028 2626 4082 similis
2656 4026 2832 4081 unius
2865 4026 3185 4096 puellarum
3207 4024 3745 4094 tuarum.Dixitque

2103 4118 2174 4171 ad
2207 4132 2333 4170 eam
2368 4120 2516 4169 Booz
2552 4133 2563 4169 :
2600 4116 2843 4180 Quando
2878 4116 3020 4169 hora
3061 4114 3333 4168 vescendi
3386 4113 3580 4179 fuerit,
3615 4112 3748 4166 veni

2104 4205 2304 4271 huc,ct
2334 4205 2572 4259 comede
2603 4220 2835 4274 panem,
2867 4208 2924 4257 et
2957 4203 3180 4273 intinge
3213 4201 3535 4257 buccellam
3586 4206 3750 4256 tuam

2106 4293 2163 4346 in
2198 4298 2377 4347 aceto.
2413 4293 2573 4346 Sedit
2602 4292 2799 4361 itaque
2828 4292 2898 4345 ad
2954 4306 3277 4345 messorum
3312 4290 3486 4359 latus,
3521 4294 3577 4344 et
3615 4307 3751 4345 con-

2108 4384 2291 4451 gessit
2325 4380 2615 4452 polentam
2651 4380 2786 4448 sibi,
2820 4378 3190 4448 comeditque
3239 4383 3294 4432 et
3343 4384 3601 4433 saturata
3645 4384 3754 4447 est,

2110 4478 2168 4525 et
2200 4469 2338 4524 tulit
2371 4469 2663 4538 reliquias.
2701 4475 2890 4541 Atque
2920 4469 3057 4523 inde
3087 4468 3337 4522 surrexit
3370 4473 3434 4522 ut
3466 4468 3658 4538 spicas
3690 4482 3758 4521 ex

336 4562 764 4633 Omnipotens.
842 4561 1087 4631 Egressa
1163 4573 1294 4611 sum
1376 4555 1565 4627 plena,
1627 4562 1683 4610 et
1757 4572 1999 4611 vacuam
2033 4580 2079 4642 Ι)
2114 4576 2274 4614 more
2305 4557 2621 4629 colligeret.
2658 4557 2934 4628 Praecepit
2964 4563 3157 4612 autem
3194 4558 3338 4611 Booz
3381 4555 3576 4628 pueris
3609 4556 3756 4624 suis,

336 4652 589 4708 reduxit
621 4666 715 4705 me
745 4650 1046 4703 Dominus.
1079 4646 1196 4701 Cur
1224 4662 1359 4716 ergo
1390 4645 1615 4701 vocatis
1647 4660 1738 4699 me
1774 4645 1999 4711 Noemi,

340 4756 539 4814 quam
597 4738 881 4794 Dominus
938 4736 1291 4805 humiliavit,
1352 4740 1409 4789 et
1454 4733 1664 4789 alilixit
1726 4733 2005 4805 Omnipo-

2115 4648 2316 4703 dicens
2348 4664 2360 4702 :
2396 4647 2632 4701 Etiamsi
2664 4647 2966 4701 vobiscum
3001 4651 3214 4699 metere
3246 4644 3594 4708 voluerit,ne
3620 4661 3759 4716 pro-

2119 4736 2371 4791 hibeatis
2401 4752 2551 4802 eam,
2584 4741 2640 4790 et
2669 4736 2738 4790 de
2769 4734 2978 4789 vestris
3015 4749 3248 4805 quoque
3282 4732 3598 4805 manipulis
3630 4750 3760 4803 pro-

337 4829 530 4886 tens?
584 4826 753 4882 Venit
798 4824 979 4897 igitur
1033 4824 1236 4880 Noemi
1293 4839 1426 4878 cum
1484 4822 1637 4877 Ruth
1698 4823 2012 4878 Moabitide
2115 4825 2279 4894 jicite
2310 4825 2379 4878 de
2409 4823 2722 4891 industria,
2745 4828 2802 4878 et
2828 4838 3125 4877 remanere
3160 4822 3498 4893 permittite,
3534 4826 3598 4876 ut
3628 4822 3763 4875 abs-

343 4937 516 4977 nuru
549 4916 757 4983 sua,de
786 4921 941 4970 terra
970 4912 1457 4986 peregrinationis
1491 4928 1609 4967 suae
1639 4928 1652 4967 :
1685 4928 1751 4966 ac
1785 4928 2015 4968 reversa

357 5166 577 5226 braica
638 5165 875 5223 nomina
932 5162 1132 5222 istbaec
1190 5163 1409 5221 habent
1487 5161 1742 5220 litteram
1803 5174 1841 5230 ν
1895 5164 2023 5234 Ain,

362 5257 556 5315 quam
688 5237 1239 5320 Hieronymusjdeq
1262 5236 1517 5320 vocalem
1565 5235 1838 5320 appellat,
1872 5237 2024 5320 quod

364 5308 477 5386 per
512 5312 736 5367 nudam
767 5308 913 5386 ipse
938 5308 1195 5386 vocalem
1226 5308 1334 5386 bpc
1364 5308 2029 5386 elemEntumexprime-

806 5378 966 5448 aemi,
1030 5392 1191 5445 n51}!
1244 5381 1452 5451 Orpha.
1508 5378 1573 5433 Et
1609 5382 1666 5434 in
1722 5378 1870 5451 libro
1926 5379 2030 5435 No-

365 5459 607 5513 minum
658 5455 1053 5509 Hebraicorum
1101 5453 1167 5507 de
1209 5450 1526 5519 Goniorrha,
1569 5452 1693 5505 ait:
1742 5450 2036 5507 Sciendum

368 5526 529 5602 quod
566 5526 603 5581 G
644 5526 921 5602 litteram
979 5525 1249 5602 Hebraz'co
1294 5540 1402 5578 non
1447 5522 1722 5602 habetur;
1757 5523 1851 5576 sed
1898 5524 2035 5578 scri-

377 5594 546 5657 bitur
570 5613 671 5667 per
698 5598 939 5653 vocalem
964 5612 1078 5651 AIN.
1111 5600 1394 5650 Praeterea
1441 5611 1509 5649 ex
1550 5594 1909 5667 Hieronymo
1940 5611 2039 5667 su-

385 5665 607 5747 perius
636 5671 946 5742 probatum
980 5672 1165 5723 exstat
1194 5670 1253 5723 in
1301 5666 1778 5724 adnotationibus
1825 5665 2042 5723 nostris

365 5404 429 5442 re
439 5398 463 5440 ι
476 5429 492 5451 ,
557 5394 701 5447 in}?!

2126 4929 2239 4985 que
2272 4914 2480 4967 rubore
2511 4910 2836 4984 colligat,et
2865 4911 3237 4983 colligentem
3270 4927 3439 4967 nemo
3471 4909 3765 4980 corripiat.

2137 5163 2245 5222 col.
2308 5165 2396 5234 88,
2457 5179 2791 5236 sermonem
2849 5162 3177 5236 Hebraeum,
3235 5165 3295 5214 P.
3344 5158 3593 5214 litteram
3630 5170 3772 5236 non

2140 5231 2492 5308 agnoscere,
2538 5236 2686 5290 male
2720 5234 2897 5306 igitur
2928 5235 3295 5308 scholiastes,
3331 5236 3423 5308 aut
3459 5231 3779 5308 exscriptor

2138 5298 2407 5437 (glanonis,
2463 5298 2604 5379 legit
2658 5298 2866 5379 Ηαῖρα,
2946 5324 3047 5377 pro
3123 5298 3304 5375 Orphe
3377 5302 3494 5356 sive
3570 5298 3773 5369 Arpha.

2202 5396 2329 5434 ΛΒΤ.

2202 5396 2329 5434 ΛΒΤ.

2215 5482 2283 5491 -—-
2315 5451 2550 5506 Fatetur
2580 5451 2815 5506 demum
2850 5454 2906 5504 et
2938 5447 3331 5507 Martianaaus,
3346 5444 3419 5499 ab
3450 5438 3783 5512 Hieronymi

2146 5522 2385 5594 ingenio
2417 5541 2482 5577 ac
2515 5520 2805 5594 sententia
2837 5519 3205 5594 scholiastem
3235 5511 3784 5594 biclongiusnblu:

2148 5582 2436 5721 de‘rebqu’i
2466 5592 2668 5649 Nahmi
2699 5608 2799 5663 pro
2830 5591 3016 5647 Νοετηὶ
3044 5594 3101 5645 et
3129 5603 3262 5643 mox
3293 5582 3489 5661 Harpa'
3513 5583 3623 5659 legi
3654 5582 3792 5641 velit

2152 5683 2259 5721 oro
2338 5682 2400 5721 rp
2443 5682 2495 5720 a.

2152 5683 2259 5739 pro
2292 5668 2495 5743 Orpha.
