3982 6178
24 5572 33 5621 r

24 5632 31 5665 ι

24 5668 35 5751 Ξ

260 355 363 409 591
1311 342 1369 393 s.
1413 336 1817 393 manorum
1856 335 2114 389 DIVINA
2149 334 2651 390 BIBLIOTHECA.
3558 339 3659 395 592

251 480 498 553 Collegit
526 494 661 548 erge
691 478 749 533 in
800 489 937 545 agro
969 484 1158 540 usque
1208 467 1279 522 ad
1309 480 1636 536 vesperam,
1682 467 1738 520 et
1766 479 1893 553 quae
1928 473 1981 539 Α
2013 470 2266 533 utraque
2299 477 2499 517 manu.
2557 462 2681 525 Qua
2732 462 3102 530 extendente,
3135 467 3193 519 et
3221 467 3477 533 tenente,
3508 481 3663 522 men-

256 552 568 641 collegerat
595 567 758 637 virga
801 562 1028 618 cadens
1057 564 1113 613 et
1142 556 1465 622 excutiens,
1500 553 1721 609 invenit
1770 552 1917 608 hor-

260 660 352 715 dei
385 657 555 730 quasi
601 654 737 726 ephi
784 653 866 721 [h.
908 649 1080 721 epha]
1136 660 1502 712 mensuram,
1552 643 1607 697 id
1660 647 1752 698 est
1797 646 1921 696 tres

262 749 511 805 modios.
546 748 701 811 Quos
735 746 977 813 portans
1027 752 1259 792 reversa
1288 739 1377 790 est
1407 735 1465 787 in
1508 732 1831 798 civitatem,
1863 740 1923 785 e“

259 836 515 894 ostendit
543 833 737 890 socrui
769 847 888 886 suae
922 846 935 884 :
971 828 1215 897 insuper
1262 824 1505 895 protulit
1554 826 1611 877 et
1662 820 1833 875 dedit
1867 817 1921 874 e‘

257 930 328 982 de
361 923 625 997 reliquiis
655 922 768 977 cibi
800 921 914 983 sui,
956 933 1069 986 quo
1100 918 1364 970 saturata
1413 912 1625 966 fuerat.
1680 910 1766 980 [C.
1803 899 1922 981 IV]:

252 1015 525 1086 Dixitque
555 1013 604 1068 ei
631 1026 831 1067 socrus
858 1024 966 1063 sua
998 1022 1011 1061 :
1050 1004 1156 1061 Ubi
1188 1001 1361 1058 hodie
1391 1000 1704 1071 collegisti,
1732 1004 1788 1053 et
1820 998 1897 1052 ub

255 1105 441 1161 fecisti
472 1119 620 1175 opus
641 1101 668 1155 ‘I
690 1100 778 1155 Sit
810 1096 1150 1152 benedictus
1181 1092 1283 1163 qui
1336 1090 1615 1145 misertus
1667 1093 1757 1143 est
1810 1085 1895 1141 tui

262 1193 659 1262 Indicavitque
688 1189 739 1245 ei
772 1188 925 1257 apud
959 1200 1133 1257 quem
1167 1182 1379 1237 fuisset
1432 1182 1688 1249 operata,
1722 1182 1779 1232 et
1810 1192 1922 1232 no-

248 1301 381 1340 men
415 1280 563 1337 dixit
590 1279 717 1342 viri,
750 1277 907 1347 quod
944 1276 1089 1330 Booz
1132 1277 1459 1328 vocaretur.
1511 1269 1613 1324 Cui
1664 1282 1910 1336 respon-

253 1373 340 1428 dit
371 1371 619 1426 Noemi:
675 1365 1029 1422 Benedictus
1079 1361 1156 1417 sit
1201 1378 1232 1415 a
1283 1359 1581 1415 Domino:
1638 1356 1915 1427 quoniam

254 1462 525 1518 eamdem
557 1458 813 1529 gratiam
861 1468 1038 1524 quam
1088 1450 1418 1523 praebuerat
1464 1447 1632 1511 vivis,
1671 1444 1924 1502 servavit

253 1557 310 1607 et
342 1548 613 1605 mortuis.
648 1550 1025 1613 Rursumque
1058 1557 1071 1596 :
1108 1539 1505 1609 Propinquus,
1558 1535 1657 1605 ait,
1718 1538 1921 1589 noster

256 1645 347 1696 est
374 1640 567 1694 homo.
600 1636 669 1691 Et
701 1632 856 1689 Ruth
893 1648 905 1686 :
942 1631 1058 1685 Hoc
1091 1644 1349 1700 quoque,
1387 1624 1601 1697 inquit,
1636 1622 1920 1695 praecepit

260 1728 426 1791 mihi,
464 1731 527 1781 ut
556 1724 762 1779 tandiu
796 1720 1162 1777 messoribus
1211 1718 1341 1785 ejus
1377 1718 1685 1784 jungerer,
1736 1712 1921 1766 donec

2032 567 2135 605 sus
2162 556 2252 606 est
2299 567 2399 605 sex
2430 549 2656 606 modios
2706 551 2930 618 hordei,
2963 556 3019 606 et
3058 552 3257 623 posuit
3303 569 3481 625 super
3520 571 3663 611 eam.

2033 640 2166 705 Quae
2199 648 2437 710 portans
2468 640 2732 709 ingressa
2760 645 2847 696 est
2874 640 3261 708 civitatem,et
3288 642 3447 698 venit
3474 645 3543 699 ad
3579 660 3668 700 so-

2034 745 2199 783 crum
2231 745 2421 783 suam.
2450 730 2583 793 Quae
2612 728 2757 783 dixit
2786 727 2839 783 ei
2876 745 2889 784 ε
2920 728 3070 791 Quid
3113 729 3305 801 egisti.
3340 730 3506 786 filia?
3533 732 3670 788 Nar-

2034 819 2299 887 ravitque
2354 818 2404 872 ei
2456 817 2675 883 omnia,
2726 833 2855 889 quae
2907 817 3020 873 sibi
3086 820 3320 874 fecisset
3368 819 3563 878 homo.
3607 822 3672 877 Et

2035 907 2117 962 ait
2149 922 2160 960 :
2196 910 2339 962 Ecce
2365 922 2467 962 sex
2517 907 2745 963 modios
2795 907 2995 963 hordei
3044 907 3207 963 dedit
3258 908 3426 977 mihi,
3459 916 3517 966 et
3545 911 3624 966 ait
3656 926 3669 966 ε

2034 995 2178 1051 ΝοΙο
2210 1012 2451 1051 vacuam
2483 1000 2538 1051 te
2570 996 2776 1051 reverti
2808 997 2881 1051 ad
2913 1013 3150 1053 socrum
3192 1003 3377 1053 tuam.
3414 999 3672 1071 Dixitque

2035 1084 2237 1140 Noemi
2272 1102 2286 1140 :
2321 1084 2620 1155 Exspecta,
2655 1084 2795 1149 lilia,
2830 1085 3015 1140 donec
3043 1086 3346 1142 videamus
3381 1103 3553 1158 quem
3584 1104 3673 1144 res
3728 1078 3731 1083 ’

2036 1174 2255 1228 exitum
2295 1172 2525 1229 habeat.
2561 1172 2761 1244 Neque
2812 1173 2967 1229 enim
3026 1175 3282 1232 cessabit
3339 1176 3513 1232 homo
3566 1177 3674 1233 nisi

2036 1262 2413 1333 compleverit
2444 1262 2597 1335 quod
2632 1262 2865 1318 locutus
2895 1268 3007 1319 est.

2102 1386 2186 1458 [C.
2222 1386 2367 1451 VIII,
2400 1389 2530 1458 Cap.
2570 1386 2682 1459 IV].
2715 1388 2994 1444 Ascendit
3041 1405 3178 1460 ergo
3226 1389 3378 1445 Booz
3431 1390 3500 1446 ad
3551 1408 3673 1464 por-

2031 1481 2175 1542 tam,
2221 1480 2276 1531 et
2327 1476 2481 1531 sedit
2531 1476 2635 1532 ibi.
2685 1476 2947 1549 Cumque
2996 1477 3237 1533 vidisset
3286 1479 3672 1553 propinquum

2033 1566 2344 1637 praeterire,
2378 1565 2448 1621 de
2478 1566 2809 1638 quofprius
2860 1582 3051 1623 sermo
3101 1566 3344 1624 habitus
3391 1573 3500 1637 est,
3541 1570 3677 1626 dixit

2033 1655 2105 1710 ad
2135 1671 2308 1711 eum:
2366 1654 2599 1711 Declina
2653 1654 2979 1728 paulisper,
3013 1660 3070 1711 et
3116 1657 3257 1713 sede
3307 1656 3425 1725 hic,
3472 1675 3676 1716 vocans

2031 1759 2163 1797 eum
2218 1744 2456 1798 nomine
2500 1760 2627 1799 suo.
2663 1746 2770 1810 Qui
2819 1744 3075 1814 divertit,
3125 1752 3183 1801 et
3227 1746 3399 1802 sedit.
3452 1746 3675 1804 Tollens

260 1833 465 1873 omnes
520 1818 747 1885 segetes
799 1813 1176 1866 meterentur.
1228 1805 1313 1877 [C.
1346 1804 1429 1875 VJ.
1462 1804 1566 1859 Cui
1621 1801 1771 1856 dixit
1824 1815 1921 1855 so-

478 1904 531 1915 η
574 1902 608 1915 μ
790 1905 799 1915 .
1262 1909 1385 1915 ---Δ
1425 1891 1632 1915 ,,,,.ιε,
1670 1891 1793 1915 ,ιη
1830 1906 1891 1915 η

2039 1837 2227 1887 autem
2266 1833 2409 1887 Booz
2461 1833 2659 1888 decem
2705 1832 2861 1889 viros
2912 1834 2981 1889 de
3026 1834 3362 1891 senioribus
3415 1836 3677 1902 civitatis,

261 1923 395 1962 crus
427 1921 440 1960 :
478 1902 689 1959 Melius
719 1905 828 1966 est,
878 1899 998 1953 lilia
1028 1896 1130 1964 mi,
1166 1901 1225 1950 ut
1256 1909 1391 1949 cum
1425 1891 1635 1963 puellis
1667 1891 1794 1958 ejus
1828 1906 1920 1944 ex-

259 2012 357 2052 eas
387 1994 461 2051 ad
494 1990 833 2048 metendum
866 1988 1047 2059 [ναις.
1086 1984 1480 2051 molendum],
1514 1996 1586 2034 ne
1635 1980 1693 2033 in
1727 1978 1916 2033 alieno

266 2100 405 2156 agro
436 2081 729 2153 quispiam
762 2078 998 2132 resistat
1029 2074 1382 2129 tibi..|uncta
1414 2075 1502 2125 est
1534 2068 1733 2139 itaque
1764 2066 1923 2138 puel-

268 2173 342 2228 lis
376 2177 545 2237 Booz,
575 2176 633 2223 et
658 2167 862 2223 tandiu
897 2180 1033 2219 cum
1065 2163 1148 2218 eis
1177 2160 1446 2227 messuit,
1489 2159 1673 2213 donec
1706 2156 1924 2211 hordea

281 2266 337 2316 et
366 2259 628 2315 triticum
658 2255 716 2309 in
750 2252 973 2308 horreis
1006 2250 1417 2305 conderentur.

340 2383 418 2456 [0.
457 2382 550 2446 VI,
586 2381 717 2450 Cap.
750 2377 872 2447 III].
899 2376 1219 2444 Postquam
1249 2376 1444 2427 autem
1482 2384 1713 2423 reversa
1742 2370 1831 2421 est
1852 2365 1923 2421 ad

278 2486 517 2529 socrum
556 2484 744 2535 suam,
782 2464 1000 2521 audivit
1049 2462 1121 2518 ab
1169 2477 1283 2516 ea:
1321 2459 1463 2514 Filia
1513 2458 1615 2524 mi,
1666 2471 1923 2527 quaeram

280 2561 387 2618 tibi
419 2560 706 2631 requiem,
740 2560 796 2611 et
828 2553 1140 2627 providebo
1192 2555 1257 2605 ut
1301 2550 1447 2604 bene
1497 2547 1572 2602 sit
1619 2545 1747 2601 tibi.
1782 2544 1930 2599 Booz

280 2653 413 2717 iste,
447 2648 615 2719 cujus
662 2643 873 2718 puellis
923 2643 979 2697 in
1011 2657 1149 2713 agro
1191 2641 1397 2709 juncta
1443 2653 1527 2705 es,
1564 2634 1930 2707 propinquus

292 2746 382 2796 est
400 2745 618 2803 noster,
641 2741 698 2791 et
719 2735 825 2789 hac
847 2736 1013 2787 nocte
1031 2746 1223 2786 aream
1246 2727 1444 2782 hordei
1466 2724 1725 2781 ventilat.
1762 2725 1934 2789 Lava,

287 2828 605 2900 reigituret
620 2826 924 2896 ungere,et
943 2821 1180 2875 induere
1197 2816 1541 2873 cultioribus
1554 2812 1925 2869 vestimentis

283 2936 347 2974 ac
363 2915 650 2973 descende
666 2914 1083 2968 inaream.Non
1098 2912 1151 2964 te
1167 2904 1934 2974 vidcathomo,doneccsum

286 3014 611 3080 potumque
645 3001 880 3057 ﬁnierit.
902 3000 1144 3067 Quando
1169 3003 1364 3052 autem
1389 2995 1521 3050 ierit
1543 2995 1613 3049 ad
1640 2992 1934 3080 dormien:

280 3068 443 3163 dum,
480 3099 618 3150 nota
664 3092 860 3148 locum
909 3092 967 3144 in
1020 3104 1135 3159 quo
1190 3085 1484 3153 dormiat;
1540 3083 1854 3153 veniesque
1884 3068 1939 3137 et

2031 1920 2179 1975 dixit
2207 1921 2277 1976 ad
2305 1938 2405 1977 eos
2445 1939 2458 1977 :
2510 1923 2713 1977 Sedete
2762 1921 3110 1989 hic.Quibus
3161 1923 3576 1994 residentibus,
3608 1923 3679 1980 lo-

2032 2015 2203 2065 cutus
2234 2015 2323 2065 est
2354 2011 2424 2065 ad
2462 2010 2861 2083 propinquum
2896 2028 2910 2067 :
2946 2015 3172 2069 Partem
3203 2013 3326 2083 agri
3362 2014 3553 2069 fratris
3586 2030 3677 2070 no-

2034 2098 2137 2154 stri
2172 2098 2481 2155 Elimelech
2516 2101 2713 2156 vendit
2759 2100 2984 2169 Noemi,
3020 2118 3149 2174 quae
3200 2118 3435 2158 reversa
3485 2108 3571 2159 est
3616 2103 3680 2159 de

2034 2188 2272 2259 regione
2303 2189 2618 2245 Moabitide
2652 2208 2665 2246 :
2701 2192 2855 2262 quod
2910 2192 3112 2247 audire
3144 2196 3200 2247 te
3250 2191 3431 2261 volui,
3479 2198 3535 2250 et
3582 2193 3679 2248 tibi

2036 2277 2227 2333 dicere
2248 2295 2441 2334 coram
2466 2280 2695 2335 cunctis
2718 2280 3087 2347 sedentibus,
3120 2286 3177 2337 et
3200 2282 3524 2353 majoribus
3548 2286 3677 2337 natu

2038 2369 2108 2422 de
2142 2367 2354 2439 populo
2389 2385 2538 2424 meo.
2570 2368 2626 2423 Si
2657 2369 2747 2425 vis
2782 2369 3080 2441 possidere
3105 2371 3237 2441 jure
3280 2371 3677 2445 prepinquita-

2038 2457 2135 2525 tis,
2168 2472 2316 2523 eme,
2350 2461 2407 2511 et
2439 2456 2692 2527 posside.
2725 2458 2821 2512 Sin
2876 2463 3074 2513 autem
3108 2458 3213 2514 tibi
3260 2459 3545 2532 displicet,
3579 2460 3680 2515 hoc

2039 2544 2236 2615 ipsum
2268 2544 2463 2601 indica
2496 2544 2661 2609 mihi,
2698 2554 2760 2601 ut
2792 2546 2972 2602 sciam
3005 2547 3147 2619 quid
3209 2548 3399 2606 facere
3430 2550 3679 2605 debeam.

2040 2632 2253 2689 Nullus
2283 2633 2439 2689 enim
2475 2639 2565 2689 est
2598 2635 2987 2707 propinquus,
3021 2642 3264 2708 excepto
3296 2642 3374 2706 te,
3407 2638 3503 2710 qui
3539 2638 3683 2708 prior

2044 2738 2126 2789 es,
2161 2728 2217 2775 et
2248 2738 2363 2791 me,
2394 2722 2495 2794 qui
2538 2724 2835 2779 secundus
2886 2741 3040 2779 sum.
3074 2726 3144 2780 At
3193 2726 3296 2782 ille
3346 2726 3680 2800 respondit:

2043 2811 2161 2884 Ego
2195 2827 2401 2883 agrum
2432 2828 2646 2867 emam.
2678 2812 2781 2869 Cui
2807 2812 2954 2869 dixit
2986 2818 3173 2870 Booz:
3208 2816 3455 2881 Quando
3486 2815 3685 2871 emeris

2047 2916 2254 2973 agrum
2288 2900 2358 2955 de
2389 2917 2563 2956 manu
2601 2901 2881 2972 mulieris,
2943 2902 3097 2958 Ruth
3150 2921 3389 2977 quoque
3436 2905 3683 2961 Moabiti-

2048 2990 2201 3057 dem,
2232 3005 2359 3060 qua:
2393 3006 2539 3045 uxor
2586 2991 2847 3046 defuncti
2899 2991 3028 3057 fuit,
3078 2993 3262 3048 debes
3302 2996 3597 3066 accipere:
3630 2998 3689 3049 ut

2050 3078 2298 3134 suscites
2345 3096 2555 3135 nomen
2605 3080 2917 3151 propinqui
2970 3080 3056 3136 tui
3101 3080 3158 3136 in
3192 3081 3527 3139 haereditate
3564 3100 3682 3138 sua.

276 3183 679 3286 ἀίεοοοιξιῖτξεε
716 3171 1938 3286 E"‘”?‘3".‘:.q‘if’-‘39?f‘.“iffipii???
1972 3220 2015 3286 ρ
2054 3167 3165 3286 [‘3'l.’fl'..?£ifi‘3?3‘3ff;9°d9.l"’°
3194 3172 3685 3286 ντορίξπιυίξαὲίετ

300 3278 355 3328 et
404 3270 672 3343 proiicies
722 3273 799 3333 te,
832 3272 889 3322 et
934 3266 1012 3320 ibi
1056 3264 1282 3336 jacebis
1316 3279 1329 3316 :
1364 3262 1489 3333 ipse
1541 3266 1735 3316 autem
1787 3260 1941 3315 dicet

294 3359 398 3415 tibi
433 3357 573 3429 quid
606 3372 777 3428 agere
807 3355 1040 3409 debeas.
1077 3355 1209 3418 Quae
1262 3348 1565 3422 respondit
1599 3364 1611 3402 :
1647 3347 1939 3418 Quidquid

295 3446 662 3520 praeceperis,
692 3444 920 3499 faciam.
958 3440 1386 3509 Descenditque
1416 3438 1475 3492 in
1518 3454 1735 3501 aream,
1768 3442 1823 3491 et
1856 3437 1937 3491 fe-

297 3539 375 3591 cit
406 3536 604 3590 omnia
635 3550 761 3604 quae
808 3534 920 3587 sibi
954 3532 1341 3601 imperaverat
1389 3542 1615 3582 socrus.
1667 3526 1749 3594 [Ο.
1792 3524 1937 3595 νΙΙ].

297 3625 557 3694 Cumque
589 3622 939 3678 comedisset
966 3624 1198 3685 Booz,et
1228 3618 1557 3681 bibisset,et
1578 3616 1766 3670 factus
1787 3617 1940 3669 esset

295 3712 556 3781 hilarior,
588 3712 849 3782 issetque
881 3711 951 3764 ad
1000 3707 1409 3763 dormiendum
1456 3706 1625 3775 juxta
1669 3720 1938 3759 acervum

298 3800 759 3871 manipulorum,
803 3799 963 3854 venit
1012 3796 1373 3860 abscondite,
1405 3800 1461 3849 et
1510 3796 1878 3864 discooperto
1908 3808 1941 3846 a

295 3893 545 3962 pedibus
575 3891 702 3960 ejus
737 3888 935 3960 pallio,
970 3904 1031 3942 se
1064 3886 1324 3958 projecit.
1362 3886 1425 3939 Et
1453 3888 1789 3953 ecce,nocte
1813 3883 1937 3952 jam

294 3981 509 4047 media,
541 3979 769 4052 expavit
800 3979 991 4047 homo,
1012 3980 1069 4031 et
1098 3980 1482 4031 conturbatus
1512 3978 1601 4029 est
1633 3992 1644 4028 :
1682 3972 1940 4042 viditque

287 4071 594 4125 mulierem
619 4069 915 4139 jacentem
945 4067 1015 4121 ad
1050 4066 1227 4137 pedes
1259 4069 1493 4128 suos,et
1523 4062 1603 4118 ait
1636 4061 1717 4115 illi
1755 4078 1767 4115 :
1804 4061 1938 4125 Quae

283 4176 343 4214 es
370 4163 391 4214 Ρ
422 4158 645 4229 lllaque
676 4156 980 4227 respondit
1013 4171 1027 4209 :
1061 4160 1177 4225 Ego
1207 4171 1344 4209 sum
1382 4152 1536 4207 Ruth
1573 4150 1787 4205 ancilla
1816 4157 1934 4206 tua:

281 4248 547 4318 expande
579 4245 820 4317 pallium
854 4252 1016 4298 tuum
1053 4259 1229 4314 super
1260 4241 1540 4297 famulam
1574 4246 1760 4307 tuam,
1793 4240 1940 4311 quia

282 4335 657 4406 prepinquus
688 4350 770 4388 es.
804 4333 873 4387 Et
900 4331 1020 4402 ille,
1058 4330 1384 4399 Benedicta,
1419 4329 1631 4399 inquit,
1667 4345 1728 4384 es
1762 4346 1792 4383 a
1825 4328 1935 4383 Do-

214 4482 223 4491 ,
286 4424 447 4478 mino
498 4422 638 4488 filia,
688 4427 743 4477 et
792 4422 1043 4493 priorem
1102 4419 1564 4475 misericordiam
1617 4416 1940 4490 posteriore

280 4511 574 4584 superasti
612 4527 624 4564 :
660 4510 798 4581 quia
832 4527 947 4564 non
978 4526 1040 4565 es
1087 4513 1291 4565 secuta
1332 4509 1602 4577 juvenes,
1650 4521 1939 4577 pauperes

2055 3275 2242 3331 neque
2256 3258 2411 3313 enim
2441 3258 2839 3329 posteritatem
2865 3259 3099 3315 familiae
3121 3277 3269 3318 meae
3290 3262 3480 3319 delere
3501 3263 3683 3318 debeo.

2048 3350 2129 3404 Tu
2167 3365 2293 3403 meo
2330 3352 2488 3402 utere
2531 3347 2852 3418 privilegio,
2904 3365 3020 3420 quo
3071 3366 3163 3405 me
3210 3350 3465 3407 libenter
3507 3367 3688 3407 carere

2048 3438 2344 3506 profiteor.
2383 3437 2480 3491 Hic
2511 3441 2706 3491 autem
2740 3442 2862 3492 erat
2893 3454 3017 3493 mos
3068 3438 3402 3510 antiquitus
3433 3440 3487 3495 in
3522 3435 3685 3495 Israel

2047 3528 2200 3582 inter
2230 3524 2686 3598 propinquos,ut
2717 3526 2765 3580 si
2799 3528 3036 3597 quando
3067 3526 3213 3583 alter
3234 3528 3405 3584 alteri
3437 3546 3540 3585 suo
3563 3530 3687 3600 jure

2047 3616 2377 3683 cedebat,ut
2398 3618 2552 3670 esset
2575 3614 2742 3670 firma
2760 3616 3355 3683 concessio,solvebat
3375 3618 3545 3675 homo
3574 3617 3675 3673 cal-
3768 3650 3772 3655 ι

2047 3713 2415 3763 ceamentum
2450 3723 2644 3775 suum,
2677 3710 2734 3761 et
2770 3707 2946 3762 dabat
2976 3707 3238 3779 proximo
3273 3714 3535 3765 suo.Hoc
3567 3712 3679 3765 erat

2044 3795 2450 3851 testimonium
2477 3794 2761 3849 cessionis
2793 3795 2851 3850 in
2885 3795 3256 3852 Israel.Dixit
3287 3814 3423 3871 ergo
3454 3797 3675 3871 propin-

2046 3902 2161 3955 quo
2194 3884 2373 3958 [Vulg.
2405 3883 2559 3939 addit
2591 3884 2721 3955 suo]
2774 3884 2919 3939 Booz
2954 3901 2966 3940 :
3018 3883 3179 3941 Tolle
3223 3886 3676 3943 calceamentum

2044 3980 2235 4030 tuum.
2271 3974 2431 4038 Quod
2474 3973 2670 4028 statim
2705 3973 2873 4028 solvit
2900 3975 2969 4029 de
3002 3976 3145 4047 pede
3176 3993 3305 4033 suo.
3340 3979 3409 4032 At
3438 3976 3532 4032 ille
3564 3992 3675 4032 ma-

2036 4063 2267 4135 joribus
2329 4068 2489 4128 natu,
2537 4068 2594 4117 et
2660 4063 2927 4119 universo
2955 4065 3191 4136 populo,
3226 4066 3450 4135 Testes,
3477 4065 3677 4137 inquit,

2042 4170 2147 4208 vos
2176 4152 2319 4208 estis
2352 4151 2541 4215 hodie,
2575 4152 2729 4223 quod
2764 4152 3123 4223 possederim
3175 4155 3377 4210 omnia
3408 4171 3533 4227 quae
3564 4153 3675 4208 fue-

2043 4249 2181 4296 runt
2228 4240 2565 4309 Elimelecb,
2618 4244 2675 4295 et
2721 4240 2969 4308 Chilion,
3019 4245 3075 4296 et
3126 4241 3383 4309 Maalon,
3427 4243 3675 4298 tradente

2042 4329 2267 4398 Noemi,
2311 4333 2368 4384 et
2416 4328 2563 4384 Ruth
2618 4329 2995 4385 Moabitidem
3048 4347 3290 4387 uxorem
3343 4330 3564 4387 Maalon
3619 4328 3672 4383 in

2042 4418 2381 4491 conjugium
2407 4418 2781 4490 sumpserim,
2807 4423 2870 4474 ut
2892 4419 3169 4475 suscitem
3197 4436 3410 4476 nomen
3431 4416 3677 4475 defuncti

2040 4508 2101 4564 in
2133 4508 2471 4563 haereditate
2522 4524 2651 4574 sua,
2684 4522 2757 4562 ne
2788 4507 3136 4564 vocabulum
3169 4510 3301 4579 ejus
3349 4509 3420 4565 de
3469 4505 3677 4564 familia

278 4578 398 4655 sive
429 4578 805 4655 divites—Noli
842 4615 977 4670 ergo
1012 4602 1293 4663 metuere,
1321 4597 1420 4650 sed
1457 4595 1745 4667 quidquid
1782 4593 1926 4649 mihi
1960 4578 2005 4643 Ι)
2037 4614 2165 4664 sua,
2199 4613 2265 4651 ac
2298 4596 2597 4661 fratribus,
2629 4600 2684 4651 et
2717 4595 2931 4668 populo
2962 4578 3248 4653 deleatur.
3275 4596 3671 4669 Vos,inquam,

278 4688 514 4758 dixeris,
548 4688 756 4743 faciam
790 4687 916 4742 tibi.
951 4687 1066 4742 Scit
1096 4686 1250 4741 enim
1285 4684 1473 4740 omnis
1520 4682 1793 4756 populus,
1828 4682 1925 4753 qui

272 4777 504 4832 habitat
554 4778 707 4831 intra
738 4780 936 4846 portas
970 4775 1133 4829 urbis
1178 4791 1339 4839 meas,
1378 4772 1679 4829 mulierem
1712 4776 1766 4827 te
1796 4787 1926 4827 esse

272 4866 528 4921 virtutis.
563 4866 677 4920 Nec
710 4866 902 4920 abnuo
933 4881 1022 4919 me
1066 4863 1488 4935 propinquum,
1522 4862 1622 4915 sed
1655 4865 1745 4916 est
1775 4860 1925 4916 alius

272 4972 365 5010 me
398 4954 1059 5026 propinquior.Quiesce
1093 4953 1199 5007 hac
1234 4958 1422 5017 nocte,
1458 4956 1516 5006 et
1549 4952 1697 5006 facto
1730 4966 1924 5015 mane,

271 5045 320 5099 si
352 5049 407 5099 te
439 5044 687 5098 voluerit
716 5042 1173 5115 propinquitatis
1196 5042 1331 5111 jure
1364 5040 1631 5108 retinere,
1654 5040 1799 5095 bene
1832 5055 1924 5092 res

270 5137 399 5187 acta
428 5136 517 5187 est
550 5149 562 5186 :
597 5132 689 5187 sin
742 5136 939 5187 autem
991 5130 1090 5186 ille
1146 5130 1424 5199 noluerit,
1456 5145 1560 5199 ego
1593 5134 1647 5184 te
1700 5129 1924 5198 absque

270 5222 390 5277 ulla
421 5222 788 5277 dubitatione
820 5219 1166 5291 suscipiam,
1198 5218 1337 5273 vivit
1372 5217 1669 5273 Dominus.
1722 5216 1920 5272 Dormi

269 5327 457 5383 usque
491 5328 681 5367 mane.
733 5308 1017 5365 Dormivit
1071 5309 1269 5379 itaque
1301 5308 1371 5363 ad
1420 5308 1595 5379 pedes
1638 5307 1784 5377 ejus,
1822 5323 1919 5361 us-

271 5416 383 5469 que
416 5400 486 5455 ad
536 5400 724 5455 noctis
774 5400 1137 5454 abscessum.
1173 5396 1554 5468 Surrexitque
1604 5399 1919 5467 antequam

266 5488 537 5543 homines
586 5504 648 5543 se
699 5492 1117 5559 cognoscerent
1162 5494 1389 5554 mutuo,
1423 5491 1478 5541 et
1528 5483 1675 5540 dixit
1728 5484 1917 5542 Booz:

268 5578 414 5633 Cave
446 5594 519 5635 ne
550 5581 684 5649 quis
717 5577 940 5635 noverit
965 5576 1121 5648 quod
1156 5578 1267 5632 huc
1301 5575 1626 5633 veneris.Et
1655 5591 1917 5646 rursum,

2036 4686 2214 4756 hujus
2269 4685 2351 4739 rei
2383 4689 2562 4741 testes
2612 4685 2772 4741 estis.
2807 4686 3127 4757 Respondit
3174 4687 3371 4743 omnis
3416 4684 3673 4758 populus,

2036 4775 2136 4847 qui
2168 4780 2292 4831 erat
2322 4774 2379 4829 in
2413 4780 2596 4846 porta,
2631 4780 2687 4830 et
2720 4775 2973 4845 majores
3006 4780 3145 4831 natu
3182 4792 3195 4831 :
3230 4766 3347 4833 Nos
3393 4781 3563 4832 testes
3590 4789 3675 4829 su-

2035 4880 2169 4918 mus
2203 4880 2216 4918 :
2254 4863 2431 4919 faciat
2464 4864 2745 4919 Dominus
2796 4864 2947 4919 hanc
2979 4864 3313 4933 mulierem,
3340 4881 3465 4937 quae
3498 4865 3675 4935 ingre-

2033 4952 2194 5006 ditur
2223 4953 2460 5006 domum
2496 4956 2684 5020 tuam,
2741 4951 2892 5007 sicut
2939 4952 3153 5008 Rachel
3204 4958 3263 5009 ct
3323 4954 3505 5019 Liam,
3552 4966 3671 5022 qua:

2032 5041 2467 5097 aadificaverunt
2486 5041 2729 5095 domum
2757 5040 2935 5097 Israel
2964 5057 2977 5096 :
3003 5046 3067 5096 ut
3096 5042 3176 5098 sit
3204 5042 3532 5114 exemplum
3563 5038 3671 5093 vir-

2034 5129 2179 5184 tutis
2210 5128 2269 5183 in
2302 5128 2581 5199 Ephrata,
2609 5133 2667 5184 et
2697 5129 2909 5186 habeat
2939 5131 3165 5187 celebre
3196 5146 3409 5187 nomen
3434 5130 3487 5185 in
3508 5127 3672 5185 Beth-

2034 5218 2254 5273 Leem:
2309 5218 2524 5288 fiatque
2573 5218 2788 5274 domus
2819 5224 2942 5287 tua,
2976 5219 3132 5275 sicut
3184 5220 3397 5276 domus
3446 5218 3671 5284 Phares,

2032 5323 2207 5378 quem
2238 5305 2488 5362 Thamar
2521 5308 2749 5379 peperit
2775 5308 2959 5379 Judaa,
2980 5309 3052 5364 de
3083 5308 3305 5365 semine
3328 5306 3481 5381 quod
3505 5304 3669 5361 dede-

2032 5396 2109 5451 rit
2139 5396 2423 5451 Dominus
2473 5396 2579 5452 tibi
2609 5413 2677 5452 ex
2712 5396 2815 5452 hac
2863 5398 3077 5470 puella.
3108 5397 3265 5454 Tulit
3307 5397 3501 5469 itaque
3526 5394 3666 5449 Booz

2029 5485 2206 5553 Ruth,
2233 5489 2290 5540 et
2310 5485 2536 5558 accepit
2564 5502 2802 5543 uxorem
2829 5504 2842 5543 :
2868 5487 3285 5559 ingressusque
3320 5491 3409 5542 est
3428 5484 3500 5541 ad
3522 5496 3666 5545 eam.

2030 5580 2086 5632 et
2115 5574 2279 5630 dedit
2329 5574 2414 5629 illi
2462 5575 2748 5633 Dominus
2780 5580 2844 5632 ut
2890 5576 3241 5648 conciperet,
3270 5579 3331 5632 et
3357 5575 3579 5647 pareret
3604 5568 3667 5623 ﬂ-

262 5665 1035 5740 Expande,inquit,pallium
1062 5671 1231 5722 tuum
1262 5682 1378 5739 quo
1410 5664 1758 5739 operiris,et
1788 5669 1920 5722 tene
2027 5662 2603 5737 lium.Dixeruntque
2630 5662 2908 5723 mulieres
2938 5664 3012 5722 ad
3042 5662 3245 5723 Noemi
3278 5679 3294 5723 :
3325 5659 3660 5721 Benedictus
