3982 6178
337 315 412 371 59
1471 323 1662 378 LIBRI
1701 326 2061 380 SAMUELIS
2094 326 2190 380 ΕΤ
2225 329 2631 387 MALACHIM.
3655 336 3760 392 594

348 457 663 524 Dominus,
687 457 787 530 qui
816 476 933 516 non
960 463 1049 516 est
1069 476 1286 532 passus
1319 465 1381 516 ut
1411 461 1682 517 deﬁceret
1706 479 2010 519 successor
2041 454 2086 518 Α
2123 449 2381 506 dicentes
2410 469 2422 505 τ
2455 453 2637 508 Natus
2687 460 2776 511 est
2821 455 2975 512 ﬁlius
3022 457 3245 526 Νοθῐηί,
3278 463 3628 516 vocaverunt
3659 478 3763 517 D0-

342 547 582 603 familia
617 552 752 616 tuae,
785 553 842 604 et
869 554 1175 606 vocaretur
1232 567 1444 606 nomen
1499 553 1627 622 ejus
1685 552 1742 606 in
1807 553 1959 608 lsrae

2120 555 2254 594 men
2287 542 2416 610 ejus
2447 541 2602 597 Obed
2638 560 2650 599 :
2685 544 2779 599 hic
2809 552 2897 600 est
2945 552 3110 616 pater
3159 548 3505 622 lsai,upatris
3555 551 3757 607 David.

343 640 409 691 Et
431 629 784 710 habeas‘qui
815 638 1150 695 consoletur
1173 640 1431 696 animam
1461 645 1646 711 tuam,
1667 647 1724 696 et
1745 642 2004 697 enutriat
2110 633 2243 684 Ηωο
2274 637 2415 686 sunt
2444 635 2851 701 generationes
2881 635 3097 690 Phares
3122 653 3136 690 ³
3171 637 3387 692 Phares
3416 638 3618 710 ἓθηυίῑ
3648 639 3756 693 Εε-

343 731 730 782 senectutem.
765 727 845 783 De
887 744 1040 783 nuru
1073 729 1230 785 enim
1263 736 1365 784 tua
1408 735 1584 784 natus
1633 735 1742 795 est,
1775 747 1901 802 quae
1945 735 1959 785 1

2110 735 2238 786 ron,
2272 720 2456 776 Esron
2487 723 2690 792 genuit
2746 729 2910 792 Ram,
2947 729 3087 780 Ram
3149 727 3352 798 genuit
3402 729 3752 796 Aminadab,

343 814 560 886 diligit,
591 821 652 871 et
682 817 868 871 multo
901 815 1006 871 tibi
1065 817 1276 873 melior
1311 822 1401 873 est
1453 835 1633 891 quam
1692 820 1740 875 si
1773 825 1959 891 septe!

2109 809 2440 864 Amiuadab
2471 813 2673 882 genuit
2695 812 2955 869 Naasson
2980 819 3242 870 Naasson
3267 816 3472 888 genuit
3492 817 3750 888 Salmon,

343 903 589 960 haberes
611 905 785 962 ﬁlios.
803 909 1275 979 Susceptumque
1298 907 1497 963 Noemi
1524 924 1765 979 puerum
1803 925 1959 981 posu:

2107 897 2334 954 Salmon
2366 901 2568 970 genuit
2597 901 2764 969 Booz,
2798 902 2946 958 Booz
2994 905 3198 976 genuit
3239 905 3418 974 Obed,
3452 906 3605 962 Obed
3651 923 3753 980 ge-

340 992 398 1047 in
429 991 570 1048 sinu
602 1009 731 1061 suo,
763 998 821 1049 et
848 995 1098 1051 nutricis
1130 1012 1197 1052 ao
1240 997 1456 1068 gerulae
1487 997 1680 1052 ofﬁcio
1713 998 1999 1070 fungeba-
2108 987 2238 1043 nuit
2271 987 2541 1055 188i,18&i
2571 991 2774 1061 genuit
2801 991 3003 1047 David.
3104 1070 3107 1072 _

332 1084 450 1137 tur.
483 1082 706 1139 Vicina
735 1087 932 1138 autem
967 1083 1247 1141 mulieres
1293 1085 1774 1156 congratulantes
1829 1087 1904 1158 ei,
1938 1091 1997 1143 et

1727 1211 1977 1282 Explicit
2015 1210 2155 1268 liber
2191 1208 2356 1267 Ruth.

335 1449 912 1544 PB/EFATIO
972 1455 1620 1548 HIERONYMI
1676 1459 1787 1545 IN
1859 1453 2269 1545 LIBROS
2343 1451 2795 1546 SAMUEL
2852 1454 2992 1541 ΕΤ
3055 1448 3740 1543 MALACHIM’.

381 1738 604 1814 Viginti
635 1744 695 1797 et
723 1741 871 1798 duas
894 1741 1118 1799 litteras
1141 1759 1270 1800 esse
1295 1745 1450 1818 apud
1473 1745 1771 1816 Hebraeos,
1799 1745 1975 1819 Syro-
2007 1748 2055 1814 B
2090 1743 2516 1816 bam,legisque
2535 1743 3234 1816 doctorem,postcaptam
3253 1742 3743 1818 llicrosolymam’

324 1845 454 1884 rum
487 1845 723 1901 quoque
754 1834 813 1886 et
842 1831 1247 1889 Chaldaeorum
1300 1832 1501 1907 lingua
1542 1838 1816 1900 testatur,
1851 1850 1979 1906 qum
2090 1838 2148 1888 et
2179 1833 2660 1889 instaurationem
2690 1832 2891 1904 templi
2924 1831 3032 1888 sub
3056 1829 3393 1902 Zorobabel,
3418 1832 3562 1889 alias
3586 1833 3741 1890 litte-

327 1919 577 1974 Bebraaaa
610 1935 825 1993 magna
855 1938 924 1977 ex
953 1927 1118 1994 parte
1148 1923 1400 1979 confinis
1430 1928 1553 1979 est:
1591 1940 1724 1980 nam
1759 1932 1814 1980 et
1864 1923 1976 1995 ipsi
2089 1940 2183 1979 ras
2217 1923 2530 1995 reperisse,
2561 1921 2782 1994 quibus
2809 1938 2963 1976 nunc
2996 1921 3253 1976 utimur:
3288 1938 3420 1977 cum
3471 1924 3542 1978 ad
3593 1923 3738 1980 illud

325 2006 533 2080 viginti
559 2009 676 2063 duo
696 2010 986 2066 elementa
1009 2011 1226 2068 habent
1245 2012 1452 2068 eodem
1474 2028 1638 2079 sono,
1663 2013 1763 2069 sed
1789 2013 1976 2067 diver-

323 2096 409 2152 sis
439 2096 899 2154 characteribus.
924 2099 1275 2154 Samaritani
1307 2101 1483 2156 etiam
1516 2093 1973 2157 Pentate'uchum

325 2184 467 2241 ΕΙοεὶ
496 2186 742 2241 totidem
775 2186 987 2243 litteris
1019 2187 1372 2262 scriptitant,
1406 2189 1611 2262 ﬁguris
1642 2195 1870 2245 tantum
1917 2195 1976 2246 et

319 2273 588 2348 apicibus
605 2275 1021 2348 discrepantes.
1041 2277 1396 2352 Certumque
1419 2283 1506 2336 est
1530 2280 1769 2336 Esdram
1792 2281 1813 2314 ³
1835 2279 1975 2336 scri-

389 2452 575 2528 ‘_Hrec
603 2454 1026 2528 estuinscriptio
1056 2455 1281 2528 prologi
1302 2455 1374 2510 .in
1408 2457 1642 2513 Canone
1674 2457 1972 2515 Hebraicze

316 2525 584 2600 veritatis
615 2530 673 2581 et
701 2525 760 2580 in
792 2525 1016 2598 aliquot
1046 2525 1176 2583 aliis
1209 2525 1629 2600 manuscriptis
1677 2530 1969 2600 antiquio-

317 2596 770 2672 ribus.uld_vero
817 2596 1124 2670 sumptum
1184 2600 1416 2654 videtur
1470 2596 1542 2655 ab
1600 2596 1968 2672 Hieronymo,

358 2669 414 2723 ui
463 2669 539 2724 ad
588 2669 769 2745 ﬁnem
824 2669 1091 2741 ejusdem
1127 2673 1628 2745 __Przefatiunculae.
1661 2669 1968 2745 Prolo'gum

381 2741 945 2816 ripturarumipsam
971 2742 1245 2816 appellat.
1269 2744 1465 2816 Crateri
1490 2745 1620 2797 libri
1651 2749 1770 2798 tam
1801 2741 1968 2811 e'diti,

356 2828 492 2888 nam
529 2828 699 2888 mss,
735 2814 813 2868 ita
842 2814 1193 2888 inscribunt.
1227 2815 1494 2888 Praetutia
1546 2816 1870 2888 Hieronymi
1909 2815 1968 2871 in

343 2885 534 2960 ibrum
547 2885 774 2954 Regum,
789 2886 875 2939 vel
890 2885 951 2940 in
968 2885 1111 2942 libro
1127 2885 1566 2960 RegumVerum
1584 2887 1676 2941 hic
1692 2885 1968 2960 prologue

315 2955 781 3029 _Scr_ipturarum,
806 2973 940 3011 cum
972 2955 1249 3012 omnibus
1272 2959 1437 3013 libris
1468 2975 1616 3029 quos
1638 2955 1705 3014 ei
1728 2955 1966 3016 Hebraeo

313 3025 374 3082 in
410 3025 911 3101 Latinumvertit
957 3030 1369 3101 Hieronymus,
1403 3025 1587 3100 possit
1635 3033 1963 3099 convenire,

2087 2028 2274 2085 usque
2305 2017 2530 2082 tempus
2561 2011 2734 2067 iidem
2766 2010 3264 2066 Samaritanorum
3288 2017 3346 2066 et
3365 2012 3740 2069 Hebraeorum

2085 2105 2410 2158 caracteres
2427 2100 2663 2156 fuerint.
2682 2101 2743 2155 In
2764 2099 2914 2156 libro
2938 2115 3171 2172 quoque
3184 2099 3567 2157 Numerorum
3586 2103 3734 2174 (cap.

2083 2207 2165 2258 ιιι,
2198 2190 2289 2262 39)
2323 2189 2444 2246 haec
2477 2189 2680 2245 eadem
2732 2189 3095 2261 supputatio,
3127 2189 3237 2244 sub
3288 2190 3618 2246 Levitarum
3670 2209 3736 2248 ac

2082 2281 2449 2337 sacerdotum
2485 2295 2686 2350 censu,
2721 2278 2962 2350 mystice
2993 2279 3340 2334 ostenditur.
3374 2279 3442 2334 Et
3472 2281 3491 2314 ³
3520 2296 3730 2336 nomen

2079 2458 2539 2514 Christianorum
2600 2461 2884 2530 veterum,
2917 2455 3204 2530 0rigenis,
3253 2457 3488 2530 Eusebii
3551 2461 3726 2530 atque

2081 2531 2328 2586 aliorum
2361 2530 2469 2585 hac
2497 2531 2565 2584 de
2597 2546 2656 2585 re
2686 2528 3044 2602 testimonio,
3079 2529 3386 2602 vernacula
3418 2530 3546 2601 ejus
3578 2528 3729 2602 prai-

2079 2604 2336 2657 feramus
2387 2601 2600 2673 linguae
2660 2599 3214 2673 exempla,_ipsique
3266 2599 3460 2673 Judzei'
3506 2599 3726 2658 veteres

2080 2676 2454 2744 tidejussores
2483 2671 2787 2728 accedant.
2821 2671 3557 2744 'l‘halmud’Rabylonicum
3607 2680 3724 2730 tra-

2080 2743 2240 2800 ctatu
2273 2746 2626 2800 Sanhedrin.
2661 2750 2798 2800 sect.
2835 2748 2887 2799 2.
2924 2743 3021 2798 fol.
3054 2747 3145 2806 2t,
3181 2744 3382 2798 Latine
3407 2746 3488 2799 ita
3518 2754 3725 2803 sonat:

2086 2837 2106 2864 ι
2143 2817 2309 2873 Initio
2341 2817 2476 2872 data
2505 2821 2592 2870 est
2622 2816 2713 2871 lex
2743 2814 2940 2870 Israeli
2970 2831 3101 2868 cum
3126 2816 3424 2885 Scriptura
3448 2815 3729 2873 chraica

2078 2894 2136 2943 et
2171 2889 2370 2961 lingua
2401 2893 2624 2944 sancta.
2659 2887 2876 2942 Deinde
2906 2887 3039 2961 data
3073 2891 3163 2940 est
3208 2886 3375 2961 ipsis,
3410 2887 3488 2961 in;
3518 2889 3727 2945 diebus

2077 2958 2292 3027 Esdraa',
2317 2977 2449 3014 cum
2485 2961 2778 3031 scriptura
2810 2958 3115 3027 Assyriaca
3146 2962 3202 3012 et
3234 2959 3728 3031 linguaiAramaea

2076 3033 2219 3103 (sive
2267 3030 2621 3100 Chaldaica).
2672 3031 3239 3103 Elegerunt_autem
3293 3047 3395 3101 pro
3447 3030 3726 3088 lsraelitis

316 3098 532 3185 merito
559 3099 894 3185 iueribitur,
920 3101 992 3156 de
1014 3098 1293 3157 omnibus
1319 3098 1484 3156 libris
1515 3101 1738 3157 Veteris
1760 3104 1961 3158 Testa-
1997 3119 2038 3185 ρ
2079 3098 2434 3185 Scripturani
2457 3098 2846 3185 Assyriaca‘ni
2895 3107 2951 3155 et
3006 3101 3269 3185 linguam
3295 3098 3620 3185 sanctam:
3671 3111 3729 3159 et

311 3169 519 3226 menti.
559 3170 744 3226 MART.

379 3272 451 3282 —
482 3242 652 3315 Hunc
683 3240 1012 3315 prologum,
1041 3249 1098 3300 et
1127 3245 1289 3314 quod
1332 3243 1412 3299 rei
1464 3248 1639 3315 caput
1686 3247 1795 3311 est,
1830 3245 1962 3300 uni-

311 3329 546 3388 versum
574 3312 875 3388 librorum'
891 3312 1181 3388 Samuelis
1211 3321 1268 3371 et
1309 3312 1785 3387 Regum—textum
1832 3321 1965 3388 post

310 3384 588 3441 laudatos
646 3385 931 3442 hactenus
988 3387 1349 3452 Urbinatem,
1392 3384 1449 3443 et
1505 3384 1854 3454 Palatinum,
1889 3391 1958 3444 ad

311 3457 513 3530 omniu
525 3474 582 3512 m
595 3459 1084 3530 antiquissimum
1099 3459 1452 3516 Veronensis
1464 3459 1832 3516 bibliothecae
1849 3478 1956 3518 ms.

308 3529 622 3603 exigimus,
655 3529 865 3586 litteris
912 3530 1244 3603 uncialibus
1293 3535 1613 3597 exaratum,
1648 3549 1819 3603 quem
1865 3550 1959 3588 ve-

308 3599 427 3656 lim'
445 3600 764 3672 septimum
798 3601 965 3657 facile
995 3602 1277 3658 saeculum
1313 3599 1704 3660 antevertere:
1739 3609 1796 3659 et
1833 3621 1958 3659 om-

279 3684 282 3688 '
310 3673 475 3728 nium
510 3677 657 3756 quot
685 3673 964 3756 hactenus
991 3674 1490 3756 innotuerunt,_in
1543 3676 1798 3756 genuina
1827 3676 1959 3744 Hie:

310 3745 670 3818 ronymiana
699 3745 984 3818 versionis
1015 3746 1264 3818 lectione
1297 3745 1660 3818 proferenda,
1688 3747 1857 3802 fidem
1893 3764 1959 3802 ca

309 3815 680 3890 diligentiam
711 3816 886 3890 longo
917 3816 1096 3890 nimis
1125 3815 1428 3890 intervallo
1459 3819 1956 3890 superare.Ca:te-

310 3903 438 3962 rum
470 3888 631 3962 quod
679 3888 930 3962 priorem
961 3889 1090 3960 ejus
1149 3889 1435 3962 pagellam
1489 3888 1654 3962 astas
1688 3890 1959 3946 inviderit

309 3960 500 4034 nobis,
542 3960 987 4034 inscriptionem
1046 3960 1376 4034 quam'hic
1432 3961 1799 4034 praeterimus
1831 3963 1957 4032 ejus

309 4032 546 4106 munire
583 4032 927 4106 auctoritate
967 4032 1082 4106 non
1134 4033 1338 4106 licuit:
1373 4032 1706 4106 accepimus
1756 4037 1953 4089 tamen

305 4119 374 4159 ex
398 4105 610 4160 eodem
639 4104 859 4172 codice,
886 4105 986 4159 ubi
1016 4104 1558 4175 Recapitulationurn
1591 4121 1738 4175 quas
1767 4112 1953 4172 vocat,

303 4182 362 4259 st
389 4191 528 4259 mox
558 4176 999 4259 su‘bnectemus,
1021 4176 1258 4259 titulum
1284 4178 1474 4259 tribus
1509 4177 1664 4259 locis
1691 4177 1955 4259 praefigit:

302 4249 487 4320 antea
540 4247 860 4312 obtinebat,
908 4249 1408 4320 quemadmodum
1462 4249 1518 4303 in
1574 4247 1847 4320 Urbinate
1892 4253 1956 4304 et

305 4318 565 4374 Palatino
623 4320 790 4375 codd.
823 4318 1091 4390 Praefatio
1151 4319 1483 4392 Hieronymi
1512 4321 1568 4374 in
1627 4319 1793 4375 libros
1853 4321 1948 4375 Rc-

297 4405 462 4458 oum:
480 4406 660 4461 quam
682 4391 947 4447 omnium
969 4392 1148 4446 ferme
1173 4391 1453 4447 librorum
1477 4392 1954 4461 inscriptionem-

297 4477 364 4534 e_x
395 4478 518 4534 uno
552 4478 661 4518 ms.
702 4463 1073 4534 Martianaeus
1104 4464 1162 4518 in
1195 4463 1346 4518 hanc
1380 4469 1722 4528 mutaverat,
1746 4466 1948 4534 Praefa-

298 4532 375 4620 Lio
400 4533 729 4620 βίω-ωηιηῄ
756 4534 1170 4620 presbyteri‘de
1216 4536 1470 4620 omnibus
1529 4537 1689 4620 tigris
1751 4532 1950 4620 [cleris

300 4603 650 4677 Tcstamcnti.
683 4603 937 4662 Causam
986 4607 1169 4675 addit,
1211 4608 1366 4677 quod
1423 4607 1700 4661 omnibus
1760 4605 1944 4672 libris,

295 4691 458 4751 quos
479 4692 551 4731 ex
606 4676 844 4751 Hebraeo
899 4677 955 4731 in
1009 4676 1275 4751 Latinum
1305 4680 1499 4751 vertit,
1537 4678 1944 4751 Hieronymus,

296 4747 491 4821 possit
518 4749 848 4821 convenire.
870 4751 1058 4821 Atque
1086 4749 1144 4803 id
1178 4751 1416 4820 quidem
1449 4749 1531 4803 ait
1560 4750 1712 4803 infra
1741 4747 1795 4804 S.
1822 4751 1948 4820 ipse

297 4817 508 4875 Pater:
543 4819 639 4874 Hi:
666 4821 924 4890 protegas
964 4817 1397 4890 'Scripttirarum
1445 4823 1607 4890 quasi
1659 4817 1946 4889 galeatum

289 4890 643 4962 principium
672 4893 926 4948 omnibus
955 4892 1136 4959 libris,
1168 4909 1300 4962 quos
1335 4893 1400 4948 de
1431 4894 1653 4950 Hebraeo
1681 4897 1947 4949 vertimus

289 4961 354 5036 in
394 4964 676 5036 Latinum,
707 4965 998 5036 convenire
1025 4961 1241 5036 potest;
1274 4968 1335 5020 at
1365 4979 1478 5036 non
1510 4965 1650 5020 adeo
1684 4964 1944 5036 peculia-

287 5034 375 5090 ris
405 5035 464 5090 in
499 5033 680 5108 libros
712 5035 961 5108 Regumu
989 5033 1254 5108 Priet'atio
1301 5036 1423 5108 haec
1454 5035 1592 5108 ipsa,
1613 5033 1723 5090 non
1774 5036 1948 5091 fuerit

288 5112 472 5179 utque
502 5106 674 5179 aliam
722 5121 898 5179 quam
948 5105 1005 5159 in
1060 5107 1288 5161 hosmet
1335 5105 1518 5162 libros
1566 5107 1639 5162 de
1684 5109 1943 5170 nomine,

288 5177 841 5249 inscriptionem’ab
871 5178 997 5248 ipso
1029 5183 1262 5233 auctore
1289 5179 1498 5233 sortita
1555 5179 1652 5234 sit.
1686 5179 1823 5243 Qua:
1871 5179 1942 5233 ad

285 5264 428 5305 eum
461 5265 579 5322 quo
601 5266 636 5304 a
656 5249 838 5322 nobis
857 5249 1134 5322 restituta
1165 5257 1255 5305 est
1280 5251 1550 5322 modum,
1574 5267 1749 5321 quam
1776 5253 1941 5322 bene.

283 5326 426 5390 post
456 5320 844 5377 vetustissimi
874 5320 1227 5391 exemplaris
1275 5320 1750 5387 indicium,’cum
1805 5321 1944 5378 reli-

284 5408 547 5520 ἔσει-οη]
577 5394 832 5518 ingenio,
863 5398 920 5447 et
947 5393 1286 5465 Hieronymi
1328 5393 1749 5449 consuetudine
1797 5410 1941 5464 qua-

328 5468 448 5520 ret.
482 5465 638 5519 mani
669 5471 859 5520 estum
891 5470 1000 5519 est.

328 5468 448 5529 ret,
482 5465 859 5520 manifestum
891 5470 1000 5519 est.

358 5537 382 5570 ²
419 5535 486 5590 Et
518 5536 684 5591 nobis
715 5535 825 5590 hoc
855 5540 1078 5590 certum
1110 5541 1200 5590 est
1238 5551 1416 5605 quam
1453 5535 1606 5606 quod
1650 5535 1938 5606 maxime:

285 5607 350 5662 in
384 5623 588 5664 eorum
630 5613 827 5662 tamen
885 5607 1156 5677 gratiam,
1190 5608 1286 5676 qui
1345 5613 1518 5661 tantae
1577 5605 1942 5675 antiquitatis

287 5680 643 5737 memoriam
676 5678 1000 5736 convellere
1030 5679 1294 5746 student,
1325 5695 1392 5734 ac
1431 5678 1674 5735 minoris
1722 5679 1945 5735 faciunt

2077 3173 2443 3248 reliquerunt
2457 3173 3016 3248 idiotisscripturam
3035 3173 3377 3248 Hebraicam
3394 3180 3448 3228 et
3462 3173 3725 3248 linguam

2076 3244 2420 3303 Aramaeam.
2457 3269 2483 3293 η
2512 3247 2672 3311 Quod
2711 3261 2844 3300 cave
2872 3245 2954 3299 ita
2985 3244 3300 3315 intelligas,
3335 3245 3502 3316 quasi
3537 3244 3722 3317 legem

2074 3319 2166 3373 hic
2217 3319 2376 3374 dicat
2423 3319 2758 3384 Mar-Zutra,
2793 3333 3129 3372 conversam
3185 3318 3366 3370 fuisse
3417 3317 3489 3370 ab
3540 3319 3721 3374 Esdra

2071 3390 2128 3444 in
2149 3390 2517 3445 Chaldaicam
2537 3391 2798 3461 linguam
2825 3407 2836 3444 :
2862 3389 2962 3442 sed
2982 3389 3132 3457 quod
3152 3387 3362 3459 vulgus
3384 3387 3718 3461 Judaaorum

2071 3479 2203 3518 cum
2238 3463 2296 3517 in
2331 3460 2680 3532 Babylonica
2729 3461 3085 3532 captivitate,
3117 3463 3420 3515 Hebraeum
3467 3460 3584 3516 fere
3628 3463 3714 3518 di~

2069 3535 2332 3599 dicisset,
2364 3530 2601 3589 calleret
2633 3547 2758 3587 vero
2801 3530 2992 3603 magis
3023 3530 3466 3603 Chaldaeorum,
3499 3535 3712 3603 quibus

2069 3610 2428 3674 assueverat,
2456 3603 2791 3670 dialectum,
2816 3601 3167 3674 exemplaria
3199 3603 3342 3674 legis
3374 3603 3482 3660 hac
3513 3601 3712 3674 lingua

2069 3683 2126 3732 et
2159 3677 2372 3733 litteris
2403 3677 2517 3732 sibi
2551 3676 2941 3742 descripsisse
2973 3692 2984 3739 ;
3021 3691 3151 3745 quae
3182 3675 3396 3731 Esdras
3429 3675 3731 3747 abrogavit

2068 3750 2260 3821 quoad
2291 3749 2572 3821 linguam,
2626 3747 2895 3821 permisit
2938 3763 3072 3801 vero
3121 3747 3313 3821 quoad
3367 3752 3715 3821 caracteres,

2070 3817 2192 3877 sive
2251 3817 2430 3876 etiam
2497 3817 2842 3875 auctbritate
2891 3835 3000 3872 sua
3068 3817 3350 3889 probavit,
3414 3817 3720 3874 Hebraeum

2067 3898 2290 3948 textum
2324 3892 2538 3946 litteris
2570 3890 2746 3946 scribi
2781 3889 3108 3945 Chaldaicis
3136 3905 3148 3944 :
3183 3906 3214 3946 e
3244 3891 3534 3945 contrario
3584 3891 3718 3946 reli-

2065 3985 2191 4053 quit
2256 3981 2451 4037 Idiotis
2509 3963 3094 4053 n'lmt'tn‘q_Cuthaais
3153 3977 3395 4047 scilicet,
3430 3978 3552 4035 sive
3599 3981 3706 4035 Sa-

2067 4048 2395 4120 maritnnis,
2429 4052 2724 4106 versiones
2769 4048 3109 4105 Chaldaicas
3141 4055 3197 4105 et
3246 4057 3559 4118 Aramaaas,
3595 4053 3714 4108 sive

2065 4124 2364 4180 Ilcbraicis
2397 4123 2549 4186 illas,
2585 4121 2700 4194 sive
2731 4125 2785 4176 et
2814 4121 3146 4194 Chaldaicis
3183 4121 3406 4194 litteris
3437 4123 3708 4194 scriptas.

2065 4199 2256 4266 Hujus
2314 4195 2543 4266 generis
2591 4193 2713 4266 visa
2761 4198 2848 4247 est
2896 4193 3083 4247 doctis
3140 4193 3281 4247 viris
3339 4193 3711 4251 Pentateuchi

2030 4264 2839 4346 'Samaritana‘versioLqum
2885 4281 3026 4320 sane
3077 4281 3285 4346 parum
3327 4282 3370 4346 ‘a
3401 4266 3712 4322 Chaldaica

2063 4338 2312 4394 dialecto
2366 4337 2614 4393 abludit.
2665 4338 2883 4392 Iterum
2934 4352 3067 4391 vero
3118 4337 3176 4391 in
3235 4338 3440 4392 eodem
3491 4343 3708 4394 taetatu

2063 4409 2392 4466 Sanhedrin
2425 4427 2550 4482 cap.
2588 4410 2637 4474 1,
2671 4408 2780 4463 hoc
2812 4407 2994 4462 tradit
3026 4407 3208 4462 Rabbi
3238 4409 3435 4475 .losue,
3471 4409 3569 4482 ubi
3594 4411 3709 4482 Εε-

1981 4489 2026 4553 D
2063 4485 2223 4538 dram
2260 4499 2392 4537 cum
2427 4479 2586 4536 Mose
2609 4496 2982 4551 comparans,
3007 4501 3032 4528 «
3062 4482 3428 4553 Quanquam,
3448 4479 3548 4547 ait,
3573 4481 3709 4535 data

2060 4573 2172 4609 non
2225 4555 2400 4610 fuerit
2451 4553 2540 4609 lex
2600 4569 2702 4623 per
2734 4568 2972 4606 manum
3002 4553 3222 4614 Esdrze,
3253 4551 3565 4607 immutata
3619 4558 3705 4607 est

2058 4659 2161 4713 per
2222 4659 2459 4698 manum
2520 4643 2649 4708 ejus
2709 4641 3090 4713 scriptura.»
3154 4640 3512 4712 Ruhditque,
3573 4627 3702 4703 Γιωὸ

2055 4712 2280 4775 ﬁmum
2304 4727 2516 4801 nmpz.
2539 4715 2720 4782 Quare
2741 4712 3067 4783 (Scriptura
3087 4727 3189 4784 per
3214 4714 3324 4767 Esd
3337 4729 3454 4801 ram
3479 4719 3705 4768 mutata

2055 4807 2245 4860 vocata
2299 4808 2378 4858 est
2435 4787 3021 4872 Hasyriuca?‘i'u?2m
3077 4812 3260 4866 cum
3319 4787 3510 4870 HSWJ,
3561 4802 3702 4869 Quia

2055 4875 2304 4930 ascendit
2330 4891 2453 4929 cum
2484 4876 2563 4929 eis
2612 4890 2683 4928 ea:
2734 4874 2980 4942 Assyria.
3016 4872 3182 4928 Paria
3230 4872 3322 4928 his
3376 4875 3515 4928 alibi
3543 4875 3696 4944 apud

2055 4947 2326 5001 Hebrmos
2357 4947 2643 5012 doctores,
2679 4945 2912 5000 tametsi
2946 4944 3262 5016 aliquando
3294 4945 3540 5001 somniis
3572 4946 3698 5016 ejus

2053 5018 2245 5091 gentis
2275 5016 2642 5085 interpolata,
2680 5017 2958 5087 reperias.

2124 5109 2146 5141 ³
2177 5107 2462 5160 Luxatum
2497 5105 2808 5160 manifeste
2857 5105 3240 5176 reprehendet
3291 5103 3447 5158 hunc
3498 5103 3687 5158 locum

2053 5179 2391 5249 quicunque
2421 5178 2630 5232 seriem
2665 5176 2949 5231 orationis
2981 5176 3327 5230 attenderit:
3363 5191 3494 5249 nam
3548 5176 3687 5249 quid

2053 5247 2256 5304 attinet
2272 5247 2340 5304 ad
2362 5250 2728 5304 characteres
2743 5249 3267 5311 Samaritanorum,
3286 5247 3516 5315 quodin
3545 5247 3689 5302 libro

2052 5326 2439 5377 Numerorum
2475 5322 2585 5376 sub
2623 5321 2946 5375 Levitarum
2979 5337 3045 5374 ac
3075 5319 3443 5374 sacerdotum
3484 5334 3685 5386 censu,

2053 5395 2394 5464 supputatio
2419 5393 2744 5446 litterarum
2768 5391 2968 5464 viginti
2995 5393 3241 5445 duarum
3271 5389 3479 5459 mytice
3501 5394 3690 5464 osten-

2051 5463 2246 5520 ditur:
2282 5467 2418 5535 quid
2481 5465 2654 5519 etiam
2698 5465 2766 5518 ad
2821 5463 3000 5535 talem
3058 5477 3390 5525 numerum,
3425 5463 3578 5535 quod
3628 5465 3684 5516 in

2053 5533 2409 5606 quibusdam
2440 5537 2651 5590 Graecis
2702 5533 3341 5606 voluminibusnomen
3379 5534 3690 5606 Deitetra-

2053 5604 2212 5679 gram
2226 5608 2694 5679 rnatonantiquis
2708 5608 3014 5679 Hebrieoru
3027 5621 3098 5679 tu,
3113 5604 3164 5657 id
3181 5604 3683 5679 estSamaritanis,

2053 5675 2394 5753 expressum
2426 5675 2635 5735 litteris
2667 5677 3026 5734 inveniretur
3046 5675 3074 5729 ?
3101 5681 3254 5748 Ergo
3285 5681 3349 5731 ut
3383 5677 3583 5734 omnia
3613 5678 3683 5734 ad
