3982 6178
183 255 265 312 605
1488 256 1704 312 uena
1738 255 1766 310 ι
1802 253 2177 313 SAMUBLIS.
2285 222 2290 226 ’

1797 380 1840 444 Α
1878 379 1964 434 LI.
2000 381 2106 438 Ubi
2135 382 2314 438 David
2349 399 2382 437 a
2411 381 2550 438 Saul
2580 382 2774 438 Merob
2806 380 2926 436 filia
2956 381 3343 454 promittitur.

185 381 253 436 XI.
279 379 368 436 Ubi
393 395 512 434 arca
538 379 873 436 testamenti
911 383 1114 436 contra
1146 380 1348 438 hostes
1372 381 1650 436 defertur.

3415 256 3522 312 606

182 471 269 528 Xll.
297 468 388 526 Ubi
417 467 651 540 populus
711 469 977 540 caeditur,
1007 470 1222 527 occisis
1273 470 1409 526 filiis
1447 470 1590 538 Heli,
1627 485 1761 524 arca
1869 468 1982 525 LII.
2021 472 2120 526 Hic
2151 471 2318 527 altari
2351 473 2524 528 datur
2568 473 2781 540 Merob,
2814 476 2872 526 et
2925 470 3135 528 Michol
3166 471 3216 527 ei
3266 472 3515 544 promit-

235 558 534 631 captivatur.

180 647 288 704 XIII.
318 646 422 701 IIeli
452 647 721 702 sacerdos
752 647 824 701 de
853 646 999 702 sella
1029 649 1246 703 cadens
1278 648 1544 704 moritur.

181 735 290 790 XIV.
319 735 412 790 Ubi
440 751 629 790 arcam
664 735 990 791 Pbilistbaei
1016 736 1072 791 in
1115 737 1333 809 templo
1369 742 1614 810 ponunt.

1941 559 2108 615 titur.

1874 647 2010 704 LIII.
2049 649 2150 705 Ubi
2181 649 2390 705 Michol
2422 667 2657 706 uxorem
2689 651 2866 706 David
2902 650 3136 722 accipit.

1873 737 2013 793 LIV.
2045 740 2180 793 Saul
2217 741 2487 794 Davidem
2508 741 2681 811 jubet
2709 739 2914 795 occidi.

179 823 266 878 XV.
296 821 382 879 Ubi
411 822 576 895 plaga
627 823 808 879 Azotii
867 825 1246 895 describitur,
1294 830 1761 901 ceterarumque
1875 827 1987 883 LV.
2021 827 2127 884 Ubi
2165 830 2337 884 David
2373 831 2582 886 iterum
2619 834 2839 902 pugnat
2869 835 3070 884 contra
3120 829 3508 888 Pbilistbzeos.

234 911 513 968 civitatum.

179 1001 290 1056 XVl.
321 1003 649 1058 Accaronitaa
680 1019 877 1059 arcam
909 1003 1142 1060 Domini
1177 1005 1532 1076 suscipiunt.

176 1089 307 1145 XVII.
336 1098 369 1143 Α
403 1093 805 1148 sacerdotibus
851 1093 1160 1148 ordinatur
1198 1110 1332 1149 cum
1366 1111 1480 1166 quo
1518 1111 1762 1151 munere

228 1195 339 1234 arca
365 1181 436 1235 sit
465 1181 807 1237 emittenda.

1877 916 2010 972 LVI.
2043 917 2148 974 Hic
2180 936 2283 991 per
2312 935 2552 976 uxorem
2586 919 2793 976 Michol
2827 919 3004 974 David
3038 919 3347 976 liberatur.

1872 1024 2030 1080 LVII.
2068 1026 2301 1081 Positus
2332 1043 2466 1081 cum
2499 1027 2772 1082 Samuele
2803 1026 3002 1092 David,
3057 1031 3115 1080 et
3163 1025 3288 1097 ipse
3319 1031 3376 1082 et
3405 1027 3506 1098 qui

1948 1114 2018 1167 ad
2041 1129 2172 1168 eum
2211 1114 2374 1169 missi
2410 1116 2657 1185 fuerant,
2703 1119 2759 1170 et
2787 1112 2923 1168 Saul
2955 1114 3213 1180 veniens,
3267 1113 3516 1187 prophe-

1944 1205 2070 1257 tare
2101 1209 2421 1283 coeperunt.

173 1267 424 1325 xvm-De
465 1271 843 1342 θυθοθριίοοθ
890 1287 1035 1328 διὀω
1094 1271 1325 1328 Domini
1359 1290 1371 1328 ε
1409 1273 1761 1330 “criminin
1877 1290 2064 1346 LVIII.
2125 1267 2265 1347 Saul
2319 1292 2585 1348 Jonathaa
2624 1291 2900 1348 irascitur
2955 1292 3026 1348 ob
3084 1291 3516 1348 excusationem

235 1362 288 1418 ﬁt
313 1361 374 1416 de
400 1359 613 1423 vaccis.
645 1377 777 1432 quae
803 1376 929 1415 eam
955 1361 1347 1418 adduxerunt.

173 1452 287 1507 XIX.
313 1450 632 1507 Translatio
662 1465 806 1504 arca:
831 1448 890 1504 in
915 1448 1112 1505 Gabaa
1141 1449 1198 1504 in
1233 1451 1408 1506 domo
1437 1451 1766 1509 Abinabab.

171 1541 264 1598 XX.
291 1540 386 1597 Ubi
411 1543 535 1595 orat
565 1543 624 1594 et
649 1538 941 1594 sacriﬁcat
972 1555 1076 1611 pro
1107 1539 1321 1613 populo
1350 1541 1604 1597 Samuel.

168 1648 289 1704 XXI.
315 1647 634 1718 Dejudicio
683 1644 941 1702 ﬁliorum
992 1645 1249 1720 Samuel,
1281 1653 1340 1704 et
1369 1648 1441 1704 de
1489 1650 1641 1722 regis
1674 1667 1766 1722 pe-

245 1754 256 1790 1
406 1779 417 1791 .

170 1742 444 1882 Χὲᾶῗῖῗὺί
506 1823 860 1880 admonetur
918 1823 1171 1897 populus
1226 1825 1297 1882 de
1347 1826 1482 1898 jure
1512 1828 1666 1902 regis
1713 1835 1772 1888 et

226 1917 507 1987 potestate.
813 1943 823 1947 -

175 2003 342 2059 XXIII.
373 2007 446 2058 De
478 2001 761 2059 unctione
788 2000 982 2058 Saulis
1010 2002 1186 2075 regis.

176 2090 332 2148 XXIV.
362 2091 464 2148 Ubi
499 2110 540 2147 a
566 2089 835 2146 Samuele
857 2090 1096 2162 ungitur
1125 2091 1283 2158 Saul,
1307 2098 1364 2149 et
1392 2095 1594 2152 osculo
1626 2095 1778 2152 acci-

171 2190 458 2326 XXXEUSaul
489 2268 701 2340 incipit
731 2268 1099 2342 prophetare.

171 2358 330 2416 XXVI.
360 2359 746 2416 Conﬁrmatio
780 2358 934 2431 regis
977 2359 1136 2427 Saul,
1168 2365 1226 2416 et
1257 2361 1579 2436 descriptio
1628 2364 1776 2438 legis

165 2465 653 2593 Xiglglrllfbrimum
687 2535 952 2609 praelium
983 2536 1143 2594 Saul.

167 2625 382 2683 XXVIII.
422 2626 546 2684 Ubi
573 2624 808 2682 Samuel
839 2625 910 2681 de
942 2626 1310 2699 temporibus
1350 2627 1475 2684 suis
1528 2627 1778 2702 alloqui-

219 2721 299 2771 tur
328 2715 635 2788 populum.

165 2803 319 2860 XXIX.
346 2803 794 2862 Consummatio
821 2803 1193 2861 allocutionis
1219 2806 1475 2874 Samuel,
1507 2812 1563 2863 et
1593 2808 1663 2863 de
1685 2824 1783 2880 po-

223 2893 326 2966 puli
357 2894 748 2965 pmnitudine.

166 2981 310 3038 XXX.
339 2982 578 3040 Samuel
611 2981 843 3039 Saulem
871 2981 1244 3055 reprehendit
1274 2983 1328 3040 in
1363 2985 1656 3042 oII'erendo
1687 3003 1781 3042 sa-

220 3071 437 3130 criticio.

1953 1380 2148 1435 David.

1873 1470 2012 1526 LIX.
2049 1474 2126 1526 De
2159 1470 2326 1542 signo
2349 1471 2700 1543 sagittarum
2724 1471 2876 1526 inter
2901 1469 3073 1525 David
3095 1468 3505 1525 etJonatham.

1877 1557 1985 1613 LX.
2020 1558 2128 1615 Ubi
2160 1560 2336 1616 David
2371 1577 2552 1632 panes
2584 1560 3000 1632 pr0positionis
3031 1559 3303 1614 comedit.

1878 1647 2016 1704 LXI.
2052 1647 2158 1704 Ubi
2189 1649 2367 1705 David
2399 1649 2554 1721 apud
2587 1648 2764 1705 Achis
2787 1665 2982 1720 regem
3016 1648 3161 1704 Getb
3195 1648 3518 1703 daemonem

1801 1751 1847 1817 Β
1949 1753 2012 1792 se
2041 1737 2214 1792 ﬁnxit
2243 1737 2478 1793 habere.

1879 1826 2054 1882 LXII.
2090 1826 2193 1883 Ubi
2228 1827 2406 1882 David
2444 1827 2719 1900 profugos
2751 1827 2864 1883 sibi
2897 1825 3150 1899 collegit.

1880 1915 2074 1971 LXIII.
2108 1915 2216 1971 Ubi
2249 1917 2574 1972 sacerdotes
2607 1915 2839 1973 Domini
2871 1933 2904 1972 a
2933 1921 3087 1988 Doeg
3117 1914 3482 1971 occiduntur.

1880 2004 2064 2062 LXIV.
2101 2005 2180 2060 Ex
2213 2010 2495 2076 praecepto
2530 2006 2780 2073 Domini,
2838 2005 3017 2062 David
3074 2014 3210 2060 'cum
3271 2003 3396 2060 suis
3447 2004 3518 2060 ad

1953 2093 2318 2149 Pbilisthteos
2351 2094 2560 2166 pergit.

1881 2183 2044 2239 LXV.
2079 2183 2183 2238 Hic
2203 2183 2416 2255 accipit
2447 2183 2647 2256 Ephod
2681 2183 2753 2239 ab
2785 2183 3069 2238 Abiatbar
3114 2185 3416 2239 sacerdote
3465 2185 3523 2237 et

1954 2277 2082 2327 orat
2114 2272 2319 2328 David.

1884 2359 2073 2417 LXVI.
2106 2361 2334 2433 Zypbaai
2371 2361 2544 2416 David
2559 2376 2620 2418 se
2635 2361 2955 2417 tradituros
2979 2360 3135 2417 Sauli
3156 2358 3528 2433 promittunt.

1885 2449 2101 2505 LXVII.
2138 2450 2196 2504 In
2220 2449 2501 2520 spelunca
2522 2450 2748 2522 positus
2770 2449 2949 2505 David
2979 2449 3138 2505 Sauli
3159 2449 3530 2520 chlamydem

1959 2541 2249 2610 praecedit.

1887 2628 2126 2685 LXVIII.
2163 2629 2402 2686 Locutio
2431 2629 2602 2686 David
2628 2632 2698 2685 ad
2723 2630 2879 2700 Saul,
2914 2631 3069 2703 quod
3109 2629 3161 2686 ei
3186 2628 3530 2702 pepercerit.

1889 2717 2075 2773 LXIX.
2109 2723 2189 2774 De
2222 2719 2586 2790 paenitudine
2617 2718 2758 2774 Saul
2787 2736 2926 2790 erga
2957 2717 3166 2775 David.

1888 2807 2056 2862 LXX.
2091 2812 2352 2878 Cmptum
2387 2807 2590 2862 Nabal.

1891 2894 2073 2951 LXXI.
2108 2895 2287 2955 Nabal
2322 2902 2494 2967 negat
2527 2895 2703 2950 David
2747 2894 3111 2950 alimoniam.

1892 2985 2098 3041 LXXII.
2137 2984 2382 3041 Moritur
2412 2984 2617 3054 Nabal,
2650 2989 2708 3041 et
2742 3000 2978 3040 uxorem
3020 2984 3148 3055 ejus
3180 2983 3388 3054 accipit
3418 2986 3531 3038 Da~

1962 3075 2081 3130 vid.

166 3117 530 3219 XXX-tgulas
557 3159 851 3218 Jonatbas
880 3167 1083 3218 contra
1111 3162 1486 3220 Philisthaeos
1517 3165 1777 3238 ingredi-
1809 3117 1853 3185 Β
2175 3163 2354 3220 David
2416 3169 2711 3235 acceptam
2772 3161 2987 3218 Michol
3047 3162 3228 3218 ﬁliam
3282 3160 3446 3229 Saul,
3480 3165 3538 3215 et

221 3256 321 3307 tur.

165 3339 367 3396 XXXII.
400 3339 720 3412 Jejunium
746 3337 1026 3396 indicitur
1056 3356 1090 3396 a
1119 3339 1319 3396 Saule.

162 3425 380 3486 XXXIII.
412 3435 640 3486 Pecora
671 3445 787 3485 non
819 3445 927 3484 sua
947 3429 1202 3501 papulus
1227 3429 1519 3487 decisione
1534 3437 1784 3490 mactata

218 3520 544 3575 manducat.

162 3603 363 3663 XXXIV.
395 3608 750 3664 Occisurum
809 3605 1120 3664 Jonatbam
1180 3607 1319 3664 Saul
1377 3609 1683 3680 promittit,
1717 3626 1783 3665 eo

213 3698 350 3767 quod
381 3697 681 3754 indictum
705 3696 1002 3768 jejunium
1031 3713 1145 3753 non
1178 3698 1593 3767 observaverit,
1629 3699 1784 3770 peti-

216 3784 359 3856 itque
390 3803 495 3859 pro
523 3802 597 3842 eo
630 3785 906 3858 pupulus.

159 3871 342 3930 XXXV.
367 3881 736 3946 Prmceptum
759 3875 990 3930 Domini
1011 3876 1082 3928 ad
1107 3875 1244 3929 Saul
1269 3877 1338 3932 de
1358 3892 1495 3931 nece
1524 3875 1780 3933 Amalec.

157 3960 366 4020 XXXVI.
399 3963 696 4020 Dominus
753 3964 1029 4020 irascitur
1082 3965 1218 4020 Saul
1283 3981 1386 4036 pro
1442 3968 1601 4038 Agag
1653 3983 1786 4040 rege

213 4053 431 4110 Amalec
464 4057 722 4110 servato.

160 4140 410 4200 XXXVII.
464 4141 632 4207 Quod
668 4140 880 4197 melius
922 4140 998 4195 sit
1031 4140 1364 4197 obedientia
1393 4159 1568 4214 quam
1603 4142 1780 4198 sacri-

211 4232 418 4289 ﬁcium.

153 4318 451 4378 XXXVIII.
489 4320 602 4378 Ubi
637 4319 872 4374 Samuel
907 4323 1062 4392 Agag
1089 4337 1281 4392 regem
1317 4320 1608 4376 interﬁcit.

150 4423 368 4484 XXXIX.
398 4429 504 4487 Ubi
543 4427 799 4483 mittitur
848 4427 1084 4484 Samuel
1117 4428 1187 4483 ad
1226 4428 1563 4500 ungendum
1597 4427 1779 4484 David

210 4532 390 4587 regem
403 4559 415 4571 .

147 4601 237 4659 XL.
269 4606 369 4662 Ubi
401 4605 631 4678 singuli
666 4604 770 4660 filii
803 4605 914 4660 Isai
946 4606 1274 4662 oti‘eruntur
1302 4605 1579 4661 Samueli.

148 4692 269 4748 XLI.
294 4695 397 4751 Ubi
427 4695 684 4768 ungitur
712 4693 890 4750 David
921 4711 954 4749 a
985 4694 1280 4750 Samuele.

146 4781 291 4839 XLII.
323 4784 401 4840 De
432 4783 770 4856 arreptiune
796 4782 988 4838 Saulis
1018 4787 1075 4838 et
1103 4783 1316 4855 spiritu
1339 4800 1614 4856 nequam.

147 4871 325 4927 XLIII.
359 4872 471 4929 Ubi
509 4872 686 4928 David
719 4873 790 4927 ad
823 4871 959 4927 Saul
996 4871 1329 4926 adducitur.

145 4957 313 5017 XLIV.
342 4963 620 5034 Captum
653 4959 850 5033 Golia.

145 5050 288 5106 XLV.
321 5051 432 5109 Ubi
472 5049 648 5106 David
677 5066 712 5106 a
740 5048 879 5106 Saul
910 5049 1150 5106 recedit.

143 5137 311 5196 XLVI.
344 5143 386 5197 Α
419 5145 588 5213 patre
619 5144 750 5211 post
779 5139 988 5194 fratres
1020 5138 1278 5195 mittitur
1305 5137 1508 5195 David.

147 5229 344 5285 XLVII.
379 5229 494 5286 Ubi
531 5243 592 5284 se
619 5228 789 5284 offert
818 5227 999 5283 David
1033 5234 1232 5284 contra
1265 5227 1522 5284 Goliam.

143 5314 352 5375 XLVIII.
392 5317 508 5374 Ubi
539 5317 717 5372 David
752 5317 1034 5372 interficit
1064 5317 1312 5372 Goliam.

144 5405 312 5462 XLIX.
343 5405 638 5463 Jonathas
669 5406 728 5462 in
760 5423 957 5462 amore
991 5405 1204 5478 accipit
1233 5405 1436 5462 David.

146 5494 194 5548 L.
224 5494 323 5551 Ubi
355 5499 542 5552 cantu
573 5495 864 5569 virginum
907 5496 966 5551 in
1009 5495 1212 5552 odium
1252 5495 1435 5552 David
1468 5494 1610 5551 Saul
1651 5513 1776 5552 mo-

200 5592 287 5640 tus
315 5593 428 5642 est.

1960 3251 2208 3324 Abigail,
2243 3253 2343 3308 sed
2375 3257 2430 3308 et
2462 3252 2748 3307 Abinoem
2777 3252 2954 3308 habet
2985 3268 3247 3307 uxorem.

1888 3339 2125 3396 LXXIV.
2158 3341 2261 3397 Ubi
2292 3341 2428 3396 Saul
2463 3340 2676 3398 Michol
2709 3340 2874 3397 alteri
2907 3341 3068 3397 dedit
3101 3357 3363 3398 uxorem.

1889 3448 2090 3503 LXXV.
2129 3449 2460 3504 Dormiente
2489 3449 2648 3504 omni
2697 3449 2976 3514 exercitu,
3025 3448 3204 3503 David
3257 3465 3291 3502 a
3340 3447 3531 3518 capite

1957 3537 2092 3592 Saul
2128 3537 2355 3593 hastam
2382 3537 2538 3592 tulit.

1889 3627 2140 3682 LXXVI.
2158 3626 2263 3682 Ubi
2283 3628 2722 3700 expergefactus
2736 3625 2870 3682 Saul
2890 3626 3210 3697 alloquitur
3238 3625 3534 3682 Davidem.

1890 3714 2147 3771 LXXVII.
2185 3715 2294 3771 Ubi
2328 3715 2578 3771 moritur
2603 3717 2738 3772 Sam
2753 3714 2866 3770 uel.

1887 3803 2168 3860 LXXVIII.
2205 3803 2308 3860 Ubi
2344 3804 2746 3876 pythonissam
2783 3803 3038 3859 consulit
3067 3803 3225 3858 Saul.

1888 3892 2126 3947 LXXIX.
2163 3892 2269 3948 Ubi
2304 3893 2645 3963 prohibetur
2688 3893 2869 3947 David
2903 3893 2960 3946 in
3000 3891 3213 3946 bellum
3249 3893 3354 3946 ira?
3389 3907 3535 3946 con-

1958 3988 2046 4036 tra
2078 3981 2278 4037 Israel.

1888 4070 2098 4124 LXXX.
2127 4070 2508 4141 lnsurgentes
2527 4071 2864 4126 Amalecite
2896 4087 2930 4124 a
2952 4069 3126 4124 David
3152 4073 3533 4140 superantur.

1888 4159 2130 4214 LXXXI.
2161 4159 2264 4216 Ubi
2299 4161 2453 4214 eruit
2483 4159 2658 4214 David
2696 4161 2972 4228 przedam.

1890 4248 2170 4304 LXXXII.
2206 4247 2312 4302 Ubi
2342 4254 2656 4318 superatur
2684 4255 2741 4302 et
2770 4247 3054 4301 occiditur
3084 4245 3249 4301 S'IUl.

1965 4336 2046 4391 lbi
2078 4336 2314 4407 explicit
2345 4335 2493 4391 liber
2523 4338 2750 4407 primus
2780 4336 3036 4390 Samuel.

1897 4425 2186 4482 LXXXIII.
2220 4425 2326 4481 Ubi
2361 4426 2574 4480 occidit
2607 4425 2780 4480 David
2816 4423 3087 4479 nuntium
3143 4423 3244 4496 qui
3297 4423 3540 4480 nuntia-

1961 4520 2123 4570 verat
2149 4516 2286 4571 Saul
2322 4521 2646 4569 mortuum.

1893 4602 2182 4659 LXXXIV.
2218 4605 2352 4658 Post
2384 4611 2628 4658 mortem
2653 4602 2796 4657 .Saul
2833 4603 3074 4674 ungitur
3107 4602 3310 4669 David,
3339 4607 3398 4659 et
3446 4619 3534 4658 re-

1960 4701 2122 4764 gnaL

1890 4781 2146 4838 LXXXV.
2179 4781 2284 4837 Ubi
2319 4784 2741 4845 commemorat
2771 4781 2950 4835 David
2985 4796 3048 4836 se
3077 4797 3110 4836 a
3141 4779 3355 4852 populo
3375 4781 3530 4838 Juda

1962 4875 2204 4926 unctum
2236 4887 2386 4926 esse.

1892 4959 2166 5016 LXXXVI.
2209 4958 2316 5014 Ubi
2347 4959 2566 5014 factum
2599 4963 2687 5015 est
2719 4957 2941 5015 bellum
2975 4958 3128 5016 inter
3184 4958 3451 5016 Isboseth
3472 4963 3532 5016 et

1959 5048 2166 5104 David.

1889 5137 2226 5194 LXXXVII.
2260 5137 2370 5192 Ubi
2396 5137 2609 5193 occidit
2634 5137 2830 5193 Abner
2857 5136 3027 5193 Asael
3058 5137 3295 5195 fratrem
3324 5137 3472 5194 Joab
3498 5154 3533 5194 a

1960 5233 2123 5298 parte
2153 5225 2355 5282 David.

1889 5317 2232 5372 LXXXVIII.
2267 5315 2520 5370 Nomina
2548 5314 2805 5371 ﬁliorum
2853 5315 3031 5370 David
3082 5331 3201 5382 sex,
3250 5313 3350 5384 qui
3403 5313 3524 5368 nati

1957 5410 2098 5461 sunt
2125 5421 2194 5461 ex
2225 5404 2473 5460 diversis
2505 5405 2813 5460 matribus.

1884 5494 2167 5551 LXXXIX.
2203 5493 2309 5550 Ubi
2341 5493 2629 5550 occiditur
2655 5495 2850 5550 Abner
2875 5511 2908 5549 a
2935 5493 3076 5548 Joab
3119 5490 3380 5564 principe
3413 5490 3526 5546 mi-

1957 5583 2094 5640 litiae
2123 5583 2327 5640 David.
