3982 6178
461 190 567 247 607

458 318 561 373 XC.
593 318 988 391 Mipbiboseth
1021 319 1292 376 Jonathaa
1322 319 1478 376 ﬁlius
1513 319 1827 375 invenitur.

461 408 596 466 XCI.
630 410 734 465 Hic
760 409 1049 465 occiditur
1084 410 1347 466 lsboseth
1376 410 1536 466 ﬁlius
1563 412 1722 466 Saul.

457 499 630 556 XCII.
666 499 773 555 Ubi
804 498 1082 554 interﬁcit
1129 498 1306 555 David
1341 501 1630 556 occisores
1658 500 1946 557 Isboseth.

459 587 651 644 XCIII.
685 588 793 644 Ubi
825 589 897 643 ab
932 588 1094 644 omni
1129 591 1346 661 popqu
1377 588 1553 646 Israel
1605 606 1704 646 rex
1754 590 1992 660 ungitur
2047 593 2106 645 et

531 678 911 733 constituitur
942 678 1170 734 David..

457 766 652 822 XCIV.
686 767 791 823 Ubi
825 767 1023 822 Hiram
1055 785 1157 823 rex
1190 768 1411 840 prebet
1441 767 1602 840 ligna
1631 769 1832 825 domui
1860 769 2066 825 David.

456 856 622 913 XCV.
651 857 758 913 Ubi
791 859 1034 912 nomina
1061 846 1317 913 ﬁliorum
1369 859 1546 914 David
1581 859 1651 914 de
1699 858 1943 916 diversis
1974 875 2103 915 ma-

531 948 743 1002 tribus.

458 1035 653 1092 XCVI.
691 1036 790 1091 Hic
821 1036 1173 1093 transfertur
1225 1053 1358 1093 arca
1405 1037 1744 1095 testamenti
1802 1038 1875 1094 de
1930 1037 2104 1094 domo

531 1125 878 1180 Aminadab.

463 1213 676 1271 XCVII.
710 1214 813 1270 Hic
843 1213 1176 1271 ostenditur
1207 1214 1417 1272 Michol
1447 1215 1571 1272 ﬁlia
1587 1215 1724 1272 Saul
1755 1215 1994 1272 sterilis.

460 1303 702 1361 XCVIII.
736 1304 846 1359 Ubi
870 1305 1224 1360 admonetur
1245 1304 1425 1361 David
1449 1321 1550 1378 per
1573 1305 2104 1378 prophetam,quod

533 1392 817 1464 templum
849 1392 1084 1448 Domini
1113 1392 1242 1466 ipse
1274 1395 1538 1451 facturus
1570 1413 1688 1452 non
1721 1397 1818 1452 sit.

460 1481 654 1539 XCIX.
691 1481 884 1538 Oratio
918 1481 1094 1538 David
1128 1487 1260 1554 post
1288 1483 1702 1541 allocutionem
1735 1483 2053 1558 prophetae.

461 1573 522 1627 C.
555 1571 995 1627 Consummatio
1035 1571 1317 1628 orationis
1348 1572 1552 1628 David.

1513 199 1572 253 Β.
1614 197 2024 254 ΗῙΕΒΟΝΥΠῙ
2060 192 2316 250 ΒῙἮΝΔ
2350 191 2852 249 BIBLIOTHECA.

2137 320 2182 387 Α
2219 315 2406 373 CXIV.
2439 317 2544 373 Ubi
2578 321 2833 387 segetem
2859 315 3004 372 Joab
3035 314 3316 373 Absalom
3341 316 3512 388 jubet
3539 317 3802 374 incendi.

3767 192 3879 249 eos

2214 407 2367 463 CXV.
2405 408 2508 462 Hic
2536 405 2812 462 Absalom
2871 405 3161 462 mentitur
3218 411 3414 464 votum
3460 407 3762 476 sacriﬁcii,
3815 415 3878 464 ut

2283 496 2393 552 iret
2422 497 2481 550 in
2515 497 2741 553 Hebron
2771 500 2829 552 et
2859 513 2922 552 se
2951 497 3162 552 faceret
3190 511 3406 570 regem.

2213 585 2398 642 CXVI.
2434 587 2542 642 Ubi
2572 586 2724 659 fugit
2757 585 2930 642 David
2964 585 3269 642 Absalom.

2215 675 2431 733 CXVII.
2464 676 2570 732 Hic
2604 673 2787 730 mittit
2816 674 2994 730 David
3028 681 3234 731 contra
3260 673 3558 733 Absalom.

2215 765 2470 822 CXVIII.
2504 765 2610 821 Ubi
2642 764 2838 821 Semei
2869 764 3230 821 conviciatur
3257 764 3459 821 David.

2215 855 2418 912 CXIX.
2449 853 2771 910 Consilium
2802 852 3151 927 Achitophel
3203 855 3426 926 datum,
3463 857 3529 911 ut
3571 853 3879 928 ingredia-

2288 949 2386 1000 tur
2413 943 2692 1001 Absalom
2724 943 2794 1000 ad
2829 943 3190 1000 concubinas
3222 943 3406 1017 patris
3437 943 3550 1002 sui.

2219 1032 2384 1090 CXX.
2416 1032 2523 1090 Ubi
2556 1032 2903 1106 Achitophel
2937 1047 3000 1090 se
3031 1037 3478 1106 persecuturum
3515 1033 3701 1092 David
3731 1051 3877 1108 pro-

2286 1123 2489 1190 mittit,
2518 1123 2674 1196 quod
2706 1121 2921 1179 Chusai
2953 1122 3266 1194 improbat.

2221 1212 2414 1268 CXXI.
2448 1211 2557 1268 Ubi
2590 1210 2940 1284 Achitophel
2970 1211 3182 1284 laqueo
3211 1228 3275 1268 se
3310 1212 3624 1269 interfecit.

2217 1301 2439 1358 CXXII.
2479 1302 2772 1358 Prodeunt
2800 1301 2948 1359 Joab
2969 1306 3028 1357 et
3040 1301 3240 1358 Abisai
3261 1302 3542 1359 adversus
3563 1301 3876 1361 Absalom.

2217 1390 2474 1448 CXXIII.
2508 1391 2610 1449 Hic
2642 1390 2916 1448 Absalorn
2950 1391 3247 1448 invenitur
3274 1407 3494 1464 quercu
3514 1409 3876 1476 suspensus.

2215 1479 2459 1537 CXXIV.
2489 1479 2596 1536 Ubi
2627 1479 2900 1537 Absalom
2934 1479 3241 1536 nuntiatur
3264 1480 3513 1537 occisus.

2217 1569 2434 1626 CXXV.
2466 1569 2612 1626 Joab
2643 1569 2918 1642 princeps
2962 1568 3185 1625 militiae
3234 1569 3535 1642 irascitur,
3582 1586 3652 1627 eo
3709 1571 3876 1644 quod

463 1659 554 1717 CI.
595 1660 1063 1766 Ubiuostenditu'r
1091 1661 1244 1761 quod
1281 1660 1466 1717 multa
1524 1661 1709 1734 spolia
1756 1666 1814 1718 et
1863 1678 2108 1719 numera
2137 1700 2185 1766 Β
2218 1657 3052 1766 Ajageret‘David‘A‘bsalom.

533 1750 986 1806 sanctiﬁcaverit
1015 1749 1282 1806 Domino.

461 1839 576 1894 CII.
613 1839 721 1894 Ubi
753 1839 1001 1896 refertur
1048 1840 1350 1912 Scriptura
1379 1841 1449 1896 ad
1482 1840 1875 1913 Miphiboseth
1917 1840 2106 1898 ﬁlium

527 1928 815 1984 Jonathaa.

461 2019 604 2076 CIII.
641 2017 744 2073 Ubi
779 2017 1150 2074 contrahitur
1179 2018 1398 2075 bellum
1433 2020 1715 2076 adversus
1753 2025 1984 2076 Amnon
2035 2019 2106 2074 ﬁ-

530 2107 676 2162 lium
710 2108 974 2163 Ammon.

464 2195 713 2253 CIV.Hic
728 2196 874 2251 vidit
895 2194 1066 2250 David
1095 2197 1386 2253 Bersabee
1407 2214 1646 2253 uxorem
1673 2197 1820 2256 Uria
1838 2197 2104 2255 Hetthai.

463 2285 571 2340 CV.
605 2283 836 2426 Nathhan
870 2284 1159 2357 propheta
1178 2285 1500 2358 alloquitur
1519 2286 1702 2356 David
1728 2288 1800 2344 de
1821 2304 1998 2344 uxore
2024 2287 2105 2343 vi-

527 2373 576 2426 ri
604 2378 739 2426 Hett
785 2372 871 2426 aai.

527 2373 576 2428 ri
604 2372 871 2428 Hetthaai.

461 2461 600 2518 CVI.
635 2460 742 2517 Ubi
774 2463 1040 2532 agnoscit
1069 2467 1373 2535 peccatum
1405 2463 1606 2520 David.

464 2550 634 2606 CVII.
671 2551 846 2606 Filius
875 2551 1055 2606 David
1092 2557 1264 2610 natus
1295 2553 1365 2608 de
1393 2553 1681 2611 Bersabee
1712 2555 1983 2612 moritur.

457 2640 648 2697 CVIII.
688 2642 761 2698 De
790 2641 1080 2698 Bersabee
1111 2643 1376 2698 nascitur
1403 2643 1704 2701 Salomon.

457 2730 602 2786 CIX.
635 2730 743 2786 Hic
777 2735 1002 2787 Amnon
1033 2747 1294 2788 sororem
1327 2748 1496 2788 suam
1529 2750 1730 2789 amare
1761 2734 1950 2805 cmpil.

459 2819 570 2876 CX.
603 2819 712 2875 Ubi
741 2819 997 2878 Thamar
1027 2819 1264 2893 pellitur
1292 2821 1364 2876 ab
1395 2826 1653 2887 Amnon,
1685 2831 1737 2878 el
1777 2823 2104 2895 suscipitur

527 2909 599 2964 ab
630 2909 901 2965 Absalom
935 2909 1115 2965 fratre
1145 2926 1273 2966 suo.

455 2997 593 3055 CXI.
631 2999 731 3053 llic
763 2997 1047 3054 occiditur
1079 3003 1327 3055 Ammon
1360 3000 1430 3055 ab
1461 2998 1763 3056 Absalom.

2216 1747 2464 1806 CXXVI.
2499 1747 2604 1805 Ubi
2653 1751 2816 1820 Optat
2845 1748 3099 1822 populus
3132 1751 3418 1806 revertere
3445 1747 3516 1804 ad
3548 1747 3760 1806 David.

2213 1836 2473 1895 CXXVII.
2506 1836 2611 1893 Hic
2642 1835 2836 1894 Semei
2866 1836 3082 1893 dimitti
3117 1837 3231 1895 sibi
3270 1843 3438 1910 rogat
3467 1855 3572 1911 pro
3600 1837 3874 1913 irrogata

2280 1943 2520 1999 inJuria.

2215 2015 2511 2074 CXXVIII.
2547 2015 2657 2072 Ubi
2689 2015 2869 2072 tradit
2896 2015 3173 2074 Berzellai
3195 2014 3378 2072 ﬁlium
3403 2033 3582 2074 suum
3601 2016 3873 2075 Cbaman

2291 2104 2473 2161 David
2508 2106 2652 2178 regi.
3577 2177 3579 2179 ι

2212 2193 2440 2250 CXXIX.
2474 2195 2611 2250 Siba
2641 2193 2923 2267 populum
2957 2193 3135 2251 Israel
3161 2193 3450 2267 separavit
3480 2211 3514 2250 a
3543 2194 3760 2254 David.

2211 2282 2432 2340 CXXX.
2468 2283 2574 2340 Ubi
2609 2282 2899 2340 occiditur
2925 2282 3196 2340 Amasias
3226 2300 3260 2340 a
3287 2283 3454 2340 Joab.

2209 2372 2456 2429 CXXXI.
2491 2372 2696 2429 Mulier
2725 2371 3050 2443 alloquitur
3075 2371 3240 2440 Joab,
3273 2389 3401 2444 qua:
3431 2375 3490 2429 et
3514 2377 3695 2446 caput
3714 2373 3871 2429 Siba:

2283 2459 2547 2532 protulit.

2211 2551 2478 2607 CXXXII.
2513 2551 2623 2607 Ubi
2673 2551 3009 2609 Gabaonitm
3053 2556 3278 2624 septem
3329 2568 3396 2607 ex
3447 2551 3677 2610 semine
3723 2553 3868 2610 Saul

2281 2645 2489 2712 petunt
2519 2641 2578 2696 in
2612 2657 2868 2714 poenam,
2902 2657 3051 2713 quos
3083 2645 3140 2697 et
3168 2640 3484 2712 accipiunt.

2208 2729 2500 2786 CXXXIII.
2535 2729 2642 2786 Ubi
2675 2746 2812 2786 ossa
2839 2729 2973 2785 Saul
3003 2735 3059 2786 et
3084 2729 3350 2786 Jonathw
3381 2729 3604 2804 colligit
3654 2732 3864 2788 David.

2207 2819 2496 2877 CXXXIV.
2528 2819 2630 2875 Hic
2662 2818 2930 2875 Psalmus
2964 2818 3169 2892 incipit
3198 2818 3370 2876 XVII.

2205 2909 2480 2966 CXXXV.
2517 2908 2694 2964 David
2724 2925 2938 2982 aquam
2971 2908 3080 2964 sibi
3111 2908 3239 2965 dari
3264 2910 3438 2980 jubet
3466 2909 3538 2966 de
3573 2909 3865 2982 cisterna,

2277 3014 2404 3069 qua:
2435 3003 2524 3054 est
2549 2999 2608 3053 in
2640 2997 3001 3054 Beth-Leem.

453 3087 623 3142 CXII.
659 3087 764 3144 Ubi
789 3087 936 3143 Joab
965 3086 1208 3143 immitit
1236 3087 1541 3144 mulierem
1574 3087 1954 3145 simulantem
2001 3088 2090 3146 lu-
2126 3071 2170 3139 C
2208 3085 2495 3142 CXXXVI.
2530 3085 2640 3143 Ubi
2669 3087 2832 3158 jubet
2865 3086 3046 3143 David
3080 3085 3378 3143 numerari
3411 3087 3722 3160 populum.

521 3179 678 3231 ctum
715 3193 819 3247 pro
849 3174 1145 3232 Absalom.

449 3263 647 3320 CXIII.
682 3265 785 3320 Hic
820 3265 994 3320 David
1042 3282 1076 3320 a
1116 3265 1358 3322 muliere
1386 3266 1660 3326 Thecuite
1691 3265 2090 3340 placaturﬁu-

518 3369 621 3427 per
649 3353 948 3409 Absalom.

2199 3175 2523 3232 CXXXVII.
2556 3177 2664 3232 Per
2694 3176 2814 3233 Gad
2871 3176 3213 3248 prophetam
3246 3175 3532 3234 Dominus
3580 3176 3642 3234 in
3669 3179 3868 3236 tribus

2271 3265 2732 3324 correctionibus
2761 3264 3029 3339 loquitur
3057 3265 3265 3322 David.

1215 3641 1848 3704 RECAPITULATIO
1891 3641 1994 3704 DE
2038 3641 2270 3704 LIBRO
2316 3641 2568 3703 PRIMO
2613 3639 3022 3704 MALACIIIM
3051 3641 3092 3700 ¹.

451 3951 578 4009 I.De
614 3953 868 4010 Belcana
901 3957 958 4009 et
993 3953 1274 4010 uxoribus
1295 3955 1511 4027 ejus,et
1536 3956 1604 4010 de
1626 3953 1750 4010 Heli
1769 3955 2090 4022 sacerdote,

516 4047 572 4099 et
603 4043 673 4098 de
707 4043 1008 4100 nativitate
1035 4043 1346 4100 Samuelis.

2275 3953 2515 4010 domum
2550 3953 2899 4019 Aminadab,
2931 3957 2988 4011 et
3015 3954 3088 4010 de
3116 3952 3267 4009 bello
3298 3951 3358 4008 in
3389 3969 3503 4024 quo
3551 3951 3863 4009 Philisthi-

2275 4042 2355 4098 im
2391 4043 2650 4116 percussi
2687 4047 2849 4099 sunt.
2882 4043 2953 4099 Et
2982 4043 3053 4099 de
3084 4041 3267 4116 gestis
3297 4039 3551 4098 Samuel.

450 4133 521 4187 II.
556 4131 635 4188 De
666 4134 891 4189 cantico
932 4138 1134 4204 Annae,
1181 4138 1239 4190 et
1280 4135 1352 4190 de
1401 4134 1793 4206 inquitatibus
1841 4134 2092 4191 ﬁliorum
2202 4129 2352 4187 VIII.
2388 4131 2470 4187 De
2498 4131 2637 4187 ﬁliis
2670 4130 2984 4199 Samuelis,
3019 4136 3076 4187 et
3104 4130 3202 4187 ubi
3236 4129 3487 4203 populus
3519 4145 3717 4202 regem
3751 4148 3860 4204 po-

525 4222 666 4276 Heli.

449 4309 544 4365 III.
572 4310 652 4367 De
682 4311 951 4367 Samuele
981 4316 1037 4367 et
1080 4301 1466 4386 imputatione
1496 4312 1694 4368 divina
1726 4313 1795 4368 ad
1833 4312 1950 4368 Heli
1993 4329 2094 4386 per

521 4415 656 4455 eum
688 4400 928 4473 directa,
963 4401 1061 4458 ubi
1095 4403 1164 4458 de
1185 4402 1416 4458 Christo
1446 4402 1923 4475 praenuntiat[Al.
1959 4420 2090 4476 pro-

523 4491 797 4560 nunﬁaq.

2274 4221 2475 4277 stulat.
2511 4222 2577 4276 Et
2607 4223 2678 4277 de
2707 4220 2843 4277 Saul
2875 4227 2932 4277 et
2961 4221 3263 4277 asinarum
3296 4219 3702 4291 inquisitione.

2205 4308 2295 4365 IX.
2335 4310 2408 4364 De
2459 4311 2630 4365 Saule
2680 4313 2856 4366 uncto
2907 4309 2964 4363 in
3009 4325 3226 4381 regem,
3259 4312 3317 4364 et
3347 4309 3500 4364 inter
3529 4307 3860 4381 prophetas

2272 4398 2677 4472 prophetante,
2708 4404 2766 4454 et
2817 4399 3110 4472 quomodo
3139 4397 3198 4454 in
3245 4397 3487 4470 Maspha
3532 4397 3857 4455 conﬁrma-

2271 4491 2368 4542 tur
2397 4489 2526 4560 ejus
2559 4504 2826 4560 regnum.

455 4578 540 4635 IV.
580 4583 656 4634 De
684 4579 978 4647 Samuele,
1015 4580 1114 4636 ubi
1141 4597 1275 4637 eum
1308 4585 1462 4637 Deus
1497 4586 1706 4654 quarto
1740 4582 1983 4638 vocatin
2008 4581 2089 4637 vi-
2129 4609 2164 4662 μ
2200 4575 2265 4633 Χ.
2293 4581 2371 4633 De
2393 4577 2548 4634 Naas
2572 4574 3857 4649 regeAmmon,quomodooppugnavitJabis

518 4685 606 4732 su,
642 4669 710 4724 Et
740 4671 810 4725 de
842 4669 1283 4726 Pbilistinorum
1318 4669 1470 4727 bello
1510 4674 1568 4727 et
1613 4687 1749 4727 arca
1793 4674 1984 4744 capta,
2031 4677 2090 4728 et

518 4758 588 4812 de
621 4757 743 4813 Heli
777 4764 964 4814 morte
995 4760 1099 4827 [Αἱ.
1140 4759 1265 4815 add.
1300 4756 1659 4823 sacerdotis].
1693 4822 1695 4824 η

410 4881 412 4883 ›
445 4849 512 4901 V.
548 4846 628 4902 De
647 4848 742 4903 Dei
776 4846 880 4914 [ΑΙ.
907 4855 1050 4906 tacet
1077 4849 1198 4917 Dei]
1226 4850 1379 4906 idolo
1400 4849 1599 4923 Dagon
1621 4850 1692 4906 ad
1717 4850 2087 4923 prasentiam

516 4952 662 4992 arcis
691 4939 1007 5007 contracto,
1041 4944 1097 4995 et
1127 4940 1196 4996 de
1229 4939 1419 5013 plagis
1451 4939 1780 4995 Philistinis
1810 4939 2012 4996 illatis.

444 5025 539 5080 VI.
571 5026 648 5082 De
681 5043 828 5084 arcte
859 5029 1048 5084 reditu
1083 5028 1140 5084 in
1173 5029 1524 5100 Bethsamis,
1559 5033 1618 5085 et
1645 5030 1718 5085 de
1765 5027 1938 5102 plaga
1967 5029 2088 5086 illic

511 5115 785 5186 irrogata.

2273 4666 2652 4735 urbem,etde
2675 4664 3121 4722 conﬁrmatione
3143 4663 3306 4737 regni
3327 4663 3462 4721 Saul
3482 4663 3542 4719 in
3563 4662 3852 4737 Galgalis.

2200 4756 2305 4812 XI.
2329 4760 2408 4811 De
2433 4755 2724 4813 Samuelis
2763 4755 3066 4828 preceptis
3116 4755 3187 4811 ad
3246 4753 3547 4828 populum,
3581 4758 3638 4809 et
3663 4753 3737 4810 de
3768 4753 3852 4810 si-

2270 4847 2403 4919 gnis
2433 4845 2674 4920 deIcaalo
2704 4845 2982 4903 ostensis.

2199 4941 2330 4996 XII.
2363 4941 2442 4997 De
2471 4941 2768 4998 Jonathan
2807 4945 2865 4997 et
2914 4939 3110 5010 Saule,
3161 4939 3456 5011 quomodo
3506 4937 3854 4996 Philistinos

2267 5033 2669 5105 percusserint
2701 5047 2714 5088 :
2745 5036 2802 5088 et
2829 5031 2901 5088 de
2936 5031 3132 5103 Saule,
3166 5030 3267 5086 ubi
3319 5028 3661 5086 holocausta
3693 5030 3854 5087 male

2267 5121 2643 5194 praesumpsit
2671 5121 2896 5178 oﬂ'erre.

443 5203 566 5260 VII.
600 5206 681 5262 De
712 5223 856 5262 arcis
907 5208 1426 5279 transmigratione
1475 5208 1532 5264 in
1579 5208 1977 5266 Cariat-Iarim
2024 5210 2082 5265 in
2197 5210 2350 5268 XIII.
2376 5210 2456 5267 De
2480 5209 2876 5278 Jonatha,ubi
2897 5226 3000 5282 per
3028 5224 3162 5265 eum
3184 5207 3468 5265 Dominus
3495 5206 3847 5266 Philistino-

507 5386 956 5460 {Excepimusge
978 5385 1297 5441 Veronensi
1325 5386 1645 5460 antiquiss.
1673 5389 1879 5444 ms.'ad
1907 5405 2080 5460 quem
2191 5391 2491 5446 iulatione:
2519 5405 2651 5445 cum
2684 5389 2940 5446 editione
2967 5405 3100 5444 ven.
3133 5388 3292 5444 card.
3336 5387 3642 5460 Thomasii
3703 5404 3844 5443 con-

436 5462 494 5512 et
527 5458 705 5536 libros
727 5458 1169 5536 ipsosltegnum
1194 5458 2080 5536 exegim_us._ptartianieus'nihil
2189 5462 2460 5527 tulimus,
2493 5462 2911 5536 variantesque
2970 5460 3251 5518 lectiones
3281 5458 3350 5516 ad
3387 5459 3616 5533 paginas
3673 5475 3843 5516 oram

437 5537 643 5602 praaler
665 5529 868 5586 titulos
890 5526 1171 5586 his‘libris
1194 5526 1473 5605 prietexit.
1515 5531 1630 5588 Nos
1654 5531 1814 5608 ipsas
1850 5532 2077 5610 Recapi-

2190 5536 2566 5595 adnotamus.
