3982 6178
538 360 639 415 611

1578 358 1636 409 Β.
1681 355 2088 410 ΗΙΕΒΟΝῨΜῙ
2127 357 2179 411 Π

2299 356 2381 410 NA
2417 356 2884 412 BIBLIOTHECA
2896 394 2909 409 .
3772 370 3856 425 612

544 477 2990 513 W

2035 592 2467 653 lNClPlUNT.

997 753 1619 918 LIBRI
1753 749 2208 917 DUO
2360 750 3473 922 SAMUELIS

1829 1010 1928 1063 QUI
1970 1009 2146 1055 ALIAS
2189 1010 2489 1057 DICUNTUR
2533 1011 2657 1056 ENA

1512 1149 2019 1272 LIBER
2113 1149 2952 1272 SAMUELIS

1235 1498 1846 1621 LIBER
1970 1498 2026 1618 Ι
2150 1497 3251 1621 MALACHIM

1779 1842 2150 1937 LIBER
2197 1828 2687 1940 PRIMUS.

605 2186 695 2257 [T.
717 2186 757 2255 Ι,
774 2186 905 2255 Cap.
924 2179 1234 2252 1.]Fuitvir
1248 2195 1403 2234 unus
1417 2178 1488 2233 de
1501 2174 2169 2247 Ramatbaim-Sophim,
2201 2176 2255 2243 Α
2285 2174 2561 2232 omnibus
2580 2175 2787 2232 diebus
2808 2176 2936 2232 vita
2958 2176 3109 2246 ejus,
3132 2181 3189 2235 et
3214 2176 3501 2235 novacula
3522 2193 3630 2235 non
3650 2176 3879 2233 ascendet

541 2275 610 2330 de
634 2278 831 2329 monte
856 2270 1154 2343 prraim,
1178 2275 1233 2324 et
1265 2284 1475 2323 nomen
1499 2268 1626 2337 ejus
1649 2265 1882 2332 Eleana,
1908 2264 2066 2319 ﬁlius
2090 2263 2185 2319 Je-

538 2379 723 2432 roam,
750 2360 851 2415 ﬁlii
884 2359 1035 2425 Eliu,
1064 2358 1166 2413 ﬁlii
1198 2358 1363 2413 Tbou
1398 2357 1436 2425 ί,
1470 2356 1574 2409 ﬁlii
1606 2355 1788 2426 Suph,
1824 2354 2183 2426 prrataaus,

538 2456 595 2506 et
626 2450 836 2506 habuit
867 2450 1015 2504 duas
1046 2464 1275 2516 uxores,
1296 2462 1503 2501 nomen
1537 2444 1637 2499 uni
1672 2450 1861 2508 Anna,
1886 2450 1941 2497 et
1974 2459 2184 2499 nomen

546 2540 813 2596 secundae
863 2538 1199 2594 Phenenna.
1236 2538 1608 2605 Fueruntque
1657 2533 1982 2587 Pbenennaz
2033 2532 2183 2588 ﬁlii:

542 2632 714 2685 Anna:
750 2633 943 2683 autem
979 2643 1093 2682 non
1116 2631 1283 2680 erant
1302 2623 1467 2679 liberi
1493 2623 1574 2691 [h.
1598 2621 1864 2693 parvuli].
1889 2621 1958 2676 Et
1980 2638 2185 2677 ascen-

535 2720 710 2774 debat
742 2718 829 2773 vir
875 2716 972 2771 ille
1019 2717 1089 2771 de
1137 2714 1370 2770 civitate
1416 2729 1525 2768 sua
1574 2711 1810 2767 statutis
1859 2711 2088 2776 diebus,
2125 2715 2189 2766 ut

532 2810 803 2865 adoraret
825 2812 882 2862 et
909 2805 1261 2862 sacriﬁcaret
1292 2802 1539 2858 Domino
1570 2801 1929 2857 exercituum
1958 2800 2015 2854 in
2041 2799 2183 2855 Silo.

531 2901 713 2953 Erant
760 2901 955 2952 autem
990 2893 1070 2949 ibi
1097 2894 1212 2948 duo
1245 2891 1344 2946 ﬁlii
1378 2889 1529 2959 Heli,
1561 2889 1753 2960 Opbni
1804 2894 1861 2944 et
1911 2887 2181 2957 Phinees,

528 2986 863 3043 sacerdotes
897 2982 1150 3039 Domini.
1181 2980 1355 3037 Venit
1400 2996 1536 3051 ergo
1588 2979 1737 3048 dies,
1769 2983 1826 3033 et
1856 2977 2187 3033 immolavit

528 3076 763 3141 Elcana,
797 3074 1075 3144 deditque
1128 3070 1456 3127 Pheoennaa
1498 3068 1658 3124 uxori
1692 3084 1837 3136 suae,
1868 3071 1925 3122 et
1957 3066 2185 3124 cunctis

532 3164 669 3220 ﬁliis
701 3165 850 3235 ejus,
883 3167 941 3218 et
986 3160 1221 3216 ﬁliabus
1250 3162 1445 3230 partes
1480 3173 1493 3212 :
1543 3158 1725 3212 Annae
1777 3161 1972 3211 autem
2024 3155 2186 3211 dedit

529 3261 757 3326 partem
804 3268 983 3308 unam
1030 3250 1110 3322 [h.
1147 3254 1367 3318 partem
1406 3262 1585 3302 unam
1617 3245 1938 3317 duplicem]
1973 3245 2181 3313 tristis,

523 3343 668 3416 quia
690 3344 911 3398 Annam
942 3338 1243 3410 diligebat.
1270 3335 1558 3393 Dominus
1588 3338 1783 3390 autem
1817 3334 2187 3390 concluserat

520 3432 748 3488 vulvam
780 3433 931 3501 ejus.
957 3427 1261 3497 At‘ﬁigebal
1288 3441 1520 3495 quoque
1551 3440 1677 3479 eam
1710 3423 1920 3478 amula
1950 3424 2101 3493 ejus,
2127 3442 2185 3492 ei,

2296 2280 2474 2337 super
2503 2271 2681 2337 caput
2710 2266 2859 2336 ejus.
2883 2270 3122 2322 Factum
3155 2271 3243 2323 est
3276 2284 3432 2337 ergo,
3456 2284 3584 2323 cum
3607 2266 3695 2322 illa
3721 2263 3877 2320 multi-

2296 2354 2538 2425 plicaret
2570 2372 2769 2426 preces
2800 2372 2998 2411 coram
3030 2355 3306 2413 Domino.
3340 2362 3405 2411 ut
3434 2356 3555 2412 Heli
3611 2356 3881 2411 observaret

2296 2462 2361 2499 os
2411 2445 2558 2515 ejus.
2613 2445 2788 2501 Porro
2846 2450 3016 2502 Anna
3069 2445 3423 2517 loquebatur
3477 2446 3535 2500 in
3590 2444 3742 2500 corde
3785 2458 3878 2506 suo,

2297 2536 2649 2604 tantumque
2680 2531 2837 2588 labia
2869 2532 3029 2589 illius
3062 2535 3474 2600 movebantur,
3497 2540 3553 2589 et
3576 2550 3674 2588 vox
3700 2530 3883 2604 penitus

2299 2636 2415 2675 non
2448 2620 2815 2677 audiebatur.
2839 2622 3171 2678 Estimavit
3196 2623 3383 2694 igitur
3431 2640 3556 2679 eam
3596 2620 3711 2677 Heli
3738 2626 3883 2675 temu-

2297 2709 2541 2781 lentam,
2572 2709 2833 2783 dixitque
2864 2711 2915 2766 ei
2948 2727 2962 2766 :
3016 2710 3335 2783 Usquequo
3365 2712 3525 2771 ebria
3553 2710 3702 2767 eris?
3735 2709 3889 2777 digere

2297 2796 2599 2870 paulisper
2641 2799 2842 2854 vinum
2893 2816 3009 2870 quo
3062 2801 3289 2857 mades.
3320 2802 3691 2873 Respondeas
3716 2800 3884 2852 Anna:

2298 2886 2929 2960 Nequaquam,inquit,
2951 2889 3188 2945 domine
3211 2890 3331 2959 mi;
3356 2908 3492 2947 nam
3518 2886 3716 2945 mulier
3733 2884 3889 2941 infelix

2296 2975 2472 3032 nimis
2503 2993 2609 3048 ego
2640 2994 2797 3043 sum,
2829 2978 3148 3050 vinumque
3178 2983 3233 3034 et
3268 2995 3446 3036 omne
3472 2981 3621 3050 quod
3648 2974 3885 3032 inebriare

2296 3070 2505 3137 potest,
2534 3083 2649 3123 non
2683 3066 2802 3123 bibi
2828 3085 2842 3134 ;
2868 3067 2968 3123 sed
2991 3067 3169 3123 effudi
3202 3069 3469 3124 animam
3505 3082 3687 3129 meam
3714 3064 3763 3120 in
3791 3078 3893 3119 con-

2294 3159 2500 3227 spectu
2544 3156 2799 3211 Domini.
2834 3155 2915 3212 Ne
2954 3160 3191 3228 reputes
3241 3156 3520 3213 ancillam
3569 3161 3717 3213 tuam
3758 3148 3891 3222 quasi

2298 3260 2474 3299 unam
2508 3244 2579 3300 de
2611 3244 3044 3317 ﬁliabusgBelial
3070 3262 3083 3301 :
3120 3244 3261 3318 quia
3281 3263 3355 3303 ex
3377 3243 3742 3302 multitudine
3768 3237 3895 3295 dolo-

2298 3331 2379 3387 ris
2409 3338 2467 3387 et
2501 3334 2767 3390 mceroris
2801 3334 2939 3402 mei,
2966 3333 3159 3389 locuta
3189 3352 3326 3390 sum
3361 3350 3553 3407 usque
3581 3334 3636 3389 in
3666 3343 3891 3404 presens.

2297 3421 2462 3476 Tunc
2494 3421 2617 3477 Heli
2652 3422 2728 3478 ait
2761 3424 2811 3478 ei
2845 3440 2859 3477 :
2904 3423 3061 3478 Vade
3091 3423 3149 3478 in
3180 3440 3347 3495 pace,
3380 3430 3440 3479 et
3470 3423 3619 3479 Deus
3646 3416 3800 3477 lsrael
3825 3416 3896 3470 det

515 3522 889 3577 vehementer
947 3518 1217 3589 angebat,
1271 3514 1329 3569 in
1386 3518 1640 3577 tantum,
1684 3518 1747 3567 ut
1805 3510 2399 3594 exprobraretBtibi
2453 3511 2791 3583 petitionem
2824 3512 3004 3584 [Vulg].
3038 3512 3193 3567 addit
3252 3513 3469 3584 tuam],
3504 3527 3672 3583 quam
3726 3502 3896 3578 rogasti

523 3610 675 3681 quod
710 3607 1101 3663 conclusisset
1148 3601 1433 3659 Dominus
1463 3600 1696 3656 vulvam
1747 3600 1876 3670 ejus
1911 3618 1924 3655 ε
1975 3602 2179 3673 sicque

519 3698 769 3753 faciebat
802 3714 904 3769 per
933 3693 1200 3767 singulos
1224 3708 1431 3755 annos,
1454 3706 1587 3745 cum
1624 3689 1902 3745 redeunte
1924 3692 2180 3761 tempore

521 3789 916 3844 ascenderunt
956 3781 1243 3854 templum
1296 3779 1554 3845 Domini,
1585 3783 1642 3834 et
1690 3780 1775 3834 sic
1832 3780 2184 3863 provocabat

519 3893 671 3932 eam.
709 3876 885 3931 Porro
934 3872 1035 3928 illa
1097 3872 1290 3940 ﬂebat,
1336 3874 1394 3925 et
1456 3884 1570 3923 non
1635 3867 1903 3939 capiebat
1958 3868 2182 3946 cibum.

519 3966 672 4023 Dixit
703 3982 840 4037 ergo
890 3964 940 4020 ei
995 3962 1208 4017 Elcana
1248 3960 1336 4015 vir
1368 3975 1552 4015 suus:
1589 3962 1778 4027 Anna,
1802 3972 1907 4012 cur
1939 3957 2084 4013 ﬂes?
2123 3974 2185 4029 et

518 4073 699 4127 quare
724 4072 839 4111 non
864 4053 1128 4110 comedis
1151 4052 1171 4086 ³
1194 4050 1221 4105 ?
1248 4053 1305 4105 et
1326 4065 1503 4120 quam
1530 4048 1602 4103 ob
1627 4064 1747 4102 rem
1778 4046 2064 4118 afﬂigitur
2084 4064 2183 4103 cor

521 4142 741 4199 tuum?
790 4139 1067 4212 Nunquid
1102 4156 1215 4194 non
1257 4153 1359 4208 ego
1409 4133 1615 4190 melior
1666 4150 1798 4189 sum
1848 4134 1954 4189 tibi
2004 4149 2178 4205 quam

516 4234 720 4288 decem
758 4230 863 4286 ﬁlii
890 4231 908 4285 ?
942 4228 1209 4286 Surrexit
1232 4231 1423 4283 autem
1448 4229 1618 4280 Anna
1650 4227 1960 4294 postquam
1981 4239 2178 4279 come-

520 4322 686 4378 derat
719 4321 777 4376 in
812 4320 954 4386 Silo,
986 4324 1043 4373 et
1068 4318 1315 4373 biberat.
1351 4314 1418 4368 Et
1447 4311 1571 4368 Heli
1601 4312 1902 4367 sacerdote
1934 4313 2179 4367 sedente

522 4427 703 4482 super
751 4408 956 4465 sellam
1000 4410 1135 4463 ante
1166 4408 1365 4477 postea
1398 4399 1602 4471 templi
1635 4399 1890 4468 Domini,
1922 4416 2178 4472 cumque

520 4506 673 4557 esset
701 4515 899 4553 amaro
923 4497 1142 4561 animo,
1168 4491 1437 4549 oravitad
1471 4488 1806 4555 Dominum,
1832 4488 1977 4543 ﬂens
2001 4488 2177 4560 largi-

520 4596 627 4651 ter,
656 4593 928 4643 etvotum
961 4584 1135 4651 vovit,
1162 4582 1361 4637 dicens
1390 4597 1403 4635 :
1438 4578 1683 4634 Domine
1714 4576 2100 4645 exercituum,
2124 4578 2174 4634 si

522 4676 843 4748 respiciens
872 4674 1085 4727 videris
1135 4669 1508 4726 afﬂictionem
1566 4665 1798 4721 famulae
1831 4670 1965 4732 tuae,
2001 4671 2057 4721 et
2087 4683 2175 4721 re-

521 4766 798 4821 cordatus
831 4763 944 4819 mei
982 4762 1183 4825 fueris,
1210 4775 1313 4815 nec
1347 4757 1565 4813 oblitus
1587 4754 1813 4812 ancilla:
1839 4759 1973 4826 tuae,
1999 4756 2172 4810 dede-

524 4857 722 4928 risque
744 4869 922 4911 servae
946 4856 1055 4907 tute
1079 4867 1279 4907 sexum
1304 4846 1553 4917 virilem,
1578 4844 1726 4901 dabo
1756 4861 1891 4900 eum
1933 4844 2175 4900 Domino

596 5036 609 5069 ¹
644 5032 795 5089 Editi
831 5030 1096 5088 nonnulli
1129 5034 1185 5085 et
1217 5045 1360 5084 mss.
1386 5024 1769 5096 quamplures
1792 5021 2179 5096 legunt,Thau

596 5043 609 5069 ¹
644 5043 795 5089 Editi
831 5043 1096 5088 nonnulli
1129 5043 1185 5085 et
1217 5045 1360 5084 mss.
1429 5043 1769 5096 uampiures
1792 5043 2179 5093 tegunt,mau

523 5125 587 5162 ex
625 5106 867 5162 Hebraeo
898 5104 1121 5159 scilicet
1164 5111 1300 5161 mn.
1339 5043 1462 5154 L§X
1512 5098 1568 5150 in
1619 5094 2021 5164 manuscripto
2050 5095 2179 5148 Ale-

521 5180 805 5234 xandrino
851 5177 1105 5231 retinent
1141 5175 1312 5236 8:06;
1347 5169 1501 5241 quod
1535 5168 1708 5223 etiam
1740 5166 2045 5241 Cbaldaaus
2078 5182 2180 5241 ear-

519 5252 749 5322 pressit»
783 5265 917 5303 cum
971 5245 1196 5322 cbolem
1254 5237 1449 5315 pleno,
1484 5247 1547 5294 ut
1576 5237 2173 5322 aiu'nt'Grammatici,

517 5307 631 5384 ίΠΠ
690 5320 873 5376 Thoou
931 5318 1017 5373 vel
1051 5307 1270 5371 Thalia:
1311 5318 1599 5367 Canonem
1646 5309 1834 5384 _Hebr.
1895 5307 2059 5363 verit.
2104 5314 2180 5384 _et

521 5379 766 5448 alterum
821 5408 931 5445 ms.
978 5391 1234 5444 codicem
1268 5386 1436 5439 Corb.
1471 5381 1654 5438 secuti
1690 5395 1899 5434 sumus
1937 5396 1951 5446 ;
2003 5379 2176 5435 ambo

523 5480 776 5535 nexuque
820 5463 969 5517 Shou
1014 5458 1339 5514 scribentes
1370 5471 1564 5509 veram
1612 5451 1927 5535 praeferunt
1980 5451 2175 5535 Hiero-

524 5522 694 5608 nymi
747 5535 1174 5608 lectionem,ut
1204 5533 1568 5608 compertum
1618 5522 1903 5608 habemus
1952 5538 1981 5576 e
2026 5522 2175 5605 libro

524 5592 829 5663 Nominum
886 5592 1305 5669 Hebra'icorum,
1337 5592 1393 5654 et
1439 5600 1651 5669 iterum
1703 5611 1733 5650 e
1779 5593 1930 5648 libro
1983 5592 2174 5664 primo

522 5679 789 5733 adversus
855 5674 1231 5745 Iovinianum,
1291 5668 1390 5727 ubi
1448 5670 1503 5727 S.
1559 5668 1771 5726 Doctor
1836 5670 2177 5723 constanter

2292 3599 2526 3654 eum.Et
2550 3598 2649 3655 illa
2669 3600 2852 3656 dixit:
2891 3601 3120 3657 Utinam
3145 3601 3415 3657 inveniat
3446 3598 3655 3658 ancilla
3675 3602 3765 3655 tua
3793 3609 3894 3665 gra-

2296 3688 2439 3743 tiam
2467 3687 2525 3743 in
2559 3689 2747 3745 oculis
2774 3689 2928 3744 tuis!
2963 3693 3029 3745 Et
3060 3690 3207 3745 abiit
3238 3690 3459 3746 mulier
3490 3693 3549 3746 in
3580 3688 3721 3744 viam
3749 3696 3898 3743 suam.

2295 3782 2353 3832 et
2382 3778 2635 3833 comedit
2664 3776 2975 3848 vultusque
3020 3777 3178 3833 illius
3231 3796 3351 3835 non
3400 3786 3542 3836 sunt
3590 3773 3817 3847 amplius
3855 3768 3896 3821 in

2296 3867 2525 3923 diversa
2574 3868 2806 3922 mutati.
2851 3868 2936 3938 [Τ.
2970 3867 3067 3938 ΙΙ.]
3112 3868 3179 3923 Et
3229 3872 3621 3924 surrexerunt
3666 3861 3896 3926 mane.“

2293 3956 2685 4012 adoraverunt
2740 3972 2937 4012 coram
2998 3956 3266 4026 Domino,
3313 3956 3650 4029 reversique
3701 3948 3899 4015 sunt,et

2292 4049 2577 4101 venerunt
2597 4044 2656 4100 in
2682 4045 2921 4101 domum
2943 4062 3112 4101 suam
3135 4042 3731 4115 Ramatha.Cognovit
3748 4042 3899 4097 autem

2293 4133 2507 4190 Elcana
2526 4136 2757 4189 Annam
2789 4151 3026 4191 uxorem
3049 4152 3245 4205 suam,
3271 4142 3331 4192 et
3354 4136 3694 4192 recordatus
3712 4126 3900 4195 estejus

2292 4222 2596 4279 Dominus.
2620 4224 2688 4279 Et
2710 4224 2929 4279 factum
2961 4229 3050 4281 est
3073 4230 3208 4297 post
3238 4225 3538 4281 circulum
3561 4224 3903 4286 dierum,con-

2291 4311 2442 4384 cepit
2498 4318 2686 4381 Anna,
2710 4318 2768 4369 et
2808 4313 3033 4385 peperit
3082 4312 3301 4379 ﬁlium,
3336 4313 3678 4385 vocavitque
3730 4316 3900 4363 nomen

2291 4401 2419 4471 ejus
2447 4399 2705 4471 Samuel,
2733 4418 2799 4458 eo
2830 4402 2987 4474 quod
3017 4418 3053 4457 a
3081 4400 3337 4458 Domino
3380 4401 3737 4475 postulasset
3777 4408 3902 4449 eum.

2288 4489 2567 4543 Ascendit
2598 4495 2790 4544 autem
2824 4490 2912 4544 vir
2934 4489 3064 4561 ejus
3094 4489 3314 4546 Elcana
3353 4490 3397 4557 ⁸,
3431 4499 3492 4547 et
3522 4487 3709 4546 omnis
3735 4485 3905 4541 domus

2287 4578 2438 4647 ejus,
2472 4583 2535 4632 ut
2582 4578 2916 4635 immolaret
2950 4578 3192 4635 Domino
3226 4579 3494 4635 hostiam
3527 4578 3839 4639 solemnem,
3866 4570 3909 4620 el

2291 4670 2493 4721 votum
2530 4684 2726 4732 suum,
2762 4672 2819 4722 et
2848 4672 3016 4723 Anna
3066 4684 3179 4722 non
3232 4669 3513 4724 ascendit
3544 4685 3558 4723 :
3608 4663 3745 4721 dixit
3782 4657 3907 4714 enim

2293 4756 2415 4811 viro
2448 4772 2591 4811 suo:
2625 4756 2747 4811 Non
2801 4756 3032 4820 vadam,
3064 4757 3251 4812 donec
3284 4756 3623 4814 ablactetur
3652 4752 3844 4810 infans.
3871 4746 3915 4797 el

2290 4845 2499 4901 ducam
2530 4862 2688 4913 eum,
2712 4849 2769 4900 et
2790 4849 3067 4918 appareat
3098 4849 3233 4901 ante
3270 4853 3663 4920 conspectum
3692 4832 3908 4901 Domini:

2291 5022 2519 5093 legebat
2546 5022 2715 5089 Thou,
2748 5023 2870 5079 sive
2901 5023 3079 5079 Thoou
3103 5022 3278 5093 juxta
3309 5022 3651 5081 Gracorum
3708 5016 3915 5074 codices.

2291 5096 2478 5150 MART.

2361 5195 2432 5206 —
2463 5164 2794 5231 Veronens,
2825 5171 3001 5236 atque
3051 5163 3319 5236 Urbinas
3360 5182 3513 5221 mss.
3545 5181 3676 5220 cum
3709 5154 3920 5236 vulgatis

2292 5237 2468 5306 Thau,
2509 5238 2665 5307 quod
2701 5254 2770 5292 ex
2804 5232 3038 5292 Hebraeo
3067 5244 3182 5295 inn
3212 5235 3435 5292 iecisse
3462 5232 3884 5307 [ﬁerem-ix“).m
3911 5238 3919 5271 ³

2290 5302 2635 5379 quanquam
2675 5309 2731 5363 in
2765 5310 2895 5363 aliis
2921 5308 3087 5379 libris
3120 5308 3336 5378 legerit
3366 5325 3507 5364 cum
3541 5302 3749 5364 Graecis
3791 5302 3922 5376 ’Πιοξιο

2360 5381 2382 5414 ²
2417 5378 2622 5436 Νύειρι-
2676 5397 2810 5447 ms.,
2841 5378 3102 5445 comedas,
3134 5380 3191 5433 in
3242 5379 3496 5436 Hebraeo
3526 5392 3755 5451 quoque
3780 5378 3855 5427 est
3879 5381 3923 5419 in

2288 5468 2486 5524 futuro
2516 5453 2719 5529 15am.

2360 5542 2380 5575 ⁸
2412 5542 2564 5611 Ejus,
2596 5555 2785 5613 neque
2814 5538 3092 5600 Hebraeus
3139 5542 3343 5594 textus
3404 5538 3607 5608 habet,
3641 5552 3743 5594 nec
3785 5531 3926 5589 Voro-

2286 5613 2490 5667 nensis
2524 5628 2639 5667 ms.
