3982 6178
127 414 205 470 613
1431 402 1646 456 LIBER
1680 399 1707 453 ι

1843 398 2128 452 MUELIS.

3361 401 3468 458 614

126 544 167 604 et
190 534 385 592 maneat
409 529 488 587 ibi
531 529 771 603 jugiter.
831 529 901 583 Et
956 527 1038 582 ait
1086 526 1136 582 ei
1188 526 1368 597 [Vulg.
1433 527 1571 580 tacet
1636 519 1710 591 ei]
1745 522 1795 588 Α
1825 519 2083 576 Saturati
2121 519 2280 592 prius
2311 537 2414 593 pro
2447 537 2594 593 pane
2629 521 2708 588 [h.
2762 522 3018 579 Saturati
3064 541 3162 596 pro
3187 524 3352 599 pane]
3397 543 3461 583 se

125 627 289 682 Elcana
311 622 389 677 vir
415 638 560 676 suus
594 638 607 676 :
643 619 751 674 Fac
783 618 938 690 quod
961 616 1182 672 bonum
1217 614 1325 670 tibi
1354 614 1607 683 videtur,
1641 614 1700 666 et

125 732 254 771 mane
279 714 442 767 donec
472 708 731 766 ablactes
763 725 899 763 eum
935 724 948 761 :
983 721 1303 778 precorque
1355 707 1418 758 ut
1467 700 1706 774 impleat

121 806 349 862 Dominus
374 802 611 857 verbum
671 815 870 855 suum.
931 795 1146 853 Mansit
1192 811 1328 868 ergo
1388 793 1622 860 mulier,
1651 797 1709 847 et

120 892 307 950 lactavit
329 890 506 946 filium
541 905 737 958 suum,
771 889 954 943 donec
985 889 1280 941 amoveret
1308 900 1442 940 eum
1473 901 1508 938 a
1539 881 1703 937 lacte.

121 985 187 1056 [T.
213 983 312 1052 lll.]
341 983 397 1034 Et
424 977 668 1034 adduxit
697 993 832 1032 eum
859 992 1084 1045 secum,
1108 978 1420 1046 postquam
1445 972 1708 1028 ablacta-

117 1071 325 1140 verat,in
343 1067 540 1124 vitulis
574 1068 762 1123 tribus
793 1070 850 1122 et
881 1066 1068 1121 tribus
1114 1063 1327 1118 modiis
1358 1062 1555 1118 farinae
1579 1064 1618 1130 ¹,
1653 1064 1711 1116 et

122 1160 351 1233 amphora
376 1157 516 1229 vini,
549 1161 604 1213 et
635 1156 880 1213 addmit
926 1171 1061 1210 eum
1095 1153 1153 1208 in
1185 1153 1428 1208 domum
1482 1149 1709 1206 Domini

121 1250 165 1305 in
188 1246 304 1304 Silo.
333 1253 478 1302 Puer
506 1249 701 1300 autem
736 1248 862 1299 erat
891 1242 1078 1297 adhuc
1107 1238 1438 1296 infantulus
1472 1255 1485 1294 :
1519 1241 1577 1294 et
1605 1237 1717 1296 im.

121 1335 429 1394 molaverunt
457 1333 805 1397 vitulum,et
830 1329 1171 1387 obtulerunt
1194 1343 1441 1401 puerum
1468 1327 1619 1382 Heli.
1647 1329 1714 1384 Et

121 1426 359 1499 ait[i’ulg.
388 1423 514 1480 add.
546 1422 735 1494 Anna]
772 1421 1091 1488 :Obsecro,
1140 1418 1220 1474 mi
1272 1418 1528 1484 domine,
1572 1417 1713 1474 vivit

119 1517 276 1572 anima
299 1519 412 1587 tua,
447 1512 684 1570 domine
715 1528 728 1566 :
762 1528 864 1583 ego
895 1527 1028 1567 sum
1058 1507 1159 1564 illa
1189 1507 1401 1564 mulier
1429 1524 1555 1581 quae
1577 1506 1713 1564 steti

116 1622 273 1663 coram
303 1608 352 1662 te
378 1603 477 1660 hic
502 1619 677 1660 orans
699 1600 1038 1659 Dominum.
1062 1603 1171 1656 Pro
1194 1597 1500 1672 pueroisto
1531 1597 1710 1666 oravi,

117 1698 158 1752 et
181 1695 318 1751 dedit
361 1692 509 1750 mihi
557 1691 846 1749 Dominus
896 1688 1235 1763 petitionem
1292 1704 1474 1744 mea'u
1534 1703 1711 1759 quam

114 1782 351 1857 postulavi
369 1798 531 1838 eum.
555 1780 776 1838 Idcirco
813 1782 870 1836 et
904 1794 1012 1852 ego
1033 1775 1401 1834 commodavi
1433 1792 1566 1832 eum
1603 1776 1711 1832 Do-

115 1873 258 1944 mino,
285 1869 511 1928 cunctis
542 1869 749 1927 diebus
779 1868 998 1957 quibus
1029 1867 1212 1957 fuerit
1230 1866 1708 1957 accommodatus
1737 1889 1787 1957 Β

3051 615 3416 687 [locaverunt
3441 636 3456 676 :

1890 707 1947 757 et
1977 701 2228 758 famelici
2261 704 2511 759 saturati
2560 708 2718 759 sunt.

1819 791 2012 847 Donec
2044 791 2262 848 sterilis
2294 793 2549 864 perperit
2579 792 2864 864 plurimos
2898 793 2979 865 [h.
3014 796 3302 868 septem]:

1890 887 1943 937 ct
1977 899 2102 954 qua:
2136 882 2350 938 multos
2374 883 2625 938 habebat
2657 883 2827 953 ﬁlios,
2861 884 3154 943 infirmata
3183 893 3294 943 est.

1825 973 2104 1028 Dominus
2138 973 2450 1028 mortiﬁcat
2477 979 2532 1028 et
2561 973 2830 1044 vivificat,

1893 1065 2127 1121 deducit
2157 1067 2228 1121 ad
2261 1065 2580 1134 infernum,
2615 1069 2671 1122 et
2702 1067 2946 1123 reducit.

1824 1155 2106 1210 Dominus
2139 1171 2456 1227 pauperem
2494 1154 2630 1210 facit
2657 1158 2715 1210 et
2746 1155 2917 1226 ditat,

1891 1243 2166 1299 humiliat
2186 1248 2243 1299 et
2271 1242 2553 1299 sublevat.

1822 1333 2082 1388 Suscitat
2112 1333 2182 1388 de
2214 1332 2452 1404 pulvere
2484 1347 2758 1404 egenum,

1893 1427 1951 1479 et
1979 1423 2050 1478 de
2082 1425 2338 1478 stercore
2367 1421 2552 1477 elevat
2582 1438 2895 1495 pauperem
2917 1425 2938 1459 ³
2973 1443 2987 1481 :

1823 1512 1895 1569 Ut
1924 1511 2122 1568 sedeat
2151 1527 2282 1566 cum
2316 1509 2704 1583 principibus,

1893 1609 1948 1658 et
1977 1599 2192 1657 solium
2223 1599 2421 1673 glorias
2453 1603 2664 1655 teneat.

1821 1689 2053 1746 Domini
2078 1688 2231 1744 enim
2262 1691 2402 1744 sunt
2431 1688 2699 1745 cardines
2720 1691 2886 1746 terra:
2935 1691 3016 1760 [h.
3045 1694 3272 1752 Domini
3306 1698 3464 1755 enim

2821 1781 2985 1848 [sunt
3016 1783 3217 1841 afﬂicti
3247 1789 3462 1861 terras],

1893 1878 1948 1931 et
1973 1867 2168 1943 posuit
2199 1881 2376 1938 super
2402 1866 2751 1935 eos:orbcm.

114 1962 328 2019 Domino.
358 1960 425 2016 Et
459 1961 854 2016 adoraverunt
910 1955 992 2013 ibi
1050 1955 1389 2013 Dominum.
1420 1958 1494 2012 Et
1523 1954 1710 2011 oravit
1739 1954 1774 1957 “
1818 1965 1999 2025 Pedes
2030 1960 2371 2015 sanctorum
2405 1971 2648 2010 suorum
2684 1958 2962 2027 servabit,

115 2049 260 2117 Anna,
288 2051 340 2104 et
361 2045 514 2103 dixit
547 2065 561 2114 ;

163 2138 234 2212 [Τ.
252 2138 333 2209 IV,
354 2138 631 2211 607.11.]
664 2134 958 2192 Excitavit
988 2151 1088 2191 cor
1117 2149 1315 2190 meum
1348 2133 1408 2188 in
1442 2132 1708 2201 Domino,

166 2233 210 2283 et
233 2227 544 2284 exaltatum
576 2231 667 2283 est
697 2243 876 2299 cornu
911 2241 1104 2280 meum
1137 2223 1195 2279 in
1227 2229 1345 2280 Deo
1378 2224 1556 2278 meo'.

120 2316 373 2372 Dilatatum
403 2321 498 2372 est
531 2333 597 2372 os
631 2331 826 2372 meum
859 2330 1039 2386 super
1070 2311 1341 2368 inimicos
1375 2327 1536 2367 meos
1572 2328 1586 2367 :

175 2407 287 2479 quia
313 2406 503 2462 laetata
538 2422 668 2462 sum
701 2404 761 2460 in
795 2402 1036 2460 salutari
1065 2406 1188 2458 tuo.

125 2493 218 2550 Non
242 2499 319 2552 est
345 2499 612 2563 sanctus,
646 2497 712 2549 ut
740 2498 832 2549 est
863 2491 1148 2549 Dominus
1179 2508 1194 2548 :

172 2601 328 2658 neque
355 2585 516 2640 enim
547 2587 636 2639 est
665 2583 816 2638 alius
847 2586 1009 2638 extra
1039 2586 1118 2650 te,

169 2678 213 2729 et
237 2691 337 2730 non
363 2681 451 2730 est
486 2673 658 2729 fortis
689 2673 841 2727 sicut
873 2671 1027 2726 Deus
1060 2674 1277 2726 noster.

116 2761 266 2818 Nolite
294 2761 693 2836 multiplicare
723 2760 883 2833 loqui
917 2758 1214 2830 sublimia,
1247 2758 1589 2831 gloriantes.

117 2850 360 2907 Recedant
385 2858 587 2908 vetera
618 2851 688 2905 de
717 2867 815 2906 ore
843 2852 1036 2904 vestro
1071 2865 1083 2902 :

167 2941 416 3012 quoniam
447 2941 610 2996 Deus
643 2938 1014 2996 scientiarum
1049 2936 1334 2992 Dominus
1359 2940 1470 3005 est,

171 3033 217 3083 et
241 3029 340 3102 ipsi
371 3034 780 3102 praeparantur
801 3026 1206 3100 cogitationes.

117 3121 264 3174 Arcus
290 3119 528 3175 fortium
563 3121 877 3190 superatus
909 3120 1020 3183 est,

171 3210 219 3261 et
239 3207 444 3264 infirmi
475 3206 731 3263 accincti
763 3210 903 3260 sunt
935 3207 1158 3260 robore.

173 3332 185 3364 ¹
213 3334 554 3388 Emendator
579 3331 832 3394 Canonis
861 3330 1156 3385 Hebraica
1187 3329 1446 3384 veritatis
1481 3346 1582 3400 pro
1613 3330 1723 3384 tri-

122 3399 196 3456 bus
218 3404 401 3460 modiis
426 3405 671 3475 farinae,
695 3401 1005 3458 substituit
1035 3402 1094 3456 iu
1126 3407 1343 3475 nostro
1382 3399 1727 3475 exemplari,

125 3480 163 3546 et
187 3474 345 3531 modio
371 3471 626 3546 farinae;
648 3471 719 3528 in
745 3490 864 3544 qua
893 3473 1284 3546 permutanda
1330 3471 1576 3528 lectione
1626 3472 1728 3526 ba-

124 3543 225 3599 buit
248 3543 686 3618 astipulatorem
721 3543 932 3600 falsum
967 3545 1408 3618 Hieronymum,
1427 3549 1729 3618 auctorem

127 3630 298 3694 nempe
325 3616 712 3694 anguinum}
752 3633 855 3694 seu
906 3616 1282 3694 Traditionam
1330 3616 1733 3694 llehraicarum

128 3686 172 3740 in
197 3686 359 3762 libros
391 3691 646 3762 Regum.
681 3689 735 3743 Is
764 3690 922 3744 enim
951 3688 1248 3762 conceptis
1281 3688 1480 3762 verbis
1521 3687 1734 3762 asserit

130 3761 402 3830 mendosos
432 3757 513 3817 δεῖ
539 3765 843 3830 corruptos
856 3775 984 3815 esse
1002 3760 1340 3815 Latinorum
1358 3760 1607 3828 codices,
1633 3757 1733 3814 ubi

131 3825 306 3910 lectum
328 3838 439 3903 est,
471 3825 740 3910 “tribu—3
765 3830 962 3910 modiis
1007 3833 1218 3910 farinae
1251 3847 1270 3910 :_
1299 3852 1325 3878 «
1357 3831 1448 3910 ln__
1470 3825 1730 3910 Hebreis),

130 3901 305 3974 inquit,
335 3901 450 3960 non
473 3903 674 3960 tribus
698 3903 912 3958 modiis
934 3903 1153 3969 farinae,
1173 3903 1272 3956 sed
1296 3901 1488 3956 modio
1511 3904 1731 3968 farinae,

131 3971 307 4053 legitur
352 3978 397 4047 (Ι
429 3982 577 4053 Reg.
600 3991 642 4040 ι,
669 3975 760 4047 24)
790 3991 805 4053 ξ
847 3990 1022 4045 quem
1053 3974 1245 4053 locum
1295 3975 1448 4053 apud
1490 3974 1734 4053 Abatinos

127 4044 444 4117 scriptorum
469 4044 619 4104 vitio
649 4044 876 4102 constat
904 4060 1034 4101 esse
1062 4046 1461 4117 depravatum.
1485 4045 1544 4100 Si
1575 4044 1733 4117 enim

133 4116 239 4172 cum
267 4119 464 4175 vitulis
494 4120 710 4188 tribus,
735 4121 792 4173 et
807 4118 996 4172 tribus
1019 4116 1232 4173 modiis
1263 4117 1460 4188 farinae
1493 4116 1732 4188 iobtulit,

123 4191 291 4270 contra
312 4195 672 4270 prgceptum
696 4187 856 4270 legis
873 4189 1042 4270 fecit:
1069 4189 1126 4243 in
1151 4188 1275 4270 lege
1298 4187 1455 4243 enim
1489 4187 1735 4270 itaupre:

126 4257 348 4330 cipitur':
381 4257 583 4319 Mensis
630 4257 856 4332 septimi
907 4259 1094 4332 prima
1150 4257 1266 4315 dies
1315 4258 1653 4315 venerabilis
1680 4264 1734 4315 et

128 4336 286 4407 senda
311 4336 415 4389 erit
443 4335 614 4407 vobis.
671 4332 842 4407 Omne
896 4347 1028 4402 opus
1082 4333 1300 4407 servile
1330 4346 1439 4385 non
1469 4332 1684 4407 [arietis
1710 4347 1732 4393 ;

125 4400 218 4458 die:
241 4405 511 4477 clangoris
539 4412 622 4461 est
649 4407 699 4459 et
756 4400 1015 4477 labarum
1043 4421 1060 4458 :
1091 4404 1444 4477 q/lereiisque
1466 4403 1730 4477 holocau-

126 4481 240 4528 stum
285 4478 342 4531 in
360 4473 600 4532 odorem
650 4476 1038 4531 suavissimum
1084 4473 1346 4543 Demino,‘
1390 4475 1624 4528 vitulum
1669 4473 1733 4529 de

128 4555 341 4602 armento
368 4564 572 4618 unum,
602 4548 836 4618 arietem
865 4563 1061 4618 unum,
1089 4562 1264 4618 agnos
1291 4544 1584 4618 anniculos
1628 4546 1730 4618 im-

1889 2057 1948 2110 et
1977 2047 2140 2120 impii
2172 2048 2231 2100 in
2259 2043 2514 2100 tenebris
2541 2045 2935 2104 conticescent
2968 2075 2978 2104 :

1891 2138 2030 2212 quia
2061 2151 2176 2191 non
2208 2134 2266 2188 in
2300 2131 2644 2189 fortitudine
2686 2135 3053 2193 roborabitur
3083 2139 3188 2195 vir.

1821 2229 2136 2287 Dominum
2173 2220 2571 2278 formidabunt
2599 2223 2914 2279 adversarii
2945 2227 3094 2298 ejus,

1895 2333 2074 2391 super
2103 2316 2258 2386 ipsos
2287 2311 2346 2365 iu
2379 2309 2542 2366 ccelis
2578 2312 2817 2369 touabit.

1829 2409 2110 2466 Dominus
2132 2402 2425 2476 judicabit
2458 2402 2601 2458 fines
2633 2409 2821 2474 terras,

1895 2503 1955 2554 et
1985 2494 2146 2551 dabit
2174 2491 2485 2563 imperium
2521 2492 2640 2558 regi
2671 2509 2801 2558 suo,

1828 2596 1831 2599 '
1897 2591 1954 2642 et
1985 2580 2332 2641 sublimabit
2361 2596 2541 2635 cornu
2575 2579 2789 2636 Christi
2821 2583 2935 2638 sui.

1827 2677 1896 2733 Et
1926 2674 2071 2730 abiit
2100 2671 2316 2727 Elcana
2356 2669 2644 2725 Ramatha
2693 2670 2750 2724 in
2806 2672 3043 2730 domum
3076 2694 3242 2733 suam
3279 2696 3292 2735 :
3330 2698 3474 2753 puer

1831 2769 2024 2820 autem
2057 2764 2181 2818 erat
2210 2757 2477 2814 minister
2507 2759 2561 2812 in
2588 2767 2901 2831 conspectu
2939 2765 3165 2820 Domini
3220 2775 3356 2825 ante
3390 2771 3473 2824 fa-

1831 2853 1979 2909 ciem
2015 2849 2134 2906 Heli
2166 2847 2508 2904 sacerdotis.
2543 2847 2630 2919 [T.
2666 2848 2756 2919 V.]
2793 2855 2967 2906 Porro
3002 2852 3100 2907 ﬁlii
3153 2855 3305 2926 Heli,
3369 2857 3473 2912 filii

1833 2939 2376 3007 Belial,nescientes
2435 2936 2744 2992 Dominum
2779 2955 2967 3010 neque
2997 2941 3256 2999 officium
3290 2963 3477 3002 sacer-

1835 3032 2041 3087 dotum
2065 3029 2136 3084 ad
2192 3026 2476 3100 populum
2518 3045 2532 3094 ;
2568 3025 2668 3082 sed
2721 3027 3061 3102 quicunque
3107 3031 3478 3092 immolasset

1834 3120 2156 3186 victimam,
2187 3114 2455 3172 veniebat
2497 3131 2638 3186 puer
2682 3117 3024 3189 sacerdotis,
3075 3121 3215 3178 dum
3263 3140 3479 3197 coque-

1841 3213 2045 3264 rentur
2073 3223 2300 3273 carnes,
2325 3204 2651 3260 ethabebat
2680 3205 3032 3264 fuscinulam
3065 3211 3375 3270 tridentem
3418 3215 3477 3270 in

1840 3332 2150 3406 speciebus
2194 3329 2548 3406 edisserens,
2609 3330 2727 3386 haec
2784 3332 3050 3406 deep/ia
3106 3335 3481 3395 Hebraeorum

1838 3401 2128 3459 scribebat
2161 3419 2173 3457 :
2207 3423 2233 3450 ‹‹
2269 3401 2509 3479 Decima
2536 3418 2672 3479 pars
2703 3403 2821 3479 cori
2878 3401 2951 3479 inf
2997 3406 3091 3462 his
3133 3425 3263 3479 qua:
3287 3412 3482 3468 modio

1841 3479 2290 3538 mensurantur,
2323 3472 2652 3546 appellatur
2693 3474 2862 3546 epha,
2898 3477 2953 3531 id
2989 3485 3077 3533 est
3108 3472 3224 3536 tr'es
3256 3484 3434 3538 modii
3472 3501 3487 3540 ε

1840 3554 1898 3603 et
1929 3547 2157 3602 decima
2190 3561 2325 3620 pars
2356 3545 2473 3600 cori
2510 3545 2906 3620 ingspeciebus
2939 3547 3202 3620 liquidis,
3245 3560 3488 3610 vocatur

1840 3621 2016 3697 batus
2039 3620 2171 3697 sive.
2191 3617 2420 3696 vadus:
2457 3621 2513 3697 et
2540 3617 2817 3697 ejusdem_
2841 3617 3113 3697 mensura
3143 3624 3219 3678 sit
3247 3626 3399 3697 epha
3427 3633 3488 3683 et

1842 3692 2042 3766 batus.
2069 3712 2096 3766 ξ)
2129 3687 2322 3743 Unum
2365 3688 2561 3766 _i.:1tur
2593 3689 2747 3766 Iepha
2790 3690 3010 3766 farina,
3044 3695 3156 3750 tria
3180 3687 3332 3763 sata,
3365 3701 3471 3766 vel,

1842 3763 1997 3833 quod
2031 3762 2192 3835 idem
2207 3766 2325 3835 est,
2358 3758 2697 3835 tresdt‘arinaa
2726 3762 2952 3835 modios
2974 3758 3242 3835 capiebat
3275 3784 3287 3822 :
3320 3758 3477 3824 unus

1843 3830 2036 3908 autem
2067 3832 2296 3886 modius
2324 3837 2439 3885 tres
2469 3830 2725 3908 decimas
2757 3832 2981 3908 habuit,
3017 3830 3164 3908 quas
3195 3838 3253 3892 in
3302 3839 3483 3894 sacri-

1844 3905 1989 3977 ficiis
2023 3908 2418 3977 necesseerat
2449 3902 2638 3977 oilerri
2674 3919 2775 3974 per
2792 3902 3057 3977 singulos
3080 3910 3313 3966 vitulos.
3336 3911 3482 3967 Hinc

1843 3975 2174 4053 colligimus
2204 3973 2359 4053 falso.
2382 3973 2705 4053 ascriptum
2736 3973 2917 4053 fuisse
2947 3978 3004 4033 S.
3060 3979 3287 4036 Doctori
3336 3999 3484 4053 opus

1843 4043 2658 4123 Traditionum‘llebraicarunt
2685 4047 2958 4123 inlibros
2996 4054 3239 4123 Regum,
3273 4053 3328 4107 in
3366 4043 3483 4123 quo

1841 4125 1960 4174 tam
1994 4119 2296 4192 contrariae
2337 4117 2528 4172 verbis
2550 4117 2736 4187 ipsius
2759 4117 3486 4192 llierouymiinvenluntur

1843 4190 2164 4262 sententiae.
2200 4189 2469 4262 Fatemur
2492 4194 2687 4262 tamen
2715 4206 2782 4244 su
2794 4189 3023 4262 pposito
3043 4196 3261 4251 auctori
3283 4200 3484 4252 nostro

1843 4259 2196 4332 exemplaria
2217 4261 2484 4331 quaedam
2519 4259 2731 4336 scripta
2764 4259 2849 4316 ac
2879 4263 3036 4318 edita
3079 4267 3310 4336 penitus
3355 4283 3484 4324 esse

1843 4331 2232 4388 consentanea
2264 4347 2276 4386 :
2308 4347 2422 4385 non
2464 4331 2621 4404 enim
2676 4331 2880 4404 legunt
2935 4341 2990 4391 et
3046 4331 3224 4393 tribus
3281 4340 3480 4394 modiis

1838 4407 2065 4480 farinae;
2090 4405 2215 4480 sed,
2241 4408 2306 4480 ut
2323 4404 2450 4474 jam
2472 4402 2835 4480 dicebamus,
2859 4416 2908 4462 et
2926 4424 3034 4463 uno
3051 4408 3232 4465 modio
3245 4411 3480 4480 farina,

1839 4476 1989 4552 Quin
2015 4484 2072 4531 et
2099 4479 2276 4548 Syrus
2295 4475 2583 4544 interpres
2605 4474 2713 4530 hoc
2735 4477 2932 4552 ipsum
2955 4474 3281 4552 exprimere
3302 4474 3488 4538 voluit

1840 4547 2064 4618 dicens,
2089 4556 2310 4609 NHDDH
2361 4557 2484 4607 mn
2526 4557 2723 4606 suam
2762 4547 2956 4606 usatho
2985 4547 3124 4607 hado
3155 4554 3476 4623 decamhho,

126 4619 394 4705 inmutato:
423 4615 654 4705 septem,
695 4627 745 4673 et
789 4617 888 4705 lin.
916 4615 1209 4688 sacriﬁciis
1254 4633 1472 4705 .eorulm,
1527 4615 1725 4705 simila

1843 4635 1897 4690 id
1929 4615 2111 4704 est,tet
2140 4639 2280 4691 stato
2310 4650 2417 4689 uno
2445 4633 2675 4705 farina}.
2711 4638 2991 4695 Ceterum
3023 4642 3284 4698 conferat
3305 4615 3489 4698 lector

127 4685 224 4761 oleo
265 4685 568 4761 conspersae
617 4685 726 4745 tres
769 4689 1016 4746 decima:
1064 4685 1162 4759 per
1216 4690 1462 4757 singulos
1512 4689 1732 4754 situlos,

125 4757 241 4814 dua:
288 4757 529 4818 decimas
581 4777 680 4831 per
734 4763 988 4829 arietem,
1046 4757 1220 4815 unam
1291 4763 1554 4814 decimam
1636 4776 1738 4830 per

125 4844 302 4896 agnum
331 4834 520 4903 (Num.
543 4849 696 4898 xxxx,
738 4832 880 4899 1-4).
922 4833 1052 4888 Hinc
1077 4849 1208 4888 vero
1229 4832 1476 4896 decima,
1507 4831 1736 4887 decima

130 4916 240 4966 pars
265 4904 575 4977 eratephi.
609 4903 778 4960 Unde
809 4904 982 4977 datur
1032 4903 1276 4977 intelligi
1326 4904 1478 4977 quod
1523 4903 1735 4977 Eleans

127 4985 219 5052 non
247 4975 525 5052 obtulerit
553 4983 668 5052 tres
702 4976 928 5052 modios
963 4975 1156 5052 farinae
1197 4991 1328 5030 cum
1362 4975 1550 5052 tribus
1581 4975 1736 5052 vitu-

127 5041 321 5117 lis,sed
356 5063 566 5103 novem
595 5047 884 5112 decimas;
948 5048 1185 5117 quibus,
1245 5047 1569 5101 secundum
1619 5045 1733 5100 He-

127 5112 352 5192 braicam
387 5135 923 5192 mensuram,unus
953 5112 1204 5192 et'ticitu'r
1234 5117 1388 5192 ephi.
1419 5140 1439 5165 ι
1469 5121 1552 5192 Ita
1569 5124 1733 5192 vetus

125 5184 204 5262 ille
228 5191 497 5262 scriptor,
534 5206 637 5245 nec
677 5184 910 5245 indocte
954 5191 1215 5262 quidem,
1265 5184 1315 5244 si
1368 5187 1735 5262 meminisset

127 5254 492 5332 {labraorum'
534 5271 681 5332 nam
731 5268 890 5332 epha,
939 5254 1132 5317 tribus
1183 5262 1346 5325 satis,
1388 5261 1508 5314 sive
1543 5261 1733 5332 tribus

127 5325 370 5405 Romanis
402 5331 620 5388 modiis
653 5325 933 5405 aqualem
982 5333 1164 5388 fuisse
1213 5347 1577 5405 mensuram:
1616 5331 1733 5405 Hoc

121 5412 260 5456 verus
279 5403 664 5476 Hieronymus
685 5403 958 5475 espresse
990 5405 1158 5460 docet
1179 5420 1381 5476 cap,"
1415 5403 1514 5457 lib.
1551 5403 1729 5476 Ruth.

119 5483 238 5547 vers.
269 5475 351 5540 17,
373 5477 472 5530 ubi
496 5473 927 5545 interpretatur
951 5493 964 5532 :
993 5477 1055 5531 Et
1086 5490 1216 5547 qua?
1244 5473 1555 5547 eoliegerat
1575 5473 1736 5545 virga

117 5544 290 5598 (ra-lem
315 5553 368 5602 et
397 5544 704 5618 exeruiens,
737 5550 952 5602 invenit
980 5544 1174 5603 hordei
1224 5544 1403 5618 quasi
1427 5545 1556 5616 ephi
1586 5544 1734 5618 men-

121 5627 300 5683 suram,
334 5618 387 5690 id
415 5625 651 5687 emeres
701 5620 949 5690 modios.
997 5621 1160 5674 Libro
1217 5617 1451 5690 quoque
1507 5617 1734 5673 decimo

121 5688 915 5771 quarto‘gommentariorum
937 5689 997 5746 in
1046 5688 1572 5771 Esechielem-(cap.
1605 5706 1731 5771 any,

124 5771 239 5814 em.
273 5760 380 5833 1ο),
404 5777 718 5822 mensuras
746 5767 870 5822 tam
899 5763 962 5822 in
983 5763 1188 5836 aridis,
1205 5778 1383 5836 quam
1403 5759 1464 5820 in
1489 5759 1733 5833 liquidis

1846 4709 2148 4763 studiosus
2179 4711 2366 4785 totum
2397 4705 2552 4785 hunc
2569 4705 2768 4785 locum
2795 4726 2924 4766 cum
2951 4711 3024 4767 iis
3055 4730 3184 4784 quze
3213 4712 3492 4785 leguntur

1845 4795 2193 4858 cap_..xxx1x,
2227 4779 2534 4858 (aerari-li).
2568 4782 2979 4858 Numerorum,
3013 4779 3232 4858 etcum
3268 4779 3487 4858 margi-

1845 4848 2077 4906 nalibus
2110 4848 2352 4905 schOliis
2383 4848 2632 4906 Canonis
2684 4851 2856 4908 Hebr.
2917 4857 3081 4910 verit.
3116 4857 3225 4914 col.
3266 4848 3488 4921 183,vut

1845 4939 1960 4978 non
1992 4921 2610 4996 improbabilesumat
2639 4933 3071 4996 argumentum
3119 4931 3190 4986 de
3236 4940 3483 4986 auctore

1843 4995 2186 5074 eorumdem
2217 4991 2598 5074 scholiorum,
2621 4991 2808 5074 deqiie
2835 4997 2976 5056 falso
3007 5001 3353 5074 Hieronymo
3385 5018 3486 5057 cu-

1837 5067 1937 5137 jus
1967 5067 2141 5120 verba
2163 5066 2288 5135 jam
2332 5063 2661 5121 recitamns.
2699 5063 2882 5124 MART.

1915 5162 1936 5196 ³
1971 5162 2170 5238 Veron.
2210 5179 2318 5216 ms.
2339 5177 2444 5238 ρον
2464 5177 2570 5238 pro
2591 5179 2789 5238 cornu,
2824 5169 2976 5238 quod
3007 5186 3075 5224 ne
3105 5168 3334 5238 lapsum
3363 5174 3486 5223 An-

1845 5235 2083 5306 tiquarii
2119 5239 2306 5307 putes,
2338 5233 2427 5307 ita
2469 5237 2526 5287 et
2556 5233 2612 5288 in
2647 5233 3218 5307 Recapitulationibas
3273 5241 3491 5294 lectum

1843 5305 1921 5381 ab
1948 5323 2013 5361 eo
2047 5305 2591 5381 animadvertimus.
2625 5309 2707 5381 Ad
2744 5305 2863 5364 hlec
2890 5311 3289 5381 anquissimus
3343 5310 3491 5368 alter

1844 5378 2198 5433 Veronensis
2232 5394 2340 5432 ms.
2375 5377 2476 5446 qui
2508 5379 2855 5435 Psalterium
2906 5377 3163 5436 continet
3209 5383 3400 5436 Graece
3433 5387 3492 5437 et

1843 5449 2066 5522 batine,
2094 5450 2188 5503 ubi
2222 5453 2278 5502 et
2309 5447 2602 5522 canticum
2623 5451 2732 5506 hoc
2765 5453 2820 5506 in
2857 5453 2968 5508 fine
2991 5453 3210 5517 subdit,
3235 5468 3327 5506 cor
3351 5470 3487 5522 prie-

1844 5519 1954 5574 fert
1986 5537 2086 5588 pro
2113 5537 2305 5576 cornu.
2338 5519 2647 5590 Repugnat
2679 5539 2810 5578 vero
2841 5529 3052 5589 textus,
3088 5519 3484 5592 librique—alii

1845 5607 2072 5648 0111088.

1915 5689 1936 5723 ³
1969 5689 2033 5744 In
2065 5687 2198 5765 aliis
2225 5687 2416 5765 libris,
2449 5685 2689 5745 Suscitat
2715 5707 2748 5746 a
2779 5699 2928 5747 terra
2955 5708 3274 5765 pauperem,
3315 5697 3371 5751 et
3421 5696 3487 5756 de

1844 5769 2084 5818 stercore
2111 5759 2280 5830 erigit
2309 5760 2542 5832 inapem.
