3982 6178
462 414 571 468 615

1491 414 1554 464 8.
1595 411 2006 466 HIERONYMI
2047 407 2300 464 DIVINA
2337 409 2836 466 BIBLIOTHEGA.

3708 423 3798 478 616

469 558 648 596 manu
681 556 812 608 sua,
844 543 899 595 et
931 536 1194 594 mittebat
1232 553 1360 592 eam
1411 535 1683 603 lebetem,
1733 534 1819 593 vel
1866 535 1926 590 in
1984 533 2103 590 cal-
2136 534 2188 601 Α
2220 533 2433 590 domus
2467 535 2650 607 patris
2684 536 2790 604 tui,
2826 539 2892 590 ut
2925 553 3038 592 non
3066 537 3141 594 sit
3163 554 3335 596 senex
3363 539 3418 595 in
3439 540 3596 598 domo
3623 547 3724 600 tua.
3746 551 3797 602 Et

466 629 717 699 dariam,
767 630 868 682 aut
914 627 972 681 in
1004 625 1204 693 ollam,
1238 624 1356 681 sive
1382 625 1441 680 in
1474 625 1757 681 cacabum
1795 642 1808 681 :
1841 629 1898 680 et
1936 640 2107 679 omne

465 719 620 790 quod
656 717 885 774 levabat
921 713 1237 781 l‘uscinula,
1271 714 1522 770 tollebat
1551 714 1824 770 sacerdos
1852 713 1983 770 sibi.
2014 713 2107 768 Sic

458 806 748 862 faciebant
775 803 1043 860 universo
1069 803 1262 859 lsraeli
1285 803 1646 859 venientium
1681 803 1739 858 in
1769 803 2103 859 Silo.Etiam

464 900 779 968 antequam
814 893 1114 950 adolerent
1143 892 1399 964 adipem,
1431 893 1700 948 veniebat
1732 909 1876 965 puer
1904 908 2101 948 sacer-

461 985 636 1053 dotis,
669 989 725 1038 et
756 983 984 1038 dicebat
1014 980 1341 1037 immolanti
1380 999 1392 1037 :
1432 986 1509 1036 Da
1543 981 1683 1036 mihi
1727 997 1988 1046 carnem,
2041 984 2106 1036 ut

461 1090 704 1146 coquam
738 1070 1022 1128 sacerdoti
1048 1087 1060 1126 :
1089 1087 1204 1126 non
1225 1070 1380 1124 enim
1405 1070 1686 1142 accipiam
1715 1087 1749 1126 a
1778 1075 1834 1126 te
1866 1086 2101 1125 carnem
2136 1079 2150 1094 κ

461 1171 706 1232 coctam,
742 1163 841 1219 sed
896 1161 1159 1216 crudam.
1224 1159 1575 1232 Dicebatque
1607 1159 1692 1214 illi
1738 1158 2050 1215 immolans
2083 1176 2096 1214 :

463 1253 816 1309 Incendatur
847 1250 1136 1323 primum‘
1160 1249 1330 1319 juxta
1353 1266 1572 1305 morem
1605 1249 1778 1304 hodie
1812 1249 2012 1321 adeps,
2047 1252 2102 1304 et

459 1343 597 1401 tolle
627 1344 730 1400 tibi
766 1346 1292 1415 quantumcunque
1323 1340 1619 1396 desiderat
1644 1340 1841 1396 anima
1867 1339 2098 1404 tua.Qui

459 1435 820 1506 respondens
869 1431 1060 1486 aiebat
1104 1429 1155 1485 ei
1207 1448 1219 1484 :
1270 1434 1652 1501 Nequaquam
1689 1447 1701 1486 :
1739 1445 1893 1484 nunc
1939 1430 2095 1484 enim

459 1525 651 1590 dabis,
684 1520 944 1594 alioquin
977 1517 1177 1574 tollam
1208 1518 1284 1572 vi.
1307 1518 1444 1574 Erat
1474 1534 1609 1590 ergo
1628 1530 1928 1590 peccatum
1957 1535 2094 1588 pue-

460 1631 659 1673 rorum
692 1611 913 1684 grande
943 1607 1118 1663 nimis
1168 1623 1360 1662 coram
1412 1606 1662 1662 Domino
1712 1606 1851 1678 quia
1899 1607 2093 1663 detra-

458 1705 677 1761 hebant
705 1699 885 1772 [Vulg.
911 1697 1308 1766 retrahebant]
1340 1695 1609 1751 homines
1661 1695 1950 1751 sacrificio
1982 1702 2095 1752 Do-

458 1789 602 1846 mini
634 1785 871 1844 Samuel
903 1791 1092 1840 aulem
1151 1783 1531 1838 ministrabat
1587 1786 1721 1838 ante
1751 1782 1955 1838 faciem
1995 1785 2096 1839 Do-

456 1879 623 1944 mini,
658 1892 821 1950 puer,
852 1873 1149 1929 accinctus
1179 1872 1368 1943 epbod
1395 1871 1568 1926 lineo.
1593 1871 1670 1939 [T.
1696 1871 1812 1943 IV.]
1837 1871 1905 1974 Emt
1933 1871 2093 1974 tu‘ni-
2125 1909 2170 1974 Β

456 1985 583 2025 cam
621 1981 856 2040 parvam
893 1962 1140 2018 faciebat
1169 1961 1216 2016 ei
1252 1965 1578 2024 matersua,
1603 1977 1781 2032 quam
1816 1962 2094 2018 afferebat

453 2057 693 2116 statutis
725 2054 955 2121 diebus,
989 2051 1310 2106 ascendens
1341 2067 1473 2105 cum
1507 2050 1629 2106 viro
1657 2067 1784 2118 suo,
1805 2056 1866 2106 ut
1887 2051 2092 2106 immo-

453 2149 601 2204 laret
621 2143 874 2200 hostiam
909 2140 1250 2196 solemnem.
1285 2139 1354 2193 Et
1385 2139 1680 2194 benedixit
1710 2139 1832 2194 Heli
1868 2139 2090 2194 Elcanaa

455 2244 513 2294 et
570 2232 734 2290 uxori
795 2231 945 2300 ejus,
995 2227 1256 2300 dixitque
1315 2227 1490 2299 [Vulg.
1526 2228 1679 2284 addit
1710 2226 1783 2292 ei]
1820 2245 1831 2284 :
1866 2228 2093 2285 Reddat

453 2325 742 2382 Dominus
797 2320 897 2376 tibi
934 2334 1132 2373 semen
1193 2317 1262 2372 de
1314 2316 1561 2372 muliere
1622 2335 1708 2385 ac,
1740 2335 1843 2391 pro
1897 2319 2094 2374 fenore

455 2413 610 2487 quod
643 2407 1024 2466 commodasti
1057 2405 1324 2462 Domino.
1357 2407 1426 2461 Et
1464 2406 1734 2462 abierunt
1790 2407 1848 2462 in
1897 2406 2091 2462 locum

452 2517 652 2558 suum.
686 2497 958 2554 Visitavit
981 2511 1116 2567 ergo
1153 2494 1436 2550 Dominus
1460 2497 1686 2550 Annam
1722 2500 1778 2551 et
1808 2493 2094 2567 concepit,

453 2599 511 2650 et
541 2590 765 2665 peperit
792 2592 910 2643 tres
943 2584 1114 2655 ﬁlios,
1146 2589 1204 2640 et
1234 2585 1381 2640 duas
1417 2583 1585 2654 tilias,
1611 2591 1669 2641 et
1687 2586 2094 2656 magniﬁcatus

453 2687 542 2740 est
572 2697 717 2753 puer
745 2675 982 2734 Samuel
1015 2675 1169 2748 apud
1201 2673 1538 2730 Dominum.
1587 2674 1708 2731 Heli
1745 2680 1938 2730 autem
1973 2680 2096 2731 erat

452 2787 630 2828 senex
656 2767 843 2834 valde,
867 2770 925 2821 et
945 2764 1167 2820 audivit
1199 2765 1397 2819 omnia
1416 2780 1543 2835 quae
1567 2763 1854 2819 faciebant
1882 2763 1981 2818 filii
2001 2764 2091 2820 sui

453 2861 725 2918 universo
775 2853 975 2912 Israeli
1021 2871 1033 2909 :
1075 2858 1131 2909 et
1183 2854 1476 2926 quomodo
1535 2853 1901 2909 dormiebant
1957 2871 2091 2910 cum

453 2951 825 3018 mulieribus,
865 2963 991 3017 quae
1020 2944 1410 3000 observabant
1441 2944 1511 2998 ad
1559 2944 1777 2998 ostium
1832 2944 2096 3000 taberna-

457 3041 594 3105 culi,
628 3043 685 3094 et
715 3036 859 3092 dixit
889 3034 972 3089 eis
1006 3049 1018 3087 :
1054 3032 1241 3096 Quare
1284 3031 1470 3086 facitis
1523 3049 1613 3087 res
1661 3032 2094 3104 hujuscemodi,

452 3147 602 3202 quas
632 3143 736 3199 ego
767 3123 939 3181 audio
963 3138 1054 3177 res
1077 3121 1384 3194 pessimae,
1418 3121 1488 3176 ab
1523 3122 1680 3176 omni
1714 3121 1959 3195 populo?
1987 3123 2096 3179 No-

450 3219 574 3289 lite,
610 3216 714 3271 filii
766 3213 916 3269 mei:
945 3229 1058 3266 non
1085 3211 1240 3266 enim
1281 3216 1369 3265 est
1401 3210 1552 3265 bona
1576 3210 1753 3278 fama,
1778 3229 1955 3284 quam
1988 3229 2094 3284 ego

2216 621 2439 678 videbis
2477 623 2729 680 aasulum
2760 627 2970 681 tuuma
3034 626 3091 681 in
3151 627 3380 700 templo,
3437 627 3492 683 in
3546 632 3790 692 universis

2217 712 2515 783 prosperis
2540 713 2739 782 Israel,
2772 718 2828 769 et
2873 731 2989 770 non
3021 714 3131 771 erit
3188 733 3358 773 senex
3386 717 3547 774 domo
3574 723 3666 777 tua
3689 739 3794 779 om-

2217 801 2392 857 nibus
2425 802 2651 858 diebus.
2685 807 3108 860 Verumtamen
3142 823 3254 862 non
3304 807 3550 864 auferam
3601 812 3793 882 penitus

2217 889 2404 946 virum
2438 907 2504 946 ex
2533 895 2590 947 te
2619 892 2690 947 ab
2724 892 2891 948 altari
2928 910 3053 950 meo
3087 912 3099 949 :
3135 896 3234 950 sed
3267 894 3346 967 [h.
3399 914 3504 952 non
3548 897 3720 970 habet]
3743 906 3793 956 ut

2214 978 2488 1035 deﬁciant
2537 981 2689 1036 oculi
2734 983 2841 1053 tui,
2873 987 2931 1037 et
2961 982 3220 1038 tabescat
3249 985 3440 1040 anima
3466 991 3578 1058 tua,
3613 993 3661 1043 et
3686 1006 3793 1061 pars

2213 1085 2429 1141 magna
2453 1069 2665 1126 domus
2688 1074 2801 1126 tuae
2825 1070 3128 1144 morietur,
3159 1089 3290 1148 cum
3341 1075 3410 1130 ad
3442 1075 3663 1132 virilem
3687 1084 3792 1135 eta-

2213 1161 2598 1233 temvenerit.
2628 1161 2740 1216 Hoc
2772 1165 2964 1217 autem
2999 1163 3110 1218 erit
3139 1161 3243 1219 tibi
3275 1163 3498 1237 signum
3522 1167 3660 1239 quod
3679 1184 3791 1224 ven-

2214 1250 2413 1302 turum
2438 1249 2668 1305 duobus
2703 1249 3006 1319 ﬁliistuis,
3040 1250 3230 1323 Ophni
3253 1256 3308 1308 et
3341 1252 3608 1310 Pbinees:
3637 1255 3688 1311 in
3720 1257 3793 1313 die

2211 1351 2329 1390 una
2352 1337 2678 1393 morientur
2698 1338 2892 1393 ambo.
2914 1339 2985 1394 Et
3003 1340 3302 1397 suscitabo
3321 1341 3460 1397 mihi
3481 1344 3792 1401 sacerdotem

2211 1425 2462 1494 fidelem,
2489 1426 2590 1498 qui
2614 1430 2783 1498 juxta
2813 1444 2912 1484 cor
2941 1445 3136 1484 meum
3169 1435 3226 1486 et
3256 1429 3505 1488 animam
3536 1449 3703 1489 meam
3729 1433 3794 1490 fa-

2206 1513 2338 1582 ciat,
2372 1520 2428 1571 et
2457 1516 2755 1572 aedificabo
2788 1517 2852 1572 ei
2884 1518 3125 1574 domum
3156 1518 3405 1588 fidelem,
3432 1525 3485 1576 et
3512 1521 3791 1578 ambulabit

2205 1603 2287 1676 [h.
2316 1609 2374 1660 et
2399 1605 2735 1677 ambulabo]
2757 1623 2952 1662 coram
2979 1607 3198 1664 christo
3223 1625 3349 1665 meo
3371 1612 3583 1666 cunctis
3603 1609 3792 1666 diebus.

2205 1697 2489 1749 Futurum
2524 1701 2611 1750 est
2664 1695 2817 1750 enim
2880 1699 2946 1751 ut
2997 1698 3333 1770 quicunque
3391 1699 3707 1754 remanserit
3745 1699 3790 1754 in

2206 1782 2380 1838 domo
2412 1787 2534 1852 tua,
2567 1783 2760 1840 veniat
2792 1788 2856 1840 ut
2886 1789 3084 1841 oretur
3112 1802 3216 1859 pro
3249 1803 3334 1855 eo,
3362 1790 3417 1843 et
3440 1789 3628 1844 otIerat
3654 1803 3792 1844 num-

2204 1887 2362 1927 mum
2425 1875 2788 1944 argenteum,
2851 1877 2908 1928 et
2960 1877 3172 1930 tortam
3233 1876 3400 1947 panis
3445 1875 3520 1946 [h.
3551 1875 3717 1932 veniat
3741 1879 3792 1931 ut

2201 1959 2403 2015 adoret
2425 1979 2581 2030 eum,
2605 1965 2661 2016 et
2683 1961 2929 2034 accipiat
2959 1963 3030 2018 ab
3056 1980 3122 2019 eo
3143 1980 3450 2020 nummum
3471 1970 3787 2038 argenteum,

2199 2053 2255 2103 et
2284 2053 2497 2104 tortam
2531 2051 2744 2121 panis],
2805 2051 3076 2123 dicatque
3102 2069 3115 2106 ε
3141 2052 3378 2108 Dimitte
3431 2070 3537 2119 me,
3566 2053 3788 2118 obsecro,

2199 2138 2271 2192 ad
2309 2155 2484 2192 unam
2519 2143 2739 2211 partem
2775 2140 3226 2208 sacerdotalem,
3261 2147 3325 2198 ut
3366 2143 3645 2198 comedam
3677 2141 3789 2196 buc-

2199 2225 2404 2281 cellam
2439 2229 2626 2298 panis.

2271 2315 2434 2386 [Cap.
2471 2316 2590 2386 lII.]
2615 2316 2762 2372 Puer
2791 2322 2986 2374 autem
3020 2317 3260 2376 Samuel
3309 2318 3660 2376 ministrabat
3701 2321 3792 2372 Do-

2202 2403 2363 2458 mino
2389 2421 2580 2459 coram
2632 2405 2783 2473 Heli,
2815 2410 2873 2461 et
2915 2423 3109 2464 sermo
3147 2408 3373 2464 Domini
3406 2414 3524 2465 erat
3550 2407 3798 2480 pretiosus

2200 2491 2260 2546 in
2287 2493 2496 2549 diebus
2529 2493 2668 2561 illis,
2703 2513 2818 2551 non
2850 2502 2975 2552 erat
3022 2497 3164 2552 visio
3219 2497 3524 2554 manifesta
3596 2497 3797 2552 Factum

2203 2586 2291 2637 est
2321 2599 2457 2655 ergo
2491 2582 2547 2639 in
2581 2584 2674 2640 die
2697 2585 2947 2657 quadam
2975 2585 3094 2641 Heli
3128 2587 3369 2658 jacehat
3391 2588 3446 2642 in
3485 2586 3599 2642 loco
3621 2600 3730 2652 suo,
3756 2585 3802 2638 et

2203 2671 2355 2726 oculi
2409 2673 2536 2744 ejus
2565 2673 2984 2747 caligaverant,
3020 2692 3123 2732 nec
3155 2681 3386 2749 poterat
3414 2675 3597 2731 videre
3638 2672 3798 2728 lucer-

2204 2776 2338 2816 nam
2364 2760 2462 2816 Dei
2495 2765 2810 2834 antequam
2840 2763 3318 2836 exstingueretur
3347 2764 3427 2835 [h.
3451 2769 3504 2820 et
3531 2768 3801 2832 antequam

2203 2848 2440 2906 lucerna
2463 2849 2560 2907 Dei
2585 2852 3097 2926 exstingueretur].
3120 2853 3360 2911 Samuel
3386 2857 3572 2910 autem
3596 2849 3803 2906 dormie-

2204 2939 2304 2994 bat
2335 2939 2392 2995 in
2426 2940 2644 3013 templo
2673 2941 2928 3010 Domini,
2962 2941 3061 2997 ubi
3089 2948 3216 2998 erat
3249 2960 3382 2999 arca
3437 2941 3546 2997 Dei.
3576 2942 3639 2996 Et
3665 2953 3804 2994 voca-

2202 3029 2286 3084 vit
2316 3029 2598 3085 Dominus
2647 3029 2883 3086 Samucl
2946 3031 3030 3100 [T.
3064 3032 3244 3105 VIII.]
3302 3032 3406 3097 Qui
3466 3029 3803 3103 respondens,

2203 3118 2282 3173 ait
2315 3136 2327 3173 :
2365 3119 2505 3174 Ecce
2534 3135 2660 3191 ego.
2695 3120 2762 3174 Et
2792 3120 3056 3176 cucurrit
3086 3121 3158 3176 ad
3192 3121 3344 3190 Heli,
3387 3125 3442 3175 et
3489 3119 3654 3175 dixit:
3685 3117 3801 3172 Ecce

2203 3225 2308 3280 ego
2343 3225 2355 3262 :
2387 3208 2604 3263 vocasti
2637 3209 2792 3263 enim
2847 3225 2958 3265 me.
2994 3209 3102 3275 Qui
3135 3210 3288 3265 dixit
3320 3227 3332 3266 :
3360 3210 3480 3266 Non
3512 3205 3709 3270 vocavi,
3737 3218 3803 3258 re-

449 3277 646 3375 aud’io,
679 3310 744 3359 ut
767 3299 1091 3374 transgredi
1129 3299 1352 3354 faciatis
1394 3300 1674 3372 populum
1728 3277 1980 3358 Domini.
2023 3277 2090 3358 Si
2123 3277 2164 3344 Ε
2203 3277 2442 3364 vertere,
2475 3297 2684 3353 dormi.
2724 3299 2789 3353 Et
2820 3298 2987 3367 abiit,
3049 3305 3105 3354 et
3163 3299 3459 3356 dormivit.
3519 3298 3582 3353 Et
3625 3291 3804 3365 adjecit

451 3392 774 3467 peccaverit
802 3390 888 3445 vir
914 3391 973 3445 in
997 3387 1208 3454 virum,
1245 3387 1460 3459 placari
1495 3388 1543 3443 ci
1579 3395 1767 3460 potest
1804 3390 1959 3446 Deus
1994 3407 2005 3447 :
2040 3393 2090 3448 si

453 3490 646 3540 autem
681 3482 740 3538 in
772 3479 1087 3537 Dominum
1108 3477 1429 3550 peccaverit
1459 3476 1564 3546 vir,
1590 3478 1726 3548 quis
1771 3481 1957 3535 orabit
1988 3497 2090 3552 pro

452 3574 549 3630 eo?
572 3574 638 3629 Et
668 3588 780 3628 non
814 3569 1132 3626 audierunt
1161 3583 1356 3622 vocem
1402 3567 1585 3638 patris
1615 3567 1706 3623 sui
1739 3569 1878 3639 quia
1909 3569 2093 3625 voluit

450 3663 738 3719 Dominus
769 3657 1031 3714 occidere
1054 3659 1336 3712 eos.Puer
1356 3659 1549 3709 autem
1574 3653 1807 3711 Samuel
1831 3657 2091 3728 proﬁcie-

450 3753 564 3819 bat,
599 3756 768 3820 atque
789 3746 1107 3813 crescebat,
1133 3743 1477 3816 etplacebat
1495 3749 1613 3800 tam
1652 3743 1898 3802 Domino
1913 3763 2090 3818 quam

451 3838 816 3897 hominibus.
861 3831 948 3898 [T.
992 3833 1132 3905 VIl.]
1164 3832 1338 3888 Venit
1377 3835 1569 3888 autem
1599 3832 1687 3888 vir
1712 3833 1805 3890 Dei
1841 3835 1909 3889 ad
1948 3835 2090 3908 lleli,

446 3935 502 3987 et
534 3929 615 3985 ait
639 3928 710 3984 ad
743 3941 878 3982 eum
913 3941 927 3979 :
961 3923 1090 3980 Haec
1121 3921 1264 3978 dicit
1294 3921 1577 3977 Dominus
1613 3939 1626 3978 :
1665 3921 1948 3994 Nunquid
1975 3942 2089 3982 non

449 4023 646 4091 aperte
671 4013 964 4071 revelatus
995 4028 1126 4068 sum
1159 4012 1360 4066 domui
1393 4011 1577 4082 patris
1597 4012 1705 4080 tui,
1733 4029 1866 4068 cum
1893 4018 2091 4071 essent

450 4108 506 4161 in
543 4107 784 4178 IEgypto
815 4103 868 4157 in
903 4103 1077 4157 domo
1137 4099 1499 4156 Pharaonis?
1550 4101 1618 4156 Et
1667 4100 1811 4174 elegi
1845 4119 1980 4159 eum
2023 4121 2092 4160 ex

449 4197 728 4251 omnibus
761 4193 1034 4249 tribubus
1090 4193 1266 4247 Israel
1329 4189 1469 4246 mihi
1515 4189 1574 4245 in
1607 4192 1994 4266 sacerdotem,
2028 4199 2093 4250 ut

450 4285 786 4340 ascenderet
814 4283 882 4338 ad
917 4280 1098 4336 altare
1121 4295 1338 4348 meum,
1359 4283 1417 4334 et
1442 4277 1694 4336 adoleret
1725 4281 1870 4336 mihi
1894 4281 2093 4340 incen-

450 4390 608 4439 sum,
641 4377 699 4428 et
733 4375 988 4443 portaret
1016 4369 1204 4441 epbod
1237 4385 1431 4423 coram
1467 4385 1580 4434 me,
1610 4377 1663 4424 et
1709 4369 1840 4424 dedi
1891 4371 2092 4428 domui

450 4461 632 4535 patris
661 4461 745 4516 tui
770 4459 968 4516 omnia
988 4459 1058 4514 de
1081 4457 1385 4513 sacriﬁciis
1408 4456 1661 4513 ﬁliorum
1689 4458 1884 4514 Israel.
1906 4460 2095 4524 Quare

446 4551 608 4606 calce
639 4549 895 4620 abjicitis
956 4548 1140 4620 [Vulg.
1174 4545 1494 4616 abjecistis]
1529 4545 1824 4602 victimam
1882 4565 2090 4621 meam,

2202 3386 2702 3442 Dominusvocare
2727 3404 2960 3443 rursum
2986 3388 3344 3445 Samuelem.
3363 3389 3805 3459 Consurgensquc

2203 3475 2460 3547 Samuel,
2483 3476 2627 3531 abiit
2648 3477 2717 3531 ad
2746 3476 2893 3547 Heli,
2927 3481 2985 3532 et
3007 3477 3156 3533 dixit
3185 3496 3198 3535 :
3234 3480 3376 3535 Ecce
3399 3495 3524 3551 ego,
3574 3475 3695 3548 quia
3721 3487 3801 3526 vo-

2199 3565 2345 3620 casti
2380 3581 2492 3620 me.
2525 3564 2630 3628 Qui
2664 3565 2968 3637 respondit
3000 3583 3012 3621 :
3046 3566 3171 3622 Non
3235 3567 3434 3624 vocavi
3483 3572 3556 3638 te,
3605 3562 3674 3620 tili
3704 3558 3766 3617 mi
3795 3572 3804 3611 :

2198 3658 2481 3709 revertere
2513 3653 2723 3710 dormi.
2787 3654 2960 3710 Porro
3014 3655 3255 3713 Samuel
3320 3656 3568 3712 necdum
3615 3650 3802 3708 sciebat

2199 3727 2734 3814 Doiminum,neque
2756 3743 3048 3801 revelatus
3077 3745 3270 3802 fuerat
3292 3746 3340 3802 ei
3367 3760 3554 3802 sermo
3591 3735 3808 3798 Domini.

2199 3836 2265 3888 Et
2295 3833 2507 3904 adjecit
2536 3838 2846 3901 Dominus,
2869 3839 2925 3890 et
2946 3835 3172 3890 vocavit
3193 3835 3376 3891 adhuc
3407 3834 3486 3907 [h.
3519 3849 3626 3889 non
3649 3826 3810 3896 habet]

2200 3920 2532 3976 Samuelem
2569 3921 2754 3978 tertio.
2779 3923 2884 3988 Qui
2917 3939 3309 3997 consurgens,
3336 3925 3479 3980 abiit
3509 3923 3574 3978 ad
3607 3918 3736 3982 Heli,
3758 3918 3805 3970 et

2201 4012 2284 4066 ait
2316 4028 2330 4066 :
2363 4011 2507 4066 Ecce
2538 4027 2664 4083 ego,
2697 4011 2836 4083 quia
2892 4014 3112 4069 vocasti
3176 4031 3292 4070 me.
3358 4009 3640 4070 Intellexit
3665 4005 3813 4079 igitur

2204 4099 2322 4155 Heli
2348 4099 2483 4171 quia
2513 4101 2798 4157 Dominus
2846 4107 3078 4158 vocaret
3127 4119 3405 4176 puerum,
3439 4106 3495 4158 et
3526 4100 3602 4156 ait
3630 4097 3692 4154 ad
3723 4094 3806 4149 Sa-

2203 4188 2454 4246 muelem
2489 4207 2503 4244 :
2537 4188 2718 4261 Vade,
2749 4191 2965 4259 dormi,
3001 4197 3058 4246 et
3088 4191 3139 4246 si
3170 4192 3451 4264 deinceps
3471 4184 3736 4246 vocaverit
3753 4185 3815 4249 te,

2203 4279 2362 4335 dices
2395 4296 2408 4334 :
2443 4280 2722 4352 Loquere,
2755 4281 3022 4352 Domine,
3074 4282 3214 4354 quia
3255 4283 3424 4339 audit
3451 4295 3644 4338 servus
3684 4281 3816 4330 tuus.

2202 4370 2360 4424 Abiit
2379 4386 2516 4442 ergo
2537 4369 2792 4441 Samuel,
2812 4376 2871 4426 et
2891 4371 3168 4427 dormivit
3193 4373 3251 4427 in
3280 4372 3408 4428 loco
3453 4387 3579 4428 suo.
3611 4367 3691 4440 [T.
3720 4361 3780 4419 IX
3801 4358 3816 4430 i

2206 4459 2272 4513 Et
2300 4458 2462 4514 venit
2491 4458 2798 4529 Dominus,
2820 4466 2878 4516 et
2922 4460 3104 4530 stetit,
3127 4466 3184 4517 et
3209 4463 3458 4529 vocavit,
3509 4461 3651 4515 sicut
3674 4467 3819 4508 voca-

2203 4551 2366 4601 verat
2395 4547 2675 4614 secundo,
2732 4545 2994 4618 Samuel,
3053 4547 3314 4605 Samuel.
3350 4552 3416 4604 Et
3463 4548 3543 4604 ait
3571 4535 3817 4601 Samuel:

450 4647 507 4695 et
541 4655 786 4694 munera
814 4655 939 4692 mea
963 4655 1085 4705 qum
1110 4634 1445 4708 praecipi,ut
1474 4634 1824 4692 oll'errentur
1853 4637 1913 4692 in
1946 4644 2092 4696 tem-
2123 4652 2171 4716 Ι)
2204 4637 2463 4706 Loquere
2498 4635 2689 4706 [Vulg.
2722 4635 2857 4691 add.
2925 4635 3222 4709 Domine].
3283 4638 3427 4709 quia
3475 4634 3634 4691 audit
3659 4637 3825 4716 servus

448 4729 570 4800 ple,
605 4734 660 4784 et
693 4728 882 4799 magis
915 4725 1249 4780 honorastis
1301 4722 1457 4778 ﬁlios
1490 4729 1622 4778 tuos
1681 4741 1859 4796 quam
1894 4743 2006 4794 me,
2043 4739 2108 4792 ut

448 4818 837 4875 comederetis
868 4815 1161 4889 primitias
1185 4815 1378 4868 omnis
1412 4814 1682 4869 sacrificii
1707 4815 1878 4870 Israel
1905 4821 2106 4892 populi

453 4908 565 4964 mei
591 4908 941 4978 iPropterea
970 4904 1053 4960 ait
1078 4901 1361 4959 Dominus
1393 4908 1540 4958 Deus
1568 4902 1743 4959 Israel
1777 4923 1789 4960 :
1827 4904 2107 4980 Loquens

444 5003 684 5072 locutus
709 4999 947 5061 sum,ut
969 4994 1179 5049 domus
1204 4999 1304 5047 tua
1325 4998 1380 5048 et
1399 4993 1611 5048 domus
1655 4994 1837 5064 patris
1864 4996 1947 5052 tui
1994 4999 2106 5054 mi-

453 5091 736 5142 nistraret
767 5087 827 5140 in
857 5088 1174 5156 conspectu
1206 5098 1336 5137 meo
1359 5098 1548 5153 usque
1570 5081 1626 5136 in
1652 5083 2104 5154 sempiternum.

455 5176 625 5232 Nunc
658 5179 855 5230 autem
887 5173 1027 5228 dicit
1057 5171 1344 5227 Dominus
1377 5188 1390 5227 :
1423 5171 1590 5225 Absit
1620 5171 1728 5226 hoc
1760 5190 1793 5228 a
1827 5190 1918 5229 me
1954 5192 1968 5231 :
2002 5177 2104 5233 sed

456 5265 799 5340 quicunque
827 5262 1237 5336 glorificaverit
1257 5277 1372 5329 me,
1405 5258 1744 5331 glorificabo
1776 5277 1909 5318 eum
1938 5283 1952 5334 ;
2003 5265 2105 5337 qui

450 5364 646 5413 autem
683 5356 1069 5412 contemnunt
1099 5366 1213 5421 me,
1245 5353 1416 5406 erunt
1443 5347 1750 5420 ignobiles.
1786 5354 1929 5409 Ecce
1979 5354 2105 5410 dies

451 5447 716 5512 veniunt,
746 5448 805 5500 et
825 5442 1137 5516 praecidam
1159 5437 1467 5496 brachium
1491 5441 1681 5504 tuum,
1715 5443 1771 5495 et
1792 5440 2103 5500 brachium

522 5664 540 5697 ί
577 5659 716 5716 God.
748 5656 1105 5730 Veronensis
1130 5654 1448 5730 proximum
1482 5668 1496 5708 :
1540 5652 1599 5710 in
1631 5650 1871 5713 Hebraao
1919 5672 2104 5730 neque

454 5731 565 5787 hoc
595 5735 702 5800 est,
735 5745 924 5801 neque
954 5728 1098 5785 illud
1127 5727 1396 5801 primum.

2221 4725 2454 4779 tuus.Et
2473 4725 2907 4780 dixitDominus
2928 4726 2997 4781 ad
3025 4726 3362 4782 Samuelem
3390 4743 3403 4783 :
3428 4727 3568 4782 Ecce
3589 4736 3685 4794 ego
3704 4713 3824 4774 facio

2217 4813 2457 4868 verbum
2483 4814 2542 4868 in
2567 4813 2943 4885 Israelzquod
2970 4815 3312 4888 quicunque
3333 4805 3826 4877 audierit,tinnieni

2219 4901 2406 4956 ambae
2421 4903 2826 4973 auresejus.ln
2852 4903 3062 4959 dieillo
3086 4887 3386 4960 suscitabo
3410 4905 3703 4959 adversum
3723 4887 3825 4950 Heli

2219 4991 2419 5046 omnia
2451 5008 2572 5060 quae
2604 4994 2834 5048 locutus
2865 5009 2992 5047 sum
3029 5009 3205 5064 super
3237 4994 3480 5049 domum
3509 4993 3674 5061 ejus:
3706 4979 3828 5038 inci-

2218 5079 2374 5150 piam
2408 5084 2464 5133 et
2494 5079 2820 5152 complebo.
2859 5080 3099 5136 Prmdixi
3141 5081 3292 5138 enim
3314 5081 3368 5137 ei
3393 5073 3829 5154 quodjudicatu-

2217 5186 2318 5224 rus
2349 5185 2538 5224 essem
2573 5170 2811 5224 domum
2845 5170 2974 5240 ejus
2996 5169 3055 5225 in
3081 5176 3367 5226 internum
3394 5158 3830 5242 propteriniqui-

2215 5262 2419 5325 tatem,
2455 5274 2520 5314 eo
2563 5257 2718 5329 quod
2756 5262 2996 5313 noverat
3044 5259 3285 5329 indigne
3333 5273 3502 5327 agere
3529 5254 3672 5311 lilios
3698 5259 3831 5310 suos,

2217 5352 2274 5402 ct
2302 5363 2418 5403 non
2479 5345 2985 5418 corripuit[Vulg.
3031 5346 3407 5420 corripuerit]
3468 5361 3587 5402 eos.
3644 5338 3832 5398 Idcirco

2207 5438 2404 5510 juravi
2437 5437 2638 5495 domui
2659 5436 2806 5508 Heli,
2833 5437 2992 5510 quod
3025 5453 3141 5494 non
3177 5432 3735 5510 expieturiniquitas
3753 5423 3837 5481 d0-

2289 5655 2311 5691 ³
2343 5654 2506 5712 Idem
2536 5669 2646 5710 ms.
2672 5668 2686 5708 :
2713 5651 2926 5709 Videbis
2959 5651 3209 5710 (Iratum
3234 5651 3517 5710 malum
3535 5643 3836 5717 memnto"

2217 5727 2374 5802 quod
2403 5725 2636 5782 videtur
2665 5723 2746 5798 pii
2771 5723 3121 5798 glossatoris
3150 5723 3639 5783 additamentum.
