3982 6178
180 344 274 397 617

1510 334 1721 388 LIBER
1758 336 1782 386 ι
1818 334 2198 389 BAMUELIS.

3453 336 3557 393 618

186 484 306 525 mus
334 465 455 536 ejus
484 461 735 519 victimis
762 468 818 517 et
838 458 1183 516 muneribus
1207 475 1389 530 usque
1410 458 1469 514 in
1491 461 1795 513 mternum.
1826 459 1879 524 Α
1912 456 2117 526 sthim,
2151 462 2209 513 et
2240 474 2426 515 caesus
2458 462 2546 515 est
2577 459 2777 526 Israel,
2802 462 2861 516 et
2892 460 3042 533 fugit
3066 459 3477 533 unusquisque
3500 462 3559 518 in

185 554 444 614 Dormivit
474 556 669 608 autem
698 550 935 607 Samuel
976 564 1161 621 usque
1208 565 1400 619 mane,
1453 546 1798 618 aperuitque

190 646 322 702 ostia
348 644 554 698 domus
585 641 839 696 Domini.
873 640 941 694 Et
970 638 1201 695 Samuel
1251 638 1498 703 timebat
1544 634 1803 691 indicare

188 733 449 789 visionem
493 730 641 785 Heli.
693 728 934 785 Vocavit
980 744 1116 800 ergo
1165 726 1290 781 Heli
1347 723 1704 792 Samuelem,
1749 724 1806 777 et

190 824 354 881 dixit;
385 819 725 883 Bamuelﬁli
759 820 859 875 mi.
881 818 988 883 Qui
1024 816 1406 888 respondens,
1438 814 1555 869 ait:
1592 814 1806 868 Prmsto

190 929 327 969 sum.
358 912 423 966 Et
455 908 832 981 interrogavit
860 923 991 964 eum
1020 922 1031 959 :
1066 905 1205 970 Quis
1231 910 1321 960 est
1364 920 1577 969 sermo,
1632 918 1803 973 quem

190 1001 399 1057 locutus
430 1003 519 1055 est
549 999 621 1054 ad
653 1002 708 1053 te
738 997 896 1066 [Vulg
926 995 1051 1051 add.
1086 992 1440 1063 Dominus]?
1470 1008 1570 1047 oro
1609 995 1686 1061 te,
1736 1007 1809 1046 ne

189 1090 447 1147 celaveris
481 1103 594 1144 me.
622 1090 753 1142 Haec
784 1084 957 1141 faciat
987 1082 1091 1138 tibi
1121 1083 1296 1150 Deus,
1344 1086 1402 1138 et
1448 1079 1569 1135 haec
1611 1079 1807 1145 addat,

189 1179 231 1235 si
260 1177 630 1234 absconderis
660 1192 693 1232 a
724 1190 815 1230 me
846 1188 1203 1238 sermonem,
1234 1187 1303 1227 ex
1323 1170 1599 1227 omnibus
1618 1168 1810 1224 verbis

190 1284 303 1340 quas
360 1266 511 1322 dicta
546 1268 686 1321 sunt
744 1263 869 1319 tibi.
904 1262 1186 1317 Indicavit
1240 1260 1439 1332 itaque
1466 1258 1517 1314 ei
1576 1255 1809 1313 Samuel

190 1357 471 1411 universos
501 1368 805 1410 sermones
838 1356 879 1423 ί,
907 1356 963 1407 et
1012 1368 1126 1406 non
1160 1347 1467 1405 abscondit
1497 1348 1569 1403 ab
1620 1363 1707 1402 eo.
1744 1350 1811 1402 Et

187 1445 272 1502 ille
302 1444 640 1516 respondit:
680 1443 961 1499 Dominus
994 1444 1119 1496 est:
1154 1439 1309 1510 quod
1358 1438 1579 1493 bonum
1612 1440 1702 1491 est
1748 1434 1807 1491 in

189 1534 357 1591 oculis
385 1532 534 1599 suis,
568 1531 759 1587 faciat.
793 1530 983 1587 Crevit
1012 1534 1209 1584 autem
1239 1524 1494 1595 Samuel,
1524 1530 1583 1580 et
1610 1524 1809 1580 Domi-

190 1641 288 1680 nus
315 1627 433 1679 erat
465 1638 601 1677 cum
632 1638 719 1687 eo,
749 1626 804 1677 et
835 1637 950 1675 non
979 1618 1192 1674 cecidit
1212 1634 1282 1674 ex
1306 1616 1581 1673 omnibus
1618 1613 1812 1671 verbis

188 1716 300 1784 ejus
329 1714 385 1768 in
414 1716 659 1768 terram.
690 1712 757 1766 Et
789 1710 1060 1782 cognovit
1083 1710 1391 1764 universus
1411 1704 1585 1762 Israel
1610 1722 1643 1761 a
1665 1704 1813 1759 Dan-

191 1819 356 1875 usque
386 1801 737 1902 Ber:Sabee,
762 1801 918 1899 quod
946 1798 1139 1903 ﬁdelis
1163 1795 1397 1853 Samuel
1420 1795 1703 1869 propheta
1724 1809 1813 1893 es-
1844 1836 1891 1903 Β

192 1897 266 1945 set
292 1889 544 1947 Domini.
577 1890 641 1945 Et
670 1889 898 1945 addidit
946 1887 1254 1955 Dominus,
1300 1890 1366 1941 ut
1408 1887 1712 1957 appareret
1754 1882 1813 1937 in

190 1980 310 2048 Silo,
340 1979 626 2051 quoniam
658 1976 946 2035 revelatus
990 1976 1179 2031 fuerat
1228 1974 1515 2031 Dominus
1559 1970 1814 2029 Samueli

194 2070 242 2123 in
271 2068 401 2137 Silo,
426 2069 607 2139 juxta
638 2066 877 2122 verbum
905 2064 1155 2120 Domini.
1192 2067 1256 2118 Et
1286 2063 1483 2118 evenit
1504 2076 1694 2117 sermo
1711 2064 1815 2115 Sa-

195 2158 383 2213 muelis
412 2157 691 2212 universo
724 2154 940 2211 Israeli.
973 2155 1065 2225 [T.
1094 2153 1159 2222 X,
1194 2153 1325 2223 Cap.
1360 2153 1477 2222 Ν]
1510 2154 1577 2205 Et
1598 2151 1814 2205 factum

194 2253 267 2302 est
289 2248 342 2302 in
368 2246 585 2301 diebus
617 2244 756 2311 illis,
785 2246 1182 2300 convenerunt
1210 2239 1548 2297 Pbilisthim
1598 2239 1655 2293 in
1708 2255 1814 2310 pu-

192 2350 342 2406 gnam
375 2336 394 2369 ²
420 2354 433 2391 :
459 2351 740 2407 egressus
771 2338 860 2389 est
890 2348 1141 2403 namque
1174 2329 1347 2385 Israel
1382 2329 1609 2384 obviam
1642 2327 1818 2382 Phili-

194 2422 346 2477 stbim
379 2425 435 2478 in
475 2422 765 2494 praelium,
797 2425 854 2477 et
884 2422 1333 2476 castrametatus
1364 2417 1639 2488 estjuxta
1670 2414 1815 2487 lapi-

193 2510 302 2566 dem
331 2510 828 2583 Adjutorii.Porro
859 2507 1195 2563 Philisthim
1220 2510 1503 2562 venerunt
1522 2504 1579 2561 in
1598 2504 1815 2577 Aphec,

192 2605 237 2655 et
264 2601 665 2663 instruxerunt
694 2599 876 2655 aciem
916 2602 1121 2653 contra
1170 2594 1366 2651 Israel.
1423 2594 1571 2649 Inito
1620 2598 1815 2649 autem

190 2691 510 2759 certamine,
543 2692 706 2760 terga
726 2689 897 2743 vertit
928 2684 1103 2741 Israel
1139 2683 1514 2753 Philisthazis,
1556 2687 1613 2738 et
1670 2698 1819 2737 caesa

192 2781 384 2835 suntin
414 2779 525 2835 illo
556 2776 874 2833 certamine
906 2774 1124 2846 passim
1150 2790 1252 2844 per
1272 2789 1461 2844 agros,
1488 2770 1657 2843 quasi
1681 2788 1820 2843 qua-

193 2872 305 2923 tuor
330 2868 518 2924 millia
548 2866 833 2921 virorum.
873 2864 942 2918 Et
991 2878 1259 2918 reversus
1306 2865 1395 2917 est
1443 2859 1697 2932 p0pulus
1744 2859 1817 2915 ad

197 2962 363 3013 castra
384 2976 397 3014 :
433 2957 831 3025 dixeruntque
861 2952 1115 3023 majores
1140 2955 1280 3006 natu
1302 2950 1374 3005 de
1391 2948 1567 3005 Israel
1593 2966 1605 3017 τ
1631 2949 1819 3013 Quare

198 3049 455 3117 percussit
486 3062 602 3102 nos
660 3042 940 3099 Dominus
971 3040 1144 3097 hodie
1186 3055 1383 3095 coram
1434 3038 1770 3093 Pbilisthim
1793 3036 1821 3092 ?

199 3134 493 3191 Atieramus
525 3134 603 3191 ad
637 3148 743 3188 nos
773 3131 844 3186 de
881 3129 1001 3186 Silo
1035 3144 1229 3185 arcam
1287 3126 1517 3183 fmderis
1564 3124 1818 3196 Domini,

1915 547 2361 603 tabernaculum
2395 562 2593 605 suum.
2629 550 2718 621 [T.
2752 550 2910 622 XII.]
2942 551 3012 607 Et
3052 552 3205 607 facta
3251 555 3343 607 est
3387 551 3563 623 plaga

1914 650 2130 707 magna
2162 636 2360 704 nimis,
2379 643 2435 694 et
2457 639 2795 695 ceciderunt
2818 640 2889 695 de
2912 639 3090 696 Israel
3112 640 3355 713 triginta
3377 640 3562 697 millia

1916 725 2201 793 peditum.
2240 725 2311 780 Et
2341 743 2475 783 arca
2507 727 2607 783 Dei
2639 733 2808 801 capta
2840 733 2966 785 est:
3001 729 3117 785 duo
3165 745 3399 801 quoque
3455 728 3561 784 ﬁlii

1918 811 2042 867 Heli
2076 815 2285 869 mortui
2316 822 2477 885 sunt,
2499 817 2693 889 Ophni
2715 822 2773 873 et
2795 817 3063 875 Phinees.
3089 818 3342 874 Currens
3363 821 3561 875 autem

1915 901 2006 956 vir
2034 903 2107 957 de
2140 903 2450 976 Benjamin
2474 922 2543 961 ex
2570 906 2715 972 acie.
2748 909 2911 963 venit
2934 907 2993 963 in
3042 907 3156 964 Silo
3203 908 3264 963 in
3322 907 3417 963 die
3463 906 3561 963 illo

1917 992 2102 1048 scissa
2130 999 2310 1061 veste,
2344 999 2400 1050 et
2431 1011 2783 1068 conspersus
2814 995 3048 1069 pulvere
3073 1001 3268 1068 caput.
3301 1001 3565 1067 Cumque

1915 1079 2014 1136 ille
2038 1082 2311 1150 venisset,
2346 1083 2467 1139 Heli
2498 1085 2737 1140 sedebat
2759 1101 2941 1157 super
2960 1084 3164 1141 sellam
3188 1089 3391 1141 contra
3409 1083 3565 1140 viam

1917 1176 2209 1242 spectans.
2248 1174 2385 1229 Erat
2416 1173 2571 1229 enim
2605 1191 2704 1231 cor
2734 1176 2866 1245 ejus
2897 1192 3112 1245 pavens
3145 1191 3247 1247 pro
3271 1190 3407 1229 arca
3439 1174 3563 1230 Dei.

1916 1258 2020 1314 Vir
2048 1266 2245 1317 autem
2279 1262 2376 1317 ille
2408 1268 2721 1335 postquam
2753 1264 3060 1335 ingressus
3108 1268 3219 1333 est,
3270 1262 3563 1319 nuntiavit

1918 1348 2071 1417 urbi,
2095 1355 2154 1406 et
2175 1350 2419 1407 ululavit
2442 1353 2635 1409 omnis
2658 1352 2882 1409 civitas.
2911 1353 2976 1408 Et
2998 1352 3218 1409 audivit
3235 1351 3362 1409 Heli
3410 1351 3569 1409 soni-

1919 1442 2043 1493 tum
2078 1438 2376 1508 clamoris,
2412 1441 2705 1514 dixitque:
2730 1442 2869 1506 Quis
2892 1448 2982 1499 est
2999 1440 3568 1498 hicsonitustumul-

1919 1531 2015 1583 tus
2046 1526 2226 1598 hujus
2248 1529 2276 1583 ‘I
2305 1534 2380 1585 At
2411 1529 2917 1597 ille_festinavit,et
2931 1531 3109 1600 venit,
3131 1535 3189 1587 et
3203 1530 3575 1587 annuntiavit

1922 1615 2070 1671 Heli.
2101 1615 2226 1672 Heli
2260 1622 2451 1673 autem
2487 1618 2964 1691 eratnnonaginta
2992 1626 3046 1675 et
3076 1624 3213 1683 octo
3254 1635 3568 1687 annorum,

1919 1708 1977 1759 et
2007 1704 2158 1760 oculi
2209 1706 2339 1777 ejus
2378 1706 2792 1779 oaligaverant,
2841 1714 2899 1764 et
2929 1708 3123 1765 videre
3154 1724 3269 1766 non
3322 1713 3569 1780 poterat,

1923 1792 1991 1848 Et
2017 1792 2163 1849 dixit
2193 1796 2263 1850 ad
2294 1794 2459 1851 Heli:
2493 1800 2611 1869 Ego
2658 1813 2789 1853 sum
2823 1798 2925 1868 qui
2957 1798 3085 1854 veni
3142 1798 3215 1854 de
3262 1796 3481 1869 praelia,
3511 1802 3571 1853 et

1924 1896 2030 1953 ego
2061 1882 2157 1954 qui
2190 1884 2261 1938 de
2292 1884 2414 1941 acie
2448 1885 2569 1957 fugi
2594 1884 2787 1951 hodie,
2812 1887 2914 1943 Cui
2938 1886 3035 1944 ille
3057 1887 3169 1943 ait:
3198 1887 3346 1954 Quid
3372 1890 3567 1943 actum

1923 1976 2034 2041 est,
2068 1971 2150 2026 fili
2184 1972 2319 2027 mi?
2359 1974 2739 2046 Respondeas
2788 1980 2984 2032 autem
3043 1976 3146 2049 qui
3201 1976 3515 2032 nuntiabat
3549 1993 3563 2033 :

1927 2060 2117 2133 Fugit,
2150 2060 2362 2134 inquit,
2398 2063 2575 2119 Israel
2618 2081 2814 2121 coram
2871 2064 3230 2135 Pbilisthim,
3288 2068 3346 2121 et
3396 2068 3568 2122 ruina

1924 2165 2140 2222 magna
2170 2151 2323 2207 facta
2352 2153 2521 2208 estin
2555 2152 2802 2225 populo:
2836 2153 3078 2227 insuper
3107 2158 3165 2210 et
3192 2156 3305 2210 duo
3336 2154 3441 2209 ﬁlii
3479 2153 3569 2212 tui

1927 2238 2144 2293 mortui
2175 2245 2336 2310 sunt,
2369 2241 2561 2313 Ophni
2588 2247 2644 2298 et
2675 2241 2944 2312 Phinees,
2974 2247 3033 2300 et
3070 2260 3204 2301 arca
3250 2242 3349 2299 Dei
3394 2247 3568 2316 capta

1925 2332 2033 2383 est.
2071 2329 2154 2400 [T.
2190 2328 2356 2402 XIII.]
2390 2330 2654 2403 Cumque
2684 2331 2782 2388 ille
2808 2332 3173 2390 nominasset
3202 2349 3397 2389 arcam
3440 2332 3568 2402 Dei,

1925 2416 2134 2473 cecidit
2166 2418 2235 2473 de
2265 2418 2410 2474 sella
2442 2425 2759 2477 retrorsum
2784 2422 2956 2493 juxta
2984 2422 3224 2487 ostium,
3259 2427 3317 2478 et
3371 2420 3574 2479 fractis

1926 2506 2250 2561 cervicibus
2293 2512 2564 2565 mortuus
2596 2515 2704 2565 est.
2764 2518 2949 2567 Senex
2994 2512 3151 2567 enim
3203 2514 3329 2567 erat
3370 2510 3459 2567 vir
3516 2514 3576 2567 et

1926 2595 2293 2665 grandaevus,
2327 2601 2384 2651 et
2414 2598 2538 2668 ipse
2552 2598 2839 2668 judicavit
2859 2600 3039 2656 Israel
3057 2600 3449 2672 quadraginta
3470 2616 3573 2655 an-

1928 2682 2038 2751 nis,
2072 2683 2267 2740 Nurus
2314 2690 2509 2741 autem
2554 2689 2703 2758 ejus,
2756 2705 2901 2745 uxor
2952 2688 3218 2759 Phinees,
3271 2704 3579 2761 praegnans

1929 2777 2071 2839 erat,
2104 2772 2413 2845 vicinaque
2439 2777 2655 2847 partui,
2676 2780 2733 2832 et
2750 2778 2950 2833 audito
2973 2777 3203 2848 nuntio,
3230 2777 3383 2849 quod
3406 2782 3579 2849 capta

1928 2865 2085 2917 esset
2116 2878 2250 2918 arca
2282 2863 2406 2931 Dei,
2440 2870 2497 2920 et
2526 2872 2797 2922 mortuus
2829 2881 2994 2922 socer
3021 2882 3190 2937 suus,
3222 2870 3280 2921 et
3297 2865 3387 2921 vir
3407 2882 3575 2933 suus,

1928 2949 2255 3007 incurvavit
2286 2968 2368 3008 se.
2401 2958 2459 3009 et
2498 2955 2759 3026 peperit:
2820 2954 3113 3011 irruerant
3140 2954 3295 3011 enim
3352 2953 3413 3009 in
3443 2969 3571 3010 eam

1929 3036 2159 3095 dolores
2190 3040 2372 3096 subiti
2419 3040 2500 3111 [h.
2550 3042 2689 3115 sui,]
2737 3043 2799 3099 In
2847 3043 2975 3115 ipso
3026 3047 3225 3100 autem
3275 3047 3572 3100 momento

1932 3127 2141 3185 mortis
2166 3129 2318 3202 ejus,
2352 3130 2624 3187 dixerunt
2654 3131 2706 3187 ei
2738 3149 2865 3205 qua
2914 3134 3151 3190 stabant
3198 3132 3353 3188 circa
3402 3148 3530 3189 eam
3559 3149 3575 3190 :

200 3230 245 3278 et
270 3224 451 3279 veniat
478 3225 543 3280 in
580 3221 843 3277 medium
874 3217 1081 3288 nostri,
1114 3222 1179 3272 ut
1209 3216 1392 3272 salvet
1420 3232 1525 3270 nos
1549 3216 1618 3270 de
1641 3231 1820 3269 manu
1852 3212 1894 3279 C
1933 3216 2015 3273 Ne
2045 3217 2274 3286 timeas,
2307 3220 2446 3291 quia
2478 3220 2661 3275 filium
2696 3221 2995 3293 peperisti.
3028 3224 3161 3288 Quae
3194 3238 3311 3277 non
3343 3237 3581 3293 respon-

201 3311 547 3369 iuimicorum
572 3314 907 3368 nostrorum
928 3309 970 3361 ⁸.
998 3306 1163 3362 Misit
1182 3322 1319 3378 ergo
1342 3303 1593 3377 populus
1610 3303 1668 3359 in
1682 3303 1820 3371 Silo,

202 3405 246 3453 et
272 3401 525 3456 tulerunt
557 3398 695 3454 inde
725 3413 920 3453 arcam
943 3394 1176 3450 foederis
1209 3393 1436 3449 Domini
1460 3392 1820 3447 exercituum

204 3488 431 3545 sedentis
461 3504 647 3559 super
659 3484 958 3543 cherubim
977 3500 989 3538 :
1007 3488 1289 3553 erantque
1303 3483 1418 3537 duo
1433 3480 1535 3535 ﬁlii
1551 3480 1673 3535 Heli
1687 3495 1821 3537 cum

205 3592 318 3633 arca
347 3578 585 3635 foederis
613 3575 737 3645 Dei,
790 3573 982 3647 Opbni
1022 3576 1079 3628 et
1109 3572 1375 3628 Phinees.
1408 3574 1671 3643 Cumque
1726 3586 1821 3626 ve-

206 3667 365 3723 nisset
392 3684 531 3724 arca
567 3664 801 3720 {aderis
831 3661 1060 3719 Domini
1115 3661 1174 3716 in
1209 3665 1424 3731 castra,
1472 3659 1825 3715 vociferatus

206 3761 278 3811 est
304 3756 492 3812 omnis
523 3753 706 3811 Israel
724 3752 977 3808 clamore
992 3751 1219 3823 grandi,
1243 3754 1298 3805 et
1321 3748 1629 3821 personuit
1649 3753 1823 3805 terra.

207 3842 276 3914 [T.
304 3846 401 3917 XI]
435 3845 501 3900 Et
532 3842 851 3899 audierunt
898 3838 1228 3895 Pbilisthim
1287 3854 1481 3893 vocem
1531 3837 1826 3909 clamoris,

207 3934 569 4007 dixeruntque
593 3950 608 3989 :
642 3931 916 3998 Quaedam
950 3934 1037 3985 est
1066 3927 1188 3983 haec
1208 3943 1318 3983 vox
1337 3926 1611 3983 clamoris
1630 3925 1829 3998 magni

208 4022 256 4076 iu
281 4025 479 4079 castris
510 4022 887 4079 Hebraeorum
910 4017 937 4072 ‘I
968 4018 1035 4073 Et
1073 4020 1471 4090 cognoverunt
1508 4016 1663 4087 quod
1697 4031 1832 4072 arca

211 4111 412 4169 Domini
428 4110 759 4169 venissetin
774 4114 982 4164 castra.
999 4107 1461 4177 Timueruntque
1476 4104 1829 4173 Pbilisthim,

214 4200 482 4263 dicentes;
515 4199 695 4255 Venit
733 4199 887 4254 Deus
918 4197 975 4251 in
1026 4200 1234 4251 castra.
1268 4195 1338 4250 Et
1394 4196 1831 4268 ingemuerunt,

214 4289 446 4347 dicentes
474 4308 488 4345 :
526 4289 626 4344 Vae
659 4287 866 4343 nobis:
902 4302 1016 4341 non
1047 4283 1201 4340 enim
1234 4283 1344 4341 fuit
1383 4287 1545 4339 tanta
1573 4283 1830 4340 exsulta-

214 4379 280 4433 tio
305 4380 421 4435 heri
451 4384 507 4435 et
542 4378 1011 4442 nudiustertius;
1063 4390 1145 4428 va:
1176 4373 1367 4439 nobis,
1422 4374 1522 4444 qui
1559 4390 1665 4429 nos
1713 4390 1831 4429 ser-

1931 3305 2016 3360 dit
2045 3306 2152 3373 eis,
2186 3322 2374 3379 neque
2406 3309 2841 3366 animadvertit.
2896 3312 2965 3366 Et
3020 3310 3244 3367 vocavit
3299 3326 3579 3385 puerum,

1931 3393 2182 3451 Ichabod
2214 3396 2256 3464 ⁵,
2288 3398 2488 3454 dicens
2515 3416 2528 3455 :
2563 3399 2877 3456 Translata
2935 3405 3025 3456 est
3055 3399 3241 3472 gloria
3263 3401 3334 3457 de
3374 3400 3577 3471 Israel,

1933 3482 2073 3556 quia
2098 3489 2269 3557 capta
2297 3491 2387 3542 est
2418 3503 2552 3543 arca
2582 3487 2704 3557 Dei,
2739 3492 2797 3544 et
2818 3505 2922 3560 pro
2954 3504 3154 3545 socero
3212 3505 3320 3545 suo
3361 3494 3417 3545 et
3472 3506 3577 3562 pro

1932 3572 2054 3628 viro
2084 3590 2211 3645 suo,
2234 3580 2292 3631 et
2322 3576 2439 3632 ait:
2473 3576 2778 3632 Translata
2799 3582 2889 3633 est
2918 3576 3166 3649 gloriam
3191 3578 3263 3634 ab
3290 3578 3485 3650 Israel,
3509 3594 3576 3635 eo

1935 3664 2090 3732 quod
2123 3668 2294 3734 capta
2323 3670 2479 3720 esset
2507 3681 2637 3721 arca
2669 3666 2790 3721 Dei.

2006 3752 2092 3820 [T.
2129 3751 2276 3819 XIV,
2312 3753 2442 3825 Cap.
2476 3753 2568 3826 V.]
2600 3754 2892 3811 Pilisthim
2941 3760 3137 3813 autem
3169 3755 3432 3811 tulerunt
3484 3771 3581 3810 ar-

1938 3857 2065 3897 cam
2098 3842 2220 3911 Dei,
2253 3847 2310 3899 et
2342 3849 2795 3916 asportaverunt
2843 3861 2970 3901 eam
3001 3864 3033 3901 a
3059 3845 3252 3917 lapide
3298 3844 3584 3916 Adjutorii

1937 3930 2000 3985 in
2029 3932 2294 3988 Azotum.
2326 3932 2727 4005 Tuleruntque
2754 3933 3089 3990 Pbilisthim
3141 3950 3338 3991 arcam
3371 3934 3493 4000 Dei,
3528 3936 3586 3989 et

1938 4019 2266 4076 intulerunt
2295 4037 2421 4078 eam
2454 4022 2513 4077 in
2547 4022 2831 4094 templum
2868 4028 3085 4095 Dagon,
3140 4028 3197 4079 et
3253 4026 3587 4080 statuerunt

1938 4125 2067 4165 eam
2091 4110 2263 4181 juxta
2303 4110 2522 4183 Dagon.
2558 4112 2820 4183 Cumque
2877 4114 3272 4169 surrexissent
3323 4110 3582 4167 diluculo

1938 4198 2120 4255 Azotii
2150 4199 2331 4256 altera
2360 4199 2609 4266 die,ecce
2641 4201 2841 4272 Dagon
2856 4201 3089 4272 jacebat
3111 4217 3330 4272 pronus
3347 4201 3406 4254 in
3424 4204 3582 4255 terra

1941 4293 2075 4344 ante
2105 4306 2299 4345 arcam
2333 4289 2588 4359 Domini,
2620 4293 2677 4345 et
2707 4289 2970 4346 tulerunt
2990 4290 3215 4361 Dagon,
3236 4294 3294 4346 et
3314 4289 3585 4346 restitue-

1943 4382 2082 4433 runt
2108 4394 2240 4433 eum
2276 4377 2335 4432 in
2362 4377 2487 4434 loco
2518 4394 2645 4434 suo.
2702 4378 3070 4451 Rersumque
3117 4395 3290 4435 mane
3321 4380 3413 4436 die
3472 4379 3587 4436 alio

212 4469 347 4525 vabit
368 4472 437 4526 de
457 4485 642 4525 manu
666 4468 909 4522 deorum
933 4463 1278 4520 sublimium
1302 4462 1548 4519 istorum
1570 4464 1597 4518 ?
1615 4464 1674 4518 hi
1698 4467 1839 4520 sunt
1945 4471 2384 4538 consurgentes,
2444 4468 2795 4525 invenerunt
2842 4468 3040 4541 Dagon
3067 4469 3359 4540 jacentem
3420 4483 3598 4542 super

218 4557 306 4625 dii,
357 4560 456 4631 qui
487 4558 912 4631 percusserunt
966 4554 1274 4626 Egyptum
1325 4553 1483 4608 omni
1541 4552 1734 4625 plaga,
1775 4552 1835 4609 in
1872 4589 1916 4654 Β
1947 4555 2150 4610 faciem
2183 4572 2352 4610 suam
2384 4557 2441 4611 in
2474 4561 2631 4611 terra
2662 4572 2858 4613 coram
2895 4574 3031 4613 arca
3086 4556 3358 4612 Domini:
3422 4562 3599 4629 caput

218 4647 446 4705 deserto.
476 4644 927 4711 Confortamiui,
957 4648 1015 4698 et
1057 4646 1244 4699 estote
1274 4642 1404 4710 viri,
1463 4640 1797 4699 Pbilisthim
1825 4660 1838 4697 :
1872 4640 1913 4654 ν
1956 4648 2149 4699 autem
2175 4644 2398 4715 Dagon,
2421 4650 2479 4700 et
2498 4645 2625 4699 duae
2649 4644 2855 4716 palmas
2882 4662 3166 4702 manuum
3187 4646 3598 4717 ejusabscissae

222 4750 280 4789 ne
310 4737 574 4792 serviatis
602 4732 883 4801 Hebraeis,
914 4734 1068 4787 sicut
1122 4730 1205 4785 illi
1239 4730 1569 4786 servierunt
1600 4731 1765 4787 vobis
1785 4733 1844 4787 ιε
1958 4737 2122 4789 erant
2154 4749 2331 4803 super
2359 4733 2535 4788 limen
2561 4750 2574 4789 :
2604 4750 2775 4805 porro
2807 4734 3004 4806 Dagon
3037 4740 3284 4791 truncus
3317 4735 3481 4791 solus
3512 4751 3600 4791 re-

226 4824 637 4892 coufortamiui,
668 4827 726 4880 et
753 4820 989 4877 hellate.
1021 4821 1437 4893 Pugnaverunt
1467 4835 1607 4891 ergo
1665 4820 1849 4875 Phili-
1961 4825 2260 4877 manserat
2288 4820 2347 4876 in
2380 4820 2504 4878 loco
2535 4838 2661 4877 suo.
2712 4821 2955 4894 Propter
3000 4822 3150 4878 hanc
3194 4839 3436 4879 causam
3490 4840 3603 4879 non

299 5024 315 5058 ¹
344 5022 521 5079 Tacet
547 5019 865 5075 Veronens.
902 5033 1014 5072 me.
1046 5015 1333 5071 universos
1371 5030 1665 5089 sermones,
1699 5022 1855 5089 quod

240 5096 417 5148 tamen
447 5094 507 5148 in
530 5092 769 5148 Hebreo
800 5094 909 5157 est,
941 5091 1137 5144 Graeco
1162 5093 1332 5157 atque
1363 5088 1492 5143 aliis
1529 5087 1714 5143 libris.

295 5164 316 5197 ²
340 5166 483 5221 Tota
513 5164 635 5219 haec
668 5162 958 5232 pericOpe,
992 5161 1056 5214 Et
1086 5166 1296 5228 factum
1324 5163 1406 5214 est
1427 5160 1487 5214 in
1503 5160 1699 5215 diebus
1722 5162 1859 5232 illis,

296 5180 316 5197 ⁵
341 5180 483 5221 ἸὈῑθ.
514 5180 635 5219 HEC
706 5180 958 5231 OPIOOPG,
992 5180 1055 5214 ιιι
1086 5180 1296 5228 [actum
1324 5180 1406 5214 eu
1427 5180 1487 5214 ιη
1503 5180 1699 5215 αῑευαδ
1722 5180 1859 5232 um,

240 5240 592 5291 convenerunt
624 5180 946 5291 Pﬁilisthim
975 5234 1034 5286 in
1065 5246 1323 5301 pugnam,
1347 5247 1380 5285 a
1410 5232 1727 5287 Veronensi
1754 5251 1860 5289 ms.

244 5306 410 5378 abest,
440 5307 713 5378 quodque
738 5305 819 5360 rei
868 5310 1180 5378 capulest,
1235 5302 1572 5378 in__Hehrteo
1631 5319 1866 5376 quoque

244 5373 538 5450 archetypo
569 5373 956 5450 desideratur,
968 5379 1031 5450 ut
1054 5374 1186 5429 hinc
1220 5373 1482 5450 colligas,
1504 5373 1863 5450 adamussim

247 5462 304 5502 eo
334 5452 387 5503 in
418 5446 616 5505 codice
644 5447 1157 5518 Hieronymianam
1189 5460 1258 5518 ex
1291 5446 1867 5518 Hebraaoversionem

252 5520 516 5587 exhiberi,
548 5536 649 5575 nec
679 5520 793 5574 nisi
825 5516 893 5573 ex
922 5517 1120 5573 Graeco
1150 5516 1255 5569 τῶν
1316 5517 1469 5571 Ι.ΧΧ
1526 5517 1582 5571 in
1640 5518 1872 5577 Latinos

254 5592 468 5663 codices
499 5607 571 5647 ea
597 5592 768 5647 verba
796 5589 1139 5663 irrepsisse.
1162 5589 1304 5647 Nam
1329 5592 1387 5643 et
1408 5588 1592 5643 Lucas
1614 5589 1873 5663 Brugen-

261 5662 335 5719 sis
360 5678 459 5719 sex
492 5663 695 5720 Latina
712 5660 1071 5733 exemplaria
1094 5660 1254 5732 citat,
1284 5676 1407 5731 qum
1438 5676 1507 5718 ea
1543 5660 1876 5721 carent—ad-

547 5780 810 5843 Psrau.
854 5778 1121 5840 XXVIII.

3235 5777 3316 5838 20

1973 5017 2238 5092 ditione:
2281 5034 2457 5087 quam
2502 5022 2696 5074 tamen
2756 5023 2884 5074 tum
2943 5020 3070 5092 ipse
3126 5036 3197 5076 ex
3241 5019 3612 5092 antiquarum

1974 5088 2327 5144 Versiunum
2374 5106 2661 5145 consensu
2712 5095 2941 5161 probat,
2969 5088 3121 5146 'cum
3184 5088 3618 5161 epanorthotes,

1977 5161 2101 5216 sive
2157 5162 2612 5230 correctorium,
2684 5167 2947 5219 veterum
3008 5161 3425 5235 exemplarium
3492 5175 3620 5216 esse

1978 5238 2251 5288 testatur.

2055 5305 2077 5339 ⁸
2112 5304 2227 5360 Ms.
2262 5304 2598 5359 Veronens:
2633 5304 2707 5359 De
2734 5305 2912 5361 medio
2942 5305 3317 5371 inimicorum,
3348 5306 3456 5360 etc.

2057 5378 2079 5409 ⁴
2112 5376 2255 5430 Cum
2289 5376 2484 5432 Graeco
2512 5376 2646 5447 ἡμῖν
2672 5375 2989 5431 Veronens.
3024 5393 3135 5431 ms.
3169 5374 3349 5431 nobis.

2060 5447 2081 5481 ⁵
2113 5447 2299 5503 Obero
2331 5448 2387 5503 in
2421 5444 2744 5503 Veronensi
2774 5448 2968 5503 codice
2998 5449 3221 5503 priores
3252 5447 3379 5501 duas
3426 5444 3628 5500 littera:

1992 5516 2363 5646 Eggélégltur,
2397 5524 2463 5575 ut
2482 5520 2634 5576 scias
2662 5536 2778 5575 non
2806 5513 3047 5587 Scabod,
3080 5519 3181 5575 sed
3214 5517 3405 5574 Cabad
3431 5513 3628 5588 appel-

2005 5605 2248 5646 annum.
