3982 6178
242 356 318 410 621
1546 349 1759 402 LIBER
1798 349 1812 398 l

1933 347 2236 402 tMUELIS.

3480 351 3586 405 622

237 472 650 541 aureosl'acietis,
674 478 730 529 et
750 472 1011 545 quinque
1030 488 1226 528 mures
1249 470 1632 542 aureoszquia
1654 469 1826 541 plaga
1856 469 1909 535 Α
1941 473 1999 523 et
2031 485 2219 542 usque
2252 470 2321 525 ad
2362 470 2501 526 Abel
2538 486 2836 543 magnum,
2862 487 3041 544 super
3062 487 3235 544 quem
3260 478 3584 545 posuerunt

239 564 423 622 unafuit
440 562 714 619 omnibus
736 563 923 631 vobis,
946 562 1266 634 etsatrapis
1281 561 1512 617 vestris.
1535 558 1815 615 Facietis-

235 653 785 725 quesimilitudinem‘
812 670 1059 709 anorum
1082 656 1435 721 vestrorum,
1458 654 1515 705 et
1537 648 1822 705 similitu-

233 745 387 800 dinem
404 742 673 812 murium,
695 741 794 812 qui
812 740 1077 797 demoliti
1100 745 1239 796 sunt
1261 745 1498 795 terram.
1526 736 1824 793 Etdabitis

236 836 320 890 Deo
338 831 491 889 Israel
524 831 793 902 gloriam,
825 831 872 887 si
909 832 1053 886 forte
1085 830 1295 886 relevat
1325 846 1566 884 manum
1599 843 1766 883 suam
1792 844 1825 882 a

228 922 377 990 vobis,
404 925 456 975 et
485 937 518 975 a
549 919 663 975 diis
696 920 923 988 vestris,
957 924 1057 976 eta
1078 924 1456 976 terravestra.
1486 917 1674 982 Quare
1689 932 1821 987 gra-

230 1014 284 1067 tis
304 1010 451 1066 corda
471 1008 847 1079 vestra,sicut
867 1007 1204 1081 aggravavit
1222 1010 1581 1079 Egyptus,et
1608 1005 1823 1061 Pharao

226 1098 497 1157 corsuum?
516 1098 1043 1171 Nonnepostquam
1060 1113 1374 1169 percussus
1387 1093 1823 1163 est,tuncdimi-

224 1192 371 1247 sileos
390 1189 677 1260 [b.Nonne
691 1188 926 1260 quando
946 1187 1133 1243 illusit
1150 1188 1400 1253 eis,tunc
1414 1183 1822 1254 dimisit],illos

222 1283 265 1334 et
284 1277 558 1333 abierunt?
588 1275 753 1331 Nunc
775 1292 911 1348 ergo
934 1275 1193 1348 arripite,
1218 1280 1275 1330 et
1296 1274 1465 1329 facite
1487 1274 1817 1346 plaustrum

223 1383 399 1422 novum
430 1370 485 1423 et
519 1381 725 1431 unum,
760 1365 910 1421 duas
937 1381 1141 1420 vaccas
1161 1365 1327 1434 fetas,
1354 1363 1569 1435 quibus
1592 1378 1704 1417 non
1732 1365 1823 1417 est

219 1454 524 1529 impositum
546 1456 787 1527 jugum,
814 1454 1046 1526 jungite
1078 1453 1137 1508 in
1160 1452 1440 1526 plaustro,
1461 1456 1516 1506 et
1537 1450 1822 1506 recludite

220 1544 397 1599 vitulos
425 1560 628 1599 earum
660 1542 840 1599 domi.
870 1542 1223 1613 Tolletisque
1253 1557 1446 1597 arcam
1483 1540 1732 1609 Domini,
1765 1542 1824 1595 et

218 1633 413 1705 ponetis
438 1634 501 1688 in
535 1633 819 1705 plaustro,
852 1636 911 1688 et
939 1648 1077 1687 vasa
1107 1648 1304 1702 aurea,
1337 1647 1467 1702 quae
1495 1627 1823 1685 exsolvistis

216 1724 313 1791 [ηις.
343 1721 665 1793 exsolvetis]
699 1722 749 1777 ei
782 1738 885 1793 pro
916 1719 1387 1793 delicto,ponetis
1413 1720 1472 1775 in
1504 1717 1820 1789 capsellam

215 1812 270 1868 ad
297 1811 433 1867 latus
464 1813 620 1881 ejus:
653 1818 707 1866 et
740 1810 1018 1866 dimittite
1050 1826 1174 1865 eam
1211 1818 1267 1863 ut
1323 1809 1512 1864 vadat.
1549 1807 1615 1862 Et
1660 1806 1817 1878 aspi-

214 1902 367 1971 cietis,
394 1905 446 1957 et
473 1902 775 1973 siquidem
807 1918 911 1973 per
952 1901 1105 1955 viam
1163 1899 1372 1954 ﬁnium
1433 1913 1673 1955 suorum
1726 1913 1817 1951 as-

212 1992 652 2050 cenderitcontra
674 1991 1078 2059 Beth-Sames,
1102 1989 1229 2062 ipse
1252 1988 1386 2044 fecit
1405 1988 1573 2044 nobis
1596 1985 1818 2043 malum

212 2080 300 2135 hoc
323 2081 582 2153 grande:
618 2080 711 2136 sin
738 2085 959 2147 autem,
1019 2078 1263 2134 minime
1296 2093 1311 2132 :
1372 2076 1630 2133 sciemus
1682 2075 1821 2147 quia

212 2185 551 2241 nequaquam
575 2186 785 2226 manus
801 2170 930 2240 ejus
953 2167 1396 2240 tetigitnos,sed
1422 2183 1561 2222 casu
1583 2164 1817 2235 accidit,

202 2259 442 2314 Fecerunt
470 2274 619 2330 ergo
674 2256 759 2313 illi
816 2257 925 2313 hoc
984 2257 1175 2327 modo,
1228 2261 1286 2311 et
1340 2255 1609 2311 tollentes
1670 2255 1818 2309 duas

201 2360 385 2414 vaccas,
417 2362 557 2418 quae
588 2344 886 2405 lactabant
909 2345 1144 2417 vitulos,
1172 2345 1499 2417 junxerunt
1520 2343 1592 2399 ad
1645 2342 1811 2415 plau-

201 2436 378 2503 atrum,
423 2433 767 2505 vitulosque
809 2450 1011 2491 earum
1062 2431 1477 2489 concluserunt
1528 2430 1707 2486 domi.
1741 2430 1807 2485 Et

200 2528 478 2590 posuerunt
544 2539 740 2578 arcam
799 2522 1033 2579 Domini
1091 2537 1267 2593 super
1324 2520 1690 2593 plaustrum,
1750 2522 1808 2573 et

195 2610 491 2681 capsellam,
538 2628 660 2682 quae
692 2611 948 2667 habebat
975 2628 1173 2668 mures
1202 2627 1413 2668 aureos
1444 2613 1501 2665 et
1532 2607 1806 2664 similitu-

198 2697 358 2754 dinem
390 2717 665 2757 anorum.
702 2701 873 2755 Ibant
906 2706 1101 2756 autem
1150 2700 1211 2756 in
1258 2701 1543 2757 directum
1598 2713 1802 2765 vaccae,

193 2801 274 2856 per
299 2788 435 2844 viam
462 2807 497 2863 q
514 2807 599 2844 uae
633 2790 790 2845 ducit
823 2789 1221 2857 Beth-Sames,
1244 2798 1298 2845 et
1324 2788 1531 2845 itinere
1554 2804 1669 2841 uno
1683 2803 1806 2858 gra-

195 2874 488 2950 diebantur,
524 2882 840 2950 pergentes
870 2883 929 2933 et
961 2880 1385 2950 mugientes:et
1405 2893 1523 2933 non
1544 2874 1804 2930 declina-

193 2962 309 3020 bant
331 2966 451 3035 [ηις.
485 2967 949 3035 declinaverunt]
985 2982 1172 3040 neque
1203 2967 1274 3023 ad
1299 2968 1598 3023 dexteram
1620 2979 1805 3035 neque

195 3051 249 3103 ad
277 3053 593 3125 sinistram,
624 3056 724 3112 sed
756 3059 813 3111 et
844 3059 1090 3128 satrapae
1123 3054 1455 3111 Philisthim
1479 3053 1803 3125 sequeban-

192 3143 269 3194 tur
297 3159 469 3216 usque
522 3145 599 3200 ad
647 3144 933 3201 terminos
982 3144 1388 3201 Both-Samae.
1442 3144 1528 3211 [T.
1580 3140 1806 3214 XVIII.)

1934 575 2131 621 arcam
2168 558 2420 630 Domini,
2453 577 2579 631 quze
2612 568 2733 616 eral
2767 577 2950 632 usque
2975 561 3033 616 in
3090 560 3260 616 illum
3320 562 3474 618 diem
3518 562 3578 618 in

1934 663 2072 720 agro
2103 649 2283 705 Josue
2317 650 2722 706 Bethsamitis.
2760 650 3055 707 Percussit
3077 656 3271 707 autem
3320 652 3391 707 de
3438 651 3580 709 viris

1932 737 2420 807 Bethsamitibus,
2443 756 2508 795 eo
2550 741 2706 812 quod
2731 740 3019 796 vidissent
3040 757 3237 797 arcam
3259 742 3508 813 Domini,
3524 746 3581 798 et

1932 827 2226 898 percussit
2257 828 2327 883 de
2360 828 2574 900 populo
2600 830 2973 902 septuaginta
3002 829 3155 885 viros
3204 830 3284 902 [b.
3337 835 3576 903 septua-

1931 916 2094 988 ginta
2125 918 2298 984 viros,
2332 924 2390 975 et
2421 919 2851 992 quinquaginta
2880 919 3061 976 millia
3091 922 3353 993 viros],et
3399 921 3573 993 quin-

1932 1007 2217 1079 quaginta
2249 1009 2433 1064 millia
2462 1008 2673 1082 plebis.
2706 1010 2995 1083 Luxitque
3025 1010 3385 1083 populus,eo
3417 1012 3572 1085 quod

1931 1098 2321 1167 percussisset
2353 1098 2634 1154 Dominus
2666 1098 2893 1171 plebem
2918 1099 3088 1172 plaga
3129 1116 3338 1173 magna
3388 1101 3468 1173 [b.
3511 1102 3571 1156 in

1930 1185 2147 1257 populo
2180 1188 2354 1259 plaga
2385 1188 2721 1259 magna].Et
2751 1188 3024 1243 dixerunt
3061 1191 3148 1243 vir
3178 1189 3574 1245 Bethsamitss:

1931 1275 2072 1342 Quis
2099 1276 2308 1346 poterit
2338 1280 2491 1332 stare
2525 1276 2582 1332 in
2615 1283 2931 1350 conspectu
2972 1278 3203 1333 Domini
3253 1279 3350 1334 Dei
3387 1280 3573 1336 sancti

1930 1363 2140 1435 hujus?
2170 1369 2226 1420 et
2257 1366 2327 1420 ad
2363 1382 2534 1437 quem
2570 1368 2845 1423 ascendet
2877 1384 2910 1422 a
2939 1366 3138 1423 nobis?
3171 1368 3574 1441 Miseruntque

1932 1453 2171 1508 nuntios
2194 1454 2265 1509 ad
2282 1453 2647 1510 habitatores
2670 1454 3139 1526 Cariath-Iarim,
3162 1456 3443 1513 dicentes:
3463 1462 3571 1514 Re-

1933 1541 2226 1596 duxerunt
2258 1541 2595 1598 Philisthim
2628 1560 2823 1599 arcam
2863 1544 3113 1614 Domini,
3141 1545 3499 1612 descendite,
3517 1555 3575 1602 et

1929 1629 2126 1684 ducite
2159 1630 2340 1701 [ναις.
2373 1631 2655 1704 reducite]
2688 1648 2816 1688 eam
2847 1634 2917 1688 ad
2951 1650 3070 1688 vos.

2002 1718 2088 1786 [T.
2121 1719 2269 1786 XIX,
2306 1720 2439 1792 Cap.
2475 1721 2644 1791 VIII.]
2677 1721 2975 1777 Venerunt
3004 1738 3140 1795 ergo
3171 1722 3276 1777 viri
3307 1722 3571 1778 Cariath-

1929 1807 2122 1876 iarim,
2154 1812 2212 1863 et
2249 1809 2541 1865 duxerunt
2572 1811 2753 1882 (Vulg.
2788 1811 3165 1882 reduxerunt]
3211 1816 3406 1867 arcam
3458 1816 3571 1867 Do-

1932 1896 2077 1951 mini
2109 1902 2165 1952 et
2196 1897 2523 1955 intulerunt
2553 1915 2681 1955 eam
2724 1900 2779 1956 in
2834 1900 3076 1955 domum
3122 1900 3427 1956 Abinadab
3455 1902 3477 1935 ³
3507 1901 3567 1956 in

1929 1985 2147 2041 Gabaa:
2180 1986 2514 2043 Eleazarum
2548 1993 2742 2045 autem
2778 1990 2963 2044 lilium
2992 1990 3120 2061 ejus
3168 1990 3571 2047 sanctiﬁcave-

1929 2079 2088 2142 runt,
2121 2080 2185 2130 ut
2214 2076 2539 2132 custodiret
2567 2094 2761 2133 arcam
2796 2077 3051 2133 Domini.
3086 2077 3151 2132 Et
3190 2079 3407 2133 factum
3457 2082 3567 2151 est,

1929 2180 1995 2220 ex
2025 2181 2139 2235 qua
2168 2165 2261 2220 die
2293 2166 2511 2222 mansit
2533 2183 2667 2223 arca
2696 2168 2717 2202 ‘
2747 2167 2804 2222 in
2846 2166 3108 2223 Cariath-
3128 2166 3327 2234 Iarim,
3370 2168 3569 2223 multi-

1928 2253 2125 2325 plicati
2143 2254 2419 2311 suntdies
2433 2256 2933 2329 (eratquippejam
2958 2273 3149 2312 annus
3168 2256 3571 2325 vicesimus)et

1930 2342 2646 2414 requievitcmnisldomus
2670 2346 2846 2402 Israel
2872 2346 3569 2418 postDominum.Aitau-

1926 2433 2043 2485 tem
2069 2431 2302 2487 Samuel
2320 2434 2390 2487 ad
2414 2433 2746 2490 universam
2773 2435 3013 2490 domum
3038 2435 3239 2504 Israel,
3264 2434 3484 2491 dicens:
3507 2434 3565 2489 Si

1913 2517 1973 2573 in
1995 2523 2115 2575 toto
2132 2522 2306 2577 corde
2325 2527 2517 2577 vestro
2531 2524 2891 2579 revertimini
2908 2525 2979 2579 ad
2999 2524 3567 2596 Dominum,auferte

1914 2609 2054 2664 deos
2086 2609 2306 2665 alienos
2339 2612 2409 2666 de
2442 2612 2635 2667 medio
2659 2618 2919 2668 vestrum
2954 2614 3132 2685 [Vulg.
3158 2612 3561 2687 add.Baalim].

1914 2702 1972 2752 et
2003 2700 2299 2770 Astaroth,
2332 2705 2388 2756 et
2418 2706 2738 2772 praeparate
2769 2703 2948 2758 corda
2976 2707 3170 2758 vestra
3201 2704 3469 2770 Domino,
3508 2707 3566 2761 et

1915 2788 2124 2843 servite
2154 2788 2205 2843 ei
2236 2788 2369 2856 soli,
2402 2795 2461 2845 et
2489 2795 2653 2845 eruet
2704 2807 2806 2846 vos
2853 2792 2922 2846 de
2972 2807 3148 2846 manu
3200 2792 3559 2848 Philisthim.

1915 2876 2304 2932 Abstulerunt
2335 2895 2470 2950 ergo
2504 2879 2608 2933 ﬁlii
2642 2879 2817 2935 Israel
2850 2879 3072 2935 Baalim
3106 2884 3163 2936 et
3190 2880 3562 2949 Astaroth,et

1914 2965 2242 3021 servierunt
2277 2967 2518 3023 Domino
2549 2967 2678 3023 soli.
2714 2968 2869 3024 Dixit
2899 2972 3093 3025 autem
3124 2968 3381 3025 Samuel:
3412 2973 3559 3026 Gon-

1915 3059 2155 3126 gregate
2189 3054 2529 3112 universum
2566 3056 2744 3112 Israel
2777 3057 2835 3111 in
2868 3057 3113 3129 Maspha
3134 3058 3175 3123 ‘,
3201 3062 3264 3112 ut
3280 3075 3437 3115 orem
3456 3075 3558 3130 pro

1913 3143 2083 3199 vobis
2115 3144 2453 3201 Dominum.
2486 3146 2554 3201 Et
2585 3150 2984 3201 convenerunt
3014 3148 3070 3201 in
3104 3147 3375 3218 Maspha:
3408 3149 3556 3204 hau-

192 3227 336 3287 Porro
365 3233 744 3291 Bethsamitaa
776 3234 1072 3291 metebant
1121 3235 1382 3290 triticum
1434 3233 1492 3288 in
1539 3230 1710 3301 valle,
1748 3235 1806 3287 et
1835 3216 1879 3285 C
1918 3237 2243 3305 seruntque
2272 3251 2511 3306 aquam,
2543 3240 2598 3290 et
2628 3235 2957 3291 eII'uderunt
2986 3236 3044 3291 in
3094 3216 3407 3309 conspectu
3446 3239 3556 3294 Do-

192 3315 448 3378 alevantes
479 3324 711 3392 oculos,
743 3324 1020 3379 viderunt
1059 3338 1279 3391 arcam,
1327 3326 1385 3378 et
1430 3320 1613 3393 gavisi
1666 3322 1805 3375 sunt

190 3421 294 3462 cum
323 3412 630 3469 vidissent.
655 3412 723 3469 Et
748 3411 1085 3485 plaustrum
1112 3412 1267 3468 venit
1294 3410 1355 3466 in
1384 3425 1591 3483 agrum
1622 3409 1801 3465 Josue

191 3493 528 3558 Bethsamita
587 3508 647 3558 et
704 3502 868 3559 stetit
923 3502 1034 3559 ibi.
1092 3504 1229 3559 Erat
1273 3506 1470 3558 autem
1520 3500 1602 3555 ibi
1652 3498 1801 3571 lapis

191 3600 427 3659 magnus,
460 3597 520 3648 et
556 3592 944 3648 conciderunt
972 3591 1136 3664 ligna
1164 3590 1436 3664 plaustri,
1476 3604 1800 3660 vaccasque

190 3685 567 3747 Imposuerunt
615 3697 793 3752 super
835 3695 904 3737 ea
950 3680 1363 3737 holocaustum
1413 3678 1662 3735 Domino
1713 3676 1797 3749 [h.

188 3777 473 3839 vaccasque
529 3772 920 3840 imposuerunt
999 3769 1408 3826 holocaustum
1476 3766 1748 3837 Domino]
1783 3806 1797 3821 .

191 3848 361 3909 Ιιθνὶιεε
376 3863 577 3914 autem
598 3858 1001 3930 deposuerunt
1020 3875 1215 3914 arcam
1229 3859 1384 3928 Dei’,
1409 3863 1466 3914 et
1483 3855 1800 3928 capsellam

190 3956 288 4011 qua
315 3950 636 4019 eratjuxta
665 3965 817 4017 eam,
844 3948 902 4004 in
945 3967 1060 4021 qua
1107 3954 1274 4005 erant
1319 3966 1459 4005 vasa
1516 3964 1715 4016 aurea,
1750 3955 1803 4002 et

190 4044 474 4099 posuerunt
519 4054 706 4109 super
752 4037 1010 4110 lapidem
1066 4039 1371 4111 grandem.
1428 4036 1550 4092 Viri
1606 4041 1802 4093 autem

191 4122 534 4183 Bethsamitm
567 4125 915 4183 obtulerunt
936 4127 1347 4193 holaucausta,
1380 4132 1437 4182 et
1463 4126 1807 4182 immolave-

190 4214 301 4264 runt
326 4213 600 4271 victimas
635 4215 692 4270 in
726 4216 818 4271 die
848 4215 951 4272 illa
980 4216 1247 4273 Domino.
1282 4218 1352 4271 Et
1400 4216 1660 4288 quinque
1714 4231 1804 4271 sa-

186 4299 335 4370 trapas
366 4303 820 4360 Philistinorum
853 4306 1149 4373 viderunt,
1208 4310 1263 4361 et
1293 4305 1511 4361 reversi
1561 4308 1700 4360 sunt
1747 4304 1808 4358 in

188 4385 410 4446 Accaron
445 4393 504 4447 in
536 4392 635 4448 die
665 4393 787 4450 illo.
822 4393 892 4448 Hi
922 4399 1062 4450 sunt
1091 4398 1286 4450 autem
1316 4393 1413 4450 ani
1445 4393 1627 4462 aurei,
1662 4410 1811 4465 quos

186 4475 543 4538 reddiderunt
578 4481 914 4537 Philisthim
946 4499 1048 4554 pro
1080 4481 1315 4549 delicto,
1361 4482 1637 4537 Domino:
1669 4485 1811 4537 Azo-

188 4566 631 4641 tusunum,Gaza
649 4571 1103 4627 unum.Ascalon
1125 4571 1485 4639 unum,Geth
1511 4573 1814 4637 unum,Ac-
1843 4588 1893 4653 Ι)

187 4665 335 4712 caron
354 4665 631 4725 unum,et
670 4676 869 4717 mures
886 4677 1093 4717 aureos
1130 4662 1458 4717 secundum
1502 4676 1814 4715 numerum

191 4742 397 4802 urbium
420 4747 794 4816 Philisthim,
817 4748 1075 4821 quinque
1097 4749 1559 4821 provinciarum,
1583 4749 1656 4804 ab
1676 4749 1819 4803 urbe

191 4840 397 4890 inarata
430 4852 627 4909 usque
656 4838 728 4893 ad
760 4836 984 4907 villam,
1016 4854 1147 4910 quae
1178 4842 1304 4894 erat
1346 4837 1573 4909 absque
1628 4854 1819 4893 muro.

255 5011 269 5046 ¹
309 5010 580 5069 Plurinm
626 5030 877 5070 numero
930 5014 1105 5070 habet
1151 5015 1476 5070 Veronens.
1528 5029 1640 5068 ms.
1690 5030 1823 5069 cum

198 5096 463 5175 vulgatis,
496 5104 898 5160 similitudines
931 5122 943 5160 :
978 5104 1269 5161 Haahrasus
1299 5118 1528 5175 quoque
1548 5087 1719 5163 ⁷72⁸73.

258 5169 629 5247 fVeronens.
668 5193 806 5243 ms.,
840 5175 1097 5231 Domini:
1131 5169 1338 5247 estque
1386 5169 1480 5230 hic
1528 5175 1721 5246 reipsa
1770 5173 1828 5228 in

1912 3320 2079 3392 mini,
2114 3326 2171 3376 et
2194 3322 2613 3393 jejunaverunt
2642 3325 2699 3379 in
2733 3324 2824 3379 die
2854 3324 2975 3393 illa,
3010 3329 3067 3380 et
3122 3325 3392 3381 dixerunt
3422 3326 3501 3381 ibi
3534 3343 3549 3382 :

1912 3409 2283 3468 Peccavimus
2309 3412 2551 3468 Domino
2580 3413 2617 3466 θ.
2652 3412 3066 3485 Judicavitque
3113 3415 3348 3470 Samuel
3398 3414 3551 3472 filios

1910 3498 2085 3555 Israel
2122 3499 2180 3554 in
2213 3499 2476 3572 Maspha.
2524 3501 2591 3555 Et
2644 3501 2957 3556 audierunt
3008 3502 3341 3559 Philisthim
3392 3506 3547 3576 quod

1908 3588 2243 3661 congregati
2276 3593 2473 3645 essent
2504 3589 2607 3644 filii
2642 3590 2814 3645 Israel
2836 3591 2891 3645 in
2913 3591 3171 3662 Maspha,
3191 3598 3248 3647 et
3268 3595 3547 3650 ascende-

1908 3686 2046 3733 runt
2086 3683 2337 3751 satrapae
2361 3678 2826 3736 Philistimorum
2857 3681 2927 3735 ad
2963 3682 3161 3736 Israel.
3196 3683 3359 3746 Quod
3410 3700 3545 3740 cum

1910 3766 2217 3823 audissent
2248 3767 2350 3822 ﬁlii
2385 3767 2585 3838 Israel,
2620 3769 2949 3824 timuerunt
2972 3786 3005 3824 a
3029 3769 3171 3824 facie
3204 3770 3543 3829 Philistino-

1911 3871 2065 3911 rum.
2100 3855 2388 3911 Dixerunt
2414 3857 2483 3911 ad
2518 3856 2849 3912 Samuelem
2871 3873 2883 3913 :
2908 3858 2988 3912 Ne
3018 3874 3212 3914 cesses
3242 3875 3346 3930 pro
3377 3861 3546 3918 nobis

1913 3943 2169 4001 clamare
2200 3945 2271 3999 ad
2312 3945 2622 4001 Dominum
2642 3950 2819 4001 Deum
2841 3951 3128 4017 nostrum,
3155 3953 3221 4003 ut
3242 3932 3425 4004 salvat
3441 3968 3549 4007 nos

1914 4033 1986 4088 de
2019 4049 2198 4087 manu
2230 4032 2695 4089 Philistinorum.
2732 4034 2813 4105 [T.
2851 4034 3003 4108 XX.]
3031 4035 3190 4091 Tulit
3219 4042 3414 4093 autem
3448 4039 3551 4095 Sa-

1915 4120 2073 4177 muel
2102 4137 2317 4194 agnum
2353 4120 2661 4177 lactentem
2696 4140 2899 4192 unum,
2924 4129 2982 4181 et
3012 4124 3226 4180 obtulit
3257 4126 3422 4183 illum
3454 4127 3557 4183 ho-

1917 4209 2251 4267 locaustum
2287 4210 2582 4282 integrum
2608 4212 2877 4282 Domino,
2911 4218 2967 4269 et
2997 4213 3275 4270 clamavit
3320 4217 3557 4275 Samuel

1920 4300 1989 4355 ad
2020 4299 2329 4355 Dominum
2364 4317 2467 4371 pro
2499 4301 2701 4367 Israel,
2748 4306 2803 4357 et
2847 4304 3138 4358 exaudivit
3186 4321 3316 4361 eum
3368 4306 3559 4363 Domi-

1926 4405 2058 4444 nus.
2093 4388 2331 4443 Factum
2362 4393 2451 4444 est
2481 4393 2700 4456 autem,
2734 4407 2861 4446 cum
2904 4391 3142 4447 Samuel
3176 4394 3407 4450 offerret
3452 4395 3563 4451 ho-

1923 4476 2281 4545 locaustum,
2302 4476 2620 4532 Philistbaei
2644 4478 2825 4535 iniere
2846 4480 3111 4552 praelium
3137 4486 3340 4539 contra
3362 4484 3562 4541 Israel:

1925 4567 2184 4622 intonuit
2216 4571 2409 4622 autem
2444 4567 2727 4624 Dominus
2756 4570 2985 4640 fragore
3017 4587 3223 4643 magno
3254 4573 3312 4627 in
3344 4574 3437 4629 die
3468 4574 3568 4631 illa

1930 4671 2109 4726 super
2138 4654 2497 4722 Philisthim,
2529 4660 2585 4711 et
2614 4657 2894 4711 exterruit
2929 4675 3049 4729 eos,
3103 4665 3159 4715 et
3188 4661 3318 4715 casi
3370 4667 3508 4717 sunt
3538 4679 3572 4718 a

1930 4742 2076 4798 facie
2110 4742 2355 4798 Israel".
2410 4744 2759 4816 Egressique
2805 4745 2911 4801 viri
2958 4748 3133 4803 Israel
3184 4750 3255 4804 de
3306 4749 3574 4822 Maspha,

1932 4832 2225 4904 persecuti
2273 4836 2413 4888 sunt
2450 4832 2837 4903 Philisthaaos,
2893 4839 2951 4890 et
2998 4843 3411 4908 percusserunt
3457 4856 3578 4909 eos,

2010 5012 2665 5088 3Cc_)nstanter_noster_'
2721 5028 2841 5066 ms.
2902 5028 3034 5067 cum
3094 5014 3361 5088 Vulgatis
3418 5021 3585 5073 vocat

1945 5082 2224 5153 Masphat,
2258 5082 2521 5152 pressius
2554 5083 2797 5138 Hebraeo
2831 5094 3119 5146 annmn.

2012 5166 2034 5199 ⁸
2060 5164 2198 5218 Ms.:
2226 5163 2525 5231 Dixerunt,
2557 5164 2680 5217 Non
2726 5164 3091 5234 peccavimus,
3143 5166 3414 5222 Domine?
3458 5168 3585 5223 lon-

200 5239 414 5318 Hebraeo
444 5256 622 5305 inm:
678 5234 913 5303 tametsi
966 5247 1117 5305 hanc
1163 5234 1425 5318 regulam
1477 5234 1833 5318 non.usque
1944 5235 2304 5318 Bilfsfamen
2337 5234 2723 5318 θδᾘβδτδξοθε
2754 5234 2977 5318 PhraSi;

202 5312 322 5369 adeo
343 5322 704 5391 constanter
732 5323 845 5391 aut
866 5335 974 5391 ms.
1008 5324 1110 5375 aut
1141 5312 1359 5391 vulgati
1392 5322 1651 5374 servant:
1677 5312 1830 5388 quod

202 5387 361 5441 semel
392 5389 706 5446 monuisse
736 5390 883 5445 satis
907 5390 1002 5444 sit.

262 5456 487 5515 'Vocat
538 5477 655 5517 ms.
704 5460 1034 5527 Aminadab,
1083 5460 1321 5517 Hebraeo
1367 5472 1559 5521 una
1613 5459 1839 5513 dissen-

207 5525 389 5583 tiente.

268 5600 289 5633 ⁸
314 5601 499 5673 Addit
529 5601 689 5657 idem
721 5619 833 5660 ms.
866 5603 1112 5669 Domini,
1133 5602 1287 5673 quod
1311 5605 1502 5659 textus
1521 5597 1840 5673 originales

216 5683 411 5728 nomen
440 5672 545 5730 hic
572 5677 787 5731 tacent.

2020 5315 2039 5349 ⁷
2080 5314 2212 5387 Pro,
2245 5330 2283 5387 a_
2307 5314 2450 5387 [acie
2480 5314 2672 5387 Israel,
2699 5331 2842 5370 mss.
2873 5315 3098 5387 codices
3128 5313 3351 5387 legunt,
3384 5334 3415 5371 a
3458 5317 3594 5386 ﬁliis

1950 5386 2142 5441 Israel.
2177 5385 2288 5439 Sed
2322 5386 2379 5439 in
2413 5384 2747 5442 Colbertino
2779 5386 3096 5452 Aniciensi,
3131 5384 3280 5441 et'in
3320 5384 3499 5443 altero
3530 5389 3591 5446 S.

1953 5456 2225 5513 Germani
2262 5472 2373 5511 ms.
2407 5457 2604 5511 codice
2635 5457 2824 5528 prima
2852 5473 3024 5512 manu
3050 5458 3356 5529 scriptum
3391 5464 3535 5529 erat,
3564 5477 3597 5516 a

1951 5530 2098 5600 facie
2126 5529 2318 5595 Israel,
2344 5528 2497 5600 quod
2524 5528 2834 5600 imperitus
2857 5528 3463 5592 emendator’mutavit
3490 5528 3600 5587 hoc

1955 5600 2151 5665 modo,
2184 5615 2215 5653 a
2250 5600 2391 5669 ﬁliis
2420 5600 2613 5655 Israel.
2647 5600 2837 5655 MART.

2025 5701 2096 5713 —
2111 5670 2341 5727 Nostris
2369 5685 2477 5726 ms.
2503 5675 2561 5727 et
2580 5688 2728 5743 quos
2742 5684 2955 5742 magno
2969 5684 3211 5727 numero
3229 5670 3606 5731 Martianeus
