3982 6178
414 408 521 462 623

1445 404 1502 455 S.
1546 403 1953 458 HIERONYMI
1998 402 2249 456 DIVINA
2288 401 2784 457 BIBLIOTHECA.

3713 399 3818 454 624

413 549 599 605 usque
627 530 697 586 ad
729 528 920 588 locum
951 525 1046 596 qui
1079 527 1203 580 erat
1234 524 1444 580 subter
1498 525 1849 581 Beth-Char.
1905 523 2065 580 Tulit
2093 526 2146 591 Α
2179 525 2416 580 famulis
2447 525 2591 581 suis.
2622 530 2828 581 Servos
2860 525 3034 581 etiam
3075 529 3322 592 vestros,
3352 527 3411 580 et
3450 523 3722 595 ancillas,
3764 529 3822 581 et

413 624 607 676 autem
633 616 862 675 Samuel
890 614 1144 688 lapidem
1179 630 1384 681 unum,
1419 618 1476 669 et
1497 615 1696 686 posuit
1728 631 1864 670 cum
1908 613 2063 668 inter

415 709 660 780 Maspha
689 711 746 763 et
770 707 923 761 inter
950 708 1062 759 Sen
1096 704 1221 774 [ms.
1248 703 1465 774 Senei],
1499 708 1555 759 et
1576 703 1806 759 vocavit
1845 718 2060 759 nomen

416 800 544 869 ejus
591 797 770 869 [ναις.
814 795 947 851 add.
993 794 1148 865 loci],
1202 793 1350 864 lapis
1404 793 1718 863 Adjulorii.
1766 793 2058 864 Dixitque:

417 889 732 959 Hucusque
750 885 1065 942 auxiliatus
1080 888 1169 938 est
1184 882 1351 938 nobis
1373 883 1748 938 Dominus.Et
1763 883 1841 937 hu
1854 882 2062 937 miliati

418 981 557 1034 sunt
588 974 943 1043 Philisthim,
974 990 1080 1028 nec
1110 976 1513 1044 apposuerunt
1563 971 1736 1038 ultra,
1792 976 1857 1026 ut
1904 971 2068 1026 veni-

419 1071 549 1123 rent
579 1066 638 1120 in
669 1063 954 1120 terminos
989 1062 1187 1118 Israel.
1242 1062 1414 1117 Facta
1463 1065 1553 1116 est
1603 1061 1803 1131 itaque
1855 1077 2065 1114 manus

422 1151 1242 1224 DominisuperPhilisthaaos,
1259 1149 1487 1206 cunctis
1510 1150 1716 1206 diebus
1749 1147 2065 1204 Samuelis.

424 1245 492 1301 Et
521 1243 755 1300 reddita
785 1245 922 1297 sunt
953 1241 1148 1306 urbes,
1184 1256 1332 1311 quas
1363 1238 1619 1294 tulerant
1637 1237 1970 1293 Philisthim
1997 1237 2066 1292 ab

426 1332 626 1403 Israel,
656 1331 876 1400 Israeli,
909 1330 982 1385 ab
1013 1335 1272 1384 Accaron
1299 1345 1484 1398 usque
1515 1327 1683 1398 Geth,
1717 1331 1774 1382 et
1790 1326 2068 1381 terminos

427 1438 612 1480 suos:
679 1418 942 1476 liberavit
1000 1417 1180 1474 Israel
1240 1418 1310 1472 de
1370 1433 1546 1472 manu
1593 1415 2068 1484 Philistinorum,

429 1515 668 1582 eratque
700 1526 810 1581 pax
844 1508 996 1562 inter
1041 1505 1219 1562 Israel
1263 1510 1321 1562 et
1354 1505 1780 1561 Amorrhaeum.
1831 1504 2070 1559 Judica-

428 1602 531 1657 bat
559 1601 681 1671 [ms.
707 1596 1020 1670 judicavit]
1063 1610 1296 1667 quoque
1336 1593 1565 1649 Samuel
1615 1593 1791 1649 Israel
1843 1591 2070 1648 cunctis

425 1689 634 1746 diebus
663 1686 792 1741 vitae
825 1702 965 1753 sua,
1000 1688 1056 1738 et
1087 1683 1210 1739 ibat
1241 1700 1343 1755 per
1387 1681 1653 1755 singulos
1703 1698 1891 1737 annos
1949 1680 2070 1736 cir-

432 1777 697 1834 cumiens
728 1773 968 1830 Beth-El
992 1777 1050 1829 et
1071 1771 1312 1845 Galgala
1329 1776 1385 1828 et
1407 1771 1675 1843 Maspha,
1703 1770 2075 1842 etjudicabat

431 1863 707 1923 Israelem
742 1865 800 1918 in
833 1861 1187 1934 supradictis
1217 1859 1384 1916 locis.
1434 1860 1967 1965 Revertebatu‘rque
2106 1900 2152 1965 Β

430 1953 739 2013 Ramatha:
776 1952 854 2008 ibi
888 1951 1044 2007 enim
1075 1955 1201 2006 erat
1236 1950 1450 2005 domus
1499 1949 1653 2019 ejus,
1703 1953 1759 2004 et
1792 1947 1872 2002 ibi
1913 1947 2072 2018 judi-

431 2044 602 2100 cabat
633 2040 936 2098 Israelem:
963 2039 1265 2094 aediﬁcavit
1286 2038 1459 2093 etiam
1495 2036 1574 2091 ibi
1594 2037 1775 2092 altare
1807 2035 2073 2091 Domino.

500 2133 591 2203 [T.
623 2130 765 2196 XXI,
798 2133 930 2200 Cap.
954 2128 1111 2183 VIII.
1165 2128 1404 2182 Factum
1439 2131 1529 2181 est
1568 2129 1763 2180 autem
1805 2141 1938 2180 cum
1989 2140 2078 2179 se-

436 2222 666 2278 nuisset
696 2217 951 2286 Samuel,
988 2217 1186 2288 posuit
1231 2216 1381 2272 ﬁlios
1427 2231 1567 2270 suos
1603 2215 1837 2284 judices
1880 2213 2077 2269 Israel.

437 2312 686 2382 Fuitque
701 2326 933 2366 nomem
951 2307 1193 2378 ﬁliiejus
1219 2306 1596 2379 primogeniti
1618 2305 1765 2376 Joel,
1787 2310 1843 2361 et
1865 2321 2076 2361 nomen

439 2400 684 2459 secundi
717 2399 885 2465 Abia,
909 2397 1178 2469 judicum
1208 2396 1269 2451 in
1301 2397 1646 2452 Cer-Sabee.
1681 2396 1749 2450 Et
1795 2412 1908 2450 non
1956 2411 2080 2449 am-

438 2490 792 2547 bulaverunt
824 2488 928 2543 filii
962 2487 1122 2542 illius
1154 2487 1211 2541 in
1252 2486 1360 2541 viis
1401 2487 1568 2557 ejus:
1620 2485 1719 2541 sed
1760 2484 2079 2540 declinave-

439 2583 578 2636 runt
627 2583 761 2651 post
818 2575 1145 2645 avaritiam,
1197 2578 1662 2646 acceperuntque
1713 2589 1976 2640 munera,
2025 2577 2081 2629 et

438 2671 841 2741 perverterunt
884 2664 1196 2736 judicium.
1243 2663 1588 2735 Congregati
1636 2678 1771 2734 ergo
1822 2661 2078 2717 universi

435 2759 689 2829 majores
722 2760 861 2812 natu
915 2754 1117 2820 Israel,
1169 2758 1454 2809 venerunt
1503 2753 1574 2808 ad
1625 2750 1957 2808 Samuelem
2018 2749 2076 2806 in

439 2845 747 2902 Bamatha.
807 2844 1206 2914 Dixeruntque
1232 2842 1281 2896 ei
1319 2857 1331 2896 :
1372 2841 1518 2896 Ecce
1577 2847 1636 2894 tu
1692 2839 1846 2908 Vulg.
1897 2838 2074 2910 nunc]

436 2934 706 3004 senuisti,
738 2937 796 2989 et
829 2932 932 2987 filii
978 2931 1064 2986 tui
1117 2947 1234 2986 non
1286 2929 1596 2984 ambulant
1645 2929 1704 2984 in
1756 2928 1864 2983 viis
1910 2929 2075 2984 tuis:

435 3024 727 3081 constitue
772 3021 942 3077 nobis
991 3036 1210 3092 regem,
1255 3023 1320 3074 ut
1358 3018 1590 3094 judicet
1637 3033 1764 3088 nos,
1823 3017 1974 3072 sicut
2023 3023 2080 3072 et

436 3114 717 3169 universae
751 3112 965 3167 habent
996 3110 1283 3166 nationes.
1321 3107 1744 3178 Displicuitque
1775 3123 1966 3162 sermo
2017 3107 2076 3162 in

436 3201 622 3259 oculis
664 3199 979 3268 Samuelis,
1011 3215 1076 3254 eo
1109 3198 1263 3270 quod
1296 3197 1617 3252 dixissent:
1650 3201 1734 3252 Da
1774 3195 1941 3251 nobis
1991 3213 2079 3251 re~

2164 613 2408 683 juvenes
2437 615 2714 686 optimos,
2760 618 2817 669 et
2872 614 3070 670 asinos
3128 614 3377 684 auferet,
3433 618 3492 670 et
3549 619 3729 685 ponet
3763 614 3820 670 in

2174 718 2347 773 opere
2406 720 2535 759 suo.
2595 703 2807 775 Greges
2852 708 3076 760 vestros
3127 703 3544 772 addecimabit,
3601 719 3822 774 vosque

2175 791 2338 847 eritis
2380 791 2431 847 ei
2481 793 2652 847 servi.
2705 793 2773 848 Et
2817 791 3151 848 clamabitis
3208 792 3266 847 in
3312 792 3405 848 die
3464 791 3566 848 illa
3597 809 3632 848 a
3677 793 3822 849 facie

2175 880 2332 952 regis
2361 882 2560 948 vestri,
2592 898 2766 952 quem
2791 880 3051 954 elegistis
3083 881 3268 938 vobis:
3300 884 3356 937 et
3388 898 3502 938 non
3546 881 3826 938 exaudiet

2174 986 2276 1026 vos
2303 969 2584 1026 Dominus
2633 970 2692 1025 in
2743 971 2838 1026 die
2887 970 2990 1026 illa
3019 971 3061 1025 ³.
3095 970 3296 1027 Noluit
3315 974 3512 1026 autem
3564 971 3824 1043 populus

2177 1060 2380 1115 audire
2409 1075 2604 1116 vocem
2635 1059 2946 1130 Samuelis,
2975 1059 3077 1116 sed
3109 1059 3400 1117 dixerunt:
3436 1061 3823 1132 Nequaquam

2178 1165 2276 1204 rex
2307 1148 2462 1204 enim
2493 1149 2604 1205 erit
2652 1166 2830 1221 super
2875 1165 3004 1221 nos,
3059 1153 3117 1205 et
3162 1149 3383 1205 erimus
3433 1166 3539 1205 nos
3583 1165 3824 1222 quoque

2179 1237 2331 1292 sicut
2361 1253 2562 1293 omnes
2606 1242 2846 1310 gentes:
2890 1245 2948 1294 et
2961 1237 3252 1310 judicabit
3297 1255 3404 1294 nos
3460 1255 3555 1294 rex
3607 1245 3824 1309 noster,

2179 1329 2236 1381 et
2265 1325 2594 1398 egredietur
2631 1331 2764 1382 ante
2818 1343 2944 1393 nos,
2992 1331 3049 1383 et
3097 1327 3381 1399 pugnabit
3429 1326 3583 1383 bella
3629 1333 3827 1384 nostra

2181 1432 2281 1485 pro
2314 1416 2484 1471 nobis
2532 1416 2614 1486 (h.
2663 1433 2776 1471 non
2825 1415 3026 1483 habet,
3070 1433 3174 1488 pro
3223 1416 3436 1488 nobis).
3488 1417 3556 1471 Et
3600 1417 3827 1474 audivit

2179 1505 2406 1561 Samuel
2437 1503 2636 1560 omnia
2665 1506 2841 1560 verba
2871 1504 3094 1577 populi,
3131 1509 3187 1561 et
3230 1505 3465 1562 locutus
3513 1511 3604 1562 est
3645 1523 3716 1562 ea
3769 1507 3826 1562 in

2182 1594 2427 1649 auribus
2464 1593 2712 1650 Domini.
2749 1594 2896 1650 Dixit
2932 1599 3127 1650 autem
3159 1595 3441 1651 Dominus
3487 1595 3558 1650 ad
3585 1595 3828 1652 Samue-

2183 1679 2316 1738 lem:
2349 1681 2497 1737 Audi
2543 1699 2741 1738 vocem
2792 1698 3014 1750 eorum,
3049 1687 3106 1738 et
3157 1684 3452 1740 constitue
3497 1700 3678 1756 super
3721 1700 3824 1740 eos

2184 1786 2376 1842 regem
2396 1771 2477 1843 (h.
2499 1771 2618 1827 illis
2633 1774 2874 1844 regem).
2900 1773 2966 1827 Et
2989 1773 3069 1828 ait
3091 1771 3324 1828 Samuel
3349 1773 3421 1828 ad
3443 1773 3600 1829 viros
3623 1773 3824 1830 Israel:

2182 1860 2365 1918 Vadat
2387 1860 2797 1933 unusquisque
2826 1861 2884 1916 in
2917 1861 3209 1918 civitatem
3241 1877 3430 1917 suam.

2257 1948 2411 2019 (Cap.
2446 1949 2571 2021 IX.)
2603 1951 2672 2006 Et
2697 1954 2821 2006 erat
2849 1951 2936 2006 vir
2963 1951 3036 2006 de
3066 1950 3371 2022 Benjamin
3423 1950 3658 2008 nomine
3706 1951 3825 2022 Cis,

2185 2041 2243 2093 et
2267 2037 2424 2093 filius
2452 2037 2638 2106 Abiel,
2679 2038 2788 2094 filii
2819 2040 2991 2095 Seror
3053 2044 3173 2106 [ηιε.
3206 2039 3390 2111 Seor],
3418 2038 3519 2094 filii
3542 2040 3828 2097 Bechorat

2186 2128 2310 2195 [ms.
2345 2127 2634 2198 Beoreth],
2668 2128 2771 2182 filii
2795 2128 3005 2199 Aphia,
3029 2127 3134 2183 ﬁlii
3156 2128 3516 2199 viriJemini,
3541 2130 3712 2186 fortis
3735 2146 3827 2186 ro-

2184 2216 2347 2271 bore.
2407 2217 2545 2271 Erat
2600 2217 2650 2272 ei
2711 2215 2869 2272 {ilius
2927 2217 3210 2274 vocabulo
3260 2217 3436 2289 Saul,
3489 2218 3715 2276 electus
3771 2224 3827 2276 et

2185 2304 2395 2373 bonus,
2428 2309 2484 2360 et
2515 2322 2628 2361 non
2661 2310 2784 2362 erat
2813 2306 2900 2360 vir
2921 2307 2990 2362 de
3014 2306 3152 2362 filiis
3181 2307 3358 2362 Israel
3383 2306 3587 2363 melior
3606 2307 3825 2364 illo.Ab

2188 2394 2741 2450 humeroetsursum
2767 2395 3248 2468 eminebatsuper
3264 2413 3498 2452 omnem
3515 2399 3820 2470 populum.

2185 2483 2484 2538 Perierant
2516 2488 2710 2538 autem
2745 2484 2922 2539 asina:
2951 2483 3048 2540 Cis
3080 2485 3263 2556 patris
3290 2484 3450 2541 Saul:
3481 2491 3538 2541 et
3567 2486 3717 2542 dixit
3736 2487 3829 2543 Cis

2187 2574 2255 2628 ad
2292 2571 2430 2627 Saul
2461 2571 2645 2628 filium
2676 2589 2873 2629 suum:
2897 2573 3053 2629 Tolle
3073 2577 3261 2630 tecum
3291 2591 3473 2629 unum
3497 2575 3569 2631 de
3593 2577 3815 2646 pueris,

2185 2666 2243 2718 et
2272 2677 2633 2734 consurgens
2655 2662 2882 2730 vade,et
2904 2678 3098 2734 qurere
3111 2663 3330 2719 asinae.
3351 2663 3459 2729 Qui
3481 2679 3615 2719 cum
3639 2670 3829 2721 trans-

2187 2749 2370 2805 issent
2401 2767 2504 2822 per
2535 2755 2787 2807 montem
2820 2751 3119 2823 Ephraim,
3147 2756 3204 2808 et
3233 2768 3338 2824 per
3365 2757 3580 2808 terram
3611 2753 3827 2822 Salisa,

2186 2844 2242 2894 et
2269 2856 2382 2894 non
2405 2838 3154 2910 invenissent,transierunt
3170 2841 3341 2897 etiam
3366 2857 3468 2912 per
3490 2846 3703 2899 terram
3727 2846 3830 2900 Sa-

2186 2927 2312 2993 lim,
2345 2933 2403 2984 et
2451 2947 2565 2986 non
2617 2935 2761 2986 erat:
2814 2931 2915 2986 sed
2960 2933 3017 2986 et
3060 2947 3163 3002 per
3209 2935 3427 2987 terram
3471 2931 3712 2999 Jemini,
3771 2938 3830 2989 et

2187 3017 2431 3074 minime
2450 3023 2808 3090 repererunt.
2831 3019 2972 3075 Cum
2993 3025 3189 3074 autem
3214 3019 3509 3075 venissent
3529 3019 3586 3075 in
3608 3025 3827 3078 terram

2185 3105 2367 3177 Suph,
2401 3106 2549 3161 dixit
2578 3107 2712 3162 Saul
2746 3107 2819 3163 ad
2851 3123 3097 3179 puerum
3143 3108 3165 3141 ³
3203 3108 3299 3178 qui
3348 3113 3475 3164 erat
3521 3125 3657 3164 eum
3707 3127 3776 3166 eo
3813 3127 3827 3166 :

2187 3193 2354 3262 Veni,
2387 3199 2444 3250 et
2473 3201 2851 3263 revertamur,
2885 3213 2955 3252 ne
2988 3196 3133 3252 forte
3155 3197 3441 3253 dimiserit
3471 3201 3636 3270 pater
3658 3216 3830 3257 meus

437 3307 594 3363 gem,
627 3288 1069 3359 utjudicetnos.
1091 3291 1158 3341 Et
1180 3287 1366 3341 oravit
1387 3284 1620 3341 Samuel
1640 3287 1710 3340 ad
1739 3284 2070 3340 Dominum.
2106 3271 2148 3339 C
2187 3283 2385 3340 asinae
2409 3288 2466 3340 et
2495 3284 2783 3342 sollicitus
2805 3285 2881 3341 sit
2904 3302 3006 3358 pro
3039 3285 3228 3342 nobis.
3263 3285 3369 3351 Qui
3401 3286 3483 3342 ait
3525 3287 3575 3343 ei
3619 3304 3633 3342 :
3686 3289 3835 3346 Ecce

436 3379 596 3436 Dixit
627 3382 818 3433 autem
853 3376 1136 3431 Dominus
1167 3375 1238 3430 ad
1272 3374 1644 3430 Samuelem:
1682 3374 1826 3429 Audi
1877 3390 2074 3430 vocem

436 3467 637 3540 populi
659 3466 716 3520 in
751 3466 1027 3521 omnibus
1058 3481 1184 3535 quas
1213 3463 1676 3534 loquunturtibi,
1699 3481 1811 3518 non
1832 3464 1995 3518 enim
2021 3467 2076 3519 te

436 3555 796 3627 abjecerunt,
829 3555 928 3610 sed
963 3569 1075 3623 me,
1107 3569 1177 3607 ne
1223 3567 1457 3624 regnem
1505 3568 1682 3623 super
1730 3567 1851 3607 eos.
1899 3552 2077 3607 Juxta

437 3645 635 3701 omnia
665 3659 840 3715 opera
870 3659 996 3708 sua,
1022 3657 1147 3712 qua
1174 3641 1434 3696 fecerunt
1457 3657 1489 3695 a
1510 3640 1602 3696 die
1625 3657 1740 3711 qua
1759 3640 1930 3695 eduxi
1976 3656 2074 3696 eos

435 3734 507 3789 de
538 3735 782 3805 Egypto
816 3733 830 3765 ¹
871 3747 1054 3801 usque
1099 3731 1170 3785 ad
1214 3729 1367 3785 diem
1417 3729 1596 3784 istum
1635 3747 1647 3784 :
1683 3729 1835 3785 sicut
1871 3729 2078 3784 dereli-

436 3825 692 3895 querunt
723 3837 834 3890 me,
867 3824 925 3874 et
946 3819 1271 3875 servierunt
1301 3817 1413 3873 diis
1444 3816 1671 3884 alienis,
1718 3817 1803 3873 sic
1853 3817 2075 3872 faciunt

434 3913 610 3968 etiam
646 3909 770 3978 tibi.
803 3909 889 3964 Nu
906 3925 974 3964 ne
1004 3924 1140 3980 ergo
1173 3907 1307 3962 audi
1340 3923 1534 3962 vocem
1559 3923 1762 3962 eorum
1798 3924 1811 3962 :
1843 3922 2074 3962 verum-

433 4005 630 4056 tamen
665 4001 991 4054 contestare
1022 4013 1141 4062 eos,
1184 4000 1240 4050 et
1269 3995 1484 4068 praedic
1523 3996 1606 4050 eis
1631 3997 1734 4065 jus
1767 3995 1939 4067 regis,
1973 3994 2070 4066 qui

431 4094 782 4162 regnaturus
813 4091 901 4142 est
930 4102 1111 4158 super
1139 4101 1259 4140 eos.
1304 4086 1392 4156 (T.
1433 4083 1639 4154 XXII.)
1673 4083 1829 4140 Dixit
1875 4083 2072 4156 itaque

429 4177 666 4235 Samuel
720 4176 919 4232 omnia
974 4175 1149 4230 verba
1195 4173 1424 4229 Domini
1486 4173 1557 4228 ad
1608 4172 1912 4244 populum,
1973 4171 2069 4241 qui

431 4268 825 4340 pelieratase
869 4280 1084 4338 regem,
1137 4267 1194 4319 et
1219 4264 1338 4320 ait:
1399 4263 1517 4319 Hoc
1575 4264 1686 4318 erit
1735 4265 1838 4334 jus
1893 4262 2066 4335 regis,

431 4356 533 4428 qui
566 4358 956 4427 imperaturus
1005 4358 1094 4409 est
1139 4352 1339 4409 vobis:
1391 4352 1566 4408 Filios
1615 4357 1839 4408 vestros
1888 4351 2068 4422 tollet,

430 4449 488 4500 et
517 4447 694 4516 ponet
719 4444 774 4498 in
809 4443 1077 4499 curribus
1117 4441 1263 4509 suis,
1299 4441 1584 4512 facietque
1606 4440 1715 4496 sibi
1739 4441 1968 4512 equites
2013 4447 2070 4498 et

427 4549 819 4605 praecursores
861 4532 1281 4603 quadrigarum
1332 4547 1598 4596 suarum,
1640 4534 1698 4585 et
1746 4530 2066 4587 constituet

2187 3377 2270 3428 est
2296 3373 2384 3427 vir
2417 3373 2511 3429 Dei
2543 3373 2601 3429 in
2659 3374 2890 3430 civitate
2920 3375 3051 3444 hac,
3108 3375 3196 3430 vir
3242 3375 3458 3432 nobilis
3490 3393 3505 3432 :
3537 3382 3595 3433 et
3651 3394 3835 3436 omne

2186 3464 2341 3534 quod
2366 3463 2642 3536 loquitur,
2663 3466 2884 3537 absque
2906 3465 3287 3537 ambiguitate
3307 3467 3486 3523 venit.
3509 3467 3674 3525 Nunc
3692 3485 3834 3542 ergo

2184 3569 2386 3608 eamus
2415 3552 2574 3619 illuc,
2608 3554 2656 3609 si
2691 3555 2834 3611 forte
2865 3555 3081 3611 indicet
3128 3556 3297 3612 nobis
3350 3557 3421 3612 de
3469 3556 3560 3613 via
3607 3565 3838 3626 nostra,

2185 3648 2422 3713 propter
2451 3659 2628 3714 quam
2661 3643 2950 3700 venimus.
2982 3643 3254 3715 Dixitque
3297 3644 3432 3700 Saul
3465 3646 3536 3700 ad
3571 3663 3827 3718 puerum

2185 3746 2381 3784 suum:
2415 3731 2557 3786 Ecce
2588 3731 2829 3787 ibimus:
2866 3733 3004 3804 quid
3040 3734 3294 3788 feremus
3323 3734 3394 3789 ad
3426 3734 3610 3790 virum
3648 3736 3749 3792 Dei
3778 3737 3830 3791 ιτ

2183 3819 2354 3890 panis
2383 3819 2595 3876 defecit
2627 3821 2684 3875 in
2708 3821 2963 3877 sitarciis
2995 3822 3232 3877 nostris:
3267 3827 3326 3879 et
3354 3823 3682 3895 sportulam
3706 3843 3830 3883 non

2182 3905 2489 3976 habemus,
2549 3913 2615 3965 ut
2666 3910 2873 3966 demus
2922 3910 3147 3966 homini
3207 3911 3292 3984 (h.
3340 3913 3462 3969 viro
3513 3913 3662 3984 Dei),
3716 3932 3829 3972 nec

2183 3997 2504 4069 quidquam
2539 3998 2719 4054 aliud.
2757 4000 3008 4056 Rursum
3037 4017 3183 4072 puer
3212 4001 3535 4074 respondit,
3567 4003 3727 4073 Saul,
3764 4011 3826 4061 et

2181 4086 2282 4141 ait:
2317 4087 2460 4143 Ecce
2498 4087 2735 4144 inventa
2777 4093 2866 4145 est
2897 4090 2954 4144 in
3007 4106 3186 4145 manu
3239 4107 3370 4147 mea
3408 4096 3622 4164 quarta
3683 4110 3828 4166 pars

2182 4176 2417 4232 stateris
2450 4177 2698 4248 argenti,
2729 4178 2938 4234 demus
2971 4177 3196 4234 homini
3229 4179 3328 4236 Dei
3377 4180 3459 4252 (h.
3508 4182 3632 4237 viro
3682 4184 3830 4256 Dei),

2180 4269 2246 4320 ut
2276 4265 2494 4321 indicet
2524 4266 2692 4322 nobis
2723 4267 2874 4322 viam
2904 4272 3166 4324 nostram
3199 4269 3367 4334 (Olim
3409 4269 3466 4324 in
3500 4269 3679 4327 Israel
3741 4273 3830 4328 sic

2181 4353 2532 4425 loquebatur
2563 4358 2972 4429 unusquisque
2998 4359 3214 4413 vadens
3244 4360 3550 4416 consulere
3581 4359 3822 4429 Deum):

2177 4443 2381 4500 Venite
2413 4445 2536 4516 (ms.
2569 4444 2761 4517 Veni),
2813 4462 3017 4502 eamus
3039 4447 3109 4502 ad
3158 4446 3457 4504 Videntem
3499 4448 3622 4520 (qui
3656 4450 3821 4507 enim

2176 4533 2462 4605 propheta
2510 4532 2725 4590 dicitur
2753 4534 2946 4604 hodie,
2976 4535 3298 4592 vocabatur
3342 4535 3482 4592 olim
3529 4537 3778 4610 Videns)
3808 4557 3822 4594 :

429 4623 542 4679 sibi
574 4623 866 4688 tribunos,
900 4627 956 4677 et
985 4620 1377 4689 centuriones,
1410 4627 1466 4676 et
1497 4625 1755 4676 aratores
1788 4637 2061 4692 agrorum
2093 4643 2140 4708 D
2174 4626 2232 4677 et
2252 4622 2397 4677 dixit
2415 4621 2549 4678 Saul
2574 4623 2643 4677 ad
2666 4639 2913 4694 puerum
2936 4625 3418 4697 suum:0ptimus
3440 4641 3632 4683 sermo
3654 4633 3822 4686 tuus.

423 4729 689 4781 suorum,
722 4717 778 4767 et
808 4727 1098 4767 messores
1129 4715 1418 4781 segetum,
1451 4715 1508 4766 et
1538 4709 1733 4766 fabros
1764 4727 2062 4766 armorum

422 4806 482 4857 et
535 4817 814 4857 curruum
864 4815 1121 4855 suorum.
1149 4799 1326 4854 Filias
1375 4815 1606 4870 quoque
1630 4803 1854 4854 vestras
1894 4799 2065 4856 faciet

421 4890 534 4946 sibi
566 4887 1006 4962 auguentarias,
1047 4892 1104 4943 et
1135 4887 1403 4958 focarias,
1436 4892 1492 4943 et
1536 4888 1840 4959 paniﬁcas.
1875 4890 2060 4961 Agros

418 4995 653 5052 quoque
676 4983 920 5046 vestros,
953 4981 1009 5033 et
1044 4976 1265 5043 vineas,
1305 4981 1360 5032 et
1395 4976 1603 5032 oliveta
1637 4977 1860 5049 optima
1896 4977 2062 5034 tollet

413 5072 471 5124 et
501 5066 663 5123 dabit
694 5066 877 5123 servis
935 5065 1082 5121 suis.
1143 5065 1254 5120 Sed
1315 5069 1371 5120 et
1428 5069 1656 5138 segetes
1705 5069 1953 5135 vestras,
2000 5071 2058 5124 et

409 5157 714 5214 vinearum
749 5155 1016 5212 redditus
1043 5153 1461 5222 addecimabit,
1488 5159 1552 5210 ut
1575 5155 1670 5210 det
1693 5155 1980 5211 eunuchis
2001 5161 2058 5212 et

406 5426 723 5496 consuluit,
755 5444 788 5482 a
816 5425 951 5496 ﬁliis
982 5423 1323 5497 leguntpro
1345 5421 1578 5497 a_/ac_ie:
1610 5426 1669 5497 et
1698 5425 1786 5477 est
1815 5423 2048 5497 quidem

404 5501 464 5556 in
497 5493 736 5556 Hebraeo
755 5493 1274 5570 perquam'similis
1293 5493 1535 5570 scriptio
1559 5494 1867 5566 utriusque
1891 5495 2049 5570 vocis

405 5592 469 5644 ut
498 5589 675 5654 sumi,
707 5567 771 5643 et
794 5567 1072 5642 contundi
1103 5583 1353 5639 invicem
1385 5567 1510 5643 uni;
1543 5583 1729 5655 possit
1767 5601 1869 5656 pro
1917 5568 2046 5648 νεεδ

475 5663 493 5696 ί
525 5660 737 5716 Veron.
771 5675 879 5714 ms.
914 5659 986 5712 de
1015 5660 1163 5712 terra
1191 5656 1438 5725 1Egypti.

479 5730 501 5765 ¹
538 5730 778 5785 Addunt
810 5727 1036 5799 Vulgati
1067 5726 1220 5784 libri:
1255 5727 1403 5797 Quia
1423 5725 1642 5796 petisti:
1656 5726 1810 5785 vobis
1838 5743 2042 5800 regem,

2175 4711 2340 4778 Veni,
2374 4728 2599 4767 eamus.
2634 4712 2703 4767 Et
2730 4712 2922 4768 ierunt
2950 4713 3008 4768 in
3042 4712 3333 4770 civitatem
3357 4715 3416 4770 in
3445 4731 3559 4786 qua
3581 4722 3710 4774 erat
3731 4719 3821 4775 vir

2171 4800 2293 4856 Dei.
2325 4800 2588 4872 Cumque
2615 4802 2995 4857 ascenderant
3018 4802 3231 4858 clivum
3264 4803 3535 4873 civitatis,
3571 4807 3822 4864 invene-

2171 4892 2308 4943 runt
2339 4888 2563 4959 puellas
2595 4890 2956 4961 egredientes
2989 4891 3058 4945 ad
3093 4890 3477 4948 hauriendam
3509 4901 3818 4965 aquam,et

2169 4977 2442 5033 dixerunt
2469 4977 2573 5034 eis:
2607 4978 2759 5033 Num
2792 4978 2885 5034 hic
2913 4984 3002 5034 est
3022 4979 3270 5036 Videas?
3291 4983 3424 5048 Quae
3447 4986 3820 5055 responden-

2168 5069 2278 5135 tes,
2310 5067 2583 5122 dixerunt
2613 5066 2731 5123 illi:
2763 5067 2842 5138 (h.
2894 5084 3009 5123 non
3051 5067 3288 5141 habet):
3340 5069 3442 5126 Hic
3488 5076 3622 5127 est:
3678 5089 3814 5132 ecce

2168 5160 2302 5212 ante
2333 5160 2410 5226 te,
2443 5155 2655 5212 festina
2681 5173 2837 5212 nunc
2870 5172 2883 5211 :
2943 5155 3117 5214 hodie
3139 5157 3295 5214 enim
3327 5159 3484 5216 venit
3514 5160 3572 5216 in
3607 5163 3814 5220 civita-

2162 5441 2457 5501 quaimss.
2477 5423 2918 5501 Hieronymiani
2941 5425 3233 5501 ignorant,
3259 5427 3566 5500 fueratque
3581 5431 3815 5501 pridem

2161 5500 2234 5554 ad
2267 5497 2490 5552 Hebrtei
2523 5497 2716 5552 textus
2751 5497 2927 5552 fidem
2961 5497 3127 5554 obelo
3156 5497 3494 5570 praenotata.

2232 5587 2253 5621 ³
2273 5588 2604 5658 AVeroneins,
2636 5602 2748 5642 ms.
2784 5585 2944 5641 addit
2966 5586 3320 5657 suumjuxta
3341 5587 3652 5646 Hebraeum
3673 5577 3812 5658 m5

2230 5658 2249 5692 ⁴
2271 5656 2940 5740 Nequenveronensms.
2965 5656 3156 5730 neque
3177 5658 3458 5718 Hebraeus
3477 5665 3676 5720 textus
3697 5656 3812 5722 ad-

2157 5727 2307 5784 dunt
2338 5727 2432 5785 hic
2459 5728 2575 5784 Dei.
