3982 6178
195 333 284 388 625
1510 339 1722 392 LIBER
1760 337 1767 386 Σ

1995 337 2198 391 mus.
2339 397 2344 402 ,
2565 313 2572 316 ’
3456 334 3567 390 626

191 463 310 528 tem,
337 457 468 528 quia
487 457 842 514 sacrificium
873 462 963 515 est
991 458 1165 516 hodie
1197 463 1412 534 popqu
1460 462 1520 517 in
1547 458 1794 516 excelso.
1829 459 1883 525 Α
1913 459 2061 515 rexit
2091 459 2230 515 Saul
2257 477 2268 515 :
2332 459 2671 532 egressique
2702 462 2841 515 sunt
2872 459 3068 529 ambo,
3100 458 3230 531 ipse
3283 459 3568 518 videlicet

190 547 549 620 Ingredientes
602 547 831 615 urbem,
863 550 1064 604 statim
1113 549 1422 606 invenietis
1453 567 1586 606 cum
1637 552 1803 605 ante-
1912 553 1969 604 et
1997 548 2252 605 Samuel.
2285 550 2544 620 Cumque
2571 549 2985 604 descenderent
3013 548 3072 603 in
3104 553 3362 604 extrema
3402 554 3567 620 parte

192 652 344 710 quam
372 635 644 691 ascendat
688 635 746 690 in
783 636 908 707 [mm
941 647 993 693 et
1013 639 1160 709 Vulg.
1183 639 1386 713 tacent]
1418 640 1474 694 in
1509 639 1801 694 excelsum
1912 637 2186 704 civitatis,
2217 639 2452 693 Samuel
2475 638 2621 692 dixit
2650 639 2720 693 ad
2751 637 2884 693 Saul
2920 654 2932 692 :
2967 637 3067 692 Dic
3090 654 3268 709 puero
3302 642 3366 692 ut
3397 643 3565 694 ante-

191 726 250 782 ad
278 725 638 780 vescendum.
672 724 870 796 Neque
919 727 1074 782 enim
1117 743 1460 784 comesurus
1491 733 1582 784 est
1611 744 1802 799 popu-
1910 727 2078 781 cedat
2111 743 2238 792 nos,
2265 731 2321 782 et
2345 731 2638 794 transeat;
2660 732 2720 781 tu
2747 731 2939 781 autem
2965 725 3218 781 subsiste
3241 726 3557 799 paulisper,

191 813 269 870 lus
294 815 464 870 donec
495 813 592 869 ille
623 814 852 870 veniat:
880 815 1018 888 quia
1066 815 1190 888 ipse
1222 817 1513 874 benedicit
1545 821 1559 854 ¹
1595 816 1800 873 hostias
1908 819 1974 870 ut
2004 815 2258 872 indicem
2289 815 2393 870 tibi
2425 816 2665 871 verbum
2700 815 2818 870 Dei.

185 903 255 977 [h.
306 901 630 973 sacriﬁcio],
663 907 719 958 et
758 904 1035 976 deinceps
1093 907 1410 962 comedunt
1463 907 1563 979 qui
1611 906 1797 962 vocati
1977 905 2065 977 (T.
2093 905 2294 973 XXIV,
2330 905 2458 976 Cap.
2496 906 2588 976 X.)
2622 904 2778 959 Tulit
2801 907 2994 959 autem
3037 903 3271 960 Samuel
3300 903 3553 960 lenticu-

184 998 320 1049 sunt.
342 992 499 1050 Nunc
527 1008 664 1065 ergo
694 994 1088 1062 conscendite,
1122 995 1260 1066 quia
1289 995 1463 1052 hodie
1495 995 1796 1067 reperietis
1904 993 2022 1049 lam
2046 993 2177 1063 olei,
2209 998 2266 1050 et
2295 994 2503 1049 effudit
2528 1010 2706 1064 super
2727 997 2905 1064 caput
2925 994 3075 1063 ejus,
3095 996 3152 1048 et
3180 993 3554 1050 deosculatus

184 1099 315 1138 eum.
347 1082 412 1136 Et
438 1082 830 1138 ascenderunt
853 1082 911 1138 in
943 1083 1254 1140 civitatem.
1289 1085 1792 1161 |T.XXIII.]Cum-
1903 1087 1992 1138 est
2021 1099 2178 1152 eum,
2203 1088 2259 1138 et
2283 1083 2394 1139 ait:
2430 1083 2593 1149 Ecce,
2614 1081 2853 1136 unxitte
2873 1069 3353 1152 Dominus-super
3372 1082 3553 1138 haere-

181 1186 273 1244 que
297 1170 375 1226 illi
403 1169 775 1226 ambularent
804 1171 864 1226 in
921 1173 1112 1228 medio
1146 1173 1330 1243 urbis,
1386 1175 1658 1246 apparuit
1686 1174 1794 1229 Sa-
1902 1172 2142 1228 ditatem
2173 1187 2340 1227 suam
2375 1172 2433 1226 in
2460 1171 2809 1243 principem,
2835 1170 3185 1226 etliberabis
3216 1173 3235 1204 ‘
3267 1172 3549 1243 populum

179 1260 308 1316 muel
338 1259 640 1331 egrediens
669 1258 898 1315 obviam
931 1260 1035 1327 eis,
1069 1267 1133 1316 ut
1155 1263 1569 1319 ascenderetin
1599 1261 1792 1318 excel-
1901 1261 2030 1331 ejus
2061 1261 2132 1315 de
2158 1259 2434 1316 manibus
2454 1259 2830 1316 inimicorum
2871 1260 3022 1330 ejus,
3054 1259 3152 1329 qui
3187 1260 3244 1314 in
3301 1260 3550 1317 circuitu

176 1348 608 1416 sum,Dominus
629 1353 826 1405 autem
845 1349 1533 1407 revelaveratauriculam
1555 1355 1791 1408 Samue-
1901 1353 2060 1405 sunt.
2093 1349 2162 1404 Et
2193 1347 2302 1404 hoc
2335 1348 2442 1403 tibi
2503 1349 2765 1421 signum,
2799 1347 2938 1420 quia
2997 1347 3162 1402 unxit
3192 1353 3248 1403 te
3305 1347 3458 1404 Deus
3489 1348 3548 1404 in

171 1437 232 1493 lis
258 1441 379 1493 ante
408 1453 586 1492 unam
612 1437 768 1494 diem
829 1454 1003 1510 quam
1031 1439 1256 1495 veniret
1310 1440 1468 1507 Saul,
1538 1440 1737 1496 dicens
1771 1457 1784 1495 :
1898 1437 2245 1509 principem.
2277 1438 2421 1493 Cum
2445 1437 2660 1494 abieris
2714 1437 2886 1493 hodie
2912 1453 2944 1491 a
2984 1453 3098 1506 me,
3123 1436 3377 1492 invenies
3399 1438 3548 1492 duos

176 1527 272 1582 Hac
297 1526 438 1598 ipsa,
473 1541 604 1597 quae
659 1543 816 1582 nunc
859 1531 968 1594 est,
1000 1527 1165 1600 hora,
1197 1545 1326 1584 eras
1358 1530 1584 1585 mittam
1627 1530 1696 1584 ad
1733 1534 1788 1585 te
1895 1525 2236 1597 virosjuxta
2265 1525 2600 1597 sepulcrum
2634 1525 2844 1583 Rachel
2879 1525 2937 1580 in
2969 1525 3188 1581 finibus
3214 1525 3543 1596 Benjamin,

176 1615 338 1670 virum
367 1615 438 1670 de
496 1619 648 1671 terra
691 1616 1014 1688 Benjamin,
1045 1621 1104 1673 et
1152 1634 1336 1689 unges
1393 1633 1526 1674 eum
1576 1619 1784 1674 ducem
1893 1615 1952 1672 in
1984 1614 2221 1672 meridie
2249 1615 2602 1689 (h.inZelza,
2635 1616 3232 1687 quodinterpretatur,
3257 1616 3316 1670 in
3335 1617 3545 1671 umbra

172 1720 324 1774 super
350 1704 634 1776 populum
657 1720 853 1760 meum
889 1705 1062 1761 Israel
1091 1723 1104 1760 :
1139 1711 1196 1761 et
1224 1705 1472 1762 salvabit
1503 1706 1783 1778 populum
1893 1705 2202 1776 dicentque
2234 1704 2339 1759 tibi
2366 1721 2379 1760 :
2414 1706 2661 1760 Iuventae
2694 1708 2833 1760 sunt
2864 1703 3060 1773 asina,
3099 1705 3169 1759 ad
3202 1721 3350 1775 quas
3387 1704 3540 1760 ieras

174 1809 338 1848 meum
362 1793 431 1848 de
461 1808 638 1848 manu
667 1792 1110 1850 Philistinorum
1136 1811 1149 1850 :
1183 1795 1323 1866 quia
1353 1796 1578 1868 respexi
1601 1813 1783 1868 popu-
1811 1833 1859 1899 B
1893 1793 2341 1866 perquirendas,
2375 1797 2434 1849 et
2455 1793 2812 1848 intermissis
2843 1798 3006 1864 pater
3020 1797 3158 1849 tuus
3189 1793 3393 1860 asinis,
3427 1793 3540 1849 sol-

169 1882 267 1938 lum
297 1897 516 1952 meum,
547 1882 704 1938 venit
728 1882 884 1937 enim
909 1883 1132 1939 clamor
1152 1899 1353 1940 eorum
1379 1885 1448 1940 ad
1470 1901 1582 1940 me.
1606 1886 1782 1940 Cum-
1811 1882 1859 1899 "
1892 1882 2087 1938 licitus
2116 1887 2205 1938 est
2235 1899 2338 1955 pro
2369 1883 2555 1949 vobis,
2587 1887 2642 1938 et
2672 1882 2814 1937 dicit
2847 1882 3031 1948 :Quid
3077 1882 3285 1938 faciam
3315 1884 3385 1938 de
3417 1882 3538 1940 filio

169 1986 262 2042 que
288 1970 609 2042 aspexisset
657 1970 887 2027 Samuel
921 1972 1177 2042 Saulem,
1236 1973 1519 2030 Dominus
1556 1974 1637 2029 ait
1665 1975 1716 2030 ei
1765 1991 1779 2029 :
1893 1988 2022 2028 meo
2043 1972 2070 2027 ‘2
2099 1971 2365 2044 Cumque
2395 1971 2611 2028 abieris
2643 1971 2802 2041 inde,
2834 1975 2892 2026 et
2920 1970 3077 2026 ultra
3128 1971 3457 2040 transieris,
3481 1977 3538 2029 et

169 2060 286 2115 Ecce
311 2060 395 2114 vir
422 2075 608 2132 quem
641 2060 897 2116 dixeram
950 2061 1077 2132 tibi,
1101 2062 1214 2118 iste
1244 2063 1646 2119 dominabitur
1678 2081 1781 2136 po-
1890 2063 2119 2118 veneris
2152 2062 2219 2116 ad
2254 2077 2536 2133 quercum
2579 2060 2830 2127 Thabor,
2883 2061 3180 2117 invenient
3205 2065 3260 2116 te
3306 2061 3386 2116 ibi
3417 2066 3535 2118 tres

167 2147 278 2219 pulo
307 2164 454 2204 meo.
504 2149 755 2204 Accessit
803 2152 1000 2205 autem
1034 2150 1172 2206 Saul
1220 2153 1290 2206 ad
1340 2153 1669 2208 Samuelem
1720 2153 1779 2208 in
1889 2151 1996 2206 viri
2029 2151 2412 2206 ascendentes
2444 2151 2512 2205 ad
2533 2149 2716 2205 Deum
2747 2150 2806 2204 in
2832 2149 3092 2221 Beth-El,
3119 2167 3270 2206 unus
3294 2154 3532 2222 portans

166 2236 325 2293 medio
353 2242 562 2310 portas,
593 2242 651 2292 et
679 2238 761 2293 ait
789 2255 802 2293 :
835 2238 1051 2308 Indica,
1083 2255 1204 2307 oro,
1237 2240 1404 2308 mihi,
1437 2241 1535 2296 ubi
1559 2245 1647 2296 est
1675 2241 1778 2296 do-
1891 2243 2010 2295 tres
2041 2239 2262 2308 haedos,
2291 2243 2350 2295 et
2380 2238 2530 2294 alius
2554 2243 2668 2293 tres
2697 2243 2880 2294 tortas
2911 2239 3100 2310 panis,
3133 2243 3188 2294 et
3214 2238 3364 2294 alius
3397 2256 3530 2310 por-

164 2341 271 2381 mus
297 2326 584 2383 Videntis.
617 2327 686 2382 Et
719 2328 1021 2398 respondit
1049 2328 1284 2384 Samuel
1337 2329 1498 2386 Sauli
1531 2329 1729 2386 dicens
1764 2346 1776 2384 :
1889 2329 2320 2401 tamlagenam,
2341 2328 2480 2384 vini.
2513 2331 2772 2399 Cumque
2791 2333 2844 2384 te
2863 2327 3267 2394 salutaverint,
3307 2330 3533 2383 dabunt

162 2417 260 2486 Ego
277 2432 399 2471 sum
431 2415 662 2472 Videns
703 2432 716 2471 :
769 2417 1020 2473 ascende
1051 2422 1184 2473 ante
1216 2434 1305 2474 me
1334 2418 1391 2474 in
1442 2418 1776 2488 excelsum;
1889 2418 1994 2474 tibi
2025 2419 2172 2473 duos
2204 2433 2406 2490 panes,
2441 2421 2498 2473 et
2531 2417 2780 2488 accipies
2829 2417 2899 2472 de
2933 2433 3108 2472 manu
3141 2433 3364 2472 eorum.
3401 2417 3537 2473 Post

163 2509 213 2559 ut
236 2505 546 2561 cemedatis
577 2521 809 2561 mecum
856 2505 1050 2575 hodie,
1081 2511 1138 2562 et
1195 2507 1490 2563 dimittam
1524 2509 1604 2579 [h.
1639 2509 1776 2564 mit-
1891 2507 2011 2562 haec
2040 2507 2237 2562 venies
2269 2507 2326 2562 in
2351 2506 2557 2562 collem
2590 2506 2713 2575 Dei,
2746 2506 2842 2560 ubi
2875 2511 2964 2562 est
2990 2505 3164 2561 statio
3197 2505 3537 2560 Philistino-

158 2595 273 2664 tam}
303 2600 353 2650 te
383 2609 567 2650 mane
596 2598 654 2650 et
681 2593 881 2650 omnia
911 2611 1038 2666 quas
1070 2601 1210 2651 sunt
1242 2597 1300 2652 in
1333 2597 1503 2653 corde
1535 2602 1656 2667 tuo,
1688 2598 1777 2652 in-
1889 2613 2018 2651 rum
2034 2601 2090 2652 et
2105 2596 2561 2666 cumingressus
2582 2595 2851 2650 fuerisibi
2880 2594 3538 2660 urbem,obviumhabe-

159 2682 333 2739 dicabo
362 2683 503 2739 tibi.
529 2683 597 2738 Et
621 2684 691 2739 de
713 2683 916 2739 asinis:
950 2700 1098 2755 quas
1121 2685 1424 2756 perdidisti
1447 2685 1778 2742 nudiuster-
1887 2685 1979 2740 bis
2001 2700 2233 2756 gregem
2259 2684 2676 2756 prophetarum
2699 2683 3175 2739 descendentium
3200 2684 3270 2738 de
3291 2682 3538 2750 excelso,

157 2771 252 2828 tius
282 2790 347 2829 ne
375 2772 678 2830 sollicitus
709 2771 812 2838 sis,
847 2773 986 2844 quia
1017 2773 1264 2829 inventae
1296 2779 1436 2830 sunt
1467 2776 1587 2846 [της.
1623 2775 1779 2832 addit
1891 2779 1948 2830 et
1979 2779 2112 2829 ante
2143 2790 2242 2830 eos
2275 2773 2620 2844 psalterium
2643 2777 2699 2828 et
2728 2777 3098 2844 tympanum,
3135 2777 3190 2827 et
3219 2772 3449 2838 tibiam,
3482 2774 3540 2827 et

157 2861 434 2934 asinae].Et
461 2863 826 2934 cujuszerunt
848 2862 1068 2934 Optima
1093 2863 1776 2935 quasquelsrael?nonne
1887 2863 2194 2930 citharam,
2232 2863 2510 2934 ipsosque
2542 2861 2981 2934 prophetantes.
3017 2861 3081 2915 Et
3112 2859 3331 2915 insiliet
3369 2862 3428 2914 in
3485 2865 3544 2916 te

157 2950 243 3005 tibi
270 2957 322 3007 et
349 2951 515 3008 omni
576 2950 777 3007 domui
829 2951 1012 3022 patris
1044 2951 1128 3006 tui
1160 2952 1186 3005 ?
1220 2952 1542 3024 Respondit
1578 2958 1774 3009 autem
1885 2952 2137 3024 Spiritus
2168 2950 2423 3017 Domini,
2458 2955 2512 3005 et
2545 2948 2926 3022 prophetabis
2957 2964 3092 3004 cum
3126 2947 3232 3016 eis,
3259 2952 3316 3003 et
3347 2951 3541 3002 muta-

155 3038 290 3106 Saul,
319 3045 372 3096 et
401 3041 519 3096 ait:
548 3039 824 3111 Nunquid
849 3056 965 3096 non
989 3039 1146 3096 filius
1175 3041 1388 3097 Jemini
1411 3058 1512 3113 ego
1535 3043 1776 3108 sum,de
1886 3041 2040 3097 beris
2073 3041 2130 3096 in
2163 3040 2353 3096 virum
2378 3039 2581 3095 alium.
2618 3039 2860 3104 Quando
2904 3053 3041 3110 ergo
3073 3036 3340 3092 venerint
3369 3035 3540 3108 signa

153 3129 375 3185 minima
403 3129 572 3186 tribu
632 3127 834 3196 Israel,
881 3132 937 3184 et
967 3129 1233 3201 cognatio
1267 3147 1396 3186 mea
1454 3131 1776 3188 novissima
1885 3129 2006 3184 haec
2037 3128 2233 3184 omnia
2265 3128 2392 3198 tibi,
2428 3128 2514 3183 fac
2568 3141 2934 3198 quascunque
2989 3126 3276 3180 invenerit
3327 3141 3546 3180 manus

152 3215 278 3273 inter
300 3235 506 3276 omnes
538 3217 792 3274 familias
824 3218 844 3252 ³
876 3218 946 3274 de
1004 3217 1157 3274 tribu
1202 3220 1550 3291 Benjamin?
1589 3237 1769 3292 quare
1801 3203 1842 3270 C
1880 3223 2000 3289 tua,
2029 3218 2168 3291 quia
2186 3217 2685 3274 Dominustecum
2707 3215 3242 3272 est.Etdescendes
3271 3219 3410 3270 ante
3440 3231 3532 3270 me

150 3319 262 3377 ergo
290 3305 524 3364 locutus
557 3322 619 3362 es
651 3307 794 3362 mihi
819 3321 1146 3364 sermonem
1178 3307 1355 3364 istum
1391 3310 1418 3363 ‘I
1447 3311 1770 3365 Assumens
1881 3299 1939 3364 in
1977 3307 2216 3380 Galgala
2248 3309 2377 3378 (ego
2401 3306 2619 3378 quippe
2640 3305 2993 3361 descendam
3019 3305 3091 3359 ad
3115 3305 3216 3375 te),
3239 3309 3304 3359 ut
3329 3304 3538 3360 offeras

148 3395 293 3465 taque
319 3394 562 3452 Samuel
592 3394 847 3464 Saulem,
872 3399 928 3451 et
949 3413 1196 3468 puerum
1227 3398 1376 3468 ejus,
1420 3397 1746 3454 introduxit
1883 3396 2261 3462 oblationem,
2289 3404 2342 3451 et
2366 3395 2640 3451 immoles
2662 3394 2932 3450 victimas
2955 3392 3326 3466 pacificas[h.
3359 3393 3429 3449 ad
3461 3393 3542 3449 of-

150 3495 230 3537 eos
254 3483 310 3539 in
375 3483 708 3540 triclinium
735 3483 816 3555 [h.
851 3484 910 3539 in
962 3485 1324 3558 cubiculum].
1353 3491 1410 3542 et
1467 3486 1628 3542 dedit
1684 3486 1772 3543 eis
1887 3487 2155 3542 ferendas
2176 3489 2233 3541 et
2253 3483 2650 3540 immolandas
2669 3483 2935 3540 victimas
2959 3481 3538 3555 paciﬁcaslzseptem

154 3568 318 3629 locum
347 3573 406 3628 in
441 3573 638 3644 capite
677 3589 878 3630 eorum
913 3575 1013 3645 qui
1074 3575 1304 3630 fuerant
1330 3574 1570 3630 invitati.
1605 3576 1780 3631 Erant
1888 3576 2096 3630 diebus
2126 3574 2443 3646 expectatis
2475 3575 2658 3629 donec
2690 3572 2918 3629 veniam
2952 3573 3024 3628 ad
3064 3577 3140 3642 te,
3159 3576 3216 3628 et
3235 3573 3541 3628 ostendam

156 3661 285 3716 enim
313 3663 482 3733 quasi
535 3661 777 3734 triginta
824 3662 952 3718 viri.
1007 3663 1276 3734 Dixitque
1317 3665 1552 3720 Samuel
1603 3681 1777 3721 coco:
1888 3663 1994 3718 tibi
2029 3679 2158 3734 quae
2189 3663 2368 3718 facias
2401 3663 2488 3734 [T.
2526 3661 2720 3733 XXV.]
2781 3662 2979 3730 Itaque
3035 3677 3170 3716 cum
3231 3660 3545 3716 avertisset

158 3748 220 3802 Da
243 3756 460 3821 partem
496 3767 674 3822 quam
705 3751 839 3806 dedi
871 3752 998 3821 tibi,
1030 3756 1088 3808 et
1118 3753 1382 3824 praecepi,
1417 3759 1482 3808 ut
1537 3771 1777 3826 repone-
1890 3753 2202 3808 humerum
2236 3768 2434 3821 suum,
2471 3755 2534 3807 ut
2553 3750 2737 3806 abiret
2763 3749 3108 3816 aSamuele,
3134 3748 3464 3805 immutavit
3489 3748 3540 3802 ei

154 3853 227 3894 res
255 3856 513 3897 seorsum
542 3841 694 3912 apud
731 3844 808 3896 te.
842 3841 1073 3897 Levavit
1101 3847 1294 3898 autem
1321 3859 1493 3899 cocus
1525 3859 1776 3912 armum,
1894 3845 2045 3897 Deus
2076 3859 2174 3897 cor
2204 3839 2386 3906 aliud,
2413 3844 2470 3896 et
2487 3844 2770 3896 venerunt
2801 3839 2998 3894 omnia
3029 3840 3198 3911 signa
3223 3837 3419 3893 haecin
3451 3837 3546 3892 die

154 3932 198 3982 at
223 3930 408 4000 posuit
435 3933 577 3985 ante
607 3929 768 3985 Saul.
820 3929 1095 4003 Dixitque
1122 3931 1358 3988 Samuel
1384 3950 1396 3988 :
1431 3933 1574 3988 Ecce
1627 3933 1784 4004 quod
1891 3931 2011 3986 illa.
2048 3931 2459 4000 Veneruntque
2480 3929 2550 3984 ad
2583 3929 2922 4000 prmdictum
2948 3926 3176 3997 collem,
3207 3931 3264 3982 et
3279 3943 3410 3982 ecce
3441 3942 3545 3982 cu-

158 4020 434 4088 remansit,
471 4034 627 4091 pone
660 4022 794 4075 ante
823 4023 899 4088 te,
933 4024 989 4075 at
1035 4021 1306 4076 comede:
1344 4021 1484 4093 quia
1511 4023 1583 4077 de
1615 4023 1786 4078 indu-
1898 4037 2043 4076 neus
2076 4018 2496 4091 praphetarum
2556 4017 2761 4072 obvius
2793 4017 2882 4072 ei:
2919 4015 3149 4071 insiluit
3178 4031 3356 4086 super
3405 4029 3539 4070 eum

151 4109 271 4164 atrio
293 4113 593 4166 servatum
626 4113 716 4164 est
746 4108 850 4165 tibi
885 4110 1117 4180 quando
1148 4111 1430 4182 populum
1461 4111 1678 4168 vocavi.
1713 4113 1781 4168 Et
1899 4109 2152 4182 Spiritus
2191 4107 2307 4172 hei,
2341 4111 2396 4162 et
2447 4105 2816 4178 prophetavit
2843 4105 2903 4160 in
2938 4103 3128 4160 medio
3187 4119 3410 4160 eorum.
3440 4103 3542 4158 Vi-

153 4199 379 4256 comedit
406 4198 549 4255 Saul
583 4215 716 4255 cum
747 4199 1018 4256 Samuele
1049 4199 1106 4255 in
1141 4199 1232 4256 die
1265 4201 1387 4256 illo.
1440 4203 1507 4256 Et
1536 4203 1780 4258 descen-
1899 4200 2102 4254 dentes
2133 4201 2327 4253 autem
2359 4211 2563 4250 omnes
2595 4195 2691 4266 qui
2728 4198 3013 4249 noverunt
3044 4209 3178 4248 eum
3223 4193 3294 4248 ab
3325 4192 3449 4248 heri
3483 4197 3543 4248 et

151 4285 338 4344 derunt
362 4290 433 4344 de
466 4287 694 4344 excelso
721 4287 778 4343 in
813 4287 1120 4360 oppidum,
1152 4292 1208 4344 et
1238 4288 1466 4346 locutus
1519 4293 1611 4346 est
1658 4306 1791 4346 cum
1901 4286 2349 4353 nudiustertius,
2383 4285 2536 4356 quod
2588 4289 2744 4340 esset
2769 4299 2900 4338 cum
2952 4282 3275 4354 prophetis,
3313 4286 3372 4338 et
3403 4297 3540 4353 pro-

150 4376 295 4434 Saule
325 4379 382 4435 in
415 4377 637 4435 solario
666 4379 707 4431 ³.
769 4377 1032 4450 Cumque
1060 4395 1236 4434 mane
1294 4380 1706 4446 surrexissent,
1738 4383 1796 4435 et
1903 4377 2185 4448 phetaret,
2211 4373 2482 4429 dixerunt
2511 4373 2581 4428 ad
2605 4373 2850 4428 invicem
2876 4388 2887 4426 :
2915 4374 3189 4438 Quaenam
3214 4387 3304 4426 res
3332 4370 3546 4426 accidit

147 4453 252 4522 lam
281 4467 691 4536 dilucesceret,
724 4466 950 4522 vocavit
969 4466 1203 4523 Samuel
1231 4467 1464 4523 Saulem
1491 4467 1549 4522 in
1580 4468 1794 4524 solario
1904 4465 2022 4520 filio
2054 4464 2148 4520 Cis
2169 4463 2196 4517 ?
2226 4479 2365 4518 num
2396 4467 2453 4517 et
2482 4461 2617 4516 Saul
2640 4461 2792 4516 inter
2810 4460 3164 4531 prophetas?
3195 4459 3547 4531 Respondit-

152 4553 364 4612 dicens:
417 4561 627 4627 Surge,
660 4553 1032 4610 utdimittam
1060 4556 1140 4627 [h.
1176 4556 1428 4628 mittam]
1448 4560 1524 4612 te.
1561 4557 1625 4611 Et
1649 4573 1780 4613 sur-
1815 4576 1860 4642 Ι)
1905 4571 2019 4627 que
2049 4553 2196 4609 alter
2226 4554 2345 4623 (ms.
2383 4551 2558 4619 alius)
2606 4550 2676 4605 ad
2713 4549 2984 4617 alterum,
3045 4549 3282 4642 dicens:
3317 4549 3384 4603 Et
3413 4548 3548 4620 quis

212 4662 487 4717 'Hebraso
518 4660 779 4732 pressius
805 4660 961 4716 idem
1008 4677 1118 4718 ms.
1154 4661 1462 4718 Benedicet.
1822 4641 1825 4642 ν
1895 4661 2035 4741 olim
2070 4659 2380 4741 archetypo
2413 4659 2484 4740 ob
2529 4657 2796 4741 ejusdem
2828 4641 3156 4741 vocis‘jn'tb
3195 4671 3547 4741 ‘recursum,

213 4757 798 4832 ’Antitiuariierrors
839 4759 994 4832 ﬁlius
1026 4774 1126 4830 pro
1153 4760 1405 4832 familias
1435 4760 1577 4832 legit
1608 4760 1787 4815 Vero-
1895 4727 3546 4832 ῗῗῖἳηξοέιξίΡὲίέῗηῗῖξὲειέῗηἚῗίὲδυοῗῖῗᾷἶξῗῖῗ³3ῗέέῗῗὶῗῗ

1900 4805 2027 4876 ipsa
2059 4804 2274 4876 Latinae
2308 4799 2597 4876 versionis
2629 4817 2761 4876 cum
2820 4799 3134 4876 exemplari
3161 4799 3354 4876 _Hebr.
3388 4803 3550 4876 tanta

157 4843 302 4885 nens.
338 4847 446 4886 ms.
487 4832 550 4886 In
583 4830 698 4886 alio
736 4830 1108 4887 Martianazus
1166 4831 1387 4886 invenit
1415 4849 1474 4887 c0
1499 4830 1786 4888 vnaliones.
1902 4830 2027 4876 '1’“
2060 4830 2274 4886 “mlum
2316 4830 2597 4883 νιῖνδΨωδ
2629 4830 2761 4854 W‘“
2820 4830 3134 4885 Ῡ⁸⁶¹¹Ψ¹⁰¹ξ⁷¹
3161 4830 3354 4882 ,⁸³⁵⁸³⁸
3392 4830 3548 4882 ἱαυθσξ

218 4928 235 4942 ,
267 4927 306 4942 ,,
353 4927 364 4942 ,
455 4927 493 4942 ,,
570 4927 628 4942 ,,
723 4931 733 4942 ,
795 4931 806 4942 ,
925 4928 956 4942 ,,
1094 4927 1124 4942 η
1219 4927 1273 4942 ,,
1414 4929 1424 4942 ,
1476 4850 1517 4938 9,
1619 4934 1629 4942 ,
1685 4929 1697 4942 ,
1900 4876 2277 4930 conformitas
2299 4878 2513 4928 evmclt
2545 4888 2606 4927 se
2631 4875 2700 4926 ab
2725 4873 2972 4927 colonte
3011 4871 3278 4942 religiose
3300 4873 3548 4926 derivari

216 4927 496 5017 igyulsati
517 4927 1230 5017 ᾳᾱειξξιιξζῖᾳεζίέφιξςβφει
1253 4927 1314 5017 if!
1343 4929 1548 5017 δρίανξρ
1579 4934 1631 5012 εξ
1663 4929 1790 4985 d0?"
1901 4927 2179 5017 nihil—que
2200 4927 2334 5017 plus
2366 4927 2578 5000 habere
2606 4943 2696 5017 vel
2733 4943 2973 5017 minus.
3000 4927 3177 5017 ldqffe
3207 4959 3305 4999 eos
3337 4942 3544 5013 magis,

158 4999 461 5089 primaque
478 5016 580 5056 nec
596 5000 868 5054 Hebraeus
885 4999 1052 5054 habet
1073 5015 1177 5054 nec
1193 4999 1381 5054 Latini
1409 5000 1668 5056 melioris
1683 5018 1790 5056 no-
1902 4999 2161 5089 ᾇαοάηιί
2188 4999 2458 5088 ῥυοωρω
2482 5020 2626 5083 erat,
2653 5015 2698 5070 εί
2725 5015 2932 5070 {uisset
2963 5015 3011 5070 is
3041 4999 3297 5081 abimus,
3331 4999 3546 5083 ρι-δροζ

167 5071 498 5160 “pollicem
783 5156 793 5160 _
1317 5157 1324 5160 Α
1623 5159 1631 5160 ί
1726 5159 1731 5160 γ
1902 5071 2204 5159 situmque
2234 5071 2286 5143 Si.
2321 5071 2659 5160 Interpretis
2690 5086 2882 5160 locum
2924 5086 3195 5160 supplere
3227 5071 3296 5160 ex
3325 5071 3542 5160 Graeco,

220 5157 240 5190 ‘
267 5157 526 5233 Alterum
605 5156 963 5233 γγησιότητος
993 5157 1453 5233 Hieronymiane
1486 5159 1792 5233 versionis,

1987 5153 2130 5233 quo
2187 5160 2436 5233 habetur
2459 5153 2499 5233 ,ξ
2531 5157 2620 5233 ῃαὶ
2681 5155 2744 5210 σὺ
2774 5153 3194 5233 Δσιςιόσξιςξόιύπτὸν
3239 5155 3303 5233 ⁸ἐκ
3359 5153 3546 5233 χειρὸς

165 5242 320 5308 quam
380 5230 553 5308 refert
610 5227 931 5308 Veronens.
965 5248 1136 5308 -ms.,
1194 5227 1606 5296 argumentum
1660 5231 1737 5285 bii

1971 5227 2116 5308 Betim
2166 5229 2328 5308 αῷτοῦ
2372 5227 2790 5308 κυκλόθεν,.κᾳὶ
2846 5227 3006 5308 ςοῦτό
3064 5249 3146 5308 eo:
3205 5227 3261 5280 τὸ
3293 5227 3543 5308 ’σγε-μεῖφδ

167 5295 305 5376 sumi
336 5301 532 5366 velim,
568 5303 721 5376 quod
751 5308 932 5358 totam
965 5295 1138 5376 hanc,
1168 5295 1271 5376 nec
1306 5318 1450 5376 sane
1479 5319 1729 5376 paucoru

1979 5295 2243 5376 [€191on
2289 5322 2344 5355 σε
2409 5301 2614 5376 Κύριος
2648 5295 2754 5354 ’ἐπὶ
2810 5299 3182 5376 κληρονομίαν
3251 5295 3415 5376 οξὺτῷ
3448 5295 3551 5376 ,εἷς

165 5353 938 5459 vet-bamtestaceis;
968 5353 1268 5457 iacti};
1286 5353 1802 5459 gogtjtga‘eaxgg
1908 5353 2518 5459 ἀεχοῑθςειῖψειξίέείάιέ
2539 5353 2545 5355 ·
2571 5353 2763 5456 amen,
2783 5353 3214 5459 pta-tmte}
3244 5353 3551 5459 strata;

171 5445 416 5518 {nauibus
454 5443 826 5518 inimicorum
883 5448 1000 5516 ejus
1047 5448 1146 5517 qui
1176 5449 1232 5500 in
1262 5443 1500 5500 circuitu
1548 5443 1695 5518 sunt.
1742 5449 1803 5500 Et
1909 5443 2024 5504 sibi
2051 5447 2349 5502 conscium
2372 5464 2485 5502 non
2510 5463 2636 5501 esse
2661 5443 3046 5518 quidpiamse
3069 5445 3137 5518 de
3163 5443 3440 5518 Ilebraica
3460 5457 3553 5495 ve-

172 5513 256 5567 )ιοσ
278 5516 384 5588 tibi
414 5516 651 5588 Signum.
711 5533 840 5588 qum
876 5513 1132 5572 uinxit-te
1187 5519 1324 5572 Deus
1358 5518 1410 5572 in
1472 5516 1799 5588 principem,
1913 5521 2085 5575 ritate
2117 5524 2396 5574 mutasse.
2431 5513 2824 5584 Quamobrem
2841 5517 3009 5588 ethic
3035 5513 3429 5588 mirari_subit_
3454 5528 3558 5588 nec

176 5586 392 5654 penitus
425 5586 668 5657 ignorat.
700 5584 917 5661 Nempe
949 5589 1224 5645 Hebraeus
1255 5584 1706 5661 quoquetextus
1737 5606 1802 5644 ea
1917 5593 2218 5647 Hebraeum
2253 5589 2650 5656 scholiastem,
2680 5605 2786 5644 nec
2809 5587 3208 5661 Martianzeum
3232 5585 3382 5661 hanc
3407 5584 3560 5640 Lati-

176 5673 403 5728 prorsus
434 5663 587 5717 caret
616 5677 632 5731 ;
667 5665 723 5717 et
752 5657 1086 5734 quanquam
1125 5657 1305 5719 videri
1354 5657 1539 5734 possit
1572 5659 1644 5718 ab
1677 5659 1804 5733 ipso
1917 5681 2128 5723 norum
2184 5661 2448 5719 codicum
2507 5661 2864 5719 additionem
2913 5657 3418 5717 animadvertisse.
