3982 6178
420 340 527 395 627

1471 347 1530 398 S.
1572 343 1981 399 BIEBONYMI
2018 337 2276 392 DIVINA
2311 337 2806 394 BIBLIOTHECA.

3705 349 3796 405 628

428 470 591 539 pater
620 482 815 523 eorum
841 466 868 520 ?
894 471 1199 539 propterea
1217 483 1448 523 versum
1477 472 1567 524 est
1590 468 1649 523 in
1682 464 2076 539 proverbium:
2108 462 2163 528 Α
2194 458 2386 515 diente
2406 459 2655 531 populo:
2679 461 3161 519 etlevavitomnis
3176 464 3422 537 populus
3436 482 3613 525 vocem
3629 487 3797 529 suam.

432 555 584 611 Num
615 559 673 611 et
700 555 833 610 Saul
867 554 1020 611 inter
1050 556 1366 628 prophetas
1389 556 1417 611 ?
1436 556 1700 612 Cessavit
1728 559 1924 611 autem
1954 570 2086 625 pro-

435 644 697 716 phetare,
723 650 779 699 et
808 643 966 699 venit
1024 647 1094 700 ad
1154 647 1473 702 excelsum.
1520 646 1792 715 Dixitque
1846 648 2093 716 patruus

438 732 576 789 Saul
609 732 681 787 ad
713 748 870 799 eum,
902 737 961 788 ct
1017 734 1088 789 ad
1145 751 1395 805 puerum
1427 735 1593 805 ejus:
1656 735 1778 798 Quo
1836 731 2043 788 abistis
2066 730 2095 786 ?

439 821 547 887 Qui
579 822 1001 893 responderunt
1039 841 1052 877 :
1089 824 1351 887 Quzerere
1382 824 1579 879 asinae
1614 841 1761 895 quas
1793 839 1926 878 cum
1977 836 2094 877 non

441 911 885 982 reperissemus,
922 912 1188 968 venimus
1225 912 1296 967 ad
1345 912 1701 967 Samuelem.
1736 916 1803 967 Et
1846 911 1990 967 dixit
2042 910 2094 965 ei

442 1002 687 1071 patruus
717 1016 894 1055 suus:
921 1000 1119 1055 Indica
1145 1001 1452 1072 mihiquid
1476 1001 1807 1056 dixerittibi
1837 1000 2093 1055 Samuel.

442 1091 510 1142 Et
539 1087 621 1143 ait
651 1087 790 1143 Saul
823 1089 894 1144 ad
926 1093 1202 1160 patruum
1228 1106 1423 1144 suum.
1455 1090 1736 1146 Indicavit
1765 1090 1931 1145 nobis
1962 1090 2100 1159 quia

445 1178 694 1233 iuventte
717 1183 915 1233 essent
936 1177 1135 1233 asinae.
1161 1178 1241 1232 De
1266 1195 1533 1234 sermone
1556 1182 1752 1233 autem
1777 1178 1939 1249 regni
1982 1194 2097 1232 non

451 1265 812 1321 indicavitei
846 1282 1019 1337 quem
1078 1264 1309 1322 locutus
1359 1266 1443 1322 illi
1475 1268 1663 1323 fuerat
1715 1266 1973 1323 Samuel.
2035 1267 2101 1321 Et

451 1354 789 1411 convocavit
819 1355 1054 1411 Samuel
1088 1355 1368 1427 populum
1402 1356 1473 1412 ad
1528 1356 1835 1412 Dominum
1866 1356 1927 1410 in
1978 1356 2099 1411 Ma-

453 1444 602 1516 spha
632 1448 687 1499 et
718 1444 799 1499 ait
830 1444 901 1499 ad
957 1443 1109 1499 ﬁlios
1158 1445 1382 1500 Israel:
1443 1448 1573 1501 Haec
1628 1444 1769 1501 dicit
1819 1445 2103 1500 Dominus

456 1535 613 1592 Deus
643 1531 861 1587 Israel:
895 1533 1013 1605 Ego
1045 1533 1217 1589 eduxi
1266 1534 1447 1589 Israel
1477 1535 1547 1590 de
1576 1535 1843 1606 Egypto,
1876 1538 1933 1589 et
1979 1533 2104 1589 erui

457 1638 559 1678 vos
586 1621 659 1675 de
703 1636 879 1674 manu
937 1620 1360 1693 Egyptiorum,
1396 1626 1452 1676 et
1480 1622 1550 1677 de
1602 1638 1780 1676 manu
1839 1622 2104 1677 omnium

458 1725 664 1782 regum
688 1706 783 1779 qui
815 1707 1151 1780 aIIIigebant
1172 1726 1293 1765 vos.
1326 1709 1442 1765 Vos
1474 1714 1667 1765 autem
1710 1710 1882 1766 hodie
1916 1711 2107 1783 proje-

459 1797 619 1854 cistis
650 1798 823 1853 deum
848 1801 1133 1865 vestrum,
1162 1798 1261 1870 qui
1290 1798 1450 1853 solus
1473 1798 1717 1854 salvavit
1742 1816 1842 1855 vos
1877 1800 1948 1856 de
1980 1801 2107 1855 uni-

460 1887 641 1943 versis
675 1885 848 1941 malis
878 1891 934 1940 et
979 1884 1461 1942 tribulationibus
1493 1887 1736 1943 vestris:
1762 1888 2103 1945 etdixistis:

456 1976 842 2047 Nequaquam
868 1992 885 2027 :
908 1975 1007 2029 sed
1031 1990 1225 2045 regem
1265 1975 1554 2030 constitue
1577 1993 1755 2047 super
1800 1994 1906 2033 nos
1938 1976 2019 2050 [h.
2054 1982 2111 2033 et

458 2063 691 2119 dixistis
721 2063 775 2119 ei
804 2063 939 2133 quia
987 2078 1167 2131 regem
1201 2063 1521 2119 constitues
1552 2082 1730 2135 super
1762 2066 1909 2138 nos].
1944 2067 2111 2122 Nunc

460 2169 596 2225 ergo
631 2157 783 2208 state
807 2168 1003 2207 coram
1028 2151 1278 2207 Domino
1313 2168 1416 2224 per
1436 2152 1624 2208 tribus
1656 2159 1900 2225 vestras,
1934 2160 1989 2210 et
2010 2171 2113 2227 per

462 2240 734 2297 familias.
768 2245 835 2295 Et
866 2240 1153 2311 applicuit
1183 2239 1419 2295 Samuel
1453 2257 1657 2296 omnes
1690 2242 1879 2298 tribus
1912 2243 2112 2313 Israel,

465 2336 518 2384 et
553 2328 767 2384 cecidit
786 2345 916 2384 sors
940 2328 1129 2384 tribus
1152 2329 1481 2399 Benjamin.
1510 2330 1575 2385 Et
1597 2330 1881 2402 applicuit
1898 2333 2113 2387 tribum

468 2418 771 2488 Benjamin
798 2421 856 2473 et
900 2417 1278 2490 cognationes
1309 2418 1459 2489 ejus,
1494 2423 1550 2474 et
1606 2418 1816 2475 cecidit
1846 2421 2118 2494 cognatio

466 2506 654 2574 Metri,
689 2511 746 2562 et
769 2506 1030 2578 pervenit
1060 2524 1247 2578 usque
1265 2507 1336 2562 ad
1356 2507 1493 2563 Saul
1519 2508 1707 2563 ﬁlium
1727 2508 1837 2565 Cis.
1863 2511 2119 2577 Quaesie-

471 2602 757 2668 runtergo
779 2612 936 2664 eum,
963 2600 1020 2651 et
1043 2613 1157 2651 non
1179 2600 1266 2652 est
1288 2596 1579 2654 inventus.
1604 2598 1672 2652 Et
1693 2599 2121 2655 consuluerunt

473 2690 611 2759 post
640 2685 759 2741 haec
788 2684 1105 2741 Dominum
1125 2689 1465 2741 utrumnam
1489 2691 1770 2743 venturus
1799 2693 1957 2744 esset
1984 2688 2121 2744 illuc

476 2774 559 2848 [h.
592 2773 734 2831 illuc
767 2774 895 2846 vir),
957 2774 1395 2847 Responditque
1441 2775 1766 2831 Dominus:
1828 2777 1973 2833 Ecce
2018 2778 2123 2834 ab-

475 2864 780 2921 sconditus
810 2863 997 2935 est[h.
1050 2862 1201 2918 inter
1229 2865 1383 2935 vasa]
1448 2865 1627 2921 domi.
1687 2867 2124 2923 Concurrerunt

476 2952 676 3025 itaque
705 2958 763 3007 et
792 2951 1054 3008 tulerunt
1074 2969 1207 3007 eum
1231 2952 1366 3008 inde
1387 2953 1662 3025 stetitque
1692 2953 1748 3009 in
1771 2955 1963 3011 medio
1995 2960 2124 3028 pot-

476 3040 623 3113 puli,
656 3044 712 3097 et
740 3040 912 3097 altior
942 3040 1051 3095 fuit
1079 3040 1351 3096 universo
1399 3040 1615 3113 populo
1671 3041 1741 3097 ab
1800 3046 2046 3099 humero
2070 3047 2128 3100 et

479 3146 717 3185 sursum
750 3130 835 3198 [T.
869 3128 1076 3202 XXVI].
1110 3129 1179 3184 Et
1206 3129 1287 3184 ait
1316 3129 1549 3185 Samuel
1582 3132 1651 3186 ad
1681 3147 1911 3187 omnem
1944 3150 2123 3205 popu-

2202 552 2259 603 et
2290 548 2467 603 ﬂevit.
2502 551 2571 605 Et
2601 566 2731 606 ecce
2760 551 2897 608 Saul
2934 553 3221 621 veniebat,
3254 571 3503 627 sequens
3556 559 3713 616 boves
3738 562 3797 619 de

2204 654 2366 709 agro,
2398 645 2450 693 et
2483 638 2600 693 ait:
2653 639 2801 704 Quid
2864 640 3037 697 habet
3086 642 3338 714 populus
3394 646 3543 716 quod
3595 646 3799 718 plorat?

2203 726 2271 780 Et
2346 732 2731 782 narraverunt
2786 732 2837 784 ei
2913 729 3087 785 verba
3156 731 3407 788 virorum
3484 734 3666 791 Jabes.
3741 739 3800 794 Et

2206 814 2435 870 insiluit
2462 816 2715 887 Spiritus
2763 818 2863 873 Dei
2904 818 2962 873 in
2995 818 3155 889 Saul,
3190 836 3321 875 cum
3354 821 3604 880 audisset
3653 828 3802 883 verba

2206 904 2349 969 haac,
2383 908 2439 959 et
2469 904 2654 961 iratus
2685 910 2775 961 est
2832 907 2993 962 furor
3024 906 3150 981 ejus
3184 908 3377 963 nimis.
3414 910 3478 965 Et
3529 928 3801 971 assumens

2209 998 2528 1065 utrumque
2558 994 2785 1065 bovem,
2814 996 3071 1052 concidit
3102 997 3159 1053 in
3195 998 3398 1068 frusta,
3456 1000 3713 1072 misitque
3754 1003 3800 1059 in

2208 1098 2410 1137 omnes
2438 1082 2723 1138 terminos
2754 1083 2929 1140 Israel
2962 1101 3065 1158 per
3094 1102 3332 1142 manum
3366 1088 3701 1159 nuntiorum,
3730 1093 3804 1146 di-

2210 1185 2349 1226 cens
2404 1171 2748 1243 Quicunque
2822 1190 2936 1228 non
2997 1175 3218 1241 exierit,
3270 1181 3613 1249 secutusque
3661 1178 3807 1236 fuerit

2210 1258 2350 1315 Saul
2379 1264 2435 1315 et
2464 1261 2722 1330 Samuel,
2756 1261 2839 1317 sic
2872 1263 2971 1319 fiet
3002 1265 3187 1320 bobus
3242 1266 3392 1336 ejus.
3448 1268 3651 1325 Invasit
3693 1286 3805 1341 ergo

2210 1348 2390 1404 timor
2443 1349 2523 1420 [h.
2595 1350 2795 1421 pavor]
2857 1351 3085 1407 Domini
3160 1353 3462 1425 populum,
3517 1359 3571 1410 et
3620 1358 3806 1428 egressi

2213 1441 2353 1493 sunt
2382 1438 2549 1509 quasi
2582 1438 2669 1493 vir
2697 1456 2869 1494 unus.
2900 1440 2984 1505 [T.
3018 1440 3270 1509 XXVIIJ
3304 1446 3371 1498 Et
3433 1445 3705 1500 recensuit
3731 1461 3810 1501 eos

2213 1527 2273 1582 in
2328 1531 2503 1583 Bezec
2588 1527 2923 1601 fueruntqte
3009 1529 3263 1586 filiorum
3340 1531 3515 1589 Israel
3593 1536 3811 1589 trecenta

2216 1614 2427 1672 millia:
2453 1615 2711 1671 virorum
2736 1622 2927 1687 autem
2946 1618 3102 1674 Juda
3123 1619 3366 1691 triginta
3388 1620 3585 1676 millia.
3606 1621 3809 1677 Etdixe-

2215 1709 2356 1760 sunt
2381 1705 2412 1759 J
2422 1704 2560 1760 abes
2592 1705 2837 1760 Galaad.
2864 1709 3005 1762 Cras
3026 1707 3135 1762 erit
3166 1708 3333 1764 vobis
3381 1708 3558 1780 salus,
3590 1725 3710 1766 cum
3735 1710 3806 1765 in-

2216 1793 2455 1849 caluerit
2487 1793 2594 1849 sol.
2628 1794 2926 1851 Venerunt
2962 1811 3099 1869 ergo
3132 1798 3366 1866 nnmtii,
3399 1799 3810 1855 etannuntiave-

2214 1888 2352 1938 runt
2381 1882 2522 1938 viris
2540 1883 2737 1950 Jabes,
2762 1884 2862 1955 qui
2888 1883 3060 1939 laetati
3085 1890 3243 1941 sunt.
3270 1888 3341 1942 Et
3362 1887 3623 1943 dixerunt
3643 1905 3654 1942 :
3674 1891 3812 1942 Mane

2210 1971 2600 2042 exibimusjad
2634 1988 2754 2043 vos,
2787 1977 2845 2029 et
2876 1974 3099 2030 facietis
3132 1976 3303 2031 nobis
3344 1992 3512 2032 omne
3540 1977 3680 2047 quod
3710 1975 3812 2047 pla-

2213 2061 2399 2117 cuerit
2426 2060 2610 2116 vobis.
2645 2062 2715 2116 Et
2744 2062 2960 2118 factum
2993 2068 3102 2131 est,
3134 2080 3269 2120 cum
3302 2065 3553 2121 venisset
3572 2065 3683 2120 dies
3710 2081 3813 2120 cra-

2216 2150 2430 2217 stinus,
2464 2150 2769 2205 constituit
2798 2151 2932 2207 Saul
2986 2154 3269 2225 populum
3304 2154 3362 2209 in
3394 2159 3509 2210 tres
3555 2160 3725 2227 partes
3768 2158 3814 2209 et

2216 2239 2522 2312 ingressus
2552 2244 2641 2295 est
2670 2240 2861 2296 media
2891 2247 3087 2298 castra
3116 2242 3173 2297 in
3209 2243 3405 2315 vigilia
3464 2244 3746 2309 matutina,
3772 2247 3817 2297 et

2218 2326 2511 2399 percussit
2540 2331 2792 2383 Ammon
2848 2345 3034 2401 usque
3080 2330 3222 2385 dum
3258 2330 3623 2388 incalesceret
3646 2332 3755 2387 dies
3804 2350 3815 2397 ;

2222 2413 2428 2485 reliqui
2460 2418 2654 2470 autem
2681 2416 2926 2489 dispersi
2953 2424 3114 2487 sunt,
3149 2420 3231 2475 ita
3254 2425 3318 2476 ut
3344 2438 3454 2478 non
3477 2422 3824 2492 relinqueren-

2221 2507 2320 2559 tur
2349 2503 2662 2575 injeislduo
2694 2505 2929 2576 pariter.
2969 2508 3036 2562 Et
3066 2508 3148 2564 ait
3179 2509 3434 2582 populus
3452 2511 3519 2565 ad
3539 2508 3821 2566 Samnelem

2222 2591 2363 2655 Quis
2390 2598 2479 2648 est
2506 2593 2616 2648 iste
2647 2594 2745 2665 qui
2780 2595 2963 2650 dixit:
2998 2596 3134 2652 Saul
3160 2600 3431 2671 regnabit
3459 2600 3480 2634 ²
3510 2613 3673 2671 super
3698 2596 3824 2653 nos?

2224 2680 2368 2736 Date
2403 2680 2671 2750 viros,'et
2692 2682 3114 2741 interﬁclemus
3140 2702 3262 2743 eos.
3315 2688 3382 2743 Et
3411 2687 3490 2742 ait
3529 2686 3690 2742 Saul:
3719 2683 3822 2740 Non

2225 2769 2523 2825 occidetur
2552 2771 2864 2843 quisquam
2888 2773 2947 2829 in
2980 2774 3073 2829 die
3096 2774 3226 2843 hac,
3252 2776 3389 2849 quia
3411 2776 3575 2833 hodie
3597 2776 3715 2831 fecit
3736 2778 3824 2829 Do-

2228 2858 2426 2914 minus
2456 2858 2706 2915 salutem
2745 2862 2802 2915 in
2840 2862 3035 2920 Israel.
3064 2863 3223 2921 Dixit
3276 2870 3468 2922 autem
3527 2862 3737 2922 Samuel
3764 2861 3821 2918 ad

2226 2947 2507 3020 populum
2545 2965 2559 3003 :
2591 2949 2814 3020 Venite,
2846 2957 2902 3006 et
2925 2968 3126 3008 eamus
3156 2954 3214 3008 in
3260 2955 3514 3029 Galgala,
3543 2958 3596 3010 et
3623 2955 3825 3009 innove-

2229 3051 2362 3091 mus
2388 3036 2464 3092 ibi
2490 3053 2755 3109 regnum.
2789 3040 2858 3094 Et
2881 3041 3132 3112 perrexit
3162 3044 3359 3099 omnis
3383 3043 3622 3117 populus
3648 3042 3696 3096 in
3722 3038 3827 3097 Gal-

2228 3124 2379 3198 gala,
2412 3133 2465 3180 et
2496 3124 2760 3183 fecerunt
2794 3128 2871 3182 ibi
2905 3145 3099 3201 regem
3131 3131 3277 3187 Saul
3320 3150 3506 3189 coram
3537 3131 3753 3188 Domino
3778 3128 3822 3182 in

476 3218 622 3275 lum.
656 3197 819 3274 Certe
832 3197 1236 3290 videtis'quem
1260 3218 1497 3291 elegerit
1518 3219 1820 3287 Dominus,
1843 3197 2121 3293 quoniam

2235 3197 2495 3286 Galgala,
2538 3220 2594 3269 et
2649 3197 3105 3274 immolaverunt
3162 3220 3244 3275 ibi
3302 3221 3562 3277 victimas
3602 3217 3830 3292 paciﬁcas

482 3324 599 3362 non
634 3306 938 3363 sitsimilis
960 3306 1010 3361 ci
1034 3307 1090 3361 in
1116 3306 1274 3362 omni
1298 3306 1533 3379 p0pulo.
1568 3309 1919 3365 Elclamnvit
1935 3311 2129 3367 omnis

484 3396 760 3468 populus,
794 3400 851 3449 et
880 3395 959 3450 ait
992 3411 1003 3450 :
1036 3394 1206 3450 Vivat
1236 3410 1332 3451 rex
1368 3395 1380 3450 l
1415 3395 1665 3454 Locutus
1687 3402 1777 3452 est
1806 3404 1997 3456 autem
2034 3400 2133 3457 Sa-

489 3483 643 3539 muel
677 3483 748 3538 ad
810 3483 1090 3555 populum
1125 3483 1311 3555 legem
1348 3484 1424 3551 [h.
1460 3485 1770 3558 judicium]
1828 3489 2016 3560 regni,
2073 3492 2131 3545 et

487 3572 725 3644 scripsit
774 3572 831 3627 in
884 3572 1054 3640 libro,
1086 3577 1143 3627 et
1200 3574 1463 3645 reposuit
1519 3591 1714 3631 coram
1776 3577 2016 3634 Domino
2074 3582 2132 3634 et

479 3660 701 3716 dimisit
730 3659 966 3716 Samuel
1000 3677 1233 3717 omnem
1267 3663 1571 3733 populum,
1632 3664 1899 3736 singulos
1932 3665 1987 3720 in
2022 3667 2128 3722 do-

483 3766 647 3806 mum
679 3766 870 3805 suam.
904 3751 1016 3806 Sed
1047 3754 1103 3806 et
1133 3750 1267 3805 Saul
1303 3752 1445 3806 abiit
1474 3752 1531 3807 in
1567 3753 1807 3809 domum
1842 3772 2009 3810 suam
2069 3756 2127 3811 in

477 3838 787 3906 Galbaath,
811 3844 869 3894 et
899 3839 1043 3894 abiit
1064 3856 1195 3895 cum
1219 3856 1284 3896 eo
1323 3858 1459 3913 pars
1507 3843 1850 3911 excercitus,
1880 3861 2127 3915 quorum

483 3928 751 4001 tetigerat
771 3932 920 3983 Dens
950 3930 1145 3984 corda.
1174 3928 1301 3984 Filli
1327 3946 1459 3986 vero
1477 3930 1654 3987 Belial
1674 3932 2130 3991 dixerunt.Num

483 4017 714 4074 salvare
736 4034 841 4072 nos
874 4017 1085 4087 poterit
1116 4018 1225 4074 iste
1246 4018 1352 4074 ‘lEt
1374 4019 1915 4092 despexerunteum
1940 4027 1998 4079 et
2014 4041 2129 4080 non

482 4106 805 4162 attulerunt
818 4106 868 4160 ei
887 4122 1151 4175 munera;
1167 4106 1263 4161 ille
1282 4124 1413 4163 vero
1427 4109 1841 4166 dissimulabat
1853 4128 1915 4167 se
1928 4112 2131 4169 audire

556 4195 712 4265 [Cap.
746 4194 837 4249 XI.
872 4198 888 4261 ]
922 4198 937 4230 ί
972 4196 1249 4251 Ascendit
1306 4203 1501 4251 autem
1537 4197 1686 4253 Naas
1743 4201 2130 4267 Ammonites,

481 4287 538 4338 et
570 4298 831 4355 pugnare
862 4283 1035 4355 ccepit
1093 4284 1400 4339 adversum
1459 4285 1635 4342 Jabes
1688 4287 1901 4343 Galaad
1932 4288 2013 4359 (b.
2075 4294 2133 4344 et

485 4375 930 4426 castramelatus
952 4376 1120 4426 estsu
1132 4388 1233 4443 per
1251 4372 1425 4427 Jabes
1447 4373 1711 4445 Galaad].
1742 4375 2132 4449 Dixeruntque

487 4476 694 4514 omnes
726 4459 830 4513 viri
856 4460 1027 4515 Jabes
1062 4460 1131 4515 ad
1166 4461 1318 4514 Naas
1354 4478 1365 4515 :
1418 4462 1635 4517 Habeto
1667 4480 1773 4519 nos
1804 4464 2129 4531 fmdcratos,

485 4551 543 4643 et
564 4548 884 4643 serviemus
907 4548 1033 4643 tibi.
1060 4548 1122 4603 Et
1139 4550 1523 4619 responditad
1544 4568 1642 4606 eos
1663 4551 1812 4607 Naas
1838 4556 2127 4609 Ammmo-
2164 4582 2209 4643 υ

488 4636 666 4692 nites:
690 4636 750 4689 In
780 4637 886 4691 hoc
910 4637 1111 4691 feriam
1135 4638 1237 4708 [ma
1268 4639 1569 4712 feriamus]
1594 4640 1893 4695 vobiscum
1919 4642 2027 4696 fced
2040 4659 2129 4713 us,

487 4729 552 4780 ut
581 4741 781 4779 eruam
812 4725 1074 4779 omnium
1098 4732 1356 4781 vestrum
1380 4727 1580 4783 oculos
1601 4728 1854 4800 dextros,
1888 4747 2130 4801 ponam-

486 4831 599 4885 que
630 4831 730 4870 vos
762 4815 1139 4887 opprobrium
1178 4816 1232 4870 in
1260 4817 1529 4873 universo
1557 4817 1753 4874 Israel.
1775 4820 2133 4876 Etdixerunt

489 4903 557 4957 ad
587 4919 719 4958 eum
742 4902 1001 4959 seniores
1019 4904 1233 4960 Jabes:
1269 4906 1531 4962 Concede
1555 4907 1726 4963 nobis
1749 4912 1968 4980 septem
1984 4909 2133 4980 dies,

489 4996 553 5047 ut
583 4991 890 5047 mittamus
923 4993 1162 5047 nuntios
1195 4993 1250 5048 in
1278 4995 1582 5051 universos
1617 4997 1898 5052 terminos
1931 4999 2131 5054 Israel:

487 5086 544 5138 et
573 5081 622 5137 si
647 5098 761 5137 non
794 5080 967 5137 fuerit
999 5082 1097 5153 qui
1144 5083 1418 5138 defendat
1451 5085 1531 5155 [h.
1572 5085 1775 5156 salvet)
1808 5103 1934 5153 nos,
1968 5102 2135 5159 egre-

486 5171 721 5226 diemur
742 5174 807 5225 ad
838 5175 913 5225 te.
941 5171 1236 5227 Venerunt
1257 5190 1395 5244 ergo
1418 5173 1603 5229 nuntii
1623 5174 1680 5229 in
1706 5175 1965 5230 Gabaath
1988 5180 2133 5232 Sau-

488 5260 559 5315 lis
608 5266 666 5315 et
694 5259 873 5316 locuti
933 5266 1073 5315 sunt
1128 5261 1298 5316 verba
1357 5263 1544 5333 (Vulg.
1608 5263 1765 5317 addit
1827 5262 2131 5332 haec],au-

557 5420 957 5493 'Przeponunt
995 5420 1369 5496 Vulgati,__Et
1398 5425 1603 5492 factum
1658 5428 1739 5479 cst
1796 5425 1959 5495 quasi
2013 5434 2133 5496 post

484 5510 722 5568 incusem
754 5510 764 5546 :
800 5509 1142 5568 quinneque
1174 5494 1245 5568 in
1268 5493 1502 5568 Hebraeo
1525 5500 1683 5563 sunt,
1718 5493 1905 5568 neque
1929 5498 1986 5551 in
2013 5493 2128 5552 'La-

485 5564 628 5619 tinis
656 5564 1157 5620 emen’datioribus
1190 5565 1376 5621 libris.

558 5654 578 5686 ³
610 5653 869 5725 Negandi
901 5653 1246 5727 particulam
1301 5656 1587 5728 praeponit
1636 5673 1746 5713 ms.
1804 5656 2125 5717 Veronens.

2236 3318 2431 3359 coram
2468 3304 2724 3359 Domino.
2756 3306 2823 3361 Et
2853 3306 3081 3363 laetatus
3112 3314 3201 3365 est
3231 3310 3314 3367 ibi
3355 3310 3513 3380 Saul,
3568 3317 3619 3365 et
3670 3303 3830 3363 cuncti

2236 3392 2343 3448 viri
2368 3392 2543 3449 Israel
2577 3393 2778 3453 nimis.

2307 3571 2399 3639 (T.
2431 3569 2669 3627 XXVIII.
2707 3572 2837 3644 Cap.
2880 3571 3023 3639 XII.]
3055 3572 3211 3629 Dixit
3269 3581 3459 3632 autem
3512 3570 3723 3631 Samuel
3772 3569 3827 3625 ad

2239 3658 2577 3715 universum
2628 3660 2849 3716 Israel:
2903 3662 3044 3717 Ecce
3097 3663 3294 3718 audivi
3353 3681 3548 3721 vocem
3601 3666 3831 3723 vestram,

2229 3748 2398 3819 juxta
2428 3749 2622 3804 omnia
2653 3765 2778 3820 quae
2826 3749 3000 3805 locuti
3036 3752 3177 3808 estis
3208 3754 3278 3808 ad
3345 3770 3458 3821 me,
3490 3758 3546 3809 et
3595 3746 3831 3808 constitui

2238 3853 2416 3909 super
2446 3854 2545 3892 vos
2576 3854 2789 3911 regem.
2826 3839 2896 3895 Et
2950 3857 3106 3896 nunc
3137 3855 3237 3897 rex
3286 3843 3550 3915 graditur
3592 3844 3711 3898 ante
3735 3852 3831 3892 vos.

2236 3926 2356 3998 Ego
2378 3930 2567 3982 autem
2602 3928 2791 3995 senui,
2831 3933 2888 3984 et
2911 3928 3180 3985 incanui:
3216 3948 3389 4003 porro
3418 3932 3517 3987 ﬁlii
3549 3929 3653 3986 mei
3680 3925 3835 3983 vobis-

2237 4030 2374 4072 cum
2407 4018 2546 4071 sunt
2578 4033 2591 4071 :
2626 4015 2824 4087 itaque
2846 4022 3223 4075 conversatus
3250 4036 3449 4077 coram
3474 4020 3629 4077 vobis
3646 4017 3710 4074 ab
3724 4015 3832 4072 ado-

2238 4102 2518 4159 lescentia
2550 4120 2679 4160 mea
2729 4122 2913 4176 usque
2945 4106 3016 4161 ad
3048 4106 3205 4163 diem
3268 4109 3434 4179 hanc,
3495 4124 3619 4165 ecce
3664 4106 3833 4177 prcsto

2239 4210 2393 4248 sum.
2431 4194 2757 4265 Loquimini
2790 4196 2862 4251 de
2917 4213 3010 4252 me
3039 4214 3235 4254 coram
3296 4200 3541 4256 Domino
3569 4204 3622 4254 et
3671 4206 3832 4250 coram

2236 4282 2465 4337 Christo
2498 4285 2650 4353 ejus,
2683 4289 2878 4338 utrum
2916 4286 3114 4340 bovem
3146 4289 3497 4360 cujusquam
3528 4285 3836 4352 tulerim,an

2239 4371 2469 4426 asinum
2504 4388 2516 4425 :
2547 4372 2591 4426 si
2654 4373 2993 4445 quempiam
3051 4375 3453 4433 calumniatus
3484 4392 3629 4442 sum,
3658 4373 3701 4429 si
3751 4384 3835 4439 op-

2240 4460 2425 4532 pressi
2459 4460 2735 4531 aliquem,
2770 4463 2918 4517 etde
2945 4480 3117 4519 manu
3157 4467 3511 4538 cujusquam
3540 4477 3735 4519 munus
3762 4472 3837 4512 ac-

2240 4550 2362 4620 cepi
2400 4567 2412 4603 :
2444 4556 2499 4605 et
2519 4552 3050 4607 contemnamillud
3068 4554 3746 4621 hodie,restitutuamque
3761 4562 3839 4601 v0-

2242 4640 2351 4715 bis.
2384 4640 2448 4693 Et
2477 4639 2748 4693 dixerunt
2779 4656 2792 4694 :
2828 4639 2950 4695 Non
2985 4657 3046 4695 es
3107 4643 3503 4699 calumniatus
3536 4658 3653 4708 nos,
3683 4647 3836 4706 neque

2240 4728 2607 4799 oppressisti,
2658 4743 2844 4800 neque
2874 4729 3057 4784 tulisti
3099 4731 3169 4787 de
3202 4748 3377 4787 manu
3438 4730 3675 4801 alicujus
3700 4722 3837 4798 quid-

2240 4816 2416 4889 piam.
2450 4816 2716 4889 Dixitque
2747 4818 2817 4873 ad
2850 4835 2947 4874 eos
2974 4835 2986 4873 :
3020 4819 3211 4876 Testis
3242 4826 3333 4878 est
3372 4820 3641 4877 Dominus
3667 4816 3836 4871 adver—

2242 4922 2371 4961 sum
2432 4923 2554 4973 vos,
2586 4912 2643 4961 et
2672 4906 2841 4961 testis
2883 4907 3151 4964 Christus
3181 4911 3310 4979 ejus
3341 4910 3401 4965 in
3460 4910 3551 4965 die
3583 4909 3698 4971 hac,
3726 4897 3837 4971 quia

2243 5010 2356 5049 non
2381 4994 2720 5049 inveneritis
2749 4994 2807 5050 in
2865 5012 3043 5050 manu
3110 5014 3237 5053 mea
3269 4998 3588 5069 quidpiam.
3622 5000 3679 5048 Et
3704 4990 3834 5046 dixe-

2242 5087 2414 5138 runt:
2448 5084 2653 5138 Testis.
2703 5083 2766 5139 El
2800 5083 2880 5138 ait
2908 5085 3142 5141 Samuel
3195 5087 3264 5141 ad
3328 5085 3598 5159 populum
3632 5099 3644 5137 :
3678 5074 3836 5135 Domi-

2244 5189 2356 5226 nus
2399 5171 2479 5237 (h.
2528 5171 2597 5227 Et
2636 5171 2820 5229 dixit:
2902 5173 3114 5241 Testis,
3171 5175 3500 5231 subauditur
3552 5166 3835 5229 Dominus).

2241 5262 2339 5331 qui
2374 5260 2507 5315 fecit
2539 5260 2739 5317 Mosen
2771 5267 2829 5318 et
2857 5264 3069 5331 Aaron,
3104 5270 3161 5320 et
3193 5264 3395 5320 eduxit
3427 5268 3610 5337 patres
3641 5259 3835 5314 nostros

2240 5436 2347 5496 non
2378 5420 2650 5496 regnabit.
2701 5420 2875 5489 juxta
2931 5423 3217 5496 Ili-tecum,
3252 5422 3315 5476 οὑ
3376 5418 3702 5496 βασιλεύσεις
3731 5424 3834 5485 (τοῦ

2239 5495 2294 5546 et
2326 5492 2687 5547 commodior
2716 5495 2963 5549 fortasse
2985 5493 3153 5549 lectio
3180 5492 3638 5551 est.Hebraicum
3670 5493 3831 5543 tamen

2238 5586 2587 5672 hodiernum
2632 5588 2930 5672 exemplar
2968 5574 3043 5649 κί’)
3102 5590 3444 5672 particulam
3510 5605 3614 5672 non
3642 5582 3827 5672 ‘babet.

2237 5657 2469 5731 Vulgati
2501 5675 2635 5714 num
2660 5660 2770 5715 sub
2803 5657 3197 5735 interrogandi
3236 5662 3547 5736 praeferunt
3567 5662 3708 5717 nota.
