3982 6178
217 328 318 383 629

1564 294 1801 382 Iussa
1837 331 1861 381 1
1898 329 2283 383 sauuaus.

3533 328 3641 385 630
3716 284 3719 287 Δ

214 455 281 510 de
326 458 490 510 terra
518 452 766 526 Egypti.
792 452 957 508 Nunc
988 468 1122 524 ergo
1154 455 1325 519 state,
1358 457 1415 508 et
1455 452 1681 525 judicio
1734 467 1870 506 con-
1902 459 1954 522 Α
1987 452 2169 525 Igitur
2195 454 2393 510 timete
2424 452 2764 521 Dominum,
2787 457 2843 509 et
2883 452 3093 510 servite
3122 453 3172 509 ei
3204 453 3263 508 in
3295 455 3557 525 veritate,
3581 460 3639 513 et

214 543 458 599 tentiam
480 546 496 578 ¹
528 544 839 599 adversum
862 559 965 599 vos
987 558 1183 599 coram
1216 542 1484 610 Domino,
1509 544 1579 598 de
1596 541 1873 598 omnibus

213 631 639 688 misericordiis
668 631 923 698 Domini,
958 647 1107 703 quas
1149 631 1618 703 fecit;vobiscum
1651 636 1707 686 et
1737 646 1873 686 cum

211 722 485 793 patribus
516 721 727 777 vestris
758 738 771 775 :
811 721 1104 793 quomodo
1131 721 1437 793 ingressus
1464 726 1555 777 est
1583 720 1761 776 Jacoh
1811 720 1869 775 in

210 813 555 881 Egyptum,
577 813 634 863 et
664 808 1067 863 clamaverunt
1096 812 1292 880 patres
1322 810 1500 864 vestri
1551 810 1620 865 ad
1670 807 1869 863 Domi-

210 914 372 969 num,
401 908 460 954 et
508 896 669 953 misit
703 897 983 953 Dominus
1017 897 1213 953 Mosen
1263 902 1319 953 et
1345 899 1561 965 Aaron,
1586 901 1643 953 et
1672 896 1873 952 eduxit

209 992 403 1058 patres
433 991 658 1042 vestros
707 986 776 1041 de
809 986 1073 1057 Egypto,
1097 986 1488 1057 et:collocavit
1519 1002 1617 1042 eos
1650 985 1710 1040 in
1741 984 1869 1041 loco

206 1075 331 1131 hoc.
365 1073 479 1139 Qui
529 1074 696 1131 obliti
751 1078 890 1131 sunt
950 1074 1183 1130 Domini
1242 1075 1337 1129 Dei
1395 1074 1509 1144 sui,
1541 1080 1598 1130 et
1626 1073 1868 1130 tradidit

203 1180 300 1220 eos
350 1163 438 1233 [h.
472 1168 530 1219 et
553 1162 815 1219 vendidit
863 1164 985 1233 eos;
1038 1164 1098 1218 in
1148 1180 1326 1220 manu
1360 1164 1565 1219 Sisara:
1599 1162 1868 1235 magistri

201 1253 279 1325 (b.
313 1251 623 1325 principis)
656 1251 876 1307 militia:
911 1255 1077 1320 Asor,
1111 1256 1169 1308 et
1210 1253 1268 1306 in
1318 1269 1497 1308 manu
1531 1251 1864 1309 Philistino-

203 1359 356 1415 rum,
390 1348 450 1399 et
478 1343 539 1399 in
572 1359 749 1399 manu
808 1343 964 1415 regis
1000 1345 1189 1414 Moab,
1219 1348 1275 1399 et
1305 1349 1714 1416 pugnaverunt
1765 1344 1866 1399 ad-

200 1449 436 1489 versum
468 1448 587 1488 eos.
619 1432 828 1489 Postea
857 1437 1052 1489 autem
1090 1432 1492 1490 clamaverunt
1538 1435 1609 1489 ad
1661 1422 1863 1490 Domi-

197 1538 363 1591 num,
396 1525 456 1577 et
483 1521 756 1577 dixerunt
788 1539 802 1577 :
836 1522 1230 1593 Peccavimus,
1265 1524 1405 1595 quia
1438 1522 1861 1595 dereliquimus

198 1610 549 1680 Dominum,
609 1616 666 1666 et
723 1610 1068 1667 servivimus
1128 1611 1348 1667 Baalim
1407 1620 1461 1667 et
1508 1611 1780 1667 Astaroth
1842 1628 1857 1667 :

197 1717 352 1756 nunc
384 1716 525 1772 ergo
555 1717 691 1755 erue
743 1716 849 1755 nos
892 1701 964 1755 de
1009 1717 1186 1756 manu
1218 1700 1593 1757 inimicorum
1626 1705 1857 1757 nostro-

194 1805 349 1859 rum,
384 1794 447 1845 et
466 1789 792 1844 serviemus
816 1788 940 1844 tibi.
974 1789 1041 1845 Et
1067 1788 1229 1845 misit
1250 1790 1533 1846 Dominus
1561 1789 1852 1857 Jeroboal,

190 1882 246 1933 et
296 1877 521 1945 Bedan,
554 1882 611 1933 et
655 1877 893 1949 Jephta,
937 1882 992 1933 et
1047 1878 1300 1946 Samuel,
1334 1883 1391 1935 et
1420 1879 1574 1935 eruit
1621 1896 1722 1935 vos
1778 1880 1849 1935 de

189 1982 370 2022 manu
403 1966 784 2021 inimicorum
807 1971 1135 2047 vestrorum
1169 1984 1271 2040 per
1292 1967 1629 2039 circuitum,
1660 1972 1717 2023 et
1743 1968 1848 2023 ha-

188 2055 426 2111 bitastis
452 2055 834 2111 conﬁdenter.
860 2054 1139 2113 Videntes
1163 2061 1357 2113 autem
1378 2058 1533 2128 quod
1569 2061 1718 2113 Naas
1751 2073 1848 2112 rex

190 2143 449 2200 ﬁliorum
492 2148 743 2201 Ammon
795 2144 1049 2201 venisset
1097 2146 1407 2203 adversum
1461 2163 1582 2213 vos,
1617 2146 1848 2203 dixistis

188 2234 332 2289 mihi
384 2250 782 2306 nequaquam,
817 2235 917 2289 sed
976 2251 1073 2290 rex
1126 2234 1441 2307 imperabit
1489 2234 1679 2305 nobis,
1714 2253 1846 2291 cum

192 2323 479 2379 Dominus
510 2324 666 2379 Deus
689 2327 877 2378 vester
911 2330 1183 2396 regnaret
1212 2324 1269 2379 in
1304 2325 1489 2381 vobis.
1514 2330 1681 2381 Nunc
1712 2341 1848 2397 ergo

188 2418 404 2485 praesto
433 2418 524 2469 est
550 2430 649 2469 rex
676 2417 889 2480 vester,
924 2431 1100 2485 quem
1158 2415 1420 2486 elegistis
1464 2420 1521 2471 et
1569 2416 1799 2487 petistis
1831 2433 1844 2472 :

187 2518 318 2557 ecce
376 2502 540 2557 dedit
596 2502 761 2558 vobis
820 2502 1101 2559 Dominus
1161 2520 1378 2576 regem.
1429 2504 1486 2559 Si
1530 2505 1848 2561 timueritis

185 2590 531 2656 Dominum,
582 2594 638 2646 et
696 2590 1013 2647 servieritis
1071 2592 1145 2661 ei,
1192 2598 1247 2647 et
1299 2592 1600 2648 audieritis
1649 2610 1845 2649 vocem

184 2680 335 2750 ejus,
357 2682 419 2735 et
444 2696 563 2735 non
594 2680 1077 2751 exasperaveritis
1128 2697 1193 2737 os
1240 2681 1520 2737 Domini:
1576 2681 1740 2737 eritis
1789 2686 1848 2737 et

185 2784 281 2823 vos
315 2772 376 2823 et
409 2783 510 2824 rex
539 2768 640 2840 qui
692 2769 941 2841 imperat
970 2770 1157 2841 vobis,
1188 2776 1497 2841 sequentes
1530 2770 1844 2826 Dominum

183 2860 365 2913 Deum
393 2860 680 2912 vestrum.
709 2857 768 2913 Si
811 2862 1007 2913 autem
1040 2876 1153 2915 non
1184 2859 1489 2915 audieritis
1513 2876 1708 2915 vocem
1743 2860 1825 2915 Do

182 2946 352 3015 mini,
379 2946 486 3001 sed
519 2946 1001 3019 exasperaveritis
1036 2965 1365 3004 sermonem
1400 2949 1481 3019 (b.
1518 2950 1605 3021 os)
1644 2948 1846 3004 Domi-

184 3036 257 3106 ni,
292 3035 412 3091 erit
444 3052 660 3091 manus
686 3036 916 3092 Domini
953 3054 1132 3109 super
1161 3055 1283 3106 vos,
1317 3044 1375 3093 et
1425 3054 1602 3109 super
1648 3043 1844 3110 patres

181 3130 429 3182 vestros.
460 3126 574 3181 Sed
622 3132 679 3182 et
724 3144 901 3197 nunc,
951 3132 1121 3196 state,
1157 3133 1213 3183 et
1260 3129 1448 3185 videte
1496 3145 1618 3185 rem
1666 3129 1841 3184 istam

1983 559 2049 598 ex
2080 547 2199 599 toto
2232 544 2405 598 corde
2435 546 2651 598 vestro.
2684 543 2927 598 Vidistis
2957 542 3108 598 enim
3144 543 3455 615 magniﬁca
3506 563 3634 618 qum

1983 631 2041 687 in
2066 632 2228 688 vobis
2260 633 2525 703 gesserit.
2556 631 2716 695 Quod
2752 632 2800 688 si
2833 633 3339 704 perseveraveritis
3371 635 3430 690 in
3464 635 3633 691 mali-
3668 656 3677 662 ·

1980 720 2084 791 tia,
2111 725 2169 777 et
2194 738 2294 777 vos
2326 726 2383 776 et
2411 738 2509 777 rex
2538 725 2729 777 vester
2758 722 2975 793 pariter
3003 720 3292 793 peribitis.

2052 808 2428 882 [Cap.XIll.]
2472 809 2655 864 Filius
2706 810 2885 865 unius
2934 810 3068 864 anni
3122 810 3262 865 Saul
3319 815 3443 866 erat
3496 827 3629 867 cum

1980 915 2222 971 regnare
2276 900 2569 970 coepisset,
2608 898 2842 954 duobus
2902 902 3098 953 autem
3148 898 3320 954 annis
3370 901 3633 971 regnavit

1978 1006 2157 1061 super
2190 987 2389 1044 Israel.
2417 988 2483 1043 Et
2504 987 2679 1060 elegit
2703 987 2814 1042 sibi
2836 988 2971 1042 Saul
2994 987 3107 1043 tria
3129 988 3313 1044 millia
3335 990 3406 1045 de
3428 990 3627 1057 Israel,

1976 1083 2031 1135 et
2062 1081 2391 1134 erantcum
2426 1076 2566 1133 Saul
2611 1078 2727 1132 duo
2777 1076 2961 1132 millia
3011 1076 3069 1131 in
3119 1077 3439 1144 Machmas,
3467 1083 3523 1135 et
3567 1081 3625 1135 in

1977 1171 2173 1221 monte
2205 1164 2345 1221 Beth
2379 1164 2439 1218 El
2474 1181 2488 1220 :
2523 1163 2682 1219 mille
2715 1167 2909 1219 autem
2937 1180 3073 1219 cum
3105 1164 3359 1219 Jonatha
3403 1165 3463 1221 in
3513 1167 3625 1223 Ga-

1974 1254 2142 1311 baath
2190 1254 2515 1325 Benjamin.
2549 1258 2727 1309 Porro
2777 1258 3050 1308 caeterum
3080 1253 3365 1325 populum
3398 1256 3627 1312 remisit

1974 1359 2455 1415 unumquemque
2478 1343 2536 1397 in
2560 1341 2935 1399 tabernacula
2959 1359 3087 1397 sua.
3114 1342 3179 1397 Et
3211 1344 3497 1413 percussit
3526 1344 3629 1400 Jo-

1970 1432 2191 1489 nathan
2209 1432 2522 1488 stationem
2546 1431 3154 1503 Philistinorum,quaa
3178 1436 3303 1487 erat
3324 1432 3381 1487 in
3406 1434 3624 1491 Gabaa.

1970 1522 2131 1589 Quod
2164 1538 2295 1577 cum
2329 1522 2635 1578 audissent
2667 1520 3023 1590 Philisthim,
3058 1521 3191 1576 Saul
3234 1521 3446 1577 cecinit
3477 1524 3625 1580 buc-

1966 1611 2100 1667 cina
2145 1610 2204 1666 in
2256 1610 2415 1666 omni
2464 1617 2639 1678 terra,
2670 1609 2915 1665 dicens:
2966 1609 3223 1665 Audiant
3272 1610 3516 1667 Hebraei.
3556 1612 3621 1668 Et

1963 1700 2273 1756 universus
2297 1699 2473 1755 Israel
2507 1699 2729 1754 audivit
2756 1699 3166 1769 hujuscemodi
3201 1701 3441 1756 famam:
3476 1704 3617 1756 Per-

1966 1790 2153 1847 cussit
2181 1786 2320 1845 Saul
2352 1788 2666 1843 stationem
2698 1786 3142 1843 Philistinorum
3180 1806 3193 1845 :
3244 1793 3300 1844 et
3344 1790 3525 1846 erexit
3552 1806 3615 1847 se

1958 1877 2135 1934 Israel
2193 1879 2506 1933 adversum
2566 1875 2923 1932 Philisthim.
2952 1876 3237 1933 Clamavit
3280 1878 3362 1952 [h.
3410 1879 3613 1936 Excla-

1958 1966 2159 2037 mavit]
2183 1971 2379 2022 autem
2412 1964 2667 2038 populus
2691 1970 2823 2037 post
2842 1965 2978 2021 Saul
3002 1966 3059 2021 in
3085 1966 3344 2039 Galgala.
3374 1968 3443 2024 Et
3475 1968 3612 2024 Phi-

1958 2055 2178 2112 listhim
2194 2055 2531 2127 congregati
2548 2059 2687 2110 sunt
2700 2055 2768 2110 ad
2787 2055 3172 2126 praeliandum
3189 2061 3391 2113 contra
3406 2060 3607 2123 Israel,

1956 2145 2199 2217 triginta
2233 2144 2416 2200 millia
2452 2160 2753 2213 curruum,
2785 2147 2842 2199 et
2872 2161 2973 2200 sex
3004 2144 3189 2200 millia
3235 2147 3523 2217 equitum,
3557 2151 3615 2202 et

1958 2235 2249 2307 reliquum
2288 2234 2518 2306 vulgus,
2551 2234 2704 2289 sicut
2757 2250 2934 2289 arena
2983 2250 3111 2304 quas
3164 2240 3254 2291 est
3306 2236 3363 2290 in
3417 2235 3613 2292 littore

1960 2325 2139 2380 maris
2172 2323 2449 2396 plurima.
2477 2324 2543 2378 Et
2596 2323 2977 2379 ascendentes
3025 2324 3424 2379 castrametati
3473 2330 3615 2381 sunt

1958 2412 2016 2469 in
2043 2412 2346 2468 Machmas
2371 2412 2441 2466 ad
2466 2411 2748 2467 orientem
2771 2410 3104 2466 Beth-Aven
3128 2417 3248 2484 [τηε.
3273 2411 3613 2482 Balbaven].

1957 2502 2118 2568 Quod
2153 2516 2288 2556 cum
2323 2499 2609 2555 vidissent
2656 2500 2762 2554 viri
2811 2500 2989 2556 Israel
3016 2516 3077 2555 se
3103 2500 3163 2555 in
3196 2504 3355 2556 arcto
3388 2503 3614 2574 positos

1957 2590 2238 2660 (afﬂictus
2269 2593 2393 2645 erat
2424 2589 2580 2644 enim
2624 2588 2924 2660 populus),
2957 2590 3392 2646 absconderunt
3438 2608 3501 2647 se
3550 2592 3609 2647 in

1958 2679 2278 2752 speluncis,
2301 2683 2358 2734 et
2387 2678 2446 2733 in
2480 2678 2722 2744 abditis,
2756 2678 2814 2732 in
2864 2679 3046 2750 petris
3078 2696 3312 2751 quoque
3341 2684 3398 2735 et
3426 2680 3484 2735 in
3510 2698 3612 2736 an-

1958 2770 2087 2839 tris,
2136 2773 2191 2824 et
2249 2768 2308 2823 in
2365 2767 2659 2823 cisternis.
2717 2767 2937 2822 Hebraei
2995 2772 3189 2823 autem
3246 2769 3610 2825 transierunt

1954 2858 2293 2923 Jordanem,
2328 2861 2542 2912 terram
2577 2856 2696 2911 Gad
2742 2861 2800 2911 et
2848 2855 3087 2913 Galaad.
3121 2856 3385 2927 Cumque
3416 2858 3607 2915 adhuc

1954 2952 2109 3004 esset
2138 2945 2276 3002 Saul
2309 2946 2367 3000 in
2399 2945 2658 3017 Galgala,
2692 2946 3001 3001 universus
3033 2944 3284 3017 populus
3330 2947 3603 3018 perterri-

1956 3045 2048 3093 tus
2074 3042 2183 3105 est,
2207 3037 2306 3108 qui
2329 3038 2685 3108 sequebatur
2714 3051 2869 3090 eum.
2896 3035 2962 3090 Et
2990 3036 3347 3107 exspectavit
3377 3041 3603 3108 septem

1957 3127 2165 3183 diebus
2189 3128 2359 3197 juxta
2392 3124 2672 3197 placitum
2712 3124 3026 3192 Samuelis,
3059 3130 3115 3180 et
3161 3142 3276 3180 non
3309 3127 3465 3181 venit
3506 3127 3607 3182 Sa-

185 3216 689 3287 grandem,quam
717 3190 985 3272 facturus
1011 3190 1404 3273 est'Dominus
1435 3217 1494 3272 in
1527 3222 1841 3289 conspectu
1870 3190 1911 3257 θ·
1959 3216 2114 3272 mucl
2148 3190 2209 3270 id
2240 3190 2500 3287 Galgala,
2533 3214 2916 3286 dilapsusque
2972 3190 3060 3270 est
3117 3213 3369 3286 populus
3400 3215 3471 3271 ab
3516 3232 3603 3273 eo.

183 3311 401 3361 vestro.
438 3304 713 3376 Nunquid
744 3322 860 3361 non
894 3306 1108 3361 messis
1138 3306 1318 3361 tritici
1370 3314 1457 3362 est
1497 3306 1719 3362 hodie?
1758 3307 1848 3361 in-

184 3395 407 3449 vocabo
456 3392 797 3463 Dominum,
846 3398 903 3449 et
946 3394 1108 3450 dabit
1147 3410 1314 3450 voces
1364 3399 1421 3450 et
1471 3394 1741 3467 pluvias:
1792 3400 1850 3451 et

187 3482 411 3549 scietis,
445 3486 505 3537 et
535 3482 832 3554 videbitis,
866 3483 1005 3554 quia
1054 3484 1271 3555 grande
1320 3483 1543 3540 malum
1594 3486 1847 3541 feceritis

185 3573 349 3628 vobis
385 3571 445 3626 in
481 3576 793 3643 conspectu
825 3571 1081 3640 Domini,
1116 3575 1379 3643 petentes
1411 3589 1589 3645 super
1615 3590 1716 3629 vos
1747 3590 1845 3630 re-

183 3676 330 3732 gem.
387 3660 477 3732 (Τ.
509 3660 718 3733 ΧΧΙΧ.)
774 3664 843 3716 Et
899 3660 1173 3717 clamavit
1225 3661 1458 3717 Samuel
1515 3663 1585 3717 ad
1649 3663 1843 3719 Domi-

183 3766 347 3819 num,
375 3754 435 3804 et
466 3749 627 3804 dedit
656 3749 941 3805 Dominus
963 3765 1131 3805 voces
1155 3753 1212 3805 et
1244 3749 1473 3821 pluvias
1505 3751 1563 3805 in
1597 3750 1697 3807 illa
1728 3752 1842 3808 die.

180 3836 243 3893 Et
269 3838 488 3894 timuit
541 3838 736 3893 omnis
786 3837 1041 3910 populus
1092 3839 1270 3895 nimis
1312 3839 1626 3895 Dominum
1661 3846 1715 3896 et
1747 3842 1845 3897 Sa-

179 3927 461 3994 muelem,
485 3932 542 3982 et
564 3927 1036 3983 dixituniversus
1066 3928 1319 4000 populus
1349 3930 1419 3984 ad
1456 3929 1785 3986 Samuelem
1819 3947 1830 3987 :

178 4014 278 4071 Ora
307 4032 421 4089 pro
456 4016 639 4073 servis
688 4016 808 4072 tuis
859 4017 930 4072 ad
980 4016 1298 4073 Dominum
1332 4022 1511 4073 Deum
1550 4022 1737 4086 tuum,
1773 4024 1837 4075 ut

178 4120 284 4160 non
310 4106 667 4160 moriamur.
690 4105 1041 4162 Addidimus
1072 4106 1225 4161 enim
1260 4108 1548 4163 universis
1581 4108 1837 4179 peccatis

178 4186 711 4264 nostris'malum,
746 4201 811 4249 ut
840 4199 1179 4267 peteremus
1215 4196 1383 4252 nobis
1414 4212 1634 4269 regem.
1690 4197 1839 4253 Dixit

179 4288 374 4339 autem
404 4286 644 4338 Samuel
675 4283 745 4339 ad
779 4284 1061 4355 populum
1089 4301 1101 4339 :
1139 4284 1329 4340 Nolite
1360 4285 1585 4355 timere,
1612 4304 1711 4342 vos
1753 4288 1837 4341 fe-

180 4371 339 4429 cistis
375 4371 714 4428 universum
748 4372 968 4429 malum
999 4373 1105 4430 hoc
1140 4390 1151 4429 :
1205 4379 1609 4431 verumtamen
1659 4376 1838 4432 nolite

179 4462 445 4517 recedere
469 4478 502 4515 a
525 4466 689 4533 tergo
720 4461 1040 4528 Domini,et
1063 4461 1272 4518 servite
1303 4463 1552 4519 Domino
1588 4465 1644 4520 in
1677 4466 1837 4521 omni

1956 3307 2046 3362 Ait
2074 3322 2209 3377 ergo
2240 3304 2376 3361 Saul
2402 3321 2414 3360 :
2451 3304 2665 3359 All‘erte
2696 3302 2837 3358 mihi
2874 3303 3306 3371 holocaustum,
3326 3308 3383 3360 et
3415 3306 3611 3377 pacifi-

1958 3412 2045 3451 ca.
2097 3396 2166 3450 Et
2212 3394 2426 3450 obtulit
2484 3392 2916 3449 holocaustum.
2949 3394 3036 3462 [T.
3084 3393 3287 3461 XXX.]
3343 3397 3609 3468 Cumque

1958 3484 2311 3557 complesset
2366 3483 2615 3539 offerens
2680 3481 3115 3547 holocaustum,
3176 3499 3307 3539 ecce
3372 3486 3606 3542 Samuel

1954 3574 2259 3641 veniebat;
2309 3577 2368 3629 et
2413 3588 2685 3645 egressus
2717 3578 2807 3628 est
2836 3571 2970 3628 Saul
3003 3572 3233 3629 obviam
3264 3574 3316 3629 ei
3349 3580 3413 3629 ut
3442 3575 3602 3631 salu-

1954 3666 2105 3719 taret
2134 3680 2291 3719 eum.
2338 3664 2700 3733 Locutusque
2732 3666 2819 3717 est
2866 3662 2937 3717 ad
2969 3678 3104 3717 eum
3140 3662 3371 3719 Samuel
3407 3680 3419 3717 :
3453 3664 3600 3730 Quid

1952 3751 2186 3807 fecisti?
2216 3751 2539 3823 Respondit
2567 3750 2704 3806 Saul
2731 3768 2743 3806 :
2778 3752 2925 3817 Quia
2962 3751 3079 3806 vidi
3129 3753 3283 3823 quod
3316 3752 3598 3808 dilabere-

1953 3847 2050 3896 tur
2080 3840 2335 3912 populus
2361 3857 2394 3895 a
2422 3856 2532 3910 me,
2557 3843 2613 3895 et
2642 3844 2702 3894 tu
2739 3856 2852 3895 non
2886 3856 3127 3896 veneras
3154 3842 3323 3910 juxta
3353 3840 3597 3913 placitos

1947 3930 2094 4000 dies,
2120 3947 2290 4002 porro
2322 3928 2657 3984 Philisthim
2690 3930 3023 4001 congregati
3057 3930 3367 3986 fuerantin
3400 3930 3597 3986 Mach-

1947 4036 2095 4086 mas,
2130 4019 2247 4073 dixi
2284 4036 2297 4073 :
2348 4018 2511 4073 Nunc
2558 4018 2915 4074 descendent
2945 4018 3016 4073 ad
3052 4035 3137 4073 me
3168 4018 3503 4074 Philisthim
3536 4020 3594 4075 in

1947 4107 2206 4181 Galgala,
2231 4113 2287 4163 et
2318 4107 2521 4163 faciem
2559 4106 2788 4162 Domini
2820 4124 2933 4162 non
2967 4107 3209 4179 placavi.
3243 4109 3598 4165 Necessitate

1947 4197 2312 4268 compulsus,
2341 4197 2528 4252 obtuli
2574 4195 3007 4252 holocaustum.
3039 4196 3311 4269 Dixitque
3368 4199 3596 4255 Samuel

1949 4288 2018 4341 ad
2075 4285 2235 4343 Saul.
2295 4285 2483 4341 Stulte
2540 4285 2731 4357 egisti,
2792 4300 2899 4341 nec
2956 4285 3263 4341 custodisti
3324 4289 3599 4343 mandata

1948 4376 2181 4431 Domini
2214 4375 2315 4431 Dei
2351 4375 2435 4430 tui
2466 4384 2587 4446 [ηις.
2622 4380 2759 4430 (acet
2791 4376 2933 4450 Dei],
2966 4392 3093 4447 quae
3142 4376 3417 4448 praecepit
3466 4377 3592 4433 tibi.

1949 4465 2110 4530 Quod
2137 4464 2185 4519 si
2212 4480 2327 4519 non
2361 4464 2758 4533 fecisses,jam
2791 4481 2949 4520 nunc
2981 4469 3369 4536 praeparasset
3396 4466 3592 4523 Domi-

177 4552 342 4608 corde
371 4555 575 4607 vestro
611 4568 625 4608 :
682 4555 739 4606 et
782 4550 963 4606 nolite
993 4550 1287 4607 declinare
1346 4558 1479 4624 post
1507 4571 1655 4610 vana
1712 4571 1835 4625 quae
1866 4571 1913 4635 Β
1949 4571 2058 4609 nus
2090 4570 2335 4626 regnum
2364 4557 2532 4608 tuum
2565 4570 2742 4625 super
2773 4554 2949 4609 Israel
3003 4555 3063 4610 in
3114 4554 3542 4627 sempiternum
3578 4572 3589 4611 :

175 4654 281 4694 non
351 4639 682 4711 proderunt
732 4639 921 4707 vobis,
976 4656 1165 4711 neque
1230 4646 1436 4697 eruent
1502 4659 1623 4712 vos,
1692 4643 1834 4714 quia

173 4742 315 4784 vana
346 4732 513 4784 sunt.
547 4728 618 4783 Et
648 4745 762 4783 non
797 4728 1165 4800 derelinquat
1210 4730 1497 4787 Dominus
1547 4733 1833 4804 populum

178 4832 364 4887 suum,
400 4821 641 4889 propter
675 4832 887 4872 nomen
915 4833 1088 4873 suum
1122 4833 1426 4890 magnum,
1453 4819 1589 4891 quia
1614 4814 1835 4891 juravit

178 4904 463 4962 Dominus
514 4906 703 4963 facere
731 4923 832 4962 vos
881 4906 994 4962 sibi
1042 4906 1349 4978 populum.
1376 4907 1541 4963 Absit
1572 4913 1766 4965 autem
1799 4928 1833 4966 a

182 5011 266 5051 me
323 4996 436 5053 hoc
498 5000 801 5067 peccatum
835 4995 894 5050 in
930 4996 1265 5064 Dominum,
1298 5001 1364 5052 ut
1410 5014 1632 5054 cessem
1666 5015 1829 5056 orare

180 5099 275 5155 pro
320 5084 528 5142 vobis:
582 5088 641 5140 et
691 5084 910 5141 docebo
954 5100 1056 5139 vos
1089 5085 1243 5140 viam
1278 5085 1491 5142 bonam
1524 5094 1577 5142 et
1612 5092 1823 5144 rectam

248 5300 363 5372 ‘rll.
395 5301 800 5357 Veronens.ut
840 5300 1059 5372 judicio,
1082 5299 1412 5356 contendam
1457 5318 1558 5372 pro
1606 5307 1677 5371 et,
1711 5306 1820 5359 etc.

181 5371 349 5443 βοὴν.
380 5382 401 5430 π
434 5390 516 5440 ve,
548 5377 857 5443 utramque
888 5371 1094 5443 recipit
1120 5371 1565 5443 expositionem.
1599 5379 1823 5431 Praetu-

185 5438 402 5518 lit_vero
433 5438 919 5518 et'Symmachus‘
940 5438 1025 5507 ut,
1056 5438 1449 5518 i’vad'uxptedi.

246 5512 472 5587 ’μακε
504 5512 737 5587 quoque
767 5515 874 5570 hoc
892 5514 1029 5587 loco
1061 5516 1257 5570 addita
1292 5512 1616 5587 reperimus
1640 5518 1697 5571 in
1731 5534 1825 5573 co-

188 5581 407 5661 dicibus
450 5581 687 5661 Latinis
725 5586 1126 5661 translationis
1176 5581 1529 5661 Hieronymi,
1564 5606 1710 5660 qum,
1761 5594 1824 5646 ut

178 5653 299 5724 jam
353 5658 626 5730 diximus,
659 5658 919 5718 derivata
958 5662 1098 5717 sunt
1122 5674 1152 5716 e
1184 5659 1312 5720 LXX
1370 5653 1819 5735 Interpretibus,

1944 4644 2045 4699 sed
2110 4658 2483 4715 nequaquam
2546 4658 2789 4714 regnum
2848 4650 3010 4697 tuum
3045 4644 3200 4698 ultra
3257 4652 3587 4718 consurget.

1942 4730 2214 4795 Quaesivit
2241 4730 2523 4786 Dominus
2554 4729 2664 4786 sibi
2689 4730 2876 4785 virum
2902 4731 3072 4801 juxta
3116 4749 3214 4789 cor
3262 4749 3437 4789 suum
3472 4752 3484 4790 ε
3537 4738 3593 4791 et

1946 4821 2216 4891 praecepit
2244 4820 2295 4875 ei
2328 4820 2616 4876 Dominus
2646 4824 2710 4874 ut
2740 4825 2892 4874 esset
2921 4821 3041 4875 dux
3077 4837 3255 4893 super
3305 4822 3587 4895 populum

1940 4924 2138 4975 suum,
2171 4924 2237 4963 eo
2278 4908 2433 4978 quod
2487 4925 2600 4963 non
2649 4909 2970 4963 servaveris
3003 4926 3132 4981 qua»
3164 4914 3437 4983 praecepit
3464 4914 3585 4983 [της.

1939 4996 2296 5068 praeceperit]
2329 4996 2635 5051 Dominus.
2670 4997 2931 5051 Surrexit
2987 5003 3179 5053 autem
3237 5000 3472 5055 Samuel
3532 5004 3591 5055 et

1940 5086 2204 5142 ascendit
2225 5086 2295 5141 de
2318 5085 2575 5158 Galgalis
2602 5086 2659 5141 in
2683 5085 2878 5142 Gabaa
2900 5086 3228 5157 Benjamin.
3253 5090 3275 5122 ²
3305 5089 3371 5145 Et
3400 5105 3592 5145 recen-

1936 5316 2000 5356 ac
2028 5300 2085 5355 in
2123 5298 2543 5370 manuscriptis
2573 5299 2765 5371 posita
2806 5298 2977 5368 juxta
3031 5300 3267 5355 modum
3297 5304 3579 5371 notatum

1935 5389 2115 5443 supra
2162 5374 2264 5427 col.
2304 5372 2429 5435 619,
2475 5370 2588 5427 not.
2625 5372 2695 5442 1).
2730 5371 2834 5427 Hic
2893 5375 3086 5426 tamen
3146 5370 3436 5442 peculiare
3491 5380 3582 5430 est

1934 5445 2154 5515 optimo
2188 5443 2371 5499 codici
2404 5443 2737 5499 Corbeiensi
2772 5460 2934 5498 num.
2971 5443 3054 5516 ll,
3090 5447 3223 5516 ante
3280 5444 3578 5516 octingen-

1932 5513 2021 5571 tos
2051 5532 2239 5571 annos
2268 5516 2580 5587 descripto,
2614 5520 2677 5570 ut
2708 5515 2958 5586 singulis
2989 5513 3291 5587 lineisgseu
3325 5513 3575 5573 versicu-

1932 5587 2025 5657 lis,
2056 5588 2270 5660 quibus
2303 5584 2768 5643 additamentum
2810 5584 3325 5660 constat,‘tolidem
3376 5589 3572 5646 obelos

1931 5656 2334 5735 praeposuerit,
2368 5659 2695 5717 indicantes
2726 5659 2847 5715 haec
2879 5673 3007 5715 esse
3037 5656 3226 5714 aliena
3257 5662 3313 5716 et
3338 5660 3573 5719 aliunde
