3982 6178
321 317 422 372 631
1360 319 1419 371 S.
1460 316 1868 372 HIERONYMI
1904 314 1996 369 Dl‘

2133 315 2163 367 ι
2200 316 2697 372 BlBLlOTHECA.
3626 310 3735 367 632

320 444 441 501 suit
467 443 607 501 Saul
639 441 943 516 populum,
977 442 1078 514 qui
1133 444 1353 501 inventi
1404 446 1636 503 fuerant
1686 461 1822 501 cum
1876 459 1965 513 eo,
1995 441 2053 508 Α
2080 443 2187 498 teri
2203 444 2387 501 Sene:
2421 463 2576 503 unus
2607 445 2884 519 scopulus
2914 442 3254 519 prominens
3285 443 3358 499 ad
3391 443 3731 516 aquilonem

323 533 492 607 quasi
543 536 846 590 sexcentos
903 533 1078 588 viros.
1111 534 1181 589 Et
1209 534 1349 591 Saul
1380 538 1436 590 et
1463 534 1760 592 Jonathan
1814 532 1973 589 ﬁlius
2080 548 2147 587 ex
2169 534 2409 591 adverso
2439 535 2755 602 Machmas,
2779 540 2835 591 et
2864 534 3010 607 alter
3038 534 3109 589 ad
3147 532 3449 589 meridiem
3471 534 3494 568 ⁸
3529 539 3734 590 contra

312 623 473 695 ejus,
498 622 869 695 populusque
900 622 999 693 qui
1033 624 1304 683 inventus
1329 624 1516 681 fuerat
1547 623 1818 695 cumEeis,
1851 626 1976 679 erat

322 711 382 768 in
412 711 607 767 Gabaa
636 710 963 781 Benjamin.
996 710 1174 768 Porro
1207 712 1541 769 Philisthim
1589 714 1976 769 consederant

324 800 385 857 in
416 801 729 858 Machmas.
764 801 830 856 Et
878 802 1096 870 egressi
1151 806 1293 858 sunt
1350 803 1421 858 ad
1483 803 1860 874 praedandum
1905 801 1974 856 de

327 892 540 948 castris
571 888 905 946 Philisthim
936 894 1054 945 tres
1083 892 1273 947 cunei.
1309 892 1472 948 Unus
1516 908 1738 947 cuneus
1773 906 1974 962 perge-

326 980 430 1036 bat
480 982 687 1035 contra
734 978 886 1034 viam
938 978 1134 1051 Apbra
1190 983 1311 1046 fma.
1360 980 1599 1052 Ephra]}
1631 982 1702 1036 ad
1759 984 1977 1035 terram

328 1068 489 1126 Saul.
519 1068 692 1124 Porro
746 1067 900 1123 alius
956 1068 1391 1139 ingrediebatur
1450 1087 1551 1142 per
1598 1070 1748 1124 viam
1810 1068 1980 1124 Beth-

331 1158 485 1215 Oron
520 1174 534 1212 :
568 1156 779 1212 tertius
811 1162 1006 1213 autem
1057 1162 1310 1214 verterat
1357 1175 1419 1215 se
1468 1159 1538 1213 ad
1586 1159 1697 1214 iter
1743 1144 1980 1213 termini

334 1243 698 1300 imminentis
728 1242 863 1299 valli
917 1243 1151 1300 Seboim
1202 1250 1403 1302 contra
1451 1247 1769 1303 desertum.
1804 1252 1981 1300 Porro

334 1333 497 1390 faber
523 1334 801 1404 ferrarius
830 1332 911 1404 [h.
943 1350 1061 1389 non
1108 1334 1307 1409 habet]
1340 1352 1454 1391 non
1487 1335 1893 1391 inveniebatur
1922 1333 1982 1388 in

336 1424 494 1480 omni
543 1428 699 1479 terra
758 1423 954 1480 Israel.
986 1424 1268 1480 Caverant
1321 1425 1476 1481 enim
1528 1424 1882 1492 Philisthim,
1913 1439 1984 1479 ne

339 1513 487 1570 forte
518 1514 771 1569 facerent
816 1513 1041 1568 Hebraei
1072 1514 1332 1585 gladium
1377 1518 1479 1570 aut
1525 1515 1809 1570 lanceam.
1842 1519 1983 1569 Des-

339 1602 625 1659 cendebat
670 1618 806 1675 ergo
854 1602 1042 1658 omnis
1088 1603 1268 1659 Israel
1298 1604 1371 1659 ad
1404 1603 1713 1671 Philistim,
1744 1606 1811 1659 ut
1847 1618 1985 1657 exa-

342 1701 539 1750 cueret
565 1691 975 1764 unusquisque
1005 1708 1298 1748 vomerem
1329 1710 1523 1761 suum,
1547 1698 1604 1749 et
1631 1693 1904 1765 ligonem,
1927 1695 1986 1748 et

340 1782 621 1849 securim,
647 1787 704 1838 et
739 1781 1061 1838 sarculum.
1095 1786 1325 1839 Retusas
1372 1782 1569 1854 itaque
1617 1787 1785 1839 erant
1831 1782 1985 1839 acies
2014 1806 2063 1873 Β

340 1887 662 1940 vomerum,
698 1876 755 1926 et
787 1869 1072 1943 ligonum,
1100 1876 1156 1927 et
1184 1871 1548 1944 tridentium,
1581 1876 1638 1928 et
1665 1873 1984 1942 securium,

339 1976 527 2031 usque
548 1961 622 2015 ad
644 1958 952 2016 stimulum
984 1960 1415 2031 corrigendum.
1438 1965 1703 2033 Cumque
1733 1960 1991 2018 venisset

340 2048 467 2105 dies
498 2048 704 2121 praelii,
739 2065 853 2104 non
897 2052 988 2104 est
1035 2051 1310 2105 inventus
1358 2050 1518 2106 ensis
1568 2054 1626 2106 et
1673 2050 1877 2107 lancea
1926 2050 1987 2107 in

346 2153 523 2194 manu
556 2137 737 2194 totius
784 2136 1005 2209 populi,
1037 2138 1139 2209 qui
1187 2143 1312 2194 erat
1358 2155 1490 2194 cum
1536 2139 1708 2196 Saule
1756 2145 1811 2196 et
1854 2157 1989 2196 cum

343 2226 618 2295 Jonatba,
638 2230 876 2298 excepto
902 2225 1039 2282 Saul
1062 2232 1119 2282 et
1139 2227 1393 2283 Jonatba
1422 2228 1541 2285 filio
1570 2229 1719 2299 ejus.
1744 2230 1993 2300 Egressa

346 2320 436 2372 est
486 2318 682 2372 autem
740 2315 915 2372 statio
962 2314 1279 2387 Philistim,
1320 2320 1386 2372 ut
1439 2319 1877 2375 transcenderet
1932 2319 1992 2375 in

346 2405 669 2463 Machmas.

414 2493 571 2564 (Cap.
604 2492 769 2557 XIV.]
813 2493 883 2549 Et
931 2493 1146 2550 accidit
1194 2496 1449 2566 quadam
1506 2495 1601 2553 die
1657 2500 1722 2553 ut
1778 2497 1995 2555 diceret

340 2582 635 2640 Jonathan
668 2582 824 2637 filius
864 2582 999 2638 Saul
1054 2584 1125 2639 ad
1175 2584 1603 2642 adolescentem
1637 2586 1993 2658 armigerum

348 2687 523 2729 suum
560 2688 573 2728 :
608 2671 773 2739 Veni,
808 2674 865 2727 et
896 2676 1267 2729 transeamus
1313 2677 1383 2729 ad
1433 2676 1751 2732 stationem
1783 2677 1993 2733 Philis-

348 2761 519 2832 thim,
547 2777 672 2831 qum
694 2764 784 2816 est
804 2764 967 2816 trans
998 2760 1190 2817 locum
1226 2761 1390 2818 illum
1423 2780 1436 2819 :
1470 2765 1620 2835 patri
1656 2770 1853 2821 autem
1886 2782 1993 2822 suo

348 2850 448 2909 hoc
479 2852 661 2922 ipsum
694 2849 777 2919 [h.
809 2866 924 2905 non
956 2849 1151 2916 habet]
1186 2867 1297 2906 non
1332 2852 1628 2909 indicavit.
1653 2858 1832 2910 Porro
1854 2856 1993 2912 Saul

350 2940 696 2997 morabatur
725 2939 784 2994 in
816 2946 1073 2994 extrema
1117 2944 1277 3011 parte
1325 2940 1524 2998 Gabaa
1575 2946 1617 3010 ι,
1649 2944 1761 2999 sub
1810 2944 1992 3001 malo-

348 3032 617 3102 granato,
642 3044 768 3100 qua:
791 3028 997 3083 eratin
1019 3032 1255 3100 Magron
1285 3046 1298 3086 :
1331 3033 1389 3086 et
1417 3035 1541 3087 erat
1572 3031 1826 3104 populus
1858 3049 1991 3089 cum

348 3134 415 3174 eo
475 3117 645 3189 quasi
704 3121 1109 3173 sexcentorum
1163 3118 1443 3175 virorum.
1478 3121 1545 3175 Et
1592 3120 1775 3177 Ahias
1835 3121 1994 3179 ﬁlius

352 3173 563 3263 Abusa
600 3206 794 3262 fratris
824 3206 1080 3263 lchabod
1114 3207 1218 3261 ﬁlii
1251 3173 1993 3281 iat'igeeg‘qt‘i};iu;it;
2022 3173 2065 3241 ο

349 3301 441 3353 rat
470 3312 539 3352 ex
567 3295 693 3351 Heli
717 3296 1017 3352 sacerdote
1053 3297 1286 3352 Domini
1336 3298 1395 3353 in
1442 3298 1558 3355 Silo
1598 3299 1678 3373 [h.
1708 3301 1814 3355 ﬁlii
1862 3301 1999 3356 Phi-

354 3401 514 3454 nees,
602 3384 705 3439 ﬁlii
790 3384 917 3440 Heli
1004 3386 1323 3442 sacerdotis
1412 3388 1639 3442 Domini
1712 3388 1773 3443 in
1840 3389 1996 3459 Silo],

350 3474 620 3547 portabat
675 3473 885 3545 ephod.
931 3473 1041 3528 Sed
1102 3478 1159 3529 et
1218 3474 1466 3546 populus
1521 3477 1829 3549 ignorabat
1884 3496 1999 3551 quo

353 3563 493 3618 isset
546 3564 567 3596 ³
622 3561 939 3619 Jonathan.
1000 3562 1176 3618 Erant
1230 3567 1427 3620 autem
1486 3565 1638 3622 inter
1692 3584 1997 3637 ascensus,

352 3668 455 3725 per
509 3667 657 3723 quos
713 3650 1011 3706 nitebatur
1065 3651 1361 3709 Jonathan
1438 3655 1689 3711 transire
1752 3658 1821 3712 ad
1883 3661 1997 3713 sta-

352 3740 572 3797 tionem
619 3739 1091 3809 Philistinorum,
1124 3740 1449 3799 eminentes
1500 3750 1676 3817 petrze
1726 3761 1794 3801 ex
1837 3751 1998 3802 utra-

353 3844 467 3900 que
496 3832 681 3901 parte,
702 3833 760 3883 et
781 3828 948 3899 quasi
972 3828 1031 3884 in
1053 3830 1291 3887 modum
1323 3832 1587 3889 dentium
1613 3834 1837 3906 scopuli
1865 3836 2000 3891 hinc

354 3923 412 3974 et
442 3917 579 3973 inde
611 3917 911 3989 praerupti,
946 3934 1157 3974 nomen
1207 3920 1305 3975 uni
1348 3922 1544 3990 Boses,
1578 3928 1635 3979 et
1667 3940 1878 3981 nomen
1913 3925 1999 3982 al-

359 4080 649 4155 mutuata.
675 4075 734 4131 Id
765 4077 1114 4155 vero_oculis_
1145 4080 1410 4155 omnium
1446 4089 1859 4155 repraesentare
1889 4104 2003 4145 non

361 4149 469 4230 erit
499 4149 752 4230 otiosum
786 4149 1075 4230 studiosis
1099 4149 1587 4230 ho.mi_r_i_ibus,qfu_i
1613 4158 1682 4211 ab
1717 4173 1828 4213 uno
1852 4160 2011 4230 judi-

361 4220 517 4276 cium
550 4220 849 4275 habebunt
880 4221 949 4276 de
979 4220 1109 4275 aliis
1140 4220 1894 4287 similibusadditamentis.
1916 4232 2009 4288 Sic

362 4291 543 4363 igitur
572 4308 663 4347 res
695 4307 755 4347 se
786 4292 960 4348 habet
989 4293 1047 4347 in
1080 4308 1189 4349 ms.
1224 4295 1453 4352 codice:

736 4403 791 4461 έ-
828 4401 938 4454 Ben
938 4400 1142 4475 jamin.
1176 4403 1249 4475 El,
1272 4406 1481 4475 reliqui

739 4476 791 4534 -ἓ
826 4473 1021 4543 populi
1048 4473 1415 4530 ascenderunt

739 4547 793 4605 νέ-
826 4551 947 4617 post
975 4543 1108 4599 Saul
1134 4546 1350 4601 obviam
1381 4563 1481 4617 po-

741 4617 796 4688 ~;—-
827 4614 982 4688 pulo,
1014 4618 1111 4687 qui
1138 4614 1419 4688 expugna-

741 4687 794 4747 »j—
832 4686 963 4741 bant
992 4686 1077 4743 eos
1106 4686 1380 4745 veniente:
1409 4706 1479 4745 ex

740 4760 794 4821 -ξ-
834 4756 1061 4828 Galgala
1090 4760 1147 4814 in
1181 4759 1384 4828 Gabaa,

739 4832 794 4893 -ξ-
831 4830 891 4884 in
914 4830 1051 4886 colle
1080 4832 1393 4900 Beniamin.

369 4933 501 5019 Esse
531 4932 703 5019 signa
731 4934 780 4990 si
813 4934 957 4993 locis
1009 4936 1135 5019 suis
1186 4938 1590 5019 invenirentug
1628 4943 1837 5019 posita,
1872 4943 2012 5019 quid

370 5009 907 5078 Hieronymianum,
959 5009 1171 5079 quidve
1228 5028 1261 5066 a
1322 5012 1475 5067 LXX
1539 5009 2015 5072 TranslatOribus

374 5083 702 5155 mutuatum
726 5079 802 5134 sit
824 5080 880 5133 in
907 5080 1129 5155 Latinis
1152 5084 2013 5155 exemplaribus.statimomni-

371 5150 484 5206 bus
514 5150 921 5206 innotesceret.
958 5154 1069 5208 Sed
1119 5150 1345 5211 incuria
1377 5157 1747 5214 librariorum
1781 5161 2015 5215 subtra-

373 5222 482 5277 ctis
509 5221 849 5306 huiusmodi
876 5223 1084 5306 signis,
1108 5226 1230 5281 fieri
1266 5243 1376 5306 non
1413 5230 1769 5306 pot_uit_quin
1804 5232 2014 5306 promi;

371 5309 510 5373 scus
559 5295 1107 5373 utraque_editione
1155 5295 1455 5373 uterentur
1506 5295 1716 5373 Latini,
1750 5295 1819 5356 et'
1854 5303 2009 5373 quod

371 5365 758 5447 Septuaginta
788 5368 1215 5447 _Interpretum_
1249 5370 1378 5438 fuit,
1417 5371 1618 5447 ipsum
1660 5365 2011 5447 Hieron-ymo

372 5437 747 5515 ascriberent.
782 5437 997 5515 Itaque
1040 5457 1153 5515 non
1203 5437 1494 5497 immerito
1533 5437 1906 5515 conqueritur
1940 5448 2011 5503 de

371 5508 463 5585 his
497 5508 552 5585 in
586 5509 835 5585 epistola
856 5508 932 5565 ad
962 5510 1315 5585 Sunniqmget
1350 5516 1616 5569 Fretelam
1642 5508 1717 5570 ;”‹‹
1756 5517 1820 5571 Et
1853 5517 2008 5585 hinc,

370 5578 585 5650 inquit,
618 5578 771 5663 apud
806 5598 907 5637 vos
936 5588 992 5637 et
1019 5583 1173 5708 apud
1208 5583 1513 5655 plerosque
1541 5604 1701 5643 error
1730 5578 2007 5659 exoritur,

371 5650 527 5708 quod
558 5656 912 5708 aenatorum
939 5668 1051 5708 nee
1075 5653 1312 5708 igentia.
1345 5656 1590 5708 virgulis
1620 5664 1677 5708 et.
1710 5660 2006 5708 astarisnin

371 5650 527 5721 quod
558 5650 912 5724 scriptorum
939 5650 1312 5727 negligentia,
1345 5650 1590 5729 virgulis
1620 5664 1677 5717 et
1710 5650 2006 5718 asteriscis

2045 4546 2094 4609 Ι)

2082 623 2296 679 Gabaa.
2320 625 2404 693 [T.
2436 625 2659 698 XXXI.]
2690 625 2849 681 Dixit
2876 628 3071 679 autem
3102 622 3393 679 Jonatban
3426 624 3500 679 ad
3535 622 3736 680 adole-

2084 716 2343 767 scentem
2362 713 2719 787 [b.puerum]
2733 713 3087 785 armigerum
3104 711 3738 779 suum:Veni,transea-

2087 818 2220 857 mus
2242 803 2311 857 ad
2337 804 2646 859 stationem
2680 802 3223 860 incircumcisorum
3255 802 3487 869 horum,
3515 804 3565 859 si
3590 804 3739 860 forte

2087 890 2259 946 faciat
2287 891 2573 948 Dominus
2606 910 2709 965 pro
2745 892 2823 965 [h.
2857 909 2972 947 non
3004 891 3182 947 habet
3211 892 3337 963 pro]
3371 892 3566 958 nobis,
3600 892 3739 964 quia

2087 997 2202 1036 non
2228 987 2316 1037 est
2336 981 2577 1038 Domino
2608 981 2847 1037 dilficils
2878 980 3118 1049 salvere,
3142 980 3230 1035 vel
3254 979 3313 1035 in
3338 982 3738 1053 multitudine,

2088 1068 2177 1124 vel
2209 1070 2266 1124 in
2301 1071 2524 1141 paucis.
2548 1070 2817 1143 Dixitque
2846 1070 2897 1126 ei
2929 1070 3186 1142 armiger
3204 1085 3351 1126 suus
3374 1087 3388 1125 :
3414 1074 3524 1125 Fac
3540 1071 3741 1126 omnia

2092 1174 2218 1230 quis
2279 1159 2507 1231 placent
2557 1160 2753 1216 animo
2798 1164 2949 1216 tuo:
3001 1174 3174 1232 perge
3232 1176 3349 1231 quo
3408 1159 3602 1231 cupis,
3634 1177 3743 1231 ego

2091 1252 2379 1317 [ms.lacet
2408 1249 2536 1323 ego]
2586 1265 2683 1305 ero
2732 1253 2927 1305 tecum
2983 1248 3320 1319 ubicunque
3366 1248 3644 1305 volueris.
3678 1249 3747 1304 Et

2093 1336 2174 1392 ait
2200 1338 2494 1394 Jonathan
2529 1355 2542 1393 :
2578 1339 2719 1395 Ecce
2768 1354 2874 1396 nos
2920 1336 3246 1393 transimus
3278 1337 3349 1393 ad
3380 1338 3541 1393 viros
3573 1337 3743 1395 istos.

2092 1430 2357 1497 Cumque
2385 1428 2832 1499 apparuerimus
2864 1426 2970 1497 eis,
2995 1426 3045 1482 si
3076 1424 3275 1481 taliter
3304 1425 3484 1482 locuti
3530 1426 3753 1482 fuerint

2094 1514 2167 1570 ad
2200 1531 2343 1572 nos:
2397 1516 2644 1581 Manete,
2672 1516 2854 1571 donec
2885 1514 3191 1570 veniamus
3224 1514 3295 1569 ad
3327 1530 3428 1569 vos
3462 1528 3476 1567 :
3523 1518 3753 1569 stemus

2095 1602 2154 1658 in
2187 1602 2313 1660 loco
2346 1609 2564 1671 nostro,
2598 1620 2703 1660 nec
2747 1604 3137 1660 ascendamus
3177 1603 3251 1658 ad
3301 1618 3420 1658 eos.
3452 1601 3509 1656 Si
3549 1606 3751 1658 autem

2096 1690 2391 1747 dixerint:
2445 1693 2757 1749 Ascendite
2812 1694 2882 1747 ad
2943 1708 3099 1748 nos:
3151 1691 3564 1758 ascendamus,
3613 1690 3755 1762 quia

2095 1780 2341 1836 tradidit
2367 1797 2466 1837 eos
2494 1781 2783 1837 Dominus
2806 1781 2865 1836 in
2890 1780 3169 1836 manibus
3195 1780 3415 1838 nostris
3439 1797 3454 1837 :
3488 1780 3599 1836 hoc
3639 1780 3756 1836 erit

2096 1869 2265 1926 nobis
2287 1870 2546 1942 signum.
2572 1870 2855 1943 Apparuit
2879 1870 3059 1943 igitur
3088 1874 3336 1941 uterque
3356 1868 3598 1926 stationi
3620 1868 3757 1924 Phi-

2094 1957 2428 2013 listinorum
2463 1976 2477 2015 :
2511 1959 2902 2031 dixeruntque
2957 1958 3338 2014 Philisthim:
3389 1959 3471 2013 En
3524 1958 3751 2013 Hebrmi

2097 2047 2479 2120 egrediuntur
2503 2048 2573 2103 de
2604 2049 2869 2104 cavernis
2900 2048 2958 2103 in
2990 2048 3211 2119 quibus
3241 2046 3572 2103 absconditi
3623 2047 3753 2102 fue-

2098 2141 2252 2193 rant.
2285 2137 2349 2191 Et
2378 2136 2557 2192 locuti
2589 2141 2730 2192 sunt
2760 2136 2864 2192 viri
2898 2136 2969 2192 de
3001 2136 3254 2192 statione
3302 2135 3373 2190 ad
3425 2133 3752 2205 Jonathan,

2099 2230 2155 2282 et
2185 2227 2256 2281 ad
2290 2225 2646 2297 armigerum
2678 2226 2828 2297 ejus,
2855 2225 3245 2296 dixeruntque
3284 2241 3297 2278 :
3330 2222 3647 2279 Ascendite
3680 2224 3753 2278 ad

2099 2332 2228 2385 nos,
2260 2316 2639 2371 ostendemus
2696 2315 2863 2371 vobis
2916 2330 3051 2370 rem.
3086 2314 3156 2369 Et
3198 2314 3281 2369 ait
3324 2312 3625 2369 Jonathan
3681 2313 3759 2383 ad

2100 2403 2456 2476 armigerum
2485 2420 2700 2461 suum:
2736 2404 3157 2470 Ascendamus,
3179 2417 3420 2474 sequere
3453 2417 3544 2456 me
3578 2400 3657 2468 [h.
3682 2402 3756 2457 Α·

2100 2494 2314 2549 scende
2355 2498 2477 2564 post
2525 2493 2673 2564 me];
2733 2492 2975 2548 tradidit
3026 2491 3185 2548 enim
3231 2507 3331 2547 eos
3371 2490 3665 2547 Dominus
3696 2490 3756 2545 in

2103 2600 2279 2639 manu
2314 2582 2510 2639 Israel.
2533 2583 2812 2639 Ascendit
2841 2586 3033 2638 autem
3061 2579 3358 2638 Jonathan
3390 2578 3667 2636 manibus
3698 2584 3759 2635 et

2104 2673 2354 2744 pedibus
2374 2674 2396 2706 ‘
2424 2677 2481 2728 et
2508 2671 2764 2743 armiger
2792 2673 2921 2744 ejus
2951 2674 3082 2743 post
3109 2686 3266 2727 eum.
3293 2670 3495 2741 Itaque
3528 2667 3630 2724 alii
3662 2685 3757 2725 ca-

2102 2762 2317 2817 debant
2345 2765 2477 2817 ante
2506 2761 2822 2830 Jonathan,
2856 2760 3004 2817 alios
3050 2758 3304 2832 armiger
3349 2758 3481 2830 ejus
3530 2758 3756 2813 interﬁ-

2102 2853 2293 2908 ciebat
2338 2868 2593 2925 sequens
2636 2869 2768 2909 eum
2802 2852 2883 2919 [h.
2916 2855 2981 2906 Et
3014 2850 3296 2905 cadebant
3351 2852 3486 2905 ante
3542 2848 3756 2903 faciem

2100 2942 2417 3011 Jonathan,
2443 2947 2499 2997 et
2519 2942 2771 3013 armiger
2788 2942 2915 3010 ejus
2938 2956 3195 3012 sequens
3211 2955 3344 2995 eum
3372 2937 3763 2993 interficiebat

2102 3032 2245 3103 eos].
2269 3036 2342 3087 Et
2372 3031 2524 3087 facta
2551 3034 2641 3086 est
2673 3030 2844 3103 plaga
2875 3028 3083 3102 prima,
3107 3045 3235 3100 quae
3266 3026 3558 3100 percussit
3580 3026 3763 3082 Jona-

2102 3120 2247 3177 than
2295 3125 2352 3176 et
2396 3120 2652 3193 armiger
2707 3120 2856 3191 ejus,
2891 3118 3060 3190 quasi
3116 3117 3323 3190 viginti
3383 3115 3664 3184 virorum,
3697 3114 3759 3170 in

2107 3210 2300 3266 media
2330 3214 2495 3282 parte
2532 3209 2748 3281 jugeri,
2777 3225 2956 3281 quam
2989 3224 3093 3279 par
3124 3208 3300 3263 boum
3350 3206 3407 3260 in
3452 3204 3546 3260 die
3590 3220 3762 3260 arare

2107 3298 2430 3356 consuevit.
2464 3299 2534 3354 Et
2567 3300 2785 3353 factum
2811 3302 2904 3353 est
2930 3295 3280 3352 miraculum
3301 3295 3359 3350 in
3394 3293 3628 3361 castris,
3657 3310 3765 3365 per

2109 3404 2315 3461 agros;
2370 3389 2468 3445 sed
2504 3392 2561 3443 et
2589 3388 2783 3443 omnis
2814 3386 3069 3459 populus
3100 3384 3368 3441 stationis
3397 3399 3621 3452 eorum,
3658 3381 3763 3453 qui

2107 3479 2295 3535 ierant
2323 3478 2393 3534 ad
2427 3477 2832 3550 prasdandum,
2855 3475 3182 3547 obstupuit,
3206 3479 3261 3530 et
3289 3473 3639 3529 conturbata
3671 3476 3764 3527 est

2108 3572 2284 3635 terra,
2308 3572 2366 3623 et
2395 3566 2605 3623 accidit
2636 3565 2801 3637 quasi
2834 3563 3177 3621 miraculum
3220 3580 3253 3617 a
3300 3562 3438 3618 Deo.
3466 3565 3538 3618 Et
3568 3576 3763 3632 respe-

2108 3661 2322 3713 xerunt
2342 3655 2423 3728 [h.
2443 3656 2513 3710 Et
2536 3655 2724 3711 factus
2746 3659 2836 3710 est
2856 3660 3044 3710 terror
3075 3652 3135 3708 in
3166 3650 3376 3707 castris
3408 3666 3510 3722 per
3542 3664 3718 3721 agros
3747 3665 3763 3704 :

2110 3747 2209 3803 sed
2245 3750 2302 3801 et
2330 3744 2523 3802 omnis
2564 3743 2818 3817 populus
2868 3741 3142 3799 stationis
3188 3755 3412 3808 eorum,
3444 3742 3503 3794 et
3548 3737 3609 3793 hi
3662 3737 3765 3809 qui

2111 3837 2298 3891 ierant
2320 3834 2387 3890 ad
2412 3832 2789 3906 praedandum
2821 3832 3289 3903 obstupuerunt;
3323 3833 3383 3883 et
3411 3826 3767 3883 conturbata

2109 3928 2195 3981 est
2225 3928 2377 3980 terra
2408 3926 2627 3979 terrore
2658 3921 2780 3977 Dei.
2815 3921 2882 3976 Et
2927 3918 3329 3991 respexerunt]
3362 3913 3769 3988 speculatores

2113 4082 2451 4149 subtractis,
2475 4081 2771 4137 distinctio
2806 4079 3079 4136 universa
3107 4076 3544 4149 confunditur.»
3571 4073 3766 4130 Man'r.

2186 4187 2253 4196 —
2282 4148 2516 4210 Addunt
2544 4153 2774 4226 Vulgati
2807 4153 2939 4226 libri
2973 4168 2986 4206 :
3018 4153 3084 4207 Et
3122 4150 3333 4226 reliqui
3355 4148 3553 4220 populi
3578 4162 3775 4226 ascen:

2116 4227 2317 4283 derunt
2343 4235 2464 4298 post
2508 4218 2915 4298 Sauljobvium
2971 4218 3319 4298 p.0pulo,_q_ui
3344 4218 3770 4298 ξραὲρτιρῃαὺᾳηι

2119 4314 2207 4354 eos
2238 4292 2517 4354 renicntes
2545 4314 2613 4351 ex
2644 4296 2867 4366 Galgalu
2893 4296 2952 4350 in
2974 4292 3161 4366 Cubare
3184 4295 3241 4348 in
3273 4292 3413 4366 colle
3433 4292 3725 4366 B‘enjnmiu
3748 4307 3768 4344 :

2121 4387 2247 4443 quae
2279 4370 2514 4441 quidem
2552 4362 2826 4443 periodus
2858 4368 2930 4422 ob
2962 4365 3227 4436 ejusdem
3260 4362 3515 4443 nominis
3564 4362 3770 4443 Benja-

2122 4434 2259 4506 ἠπίη,
2294 4434 2405 4510 quo
2450 4434 3199 4513 con-cluditurtrecursurn,
3221 4434 3409 4513 _videri
3464 4434 3655 4513 possit
3682 4434 3769 4513 ,Ιί-

2123 4504 2450 4568 δραιέίυὶυω
2488 4510 2706 4583 passim
2738 4504 2907 4583 obvio
2933 4524 3143 4583 errore
3186 4507 3256 4583 ab
3307 4505 3437 4578 ipso
3484 4504 3771 4583 Hebraico

2123 4583 2437 4655 exemplari
2481 4575 2783 4639 excidisse.
2821 4575 3451 4655 Desideratur_tar_n_en,
3486 4575 3650 4655 quod
3677 4591 3772 4655 sa-

2125 4658 2199 4712 tis
2231 4646 2528 4729 prbposito
2562 4657 2914 4729 nostro__est,
2939 4652 3152 4729 nedum
3204 4650 3262 4704 in
3315 4646 3550 4705 Hebraeo
3590 4646 3772 4729 phal-

2124 4717 2386 4799 daeoque,
2420 4727 2520 4806 sed
2564 4730 2621 4781 et
2666 4726 2726 4780 in
2757 4717 3057 4806 Versionis
3088 4717 3771 4806 Hieronymanaa‘pleris:

2126 4817 2239 4882 que
2270 4790 2720 4879 omnibusmss.
2748 4816 2761 4865 ;
2792 4795 3057 4881 qui~vero
3087 4809 3213 4851 eam
3245 4790 3498 4876 retinent
3527 4790 3770 4873 Vulgati

2126 4870 2361 4937 l1bri,ex
2384 4873 2596 4927 Griecis
2620 4868 2837 4938 aliquot
2864 4886 2972 4919 των
3009 4865 3146 4922 LXX
3178 4865 3480 4938 codicibus
3512 4866 3774 4938 mutuati

2125 4931 2281 5000 sunt.
2298 4942 2665 4999 Martianasus
2688 4931 2743 4994 in
2768 4939 2893 4994 cod.
2918 4937 3275 5007 Corbeiensi,
3300 4934 3484 4991 obelis
3500 4931 3776 5007 singulos

2123 5014 2441 5072 versiculos
2472 5014 2718 5083 hujusce
2742 5010 3066 5083 additionis
3100 5003 3450 5083 praanotatos
3480 5003 3720 5083 reperit.

2195 5088 2210 5122 ¹
2242 5088 2413 5142 Tacet
2442 5085 2536 5141 hic
2552 5078 2673 5140 'ms.
2705 5082 3022 5138 Veronens.
3058 5078 3268 5145 Gabaa,
3296 5080 3467 5149 juxta
3505 5078 3774 5132 Graecum

2122 5158 2453 5229 exemplar:
2489 5174 2620 5212 mox
2649 5158 2841 5210 autem
2876 5171 2978 5225 pro
3008 5153 3230 5229 Magron
3261 5150 3402 5229 legit
3453 5150 3511 5204 in
3564 5164 3777 5219 agrum

2123 5225 2324 5286 Gabad.
2353 5228 2594 5283 Hebrst
2628 5230 2783 5282 textu
2816 5241 2930 5281 non
2963 5225 3339 5280 assentiente.

2191 5304 2213 5336 ²
2245 5300 2480 5381 Rectius
2528 5299 2841 5381 Yeronenns.
2874 5313 3041 5381 mss’z,
3070 5296 3215 5367 quod
3266 5294 3417 5359 isset,
3447 5294 3556 5347 etc.
3590 5290 3773 5346 Hebr.

2120 5389 2353 5445 quoque
2382 5382 2436 5432 π)
2468 5372 2664 5435 habet,
2692 5375 2748 5424 et
2778 5369 2957 5453 Graec.
2991 5369 3097 5422 ὅτι.

2186 5446 2208 5479 ³
2244 5445 2397 5499 Idem
2427 5459 2563 5509 ms.,
2593 5460 2627 5497 α
2657 5442 2932 5509 memdw;
2966 5440 3065 5495 sed
3100 5442 3156 5495 et
3185 5437 3385 5504 Hebr.,
3410 5444 3584 5496 3:172.

2188 5516 2207 5549 ‘
2242 5516 2378 5571 Fere
2408 5532 2538 5570 cum
2573 5513 2837 5580 Vulgatis
2866 5512 3156 5568 Veronens
3188 5526 3357 5575 mss.,
3388 5516 3609 5577 reptans
3638 5520 3773 5559 ma-

2115 5588 2279 5643 nibus
2301 5596 2352 5643 et
2376 5586 2624 5659 pedibus.
2657 5583 3158 5659 Hebrzeusbabet
3186 5582 3256 5637 ad
3289 5580 3569 5649 litteram,
3599 5590 3769 5649 super

2114 5654 2385 5717 manibus
2400 5661 2517 5716 suis
2544 5666 2594 5717 el
2626 5672 2792 5729 super
2814 5654 3043 5727 pedibus
3064 5654 3202 5712 suis.
