3982 6178
175 335 266 391 633

1487 291 1698 388 LIDBB
1736 335 1760 386 1
1797 335 2181 389 saxosus.

3434 328 3546 386 634

171 460 363 528 Saulis.
395 459 492 532 qui
519 461 684 514 erant
712 457 770 513 in
797 458 996 515 Gabaa
1026 458 1356 529 Benjamin,
1391 461 1448 514 et
1474 472 1607 514 ecce
1629 456 1782 512 mul-
1811 459 1865 524 Α
1896 456 2101 513 minati
2131 460 2272 513 sunt
2301 457 2455 515 oculi
2489 457 2624 527 mei,
2655 473 2723 513 eo
2754 455 2911 530 quod
2945 453 3298 529 gustaverim
3333 455 3540 528 paulu-

173 551 335 608 titudo
363 553 644 621 prostrata
673 554 731 603 et
758 547 874 604 huc
927 547 1185 618 illucque
1232 547 1566 619 ditfugiens.
1599 546 1666 600 Et
1699 545 1780 600 ait

173 639 291 697 Saul
320 638 526 710 populo
555 637 652 706 qui
685 641 811 693 erat
842 652 976 692 cum
1007 653 1073 693 eo
1108 653 1120 691 :
1157 636 1484 708 Requirite,
1510 640 1565 691 et
1594 635 1784 690 videte

175 727 288 800 quis
311 726 510 782 abierit
538 742 606 781 ex
635 725 826 781 nobis.
851 726 1113 798 Cumque
1142 725 1552 798 requisissent,
1587 739 1779 795 reper-

173 823 276 872 tum
301 820 386 871 est
415 831 529 870 non
560 815 766 871 adesse
793 814 1096 870 Jonathan
1138 819 1195 870 et
1242 813 1597 886 armigerum
1630 814 1784 883 ejus,

171 907 226 961 Et
249 905 323 960 ait
347 904 480 960 Saul
513 904 583 959 ad
620 904 826 960 Abiam
863 921 876 960 :
910 903 1149 976 Applica
1203 920 1402 960 arcam
1454 901 1578 958 Dei.
1629 903 1787 971 (Erat

169 995 304 1051 enim
334 994 410 1049 ibi
459 1010 592 1049 arca
623 993 723 1048 Dei
779 994 836 1048 in
881 993 976 1049 die
1035 994 1142 1048 illa
1188 1009 1323 1048 cum
1375 991 1509 1048 filiis
1559 991 1781 1060 Israel).

169 1082 401 1154 Cumque
430 1082 768 1154 loqueretur
794 1081 932 1137 Saul
967 1081 1036 1137 ad
1071 1082 1458 1147 sacerdotem,
1490 1080 1784 1136 tumultus

167 1187 391 1244 magnus
421 1175 660 1227 exortus
689 1175 779 1226 est
809 1169 865 1225 in
899 1170 1108 1226 castris
1140 1169 1584 1226 Philistinorum
1613 1186 1624 1224 :
1661 1185 1783 1225 cre-

163 1264 450 1332 scebatque
500 1260 811 1333 paulatim,
847 1264 903 1316 et
944 1259 1164 1316 clarius
1225 1261 1522 1316 reboahat.
1585 1261 1651 1315 Et
1706 1261 1790 1316 ait

159 1349 277 1406 Saul
303 1351 370 1405 ad
405 1351 769 1406 sacerdotem
804 1367 816 1406 :
851 1349 1140 1406 Contrahe
1172 1365 1409 1405 manum
1443 1351 1787 1406 tuam.Con-

162 1437 413 1494 clamavit
441 1455 582 1512 ergo
611 1438 834 1506 Saul,et
864 1437 1060 1493 omnis
1078 1437 1333 1510 populus
1364 1438 1464 1508 qui
1497 1442 1622 1494 erat
1651 1455 1786 1493 cum

162 1531 291 1595 eo,et
325 1531 614 1584 venerunt
646 1543 832 1600 usque
864 1527 936 1583 ad
967 1526 1161 1583 locum
1194 1527 1631 1597 certaminis,et
1655 1535 1788 1583 ecce

156 1633 335 1674 versus
365 1617 556 1673 fuerat
586 1616 820 1690 gladius
853 1615 1318 1688 uniuscujusque
1347 1617 1419 1672 ad
1453 1616 1785 1688 proximum

161 1723 328 1772 suum,
358 1711 408 1762 et
431 1706 516 1776 [h.
541 1722 657 1762 non
685 1705 880 1777 habet]
906 1705 1092 1760 caedes
1115 1721 1323 1776 magna
1352 1705 1552 1762 nimis.
1587 1705 1697 1762 Sed
1728 1710 1786 1762 et

161 1794 478 1866 Hebraei,qui
517 1795 754 1850 fuerant
783 1810 919 1849 cum
941 1792 1272 1850 Philisthim
1293 1793 1420 1850 heri
1449 1797 1506 1850 et
1537 1795 1781 1850 nudius-

157 1883 358 1950 tertius,
388 1884 897 1955 ascenderantque
928 1899 1061 1938 cum
1093 1883 1176 1939 eis
1208 1884 1268 1938 in
1299 1883 1529 1952 castris,
1563 1885 1775 1941 reversi

157 1977 275 2028 sunt
300 1977 359 2028 ut
386 1977 591 2030 essent
642 1989 774 2028 cum
808 1971 1008 2039 Israel,
1042 1970 1144 2043 qui
1191 1977 1358 2028 erant
1387 1988 1520 2028 cum
1554 1973 1692 2028 Saul
1720 1977 1777 2029 et

157 2061 442 2118 Jonathan.
477 2063 700 2118 Omnes
731 2076 966 2134 quoque
999 2061 1276 2117 Israelita:
1307 2061 1408 2132 qui
1439 2078 1502 2118 se
1531 2063 1778 2118 abscon-

157 2149 331 2206 derant
356 2151 417 2207 in
441 2155 646 2207 monte
662 2150 1278 2224 Ephraim,audientes
1301 2151 1454 2222 quod
1487 2151 1779 2223 fugissent

157 2237 864 2308 Philisthim,sociaverunt
894 2256 956 2295 se
987 2255 1121 2295 cum
1155 2238 1282 2296 suis
1313 2239 1371 2294 in
1405 2239 1604 2312 praelia
1637 2242 1678 2296 ί.
1711 2245 1779 2296 Et

155 2327 364 2384 salvavit
410 2329 703 2387 Dominus
754 2331 812 2384 in
843 2329 938 2384 die
979 2327 1082 2386 illa
1112 2327 1310 2385 Israel.
1343 2333 1548 2402 Pugna
1580 2334 1775 2386 autem

157 2418 387 2488 pervenit
417 2434 613 2490 usque
644 2417 1002 2474 Beth-Aven.
1036 2418 1106 2472 Et
1150 2418 1241 2472 vir
1289 2419 1466 2474 Israel
1516 2419 1775 2474 sociatus

154 2509 226 2561 est
249 2505 349 2562 sibi
380 2507 441 2563 in
473 2508 576 2563 die
603 2506 1083 2580 illa.[T.XXXII].
1101 2507 1404 2578 Adjuravit
1422 2512 1616 2564 autem
1637 2507 1775 2564 Saul

155 2595 423 2665 populum,
453 2596 716 2651 dicens:
766 2595 1114 2651 Maledictus
1159 2597 1249 2651 vir
1301 2595 1402 2668 qui
1456 2597 1776 2652 comederit

153 2697 330 2753 panem
361 2702 558 2757 usque
589 2685 658 2741 ad
693 2699 1026 2756 vesperum,
1059 2685 1244 2741 donec
1276 2683 1525 2742 ulciscar
1555 2687 1624 2742 de
1657 2685 1774 2741 ini-

153 2771 290 2828 micis
311 2775 471 2831 meis.
513 2775 587 2830 Et
629 2791 743 2830 non
771 2773 1147 2831 manducavit
1178 2774 1334 2846 [h.Et
1367 2792 1480 2831 non
1511 2776 1772 2847 gustavit]

151 2861 422 2918 universus
452 2862 716 2936 populus
748 2878 958 2934 panem
995 2879 1008 2918 :
1041 2879 1335 2934 omneque
1365 2867 1530 2919 terrea
1561 2863 1772 2936 vulgus

152 2950 283 3006 venit
310 2951 367 3006 in
396 2951 716 3018 saltum,in
738 2967 855 3022 quo
883 2954 1007 3006 erat
1037 2950 1152 3006 mel
1183 2967 1360 3022 super
1393 2951 1598 3008 faciem
1622 2953 1769 3025 agri.

151 3037 419 3112 Ingressus
465 3045 566 3098 est
597 3041 795 3112 itaque
842 3039 1097 3114 populus
1142 3039 1388 3112 saltum,
1419 3046 1476 3096 et
1501 3042 1772 3114 apparuit

151 3127 308 3186 fluens
328 3129 793 3202 mel,nullusque
815 3128 1102 3204 applicuit
1119 3146 1362 3186 manum
1384 3131 1454 3186 ad
1477 3147 1543 3187 os
1569 3148 1768 3187 suum.

1892 544 2016 600 lum
2047 546 2118 602 de
2167 546 2334 603 melle
2383 547 2495 603 isto
2527 564 2540 603 :
2575 550 2795 619 quanto
2846 548 3034 618 magis
3083 545 3132 601 si
3185 545 3542 602 comedisset

1894 634 2146 706 populus
2179 637 2248 692 de
2266 637 2460 708 praeda
2485 636 2859 692 inimicorum
2892 651 3348 706 suorum,quam
3382 650 3539 706 repe-

1893 723 2003 778 rit!
2041 741 2232 780 nonne
2264 727 2453 796 major
2482 725 2629 782 facta
2649 725 2856 781 fuisset
2879 724 3049 796 plaga
3079 724 3138 779 in
3166 723 3541 778 Pbilisthim?

1892 816 2316 870 Percusserunt
2334 831 2470 886 ergo
2493 815 2552 869 in
2574 815 2668 870 die
2696 814 2796 870 illa
2818 813 3168 870 Philistheos
3191 830 3225 868 a
3249 812 3537 868 Machmis

1893 918 2082 973 usque
2112 903 2170 957 in
2201 902 2404 974 Ajalon
2438 906 2563 976 [ms.
2597 903 2850 973 Ahilon].
2883 904 2972 972 [T.
3007 901 3300 972 XXXIII].
3324 901 3538 956 Defati-

1893 995 2066 1063 gatus
2093 998 2182 1048 est
2212 999 2406 1049 autem
2441 992 2694 1065 populus
2726 992 2925 1061 nimis,
2958 1000 3011 1048 et
3043 1008 3242 1047 versus
3275 990 3345 1045 ad
3390 1007 3534 1061 prae-

1893 1080 2196 1150 dam,tulit
2223 1099 2378 1154 oves,
2411 1088 2468 1138 et
2501 1083 2764 1149 boves,et
2788 1081 3022 1146 vitulos,
3054 1083 3111 1136 et
3140 1084 3538 1135 mactaverunt

1897 1169 1954 1224 in
1986 1174 2144 1226 terra
2177 1188 2188 1226 :
2225 1173 2583 1243 comeditque
2613 1170 2867 1244 populus
2897 1187 3031 1226 cum
3065 1168 3536 1240 sanguine.Nun-

1897 1257 2187 1314 tiaverunt
2216 1265 2411 1316 autem
2443 1260 2602 1316 Sauli
2633 1261 2914 1328 dicentes,
2939 1259 3093 1330 quod
3128 1257 3377 1330 populus
3411 1273 3537 1328 pec-

1895 1352 2085 1402 casset
2119 1349 2378 1416 Domino,
2423 1351 2734 1406 comedens
2763 1365 2896 1405 cum
2928 1347 3231 1420 sanguine.
3266 1346 3371 1410 Qui
3405 1345 3487 1400 ait
3522 1362 3535 1400 :

1896 1436 2264 1492 Prmvaricati
2293 1439 2458 1508 estis,
2489 1438 2696 1494 volvite
2745 1439 2814 1494 ad
2849 1455 2940 1493 me
2961 1439 3087 1509 jam
3120 1453 3276 1492 nunc
3326 1452 3534 1491 saxum

1896 1527 2137 1598 grande.
2174 1529 2241 1583 Et
2269 1529 2410 1584 dixit
2441 1529 2578 1584 Saul
2611 1547 2630 1583 :
2662 1527 3075 1600 Dispergimini
3112 1525 3172 1581 in
3219 1525 3448 1595 vulgus,
3481 1529 3538 1580 et

1897 1614 2071 1671 dicite
2099 1617 2206 1683 eis,
2238 1623 2300 1673 ut
2331 1619 2586 1674 adducat
2614 1619 2685 1673 ad
2733 1635 2825 1674 me
2866 1616 3275 1688 unusquisque
3330 1617 3534 1671 bovem

1896 1720 2070 1760 suum
2103 1709 2160 1761 et
2189 1706 2452 1773 arietem,
2484 1713 2542 1763 et
2571 1707 2815 1764 occidite
2844 1723 3021 1780 super
3055 1705 3236 1771 istud,
3264 1709 3320 1762 et
3347 1705 3533 1761 vesci-

1896 1793 2062 1860 mini,
2094 1800 2150 1851 et
2181 1813 2296 1852 non
2328 1797 2641 1868 peccabitis
2691 1797 2935 1853 Domino
2984 1797 3351 1852 cemedentes
3395 1810 3530 1850 cum

1892 1884 2200 1956 sanguine.
2225 1886 2690 1958 Adduxititaque
2722 1886 2914 1942 omnis
2933 1885 3185 1958 populus
3217 1885 3536 1956 unusquis-

1887 1989 2000 2045 que
2021 1974 2225 2030 bovem
2250 1975 2308 2030 in
2338 1992 2515 2032 manu
2541 1992 2649 2031 sua
2668 1992 2836 2049 usque
2855 1975 3062 2049 [h.non
3086 1974 3282 2040 habet]
3297 1974 3366 2030 ad
3394 1990 3533 2030 noc-

1885 2066 2089 2130 tem,et
2118 2063 2461 2119 occiderunt
2490 2063 2918 2121 ibiJEdiIicavit
2949 2068 3144 2120 autem
3177 2063 3314 2118 Saul
3348 2064 3532 2119 altare

1884 2151 2153 2220 Domino,
2185 2156 2443 2224 tuncque
2460 2155 2712 2225 primum
2734 2153 2816 2225 (h.
2839 2171 2952 2208 non
2976 2153 3169 2222 habet)
3189 2153 3365 2224 cmpit
3392 2152 3528 2207 aedi-

1888 2240 2062 2296 ficare
2090 2241 2271 2298 altare
2305 2243 2570 2299 Domino.
2596 2243 2665 2298 Et
2697 2242 2843 2298 dixit
2871 2241 3008 2298 Saul
3044 2259 3057 2298 :
3095 2245 3398 2299 Irruamus
3429 2258 3529 2296 su-

1889 2347 1987 2401 per
2015 2329 2350 2387 Philisthim
2385 2337 2572 2400 nocte,
2606 2337 2662 2388 et
2692 2337 2991 2388 vastemus
3021 2348 3120 2388 eos
3170 2348 3358 2403 usque
3388 2332 3530 2386 dum

1884 2418 2184 2476 illucescat
2214 2437 2408 2491 mane,
2461 2439 2566 2478 nec
2618 2421 3024 2495 relinquamus
3068 2422 3139 2477 de
3185 2421 3270 2478 eis
3313 2421 3526 2477 virum.

1886 2508 2151 2580 Dixitque
2182 2509 2436 2582 populus
2468 2527 2482 2566 :
2517 2514 2695 2566 Omne
2732 2511 2885 2582 quod
2936 2512 3154 2567 bonum
3210 2511 3438 2566 videtur
3466 2509 3524 2564 in

1883 2595 2069 2652 oculis
2098 2597 2241 2664 tuis,
2271 2597 2378 2652 Iac.
2430 2601 2497 2652 Et
2539 2598 2621 2652 ait
2670 2599 2946 2654 sacerdos
2979 2614 2992 2652 :
3025 2598 3381 2654 Accedamus
3412 2597 3527 2652 huc

1881 2686 1953 2741 ad
1985 2686 2267 2741 Deum.Et
2297 2686 2595 2742 consuluit
2625 2686 2761 2741 Saul
2789 2687 2972 2742 Deum
2994 2687 3175 2742 :Num
3212 2703 3530 2758 persequar

1882 2774 2216 2830 Pbilisthim
2242 2775 2269 2830 ?
2295 2775 2344 2830 si
2367 2777 2561 2831 trades
2577 2792 2678 2832 eos
2709 2775 2767 2831 in
2793 2793 2968 2831 manu
2990 2775 3198 2831 Israel?
3216 2782 3409 2830 etnon
3434 2792 3527 2830 re-

1881 2863 2120 2934 spondit
2149 2863 2200 2918 ei
2232 2863 2292 2919 in
2342 2864 2435 2920 die
2465 2863 2566 2920 illa
2596 2865 2684 2936 [T.
2718 2864 3002 2938 XXXIV].
3043 2863 3310 2935 Dixitque
3337 2863 3476 2918 Saul
3509 2880 3522 2918 :

1883 2951 2183 3025 Applicate
2213 2952 2326 3008 huc
2359 2952 2661 3009 universos
2691 2952 2940 3025 angulos
2962 2951 3184 3025 pepuli,
3207 2957 3265 3008 et
3295 2951 3525 3018 scitote,

1880 3045 1937 3096 et
1966 3040 2175 3111 videte,
2210 3057 2314 3113 per
2343 3058 2516 3114 quem
2548 3042 2825 3098 acciderit
2856 3045 3160 3114 peccatum
3191 3041 3296 3098 hoc
3328 3041 3520 3098 hodie.

1877 3128 2034 3185 Vivit
2059 3130 2339 3187 Dominus
2365 3130 2617 3187 salvator
2646 3131 2992 3204 Israel,quia
3012 3131 3058 3188 si
3092 3147 3198 3203 per
3225 3129 3520 3186 Jonathan

148 3214 374 3274 Timebat
401 3218 566 3275 enim
621 3218 872 3291 populus
919 3219 1345 3290 juramentum.
1388 3224 1564 3276 Porro
1593 3222 1767 3277 Iona-
1799 3205 1842 3271 C
1883 3217 2068 3274 ﬁlium
2106 3236 2302 3276 meum
2351 3221 2565 3276 factum
2606 3225 2696 3276 est
2745 3220 2853 3276 hoc
2902 3220 3026 3291 [ms.
3057 3224 3108 3275 et
3150 3219 3296 3292 vulg.
3348 3225 3527 3276 lacent

152 3302 266 3361 than
298 3324 407 3364 non
439 3308 716 3364 audierat
745 3325 879 3364 cum
913 3309 1213 3380 adjuraret
1236 3313 1405 3380 pater
1434 3310 1562 3380 ejus
1592 3326 1773 3382 popu-

154 3390 253 3450 lum
283 3412 296 3451 :
325 3397 713 3469 extenditque
762 3399 1166 3454 summitatem
1211 3397 1384 3470 virgas
1433 3416 1612 3470 quam
1663 3400 1771 3457 ha—

153 3481 297 3540 bebat
323 3485 378 3542 in
413 3503 624 3556 manu,
654 3492 712 3543 et
739 3486 978 3542 intinxit
1006 3487 1065 3542 in
1101 3488 1293 3543 favum
1327 3487 1602 3556 mellis,et
1633 3506 1774 3546 con-

151 3573 289 3629 vertit
317 3591 563 3632 manum
597 3592 765 3631 suam
799 3576 871 3631 ad
903 3593 968 3632 os
999 3580 1260 3645 suum,et
1287 3575 1606 3634 illuminati
1633 3582 1774 3634 sunt

147 3661 271 3717 oculi
301 3664 446 3734 ejus.
481 3664 993 3736 Respondensque
1041 3681 1196 3721 unus
1245 3666 1316 3721 de
1366 3667 1604 3739 populo,
1637 3668 1720 3724 ait
1752 3684 1766 3726 :

149 3746 513 3822 Jurejurando
549 3753 898 3809 constrinxit
942 3758 1108 3825 pater
1154 3758 1294 3810 tuus
1343 3755 1648 3828 populum,
1679 3757 1770 3813 di-

152 3852 300 3896 cens:
331 3842 682 3899 Maledictus
712 3842 819 3908 vir,
853 3843 954 3914 qui
988 3843 1309 3899 comederit
1355 3861 1565 3915 panem
1599 3846 1771 3903 nodie

152 3926 423 3991 (defecerat
481 3936 680 3988 autem
739 3931 1036 4004 populus).
1097 3932 1365 4004 Dixitque
1420 3935 1764 3994 Jonathan:

147 4017 385 4076 Turbavit
414 4027 586 4093 pater
614 4037 783 4076 meus
812 4025 1027 4076 terram
1049 4038 1062 4076 :
1083 4021 1313 4078 vidistis
1334 4021 1444 4094 ipsi
1469 4028 1609 4096 quia
1632 4025 1765 4080 illu-

196 4126 222 4202 ξ,
238 4127 470 4202 addunt
509 4126 772 4200 Vulgati,
802 4136 852 4202 et
880 4136 1042 4184 erant
1071 4144 1194 4184 cum
1226 4129 1552 4202 Sauliquasi
1581 4132 1766 4188 decem

145 4195 301 4281 {ninia
328 4195 656 4281 virorum;
679 4200 1116 4281 quod_cor_nma_
1163 4201 1269 4281 soli
1326 4195 1472 4281 LXX
1526 4203 1762 4273 habent,

145 4280 227 4320 nec
251 4273 432 4325 tamen
471 4271 570 4326 hic
599 4269 732 4337 loci,
768 4271 866 4326 sed
901 4270 1054 4325 infra
1103 4272 1272 4327 tertio
1312 4273 1382 4328 ab
1431 4273 1538 4328 hoc
1570 4269 1761 4331 versu.

202 4338 417 4398 ’Canon
452 4342 619 4398 solus
652 4341 914 4416 brahet,in
944 4345 1102 4414 parte
1131 4357 1242 4398 una
1263 4361 1284 4405 ,'
1308 4345 1460 4416 quod
1486 4345 1765 4404 Hebraice

149 4426 391 4485 scribitur
419 4444 548 4492 'mx
573 4415 720 4496 πενίη
769 4431 944 4487 leeuer
972 4431 1168 4500 ehhad,
1220 4433 1274 4486 id
1309 4415 1395 4489 est
1426 4433 1488 4490 in
1520 4439 1764 4492 transitu

1881 3306 2032 3378 hoc],
2093 3308 2314 3380 absque
2386 3309 2796 3366 retractatione
2867 3310 3166 3365 morietur.
3221 3310 3304 3367 Ad
3367 3309 3524 3381 quod

1882 3395 2081 3452 nullus
2109 3397 2458 3454 contradixit
2487 3399 2540 3454 ei
2571 3399 2643 3453 de
2672 3397 2831 3453 omni
2865 3398 3175 3470 populo.Et
3204 3399 3286 3454 ait
3307 3399 3379 3454 ad
3407 3398 3528 3454 uni-

1879 3501 2113 3541 versum
2147 3485 2367 3542 Israel:
2401 3487 2767 3560 Separamini
2791 3504 2890 3543 vos
2922 3487 2979 3542 in
3014 3492 3236 3560 partem
3260 3493 3527 3555 unam,et

1879 3591 1985 3648 ego
2015 3593 2150 3632 cum
2183 3577 2476 3634 Jonathan
2513 3578 2627 3636 tilio
2659 3595 2788 3634 meo
2835 3595 2933 3634 ero
2964 3579 3022 3634 in
3071 3583 3235 3650 parte
3266 3577 3450 3634 altera
3480 3579 3522 3633 9.

1881 3665 2202 3738 Respondit
2231 3666 2488 3740 populus
2533 3669 2604 3722 ad
2629 3668 2767 3724 Saul
2802 3683 2816 3723 :
2851 3669 3012 3732 Quod
3037 3669 3260 3724 bonum
3291 3668 3522 3723 videtur

1879 3755 1938 3810 in
1970 3755 2157 3810 oculis
2186 3755 2326 3824 tuis,
2358 3756 2465 3812 fac.
2491 3757 2559 3812 Et
2589 3757 2735 3812 dixit
2764 3757 2901 3812 Saul
2935 3757 3006 3812 ad
3039 3756 3350 3812 Dominum
3385 3773 3398 3811 :
3435 3757 3516 3828 [h.

1880 3845 1950 3899 ad
1982 3844 2295 3901 Dominum
2328 3848 2507 3900 Deém
2539 3845 2738 3917 Israel]
2770 3846 3017 3902 Domine
3046 3851 3198 3901 Deus
3232 3845 3405 3902 Isrrel
3435 3845 3518 3917 [h.

1880 3937 2030 3989 Deus
2050 3933 2296 3990 Domine
2327 3933 2483 3990 Deus
2513 3933 2734 4004 Israel],
2754 3935 2828 3990 da
2847 3933 3132 3989 indicium
3153 3935 3194 3989 ³.
3228 3935 3296 3989 Et
3323 3935 3519 4006 depre-

1878 4022 2097 4078 hensus
2121 4023 2511 4078 estJonathan
2543 4028 2600 4079 et
2627 4023 2786 4092 Saul,
2813 4024 3064 4095 populus
3091 4029 3290 4078 autem
3321 4024 3516 4079 exivit.

1875 4131 2063 4196 Israel,
2097 4129 2167 4184 da
2213 4129 2506 4185 indicium.
2545 4131 2606 4185 In
2640 4130 2818 4200 Regio
2869 4134 3062 4185 autem
3112 4130 3311 4186 codice
3352 4131 3513 4198 3063,

1873 4201 2204 4257 Colbertino
2241 4203 2360 4270 181,
2387 4201 2722 4258 Corbeiensi
2758 4203 2816 4256 11
2866 4207 2922 4256 et
2949 4206 3004 4256 S.
3041 4202 3314 4257 Germani
3345 4203 3400 4267 5,
3433 4202 3514 4258 le-

1874 4273 2107 4342 gimus:
2160 4274 2223 4328 Et
2271 4273 2416 4328 dixit
2446 4272 2578 4328 Saul
2624 4273 2695 4328 ad
2743 4274 3036 4328 Dominum
3083 4275 3249 4329 Deum
3293 4275 3513 4329 Israel:

1874 4344 2138 4400 Dominus
2167 4347 2325 4414 Deus,
2359 4345 2427 4400 da
2457 4344 2759 4400 indicium.
2795 4345 2881 4400 Ita
2910 4344 3128 4401 habent
3169 4347 3341 4400 etiam
3376 4346 3514 4402 editi

1873 4421 1930 4472 et
1961 4433 2071 4472 ms.
2107 4422 2304 4472 noster
2335 4432 2391 4471 n.
2429 4417 2548 4481 164,
2585 4417 2866 4472 addentes
2897 4417 3270 4472 solummodo
3303 4433 3514 4474 nomen

149 4510 254 4576 uno,
293 4501 395 4576 vel,
421 4487 899 4572 juxta-eumdem
933 4487 1196 4572 sensum,
1228 4504 1286 4559 in
1316 4487 1474 4576 parte
1504 4487 1762 4575 suae}
1797 4567 1828 4576 _
1867 4487 2055 4576 ,Ῐθῐζεὲθί
2087 4494 2214 4559 PoSt
2249 4487 2474 4576 θθτηξῖιε
2503 4487 3134 4576 οθιιδιυίερτεερεξοιίεξω
3167 4488 3514 4576 δῼᾶυβωοάί

152 4566 294 4644 latere
316 4566 517 4644 altera,
545 4579 655 4629 etc.
687 4577 872 4629 MART.

206 4671 260 4682 —
281 4643 856 4701 Ms.Veronens.cum
879 4662 944 4701 eo
964 4661 1140 4716 quem
1172 4645 1464 4702 Canonem
1492 4647 1760 4706 Martian.

151 4734 288 4805 vacat
307 4732 363 4786 in
378 4737 544 4804 parte
563 4749 701 4798 una,
727 4733 990 4805 pressius
1012 4733 1080 4786 ad
1106 4731 1568 4802 Hebraeumfmn
1593 4721 1758 4800 περί).

204 4801 222 4832 ³
248 4801 511 4886 Magnam
549 4801 822 4886 subinde
855 4801 1643 4886 perturbationemaﬂ‘erunt
1701 4809 1759 4863 in

153 4882 269 4928 mss.
300 4875 515 4946 Latinis
549 4875 1010 4946 Hieronymianw
1043 4875 1344 4944 versionis,
1371 4876 1573 4932 inserti
1606 4878 1663 4934 in
1695 4896 1763 4936 ea

153 4945 621 5022 nonnulli‘versus
670 4945 1030 5022 expeditione
1066 4949 1478 5022 Interpretum
1522 4949 1762 5021 Septua-

183 5018 302 5095 inta.
330 5019 664 5095 Adeoenim
691 5019 936 5075 diversae
959 5018 1164 5076 multis
1188 5018 1260 5075 ini
1277 5019 1419 5095 locis
1443 5018 1762 5077 occurrunt

167 5090 394 5166 ectiones
451 5093 716 5166 ejusdem
773 5096 1098 5166 contextus,
1159 5097 1224 5146 ut
1279 5092 1371 5147 vix
1427 5109 1493 5166 ac
1543 5110 1612 5166 ne
1669 5096 1762 5148 vix

153 5158 353 5235 quidem
416 5158 602 5235 possit
659 5163 918 5235 agnosci,
948 5179 1226 5235 quaenam,
1265 5163 1520 5235 genuina
1562 5165 1640 5220 sit
1694 5182 1759 5220 ac

155 5231 764 5309 PropriahSLDoctoriild
792 5231 1042 5305 probant
1075 5231 1556 5309 manifestissime
1580 5236 1759 5306 hujus

153 5303 389 5382 versiculi
423 5306 711 5382 variantes
742 5303 1056 5382 sequentes
1082 5306 1404 5382 lectiones.
1428 5308 1607 5382 Corb.
1630 5303 1755 5382 gms.

155 5374 329 5453 majori
357 5392 529 5453 num1
552 5394 590 5446 ι,
623 5377 733 5432 hoc
778 5374 950 5453 modo
981 5377 1122 5453 legit
1147 5395 1168 5453 Δε
1203 5379 1266 5434 Et
1300 5377 1456 5453 dixit
1501 5379 1638 5434 Saul
1675 5382 1759 5435 ad

156 5437 422 5524 Quinian
443 5465 462 5501 :
493 5437 636 5524 Deus
660 5449 937 5524 lsrael,da
972 5437 1446 5524 z'niliciuns,Alte_r
1477 5453 1756 5524 numA.13:

156 5508 357 5590 Eldixit
387 5517 520 5574 Saul
567 5520 637 5576 ad
681 5508 980 5577 Dominum
1035 5522 1206 5576 Deum
1250 5521 1420 5577 Israel
1454 5537 1464 5577 :
1499 5523 1569 5577 da
1599 5521 1753 5577 indi-

151 5596 300 5658 cium.
319 5592 498 5656 Quam
542 5593 888 5658 sententiam
940 5593 1224 5648 secuinda
1256 5611 1468 5649 manus
1516 5595 1758 5650 mutavit

154 5665 264 5713 cum
290 5657 380 5717 his
404 5679 417 5716 :
451 5663 512 5718 Et
541 5657 688 5720 dixit
717 5664 851 5721 Saul
879 5663 951 5722 ad
977 5665 1271 5722 Dominum
1311 5682 1324 5722 :
1356 5666 1584 5723 Domine
1614 5666 1756 5724 Deus

1792 4567 1836 4630 D
1867 4559 2179 4615 lectionum
2216 4559 2433 4631 peperit
2466 4577 2581 4614 una
2612 4559 2817 4615 vocula
2848 4559 3070 4615 Hebraei
3103 4566 3430 4628 contextus,
3451 4579 3518 4618 ac

1875 4631 2139 4703 repetitio
2174 4632 2482 4686 nominum
2523 4631 2637 4705 Dei
2673 4647 2686 4686 :
2721 4648 2854 4705 nam
2888 4631 2945 4705 in
2997 4631 3234 4687 Hebraeo
3279 4632 3516 4705 legitur,

1875 4730 2043 4780 cum
2074 4730 2197 4780 nan
2229 4705 2421 4781 Sami
2452 4704 2595 4780 νῆ’-ηεξ
2627 4704 2872 4781 nini-5a
2904 4704 3062 4781 51MB
3117 4730 3294 4781 1mm
3335 4704 3518 4791 I’aiio-

1874 4809 1996 4847 mer
2024 4791 2260 4848 Schaout
2291 4793 2341 4846 el
2388 4791 2601 4847 Adonei
2649 4791 2814 4848 Elohe
2861 4794 3036 4848 Israel
3089 4791 3226 4847 hava
3275 4793 3517 4850 thamim

1871 4864 2026 4937 quod
2058 4862 2480 4934 interpretatur
2505 4861 2774 4934 pluribus
2806 4863 2998 4918 modis
3014 4869 3252 4937 propter
3273 4868 3513 4922 verbum

1868 4936 1944 5013 5s:
1977 4952 2048 5018 el,
2085 4951 2338 5021 positum
2366 4957 2500 5007 ante
2555 4961 2710 5015 mm.
2740 4952 2973 5018 Adonei,
3025 4936 3145 5009 sive
3180 4952 3420 5016 Jehooa;
3464 4957 3514 5011 el

1870 5039 2125 5096 namque
2157 5027 2245 5078 est
2277 5039 2458 5078 unum
2493 5039 2521 5076 e
2554 5023 2893 5079 nominibus
2929 5024 3022 5079 Dei
3049 5044 3062 5093 ;
3087 5029 3145 5080 et
3174 5029 3262 5081 est
3293 5042 3514 5096 praepo-

1870 5095 2004 5150 sitio
2036 5095 2368 5165 etiam,quze
2405 5096 2714 5166 respondet
2747 5100 2957 5150 nostrae
2994 5097 3204 5152 Latina
3235 5097 3329 5151 ad.
3350 5095 3511 5152 Unde

1867 5166 1978 5238 legi
2016 5172 2222 5235 potest,
2257 5169 2320 5226 Et
2349 5165 2656 5222 dixr’ldaul
2687 5167 2755 5222 ad
2803 5168 3097 5223 Dominum
3124 5187 3143 5222 :
3172 5169 3312 5224 Deus
3340 5169 3511 5223 Israel

1868 5239 1937 5310 da
1963 5239 2204 5308 signum.
2242 5240 2357 5293 Aut
2408 5243 2645 5310 sumpto
2704 5241 2753 5294 el
2812 5256 2914 5310 pro
2975 5240 3071 5295 Dei
3129 5239 3410 5294 nomine:
3446 5243 3511 5295 Et

1865 5309 2013 5386 dixit
2059 5311 2194 5386 ξαιιί
2226 5325 2240 5366 :
2302 5311 2447 5386 Deus
2502 5309 2788 5386 Dominej;
2814 5309 2957 5386 Deus
2994 5311 3199 5386 Israel,
3230 5311 3300 5366 da
3332 5310 3506 5386 Δίηιίἰ-

1865 5383 2033 5436 cium.
2067 5383 2262 5451 quue
2293 5383 2466 5438 modo
2500 5383 2698 5444 Latine
2729 5381 2899 5442 vertit
2928 5382 3273 5437 scholiastes
3324 5381 3508 5437 Cano-

1869 5453 1958 5506 nis
1988 5453 2280 5508 Hebraice:
2312 5455 2570 5510 veritatis
2598 5472 2610 5520 ;
2643 5451 2775 5509 cum
2830 5460 3016 5509 tamen
3069 5454 3394 5508 monuisset
3422 5454 3505 5509 al-

1867 5529 1988 5579 tero
2020 5524 2262 5590 scholio,
2309 5527 2366 5581 in
2417 5528 2656 5582 Hebraeo
2679 5526 2907 5580 illaberi
2944 5543 2956 5580 :
2991 5526 3054 5580 Et
3082 5524 3235 5580 dixit
3274 5525 3407 5580 Saul
3437 5527 3507 5582 ad

1867 5599 2166 5652 Dominum
2191 5599 2361 5653 Deum
2391 5602 2582 5666 Israel,
2617 5603 2725 5653 etc.
2761 5597 2880 5652 Nos
2912 5596 3065 5652 hunc
3097 5597 3290 5652 locum
3335 5597 3506 5654 edido

1867 5684 2004 5725 mus
2026 5669 2197 5740 juxta
2227 5685 2296 5726 ea
2328 5686 2453 5741 qua
2485 5669 2764 5742 leguntur
2795 5668 2854 5724 in
2887 5667 3014 5740 ipso
3044 5671 3316 5728 contextu
3349 5671 3510 5728 Cani-
