  <div class='ocr_page' id='page_1' title='image "/cluster/home/n/w/nwhite01/storage/ocr_20150623/28/hvd.32044052824265/362.png"; bbox 0 0 3982 6178; ppageno 0'>
   <div class='ocr_carea' id='block_1_1' title="bbox 189 359 292 415">
    <p class='ocr_par' dir='ltr' id='par_1_1' title="bbox 189 359 292 415">
     <span class='ocr_line' id='line_1_1' title="bbox 189 359 292 415; baseline 0 0"><span class='ocrx_word' id='word_1_1' title='bbox 189 359 292 415; x_wconf 82' lang='lat'><strong>637</strong></span> 
     </span>
    </p>
   </div>
   <div class='ocr_carea' id='block_1_2' title="bbox 1560 359 2246 415">
    <p class='ocr_par' dir='ltr' id='par_1_2' title="bbox 1560 359 2246 415">
     <span class='ocr_line' id='line_1_2' title="bbox 1560 359 2246 415; baseline -0.001 -2"><span class='ocrx_word' id='word_1_2' title='bbox 1560 360 1773 414; x_wconf 74' lang='lat' dir='ltr'><strong>LIBER</strong></span> <span class='ocrx_word' id='word_1_3' title='bbox 1808 360 1833 413; x_wconf 89' lang='grc' dir='ltr'>Ι</span> <span class='ocrx_word' id='word_1_4' title='bbox 1869 359 2246 415; x_wconf 70' lang='lat' dir='ltr'><strong>SAMUELIS.</strong></span> 
     </span>
    </p>
   </div>
   <div class='ocr_carea' id='block_1_3' title="bbox 3498 355 3607 411">
    <p class='ocr_par' dir='ltr' id='par_1_3' title="bbox 3498 355 3607 411">
     <span class='ocr_line' id='line_1_3' title="bbox 3498 355 3607 411; baseline 0 0"><span class='ocrx_word' id='word_1_5' title='bbox 3498 355 3607 411; x_wconf 83' lang='lat'><strong>638</strong></span> 
     </span>
    </p>
   </div>
   <div class='ocr_carea' id='block_1_4' title="bbox 196 481 3579 558">
    <p class='ocr_par' dir='ltr' id='par_1_4' title="bbox 196 481 3579 558">
     <span class='ocr_line' id='line_1_4' title="bbox 196 481 3579 558; baseline -0 -17"><span class='ocrx_word' id='word_1_6' title='bbox 196 484 660 541; x_wconf 71' lang='lat' dir='ltr'><strong>internecionem</strong></span> <span class='ocrx_word' id='word_1_7' title='bbox 708 500 906 540; x_wconf 91' lang='lat' dir='ltr'><strong>eorum</strong></span> <span class='ocrx_word' id='word_1_8' title='bbox 928 484 955 539; x_wconf 85' lang='lat'><strong>?</strong></span> <span class='ocrx_word' id='word_1_9' title='bbox 1005 486 1192 549; x_wconf 83' lang='lat' dir='ltr'><strong>Quare</strong></span> <span class='ocrx_word' id='word_1_10' title='bbox 1258 501 1396 557; x_wconf 91' lang='lat' dir='ltr'><strong>ergo</strong></span> <span class='ocrx_word' id='word_1_11' title='bbox 1458 500 1573 539; x_wconf 91' lang='lat' dir='ltr'><strong>non</strong></span> <span class='ocrx_word' id='word_1_12' title='bbox 1632 482 1848 545; x_wconf 79' lang='lat' dir='ltr'><strong>audisti</strong></span> <span class='ocrx_word' id='word_1_13' title='bbox 1879 486 1931 551; x_wconf 72' lang='grc' dir='ltr'><strong>Α</strong></span> <span class='ocrx_word' id='word_1_14' title='bbox 1965 481 2254 539; x_wconf 89' lang='lat' dir='ltr'><strong>leemitem</strong></span> <span class='ocrx_word' id='word_1_15' title='bbox 2290 501 2303 540; x_wconf 91' lang='lat'><strong>:</strong></span> <span class='ocrx_word' id='word_1_16' title='bbox 2337 483 2560 556; x_wconf 82' lang='lat' dir='ltr'><strong>providi</strong></span> <span class='ocrx_word' id='word_1_17' title='bbox 2592 484 2747 540; x_wconf 91' lang='lat' dir='ltr'><strong>enim</strong></span> <span class='ocrx_word' id='word_1_18' title='bbox 2782 483 2839 540; x_wconf 93' lang='lat' dir='ltr'><strong>in</strong></span> <span class='ocrx_word' id='word_1_19' title='bbox 2884 483 3019 539; x_wconf 91' lang='lat' dir='ltr'><strong>ﬁliis</strong></span> <span class='ocrx_word' id='word_1_20' title='bbox 3050 485 3177 556; x_wconf 83' lang='lat' dir='ltr'><strong>ejus</strong></span> <span class='ocrx_word' id='word_1_21' title='bbox 3208 484 3353 540; x_wconf 91' lang='lat' dir='ltr'><strong>mihi</strong></span> <span class='ocrx_word' id='word_1_22' title='bbox 3385 501 3579 558; x_wconf 92' lang='lat' dir='ltr'><strong>regem</strong></span> 
     </span>
    </p>
   </div>
   <div class='ocr_carea' id='block_1_5' title="bbox 193 573 1849 646">
    <p class='ocr_par' dir='ltr' id='par_1_5' title="bbox 193 573 1849 646">
     <span class='ocr_line' id='line_1_5' title="bbox 193 573 1849 646; baseline -0.002 -15"><span class='ocrx_word' id='word_1_23' title='bbox 193 592 395 631; x_wconf 84' lang='lat' dir='ltr'><strong>vocem</strong></span> <span class='ocrx_word' id='word_1_24' title='bbox 446 573 685 630; x_wconf 85' lang='lat' dir='ltr'>Domini</span> <span class='ocrx_word' id='word_1_25' title='bbox 738 591 750 628; x_wconf 90' lang='lat'>:</span> <span class='ocrx_word' id='word_1_26' title='bbox 803 575 903 629; x_wconf 91' lang='lat' dir='ltr'><strong>sed</strong></span> <span class='ocrx_word' id='word_1_27' title='bbox 953 590 1159 631; x_wconf 90' lang='lat' dir='ltr'><strong>versus</strong></span> <span class='ocrx_word' id='word_1_28' title='bbox 1208 576 1278 631; x_wconf 94' lang='lat' dir='ltr'><strong>ad</strong></span> <span class='ocrx_word' id='word_1_29' title='bbox 1351 574 1601 646; x_wconf 69' lang='lat' dir='ltr'><strong>praedam</strong></span> <span class='ocrx_word' id='word_1_30' title='bbox 1660 589 1742 639; x_wconf 89' lang='lat' dir='ltr'><strong>es,</strong></span> <span class='ocrx_word' id='word_1_31' title='bbox 1794 575 1849 628; x_wconf 93' lang='lat' dir='ltr'><strong>et</strong></span> 
     </span>
    </p>
   </div>
   <div class='ocr_carea' id='block_1_6' title="bbox 193 660 1847 720">
    <p class='ocr_par' dir='ltr' id='par_1_6' title="bbox 193 660 1847 720">
     <span class='ocr_line' id='line_1_6' title="bbox 193 660 1847 720; baseline -0.002 -1"><span class='ocrx_word' id='word_1_32' title='bbox 193 662 380 720; x_wconf 77' lang='lat' dir='ltr'><strong>fecisti</strong></span> <span class='ocrx_word' id='word_1_33' title='bbox 415 662 636 719; x_wconf 92' lang='lat' dir='ltr'><strong>malum</strong></span> <span class='ocrx_word' id='word_1_34' title='bbox 688 663 748 717; x_wconf 93' lang='lat' dir='ltr'>in</span> <span class='ocrx_word' id='word_1_35' title='bbox 799 662 983 719; x_wconf 88' lang='lat' dir='ltr'><strong>oculis</strong></span> <span class='ocrx_word' id='word_1_36' title='bbox 1030 664 1304 720; x_wconf 86' lang='lat' dir='ltr'><strong>Domini?</strong></span> <span class='ocrx_word' id='word_1_37' title='bbox 1353 664 1421 719; x_wconf 89' lang='lat' dir='ltr'><strong>Et</strong></span> <span class='ocrx_word' id='word_1_38' title='bbox 1465 664 1545 718; x_wconf 88' lang='lat' dir='ltr'><strong>ait</strong></span> <span class='ocrx_word' id='word_1_39' title='bbox 1590 660 1727 717; x_wconf 91' lang='lat' dir='ltr'><strong>Saul</strong></span> <span class='ocrx_word' id='word_1_40' title='bbox 1775 661 1847 716; x_wconf 91' lang='lat' dir='ltr'><strong>ad</strong></span> 
     </span>
    </p>
   </div>
   <div class='ocr_carea' id='block_1_7' title="bbox 193 742 1849 820">
    <p class='ocr_par' dir='ltr' id='par_1_7' title="bbox 193 742 1849 820">
     <span class='ocr_line' id='line_1_7' title="bbox 193 742 1849 820; baseline -0.003 -11"><span class='ocrx_word' id='word_1_41' title='bbox 193 754 527 810; x_wconf 88' lang='lat' dir='ltr'><strong>Samuelem</strong></span> <span class='ocrx_word' id='word_1_42' title='bbox 562 771 575 808; x_wconf 90' lang='lat'><strong>:</strong></span> <span class='ocrx_word' id='word_1_43' title='bbox 609 754 733 808; x_wconf 91' lang='lat' dir='ltr'>Imo</span> <span class='ocrx_word' id='word_1_44' title='bbox 760 753 954 808; x_wconf 83' lang='lat' dir='ltr'>audivi</span> <span class='ocrx_word' id='word_1_45' title='bbox 984 742 1184 809; x_wconf 83' lang='lat' dir='ltr'><strong>vocem</strong></span> <span class='ocrx_word' id='word_1_46' title='bbox 1226 752 1481 820; x_wconf 87' lang='lat' dir='ltr'>Domini,</span> <span class='ocrx_word' id='word_1_47' title='bbox 1533 757 1591 808; x_wconf 89' lang='lat' dir='ltr'><strong>et</strong></span> <span class='ocrx_word' id='word_1_48' title='bbox 1638 752 1849 807; x_wconf 89' lang='lat' dir='ltr'><strong>ambu-</strong></span> 
     </span>
    </p>
   </div>
   <div class='ocr_carea' id='block_1_8' title="bbox 191 842 1851 914">
    <p class='ocr_par' dir='ltr' id='par_1_8' title="bbox 191 842 1851 914">
     <span class='ocr_line' id='line_1_8' title="bbox 191 842 1851 914; baseline -0.003 -16"><span class='ocrx_word' id='word_1_49' title='bbox 191 842 303 898; x_wconf 84' lang='lat' dir='ltr'><strong>lavi</strong></span> <span class='ocrx_word' id='word_1_50' title='bbox 375 842 438 897; x_wconf 93' lang='lat' dir='ltr'>in</span> <span class='ocrx_word' id='word_1_51' title='bbox 506 843 601 897; x_wconf 87' lang='lat' dir='ltr'><strong>via</strong></span> <span class='ocrx_word' id='word_1_52' title='bbox 677 858 780 914; x_wconf 90' lang='lat' dir='ltr'><strong>per</strong></span> <span class='ocrx_word' id='word_1_53' title='bbox 827 859 1003 913; x_wconf 90' lang='lat' dir='ltr'><strong>quam</strong></span> <span class='ocrx_word' id='word_1_54' title='bbox 1058 842 1219 898; x_wconf 86' lang='lat' dir='ltr'><strong>misit</strong></span> <span class='ocrx_word' id='word_1_55' title='bbox 1289 858 1382 897; x_wconf 91' lang='lat' dir='ltr'><strong>me</strong></span> <span class='ocrx_word' id='word_1_56' title='bbox 1431 842 1743 908; x_wconf 88' lang='lat' dir='ltr'>Dominus,</span> <span class='ocrx_word' id='word_1_57' title='bbox 1793 842 1851 894; x_wconf 88' lang='lat' dir='ltr'><strong>et</strong></span> 
     </span>
    </p>
   </div>
   <div class='ocr_carea' id='block_1_9' title="bbox 196 929 1845 1003">
    <p class='ocr_par' dir='ltr' id='par_1_9' title="bbox 196 929 1845 1003">
     <span class='ocr_line' id='line_1_9' title="bbox 196 929 1845 1003; baseline -0.002 -16"><span class='ocrx_word' id='word_1_58' title='bbox 196 930 415 987; x_wconf 84' lang='lat' dir='ltr'><strong>adduxi</strong></span> <span class='ocrx_word' id='word_1_59' title='bbox 447 936 605 1003; x_wconf 78' lang='lat' dir='ltr'><strong>Agag</strong></span> <span class='ocrx_word' id='word_1_60' title='bbox 634 947 828 1003; x_wconf 81' lang='lat' dir='ltr'><strong>regem</strong></span> <span class='ocrx_word' id='word_1_61' title='bbox 861 930 1119 999; x_wconf 83' lang='lat' dir='ltr'><strong>Amalec,</strong></span> <span class='ocrx_word' id='word_1_62' title='bbox 1171 934 1229 987; x_wconf 88' lang='lat' dir='ltr'><strong>et</strong></span> <span class='ocrx_word' id='word_1_63' title='bbox 1276 930 1514 987; x_wconf 84' lang='lat' dir='ltr'><strong>Amalec</strong></span> <span class='ocrx_word' id='word_1_64' title='bbox 1561 929 1845 986; x_wconf 81' lang='lat' dir='ltr'><strong>interfeci.</strong></span> 
     </span>
    </p>
   </div>
   <div class='ocr_carea' id='block_1_10' title="bbox 194 1019 1845 1092">
    <p class='ocr_par' dir='ltr' id='par_1_10' title="bbox 194 1019 1845 1092">
     <span class='ocr_line' id='line_1_10' title="bbox 194 1019 1845 1092; baseline -0.001 -16"><span class='ocrx_word' id='word_1_65' title='bbox 194 1019 355 1077; x_wconf 86' lang='lat' dir='ltr'><strong>Tulit</strong></span> <span class='ocrx_word' id='word_1_66' title='bbox 424 1025 621 1075; x_wconf 88' lang='lat' dir='ltr'><strong>autem</strong></span> <span class='ocrx_word' id='word_1_67' title='bbox 693 1019 945 1091; x_wconf 92' lang='lat' dir='ltr'><strong>populus</strong></span> <span class='ocrx_word' id='word_1_68' title='bbox 994 1021 1065 1076; x_wconf 90' lang='lat' dir='ltr'><strong>de</strong></span> <span class='ocrx_word' id='word_1_69' title='bbox 1116 1021 1307 1092; x_wconf 65' lang='lat' dir='ltr'><strong>prada</strong></span> <span class='ocrx_word' id='word_1_70' title='bbox 1356 1037 1493 1076; x_wconf 90' lang='lat' dir='ltr'><strong>oves</strong></span> <span class='ocrx_word' id='word_1_71' title='bbox 1540 1025 1599 1075; x_wconf 90' lang='lat' dir='ltr'><strong>et</strong></span> <span class='ocrx_word' id='word_1_72' title='bbox 1651 1019 1845 1084; x_wconf 84' lang='lat' dir='ltr'><strong>boves,</strong></span> 
     </span>
    </p>
   </div>
   <div class='ocr_carea' id='block_1_11' title="bbox 197 1108 1849 1183">
    <p class='ocr_par' dir='ltr' id='par_1_11' title="bbox 197 1108 1849 1183">
     <span class='ocr_line' id='line_1_11' title="bbox 197 1108 1849 1183; baseline -0.001 -18"><span class='ocrx_word' id='word_1_73' title='bbox 197 1109 463 1183; x_wconf 88' lang='lat' dir='ltr'><strong>pimitias</strong></span> <span class='ocrx_word' id='word_1_74' title='bbox 529 1125 733 1164; x_wconf 90' lang='lat' dir='ltr'><strong>eorum</strong></span> <span class='ocrx_word' id='word_1_75' title='bbox 800 1126 927 1180; x_wconf 67' lang='lat' dir='ltr'><strong>quae</strong></span> <span class='ocrx_word' id='word_1_76' title='bbox 997 1127 1146 1165; x_wconf 67' lang='lat' dir='ltr'><strong>caesa</strong></span> <span class='ocrx_word' id='word_1_77' title='bbox 1222 1117 1380 1179; x_wconf 83' lang='lat' dir='ltr'><strong>sunt,</strong></span> <span class='ocrx_word' id='word_1_78' title='bbox 1450 1115 1513 1164; x_wconf 91' lang='lat' dir='ltr'><strong>ut</strong></span> <span class='ocrx_word' id='word_1_79' title='bbox 1586 1108 1849 1165; x_wconf 86' lang='lat' dir='ltr'><strong>immolet</strong></span> 
     </span>
    </p>
   </div>
   <div class='ocr_carea' id='block_1_12' title="bbox 197 1198 1848 1271">
    <p class='ocr_par' dir='ltr' id='par_1_12' title="bbox 197 1198 1848 1271">
     <span class='ocr_line' id='line_1_12' title="bbox 197 1198 1848 1271; baseline -0.002 -16"><span class='ocrx_word' id='word_1_80' title='bbox 197 1198 448 1255; x_wconf 89' lang='lat' dir='ltr'>Domino</span> <span class='ocrx_word' id='word_1_81' title='bbox 480 1204 594 1253; x_wconf 91' lang='lat' dir='ltr'><strong>Deo</strong></span> <span class='ocrx_word' id='word_1_82' title='bbox 626 1205 725 1253; x_wconf 90' lang='lat' dir='ltr'><strong>tuo</strong></span> <span class='ocrx_word' id='word_1_83' title='bbox 777 1199 793 1233; x_wconf 88' lang='grc'>¹</span> <span class='ocrx_word' id='word_1_84' title='bbox 846 1199 902 1254; x_wconf 92' lang='lat' dir='ltr'><strong>in</strong></span> <span class='ocrx_word' id='word_1_85' title='bbox 951 1198 1227 1269; x_wconf 88' lang='lat' dir='ltr'><strong>Galgalis.</strong></span> <span class='ocrx_word' id='word_1_86' title='bbox 1281 1199 1365 1271; x_wconf 92' lang='lat' dir='ltr'><strong>[T.</strong></span> <span class='ocrx_word' id='word_1_87' title='bbox 1418 1198 1729 1270; x_wconf 59' lang='lat' dir='ltr'><strong>XXXVII]</strong></span> <span class='ocrx_word' id='word_1_88' title='bbox 1780 1202 1848 1253; x_wconf 87' lang='lat' dir='ltr'><strong>Et</strong></span> 
     </span>
    </p>
   </div>
   <div class='ocr_carea' id='block_1_13' title="bbox 196 1287 1848 1359">
    <p class='ocr_par' dir='ltr' id='par_1_13' title="bbox 196 1287 1848 1359">
     <span class='ocr_line' id='line_1_13' title="bbox 196 1287 1848 1359; baseline -0.001 -14"><span class='ocrx_word' id='word_1_89' title='bbox 196 1289 275 1345; x_wconf 80' lang='lat' dir='ltr'><strong>ait</strong></span> <span class='ocrx_word' id='word_1_90' title='bbox 304 1287 547 1345; x_wconf 86' lang='lat' dir='ltr'><strong>Samuel</strong></span> <span class='ocrx_word' id='word_1_91' title='bbox 594 1304 608 1343; x_wconf 87' lang='lat'><strong>:</strong></span> <span class='ocrx_word' id='word_1_92' title='bbox 659 1288 958 1359; x_wconf 87' lang='lat' dir='ltr'>Numquid</span> <span class='ocrx_word' id='word_1_93' title='bbox 1007 1288 1129 1342; x_wconf 84' lang='lat' dir='ltr'><strong>vult</strong></span> <span class='ocrx_word' id='word_1_94' title='bbox 1178 1289 1461 1343; x_wconf 85' lang='lat' dir='ltr'>Dominus</span> <span class='ocrx_word' id='word_1_95' title='bbox 1505 1287 1848 1345; x_wconf 90' lang='lat' dir='ltr'><strong>holocausta</strong></span> 
     </span>
    </p>
   </div>
   <div class='ocr_carea' id='block_1_14' title="bbox 196 1376 1847 1448">
    <p class='ocr_par' dir='ltr' id='par_1_14' title="bbox 196 1376 1847 1448">
     <span class='ocr_line' id='line_1_14' title="bbox 196 1376 1847 1448; baseline 0.001 -15"><span class='ocrx_word' id='word_1_96' title='bbox 196 1382 297 1434; x_wconf 88' lang='lat' dir='ltr'><strong>ant</strong></span> <span class='ocrx_word' id='word_1_97' title='bbox 342 1376 632 1440; x_wconf 82' lang='lat' dir='ltr'><strong>victimas.</strong></span> <span class='ocrx_word' id='word_1_98' title='bbox 683 1381 740 1432; x_wconf 91' lang='lat' dir='ltr'><strong>et</strong></span> <span class='ocrx_word' id='word_1_99' title='bbox 789 1393 903 1432; x_wconf 91' lang='lat' dir='ltr'><strong>non</strong></span> <span class='ocrx_word' id='word_1_100' title='bbox 955 1377 1148 1448; x_wconf 87' lang='lat' dir='ltr'>potius</span> <span class='ocrx_word' id='word_1_101' title='bbox 1219 1381 1283 1431; x_wconf 88' lang='lat' dir='ltr'><strong>ut</strong></span> <span class='ocrx_word' id='word_1_102' title='bbox 1346 1377 1653 1433; x_wconf 91' lang='lat' dir='ltr'><strong>obediatur</strong></span> <span class='ocrx_word' id='word_1_103' title='bbox 1720 1378 1847 1434; x_wconf 89' lang='lat' dir='ltr'>voci</span> 
     </span>
    </p>
   </div>
   <div class='ocr_carea' id='block_1_15' title="bbox 200 1465 1843 1537">
    <p class='ocr_par' dir='ltr' id='par_1_15' title="bbox 200 1465 1843 1537">
     <span class='ocr_line' id='line_1_15' title="bbox 200 1465 1843 1537; baseline -0.001 -15"><span class='ocrx_word' id='word_1_104' title='bbox 200 1465 475 1522; x_wconf 86' lang='lat' dir='ltr'>Domini?</span> <span class='ocrx_word' id='word_1_105' title='bbox 503 1465 704 1521; x_wconf 82' lang='lat' dir='ltr'><strong>Melior</strong></span> <span class='ocrx_word' id='word_1_106' title='bbox 722 1470 811 1521; x_wconf 90' lang='lat' dir='ltr'><strong>est</strong></span> <span class='ocrx_word' id='word_1_107' title='bbox 835 1466 992 1521; x_wconf 88' lang='lat' dir='ltr'><strong>enim</strong></span> <span class='ocrx_word' id='word_1_108' title='bbox 1015 1465 1347 1521; x_wconf 90' lang='lat' dir='ltr'><strong>obedientia</strong></span> <span class='ocrx_word' id='word_1_109' title='bbox 1369 1483 1547 1537; x_wconf 92' lang='lat' dir='ltr'><strong>quam</strong></span> <span class='ocrx_word' id='word_1_110' title='bbox 1576 1466 1843 1535; x_wconf 73' lang='lat' dir='ltr'><strong>victimae,</strong></span> 
     </span>
    </p>
   </div>
   <div class='ocr_carea' id='block_1_16' title="bbox 204 1554 1844 1627">
    <p class='ocr_par' dir='ltr' id='par_1_16' title="bbox 204 1554 1844 1627">
     <span class='ocr_line' id='line_1_16' title="bbox 204 1554 1844 1627; baseline -0.001 -16"><span class='ocrx_word' id='word_1_111' title='bbox 204 1560 262 1611; x_wconf 88' lang='lat' dir='ltr'><strong>et</strong></span> <span class='ocrx_word' id='word_1_112' title='bbox 286 1555 629 1611; x_wconf 87' lang='lat' dir='ltr'><strong>auscultare</strong></span> <span class='ocrx_word' id='word_1_113' title='bbox 660 1554 846 1627; x_wconf 89' lang='lat' dir='ltr'><strong>magis</strong></span> <span class='ocrx_word' id='word_1_114' title='bbox 877 1571 1053 1626; x_wconf 91' lang='lat' dir='ltr'><strong>quam</strong></span> <span class='ocrx_word' id='word_1_115' title='bbox 1086 1554 1291 1610; x_wconf 80' lang='lat' dir='ltr'><strong>oﬁ&#39;erre</strong></span> <span class='ocrx_word' id='word_1_116' title='bbox 1322 1556 1554 1627; x_wconf 90' lang='lat' dir='ltr'><strong>adipem</strong></span> <span class='ocrx_word' id='word_1_117' title='bbox 1578 1555 1844 1611; x_wconf 89' lang='lat' dir='ltr'><strong>arietum.</strong></span> 
     </span>
    </p>
   </div>
   <div class='ocr_carea' id='block_1_17' title="bbox 195 1643 1843 1717">
    <p class='ocr_par' dir='ltr' id='par_1_17' title="bbox 195 1643 1843 1717">
     <span class='ocr_line' id='line_1_17' title="bbox 195 1643 1843 1717; baseline 0 -17"><span class='ocrx_word' id='word_1_118' title='bbox 195 1644 483 1710; x_wconf 84' lang='lat' dir='ltr'>Quoniam</span> <span class='ocrx_word' id='word_1_119' title='bbox 507 1643 676 1716; x_wconf 90' lang='lat' dir='ltr'><strong>quasi</strong></span> <span class='ocrx_word' id='word_1_120' title='bbox 702 1648 1005 1715; x_wconf 91' lang='lat' dir='ltr'><strong>peccatum</strong></span> <span class='ocrx_word' id='word_1_121' title='bbox 1028 1643 1357 1700; x_wconf 88' lang='lat' dir='ltr'><strong>hariolandi</strong></span> <span class='ocrx_word' id='word_1_122' title='bbox 1378 1649 1843 1717; x_wconf 88' lang='lat' dir='ltr'><strong>est,repugnarc:</strong></span> 
     </span>
    </p>
   </div>
   <div class='ocr_carea' id='block_1_18' title="bbox 196 1732 1842 1807">
    <p class='ocr_par' dir='ltr' id='par_1_18' title="bbox 196 1732 1842 1807">
     <span class='ocr_line' id='line_1_18' title="bbox 196 1732 1842 1807; baseline 0 -18"><span class='ocrx_word' id='word_1_123' title='bbox 196 1734 367 1807; x_wconf 88' lang='lat' dir='ltr'><strong>quasi</strong></span> <span class='ocrx_word' id='word_1_124' title='bbox 402 1732 598 1789; x_wconf 88' lang='lat' dir='ltr'><strong>scelus</strong></span> <span class='ocrx_word' id='word_1_125' title='bbox 627 1732 993 1799; x_wconf 78' lang='lat' dir='ltr'><strong>idololatrias,</strong></span> <span class='ocrx_word' id='word_1_126' title='bbox 1026 1733 1180 1789; x_wconf 88' lang='lat' dir='ltr'><strong>nolle</strong></span> <span class='ocrx_word' id='word_1_127' title='bbox 1211 1734 1601 1805; x_wconf 86' lang='lat' dir='ltr'><strong>acquiescere.</strong></span> <span class='ocrx_word' id='word_1_128' title='bbox 1636 1739 1744 1789; x_wconf 91' lang='lat' dir='ltr'><strong>Pro</strong></span> <span class='ocrx_word' id='word_1_129' title='bbox 1777 1750 1842 1789; x_wconf 91' lang='lat' dir='ltr'><strong>eo</strong></span> 
     </span>
    </p>
   </div>
   <div class='ocr_carea' id='block_1_19' title="bbox 1958 573 3603 639">
    <p class='ocr_par' dir='ltr' id='par_1_19' title="bbox 1958 573 3603 639">
     <span class='ocr_line' id='line_1_19' title="bbox 1958 573 3603 639; baseline 0.002 -12"><span class='ocrx_word' id='word_1_130' title='bbox 1958 573 2029 627; x_wconf 87' lang='lat' dir='ltr'><strong>Et</strong></span> <span class='ocrx_word' id='word_1_131' title='bbox 2077 573 2159 629; x_wconf 88' lang='lat' dir='ltr'><strong>ait</strong></span> <span class='ocrx_word' id='word_1_132' title='bbox 2204 573 2434 629; x_wconf 77' lang='lat' dir='ltr'><strong>Samuel</strong></span> <span class='ocrx_word' id='word_1_133' title='bbox 2485 591 2497 629; x_wconf 91' lang='lat'>:</span> <span class='ocrx_word' id='word_1_134' title='bbox 2545 574 2842 639; x_wconf 87' lang='lat' dir='ltr'><strong>Quomodo</strong></span> <span class='ocrx_word' id='word_1_135' title='bbox 2898 574 3150 630; x_wconf 79' lang='lat' dir='ltr'><strong>vadem?</strong></span> <span class='ocrx_word' id='word_1_136' title='bbox 3200 576 3399 630; x_wconf 87' lang='lat' dir='ltr'><strong>audiet</strong></span> <span class='ocrx_word' id='word_1_137' title='bbox 3445 576 3603 631; x_wconf 90' lang='lat' dir='ltr'><strong>enim</strong></span> 
     </span>
    </p>
   </div>
   <div class='ocr_carea' id='block_1_20' title="bbox 1957 661 3600 731">
    <p class='ocr_par' dir='ltr' id='par_1_20' title="bbox 1957 661 3600 731">
     <span class='ocr_line' id='line_1_20' title="bbox 1957 661 3600 731; baseline 0.002 -14"><span class='ocrx_word' id='word_1_138' title='bbox 1957 661 2118 731; x_wconf 88' lang='lat' dir='ltr'><strong>Saul,</strong></span> <span class='ocrx_word' id='word_1_139' title='bbox 2153 667 2209 718; x_wconf 91' lang='lat' dir='ltr'><strong>et</strong></span> <span class='ocrx_word' id='word_1_140' title='bbox 2242 662 2550 719; x_wconf 86' lang='lat' dir='ltr'><strong>interﬁciet</strong></span> <span class='ocrx_word' id='word_1_141' title='bbox 2582 680 2692 720; x_wconf 88' lang='lat' dir='ltr'><strong>me.</strong></span> <span class='ocrx_word' id='word_1_142' title='bbox 2727 668 2793 720; x_wconf 86' lang='lat' dir='ltr'><strong>Et</strong></span> <span class='ocrx_word' id='word_1_143' title='bbox 2824 665 2904 719; x_wconf 92' lang='lat' dir='ltr'><strong>ait</strong></span> <span class='ocrx_word' id='word_1_144' title='bbox 2936 664 3221 719; x_wconf 90' lang='lat' dir='ltr'>Dominus</span> <span class='ocrx_word' id='word_1_145' title='bbox 3274 681 3287 719; x_wconf 91' lang='lat'><strong>:</strong></span> <span class='ocrx_word' id='word_1_146' title='bbox 3340 663 3600 720; x_wconf 88' lang='lat' dir='ltr'><strong>Vitulum</strong></span> 
     </span>
    </p>
   </div>
   <div class='ocr_carea' id='block_1_21' title="bbox 1954 750 3602 823">
    <p class='ocr_par' dir='ltr' id='par_1_21' title="bbox 1954 750 3602 823">
     <span class='ocr_line' id='line_1_21' title="bbox 1954 750 3602 823; baseline 0.002 -18"><span class='ocrx_word' id='word_1_147' title='bbox 1954 750 2041 823; x_wconf 91' lang='lat' dir='ltr'><strong>]h.</strong></span> <span class='ocrx_word' id='word_1_148' title='bbox 2075 750 2335 823; x_wconf 79' lang='lat' dir='ltr'><strong>vitulam]</strong></span> <span class='ocrx_word' id='word_1_149' title='bbox 2388 753 2459 807; x_wconf 90' lang='lat' dir='ltr'><strong>de</strong></span> <span class='ocrx_word' id='word_1_150' title='bbox 2508 759 2770 809; x_wconf 89' lang='lat' dir='ltr'><strong>armento</strong></span> <span class='ocrx_word' id='word_1_151' title='bbox 2825 753 2993 809; x_wconf 90' lang='lat' dir='ltr'><strong>tolles</strong></span> <span class='ocrx_word' id='word_1_152' title='bbox 3038 754 3097 809; x_wconf 91' lang='lat' dir='ltr'><strong>in</strong></span> <span class='ocrx_word' id='word_1_153' title='bbox 3148 770 3323 810; x_wconf 91' lang='lat' dir='ltr'><strong>manu</strong></span> <span class='ocrx_word' id='word_1_154' title='bbox 3376 760 3494 820; x_wconf 85' lang='lat' dir='ltr'><strong>tua,</strong></span> <span class='ocrx_word' id='word_1_155' title='bbox 3546 760 3602 809; x_wconf 86' lang='lat' dir='ltr'><strong>et</strong></span> 
     </span>
    </p>
   </div>
   <div class='ocr_carea' id='block_1_22' title="bbox 1957 840 3601 899">
    <p class='ocr_par' dir='ltr' id='par_1_22' title="bbox 1957 840 3601 899">
     <span class='ocr_line' id='line_1_22' title="bbox 1957 840 3601 899; baseline 0.002 -4"><span class='ocrx_word' id='word_1_156' title='bbox 1957 840 2118 896; x_wconf 90' lang='lat' dir='ltr'><strong>dices</strong></span> <span class='ocrx_word' id='word_1_157' title='bbox 2153 858 2164 896; x_wconf 91' lang='lat'>:</span> <span class='ocrx_word' id='word_1_158' title='bbox 2200 842 2271 896; x_wconf 92' lang='lat' dir='ltr'><strong>ad</strong></span> <span class='ocrx_word' id='word_1_159' title='bbox 2307 840 2733 897; x_wconf 89' lang='lat' dir='ltr'><strong>immolandum</strong></span> <span class='ocrx_word' id='word_1_160' title='bbox 2766 842 3011 898; x_wconf 91' lang='lat' dir='ltr'><strong>Domino</strong></span> <span class='ocrx_word' id='word_1_161' title='bbox 3044 843 3195 899; x_wconf 88' lang='lat' dir='ltr'><strong>veni.</strong></span> <span class='ocrx_word' id='word_1_162' title='bbox 3249 844 3319 898; x_wconf 90' lang='lat' dir='ltr'><strong>Et</strong></span> <span class='ocrx_word' id='word_1_163' title='bbox 3367 844 3601 899; x_wconf 89' lang='lat' dir='ltr'><strong>vocabis</strong></span> 
     </span>
    </p>
   </div>
   <div class='ocr_carea' id='block_1_23' title="bbox 1956 929 3598 1003">
    <p class='ocr_par' dir='ltr' id='par_1_23' title="bbox 1956 929 3598 1003">
     <span class='ocr_line' id='line_1_23' title="bbox 1956 929 3598 1003; baseline 0 -18"><span class='ocrx_word' id='word_1_164' title='bbox 1956 929 2068 985; x_wconf 89' lang='lat' dir='ltr'><strong>Isai</strong></span> <span class='ocrx_word' id='word_1_165' title='bbox 2124 930 2195 985; x_wconf 91' lang='lat' dir='ltr'><strong>ad</strong></span> <span class='ocrx_word' id='word_1_166' title='bbox 2258 929 2579 998; x_wconf 78' lang='lat' dir='ltr'><strong>victimanz,</strong></span> <span class='ocrx_word' id='word_1_167' title='bbox 2632 937 2689 986; x_wconf 91' lang='lat' dir='ltr'><strong>et</strong></span> <span class='ocrx_word' id='word_1_168' title='bbox 2737 947 2842 1001; x_wconf 85' lang='lat' dir='ltr'><strong>ego</strong></span> <span class='ocrx_word' id='word_1_169' title='bbox 2911 932 3215 986; x_wconf 82' lang='lat' dir='ltr'><strong>ostendam</strong></span> <span class='ocrx_word' id='word_1_170' title='bbox 3284 931 3387 986; x_wconf 90' lang='lat' dir='ltr'><strong>tibi</strong></span> <span class='ocrx_word' id='word_1_171' title='bbox 3458 932 3598 1003; x_wconf 93' lang='lat' dir='ltr'><strong>quid</strong></span> 
     </span>
    </p>
   </div>
   <div class='ocr_carea' id='block_1_24' title="bbox 1958 1018 3596 1091">
    <p class='ocr_par' dir='ltr' id='par_1_24' title="bbox 1958 1018 3596 1091">
     <span class='ocr_line' id='line_1_24' title="bbox 1958 1018 3596 1091; baseline 0.001 -19"><span class='ocrx_word' id='word_1_172' title='bbox 1958 1018 2157 1087; x_wconf 83' lang='lat' dir='ltr'><strong>facias,</strong></span> <span class='ocrx_word' id='word_1_173' title='bbox 2208 1025 2264 1075; x_wconf 91' lang='lat' dir='ltr'><strong>et</strong></span> <span class='ocrx_word' id='word_1_174' title='bbox 2321 1035 2507 1091; x_wconf 89' lang='lat' dir='ltr'><strong>unges</strong></span> <span class='ocrx_word' id='word_1_175' title='bbox 2573 1035 2985 1091; x_wconf 89' lang='lat' dir='ltr'><strong>quemcunque</strong></span> <span class='ocrx_word' id='word_1_176' title='bbox 3051 1024 3448 1075; x_wconf 88' lang='lat' dir='ltr'><strong>monstravero</strong></span> <span class='ocrx_word' id='word_1_177' title='bbox 3514 1021 3596 1091; x_wconf 86' lang='lat' dir='ltr'><strong>[h.</strong></span> 
     </span>
    </p>
   </div>
   <div class='ocr_carea' id='block_1_25' title="bbox 1956 1108 3601 1180">
    <p class='ocr_par' dir='ltr' id='par_1_25' title="bbox 1956 1108 3601 1180">
     <span class='ocr_line' id='line_1_25' title="bbox 1956 1108 3601 1180; baseline 0.002 -18"><span class='ocrx_word' id='word_1_178' title='bbox 1956 1108 2175 1179; x_wconf 87' lang='lat' dir='ltr'><strong>dixero]</strong></span> <span class='ocrx_word' id='word_1_179' title='bbox 2207 1108 2334 1164; x_wconf 83' lang='lat' dir='ltr'><strong>tibi.</strong></span> <span class='ocrx_word' id='word_1_180' title='bbox 2369 1109 2523 1165; x_wconf 84' lang='lat' dir='ltr'><strong>Fecit</strong></span> <span class='ocrx_word' id='word_1_181' title='bbox 2556 1125 2692 1180; x_wconf 90' lang='lat' dir='ltr'><strong>ergo</strong></span> <span class='ocrx_word' id='word_1_182' title='bbox 2723 1108 2980 1179; x_wconf 84' lang='lat' dir='ltr'><strong>Samuel,</strong></span> <span class='ocrx_word' id='word_1_183' title='bbox 3030 1108 3184 1164; x_wconf 90' lang='lat' dir='ltr'><strong>sicut</strong></span> <span class='ocrx_word' id='word_1_184' title='bbox 3231 1108 3463 1165; x_wconf 88' lang='lat' dir='ltr'><strong>locutus</strong></span> <span class='ocrx_word' id='word_1_185' title='bbox 3510 1113 3601 1165; x_wconf 89' lang='lat' dir='ltr'><strong>est</strong></span> 
     </span>
    </p>
   </div>
   <div class='ocr_carea' id='block_1_26' title="bbox 1954 1198 3599 1270">
    <p class='ocr_par' dir='ltr' id='par_1_26' title="bbox 1954 1198 3599 1270">
     <span class='ocr_line' id='line_1_26' title="bbox 1954 1198 3599 1270; baseline 0.001 -17"><span class='ocrx_word' id='word_1_186' title='bbox 1954 1200 2007 1253; x_wconf 80' lang='lat' dir='ltr'><strong>ei</strong></span> <span class='ocrx_word' id='word_1_187' title='bbox 2037 1204 2057 1236; x_wconf 85' lang='grc'>³</span> <span class='ocrx_word' id='word_1_188' title='bbox 2088 1198 2293 1269; x_wconf 90' lang='lat' dir='ltr'><strong>[h.non</strong></span> <span class='ocrx_word' id='word_1_189' title='bbox 2327 1198 2523 1270; x_wconf 84' lang='lat' dir='ltr'><strong>habet]</strong></span> <span class='ocrx_word' id='word_1_190' title='bbox 2554 1198 3159 1269; x_wconf 89' lang='lat' dir='ltr'><strong>Dominus.Venitque</strong></span> <span class='ocrx_word' id='word_1_191' title='bbox 3189 1198 3246 1253; x_wconf 93' lang='lat' dir='ltr'><strong>in</strong></span> <span class='ocrx_word' id='word_1_192' title='bbox 3280 1199 3599 1270; x_wconf 88' lang='lat' dir='ltr'><strong>Bethleem,</strong></span> 
     </span>
    </p>
   </div>
   <div class='ocr_carea' id='block_1_27' title="bbox 1954 1287 3597 1361">
    <p class='ocr_par' dir='ltr' id='par_1_27' title="bbox 1954 1287 3597 1361">
     <span class='ocr_line' id='line_1_27' title="bbox 1954 1287 3597 1361; baseline 0.001 -19"><span class='ocrx_word' id='word_1_193' title='bbox 1954 1290 2012 1342; x_wconf 88' lang='lat' dir='ltr'><strong>et</strong></span> <span class='ocrx_word' id='word_1_194' title='bbox 2041 1287 2306 1343; x_wconf 85' lang='lat' dir='ltr'><strong>admirati</strong></span> <span class='ocrx_word' id='word_1_195' title='bbox 2340 1293 2480 1343; x_wconf 89' lang='lat' dir='ltr'><strong>sunt</strong></span> <span class='ocrx_word' id='word_1_196' title='bbox 2507 1289 2588 1361; x_wconf 92' lang='lat' dir='ltr'><strong>[h.</strong></span> <span class='ocrx_word' id='word_1_197' title='bbox 2620 1293 2985 1359; x_wconf 73' lang='lat' dir='ltr'><strong>expaverunl]</strong></span> <span class='ocrx_word' id='word_1_198' title='bbox 3016 1288 3277 1343; x_wconf 89' lang='lat' dir='ltr'><strong>seniores</strong></span> <span class='ocrx_word' id='word_1_199' title='bbox 3326 1287 3597 1355; x_wconf 83' lang='lat' dir='ltr'><strong>civitatis,</strong></span> 
     </span>
    </p>
   </div>
   <div class='ocr_carea' id='block_1_28' title="bbox 1955 1376 3599 1449">
    <p class='ocr_par' dir='ltr' id='par_1_28' title="bbox 1955 1376 3599 1449">
     <span class='ocr_line' id='line_1_28' title="bbox 1955 1376 3599 1449; baseline 0.002 -19"><span class='ocrx_word' id='word_1_200' title='bbox 1955 1380 2327 1431; x_wconf 89' lang='lat' dir='ltr'><strong>occurrentes</strong></span> <span class='ocrx_word' id='word_1_201' title='bbox 2357 1376 2431 1442; x_wconf 90' lang='lat' dir='ltr'><strong>ei,</strong></span> <span class='ocrx_word' id='word_1_202' title='bbox 2455 1377 2845 1449; x_wconf 84' lang='lat' dir='ltr'><strong>dixeruntque</strong></span> <span class='ocrx_word' id='word_1_203' title='bbox 2871 1396 2883 1433; x_wconf 88' lang='lat'><strong>:</strong></span> <span class='ocrx_word' id='word_1_204' title='bbox 2905 1377 3269 1433; x_wconf 88' lang='lat' dir='ltr'><strong>Paciﬁcusne</strong></span> <span class='ocrx_word' id='word_1_205' title='bbox 3300 1377 3599 1447; x_wconf 85' lang='lat' dir='ltr'><strong>ingressus</strong></span> 
     </span>
    </p>
   </div>
   <div class='ocr_carea' id='block_1_29' title="bbox 1954 1464 3601 1534">
    <p class='ocr_par' dir='ltr' id='par_1_29' title="bbox 1954 1464 3601 1534">
     <span class='ocr_line' id='line_1_29' title="bbox 1954 1464 3601 1534; baseline 0.002 -16"><span class='ocrx_word' id='word_1_206' title='bbox 1954 1464 2137 1520; x_wconf 83' lang='lat' dir='ltr'><strong>tuus?</strong></span> <span class='ocrx_word' id='word_1_207' title='bbox 2166 1470 2238 1521; x_wconf 81' lang='lat' dir='ltr'><strong>Et</strong></span> <span class='ocrx_word' id='word_1_208' title='bbox 2267 1465 2349 1520; x_wconf 87' lang='lat' dir='ltr'><strong>ait</strong></span> <span class='ocrx_word' id='word_1_209' title='bbox 2378 1482 2391 1520; x_wconf 93' lang='lat'><strong>:</strong></span> <span class='ocrx_word' id='word_1_210' title='bbox 2428 1465 2728 1534; x_wconf 86' lang='lat' dir='ltr'><strong>Paciﬁcus,</strong></span> <span class='ocrx_word' id='word_1_211' title='bbox 2761 1466 2833 1521; x_wconf 89' lang='lat' dir='ltr'><strong>ad</strong></span> <span class='ocrx_word' id='word_1_212' title='bbox 2866 1465 3297 1521; x_wconf 87' lang='lat' dir='ltr'><strong>immolandum</strong></span> <span class='ocrx_word' id='word_1_213' title='bbox 3352 1466 3601 1522; x_wconf 91' lang='lat' dir='ltr'>Domino</span> 
     </span>
    </p>
   </div>
   <div class='ocr_carea' id='block_1_30' title="bbox 1953 1553 3600 1623">
    <p class='ocr_par' dir='ltr' id='par_1_30' title="bbox 1953 1553 3600 1623">
     <span class='ocr_line' id='line_1_30' title="bbox 1953 1553 3600 1623; baseline 0.001 -15"><span class='ocrx_word' id='word_1_214' title='bbox 1953 1553 2120 1609; x_wconf 88' lang='lat' dir='ltr'><strong>veni:</strong></span> <span class='ocrx_word' id='word_1_215' title='bbox 2147 1554 2621 1623; x_wconf 89' lang='lat' dir='ltr'><strong>sanctiﬁcamini,</strong></span> <span class='ocrx_word' id='word_1_216' title='bbox 2646 1560 2703 1611; x_wconf 91' lang='lat' dir='ltr'><strong>et</strong></span> <span class='ocrx_word' id='word_1_217' title='bbox 2722 1556 2911 1611; x_wconf 90' lang='lat' dir='ltr'><strong>venite</strong></span> <span class='ocrx_word' id='word_1_218' title='bbox 2934 1571 3163 1611; x_wconf 89' lang='lat' dir='ltr'><strong>mecum</strong></span> <span class='ocrx_word' id='word_1_219' title='bbox 3191 1561 3254 1611; x_wconf 93' lang='lat' dir='ltr'><strong>ut</strong></span> <span class='ocrx_word' id='word_1_220' title='bbox 3278 1555 3600 1611; x_wconf 90' lang='lat' dir='ltr'><strong>immolem.</strong></span> 
     </span>
    </p>
   </div>
   <div class='ocr_carea' id='block_1_31' title="bbox 1952 1634 3601 1716">
    <p class='ocr_par' dir='ltr' id='par_1_31' title="bbox 1952 1634 3601 1716">
     <span class='ocr_line' id='line_1_31' title="bbox 1952 1634 3601 1716; baseline 0.002 -18"><span class='ocrx_word' id='word_1_221' title='bbox 1952 1642 2351 1698; x_wconf 87' lang='lat' dir='ltr'><strong>Sanctiﬁcavit</strong></span> <span class='ocrx_word' id='word_1_222' title='bbox 2383 1660 2519 1715; x_wconf 92' lang='lat' dir='ltr'><strong>ergo</strong></span> <span class='ocrx_word' id='word_1_223' title='bbox 2552 1645 2663 1700; x_wconf 84' lang='lat' dir='ltr'><strong>Isai</strong></span> <span class='ocrx_word' id='word_1_224' title='bbox 2696 1649 2751 1700; x_wconf 83' lang='lat' dir='ltr'><strong>et</strong></span> <span class='ocrx_word' id='word_1_225' title='bbox 2782 1644 2935 1701; x_wconf 90' lang='lat' dir='ltr'><strong>ﬁlios</strong></span> <span class='ocrx_word' id='word_1_226' title='bbox 2965 1634 3111 1716; x_wconf 84' lang='lat' dir='ltr'><strong>ejus,</strong></span> <span class='ocrx_word' id='word_1_227' title='bbox 3144 1650 3201 1701; x_wconf 90' lang='lat' dir='ltr'><strong>et</strong></span> <span class='ocrx_word' id='word_1_228' title='bbox 3234 1646 3454 1701; x_wconf 78' lang='lat' dir='ltr'><strong>vocavit</strong></span> <span class='ocrx_word' id='word_1_229' title='bbox 3502 1662 3601 1701; x_wconf 89' lang='lat' dir='ltr'><strong>eos</strong></span> 
     </span>
    </p>
   </div>
   <div class='ocr_carea' id='block_1_32' title="bbox 1955 1731 3600 1808">
    <p class='ocr_par' dir='ltr' id='par_1_32' title="bbox 1955 1731 3600 1808">
     <span class='ocr_line' id='line_1_32' title="bbox 1955 1731 3600 1808; baseline 0.001 -21"><span class='ocrx_word' id='word_1_230' title='bbox 1955 1733 2027 1787; x_wconf 91' lang='lat' dir='ltr'><strong>ad</strong></span> <span class='ocrx_word' id='word_1_231' title='bbox 2062 1731 2439 1788; x_wconf 90' lang='lat' dir='ltr'><strong>sacriﬁcium.</strong></span> <span class='ocrx_word' id='word_1_232' title='bbox 2473 1734 2559 1805; x_wconf 87' lang='lat' dir='ltr'><strong>[T.</strong></span> <span class='ocrx_word' id='word_1_233' title='bbox 2604 1734 2740 1808; x_wconf 73' lang='lat' dir='ltr'><strong>XL]</strong></span> <span class='ocrx_word' id='word_1_234' title='bbox 2782 1739 3035 1806; x_wconf 74' lang='lat' dir='ltr'><strong>Cumque</strong></span> <span class='ocrx_word' id='word_1_235' title='bbox 3085 1734 3333 1806; x_wconf 89' lang='lat' dir='ltr'><strong>ingressi</strong></span> <span class='ocrx_word' id='word_1_236' title='bbox 3381 1739 3600 1801; x_wconf 89' lang='lat' dir='ltr'><strong>essent,</strong></span> 
     </span>
    </p>
   </div>
   <div class='ocr_carea' id='block_1_33' title="bbox 197 1820 3601 1924">
    <p class='ocr_par' dir='ltr' id='par_1_33' title="bbox 197 1820 3601 1924">
     <span class='ocr_line' id='line_1_33' title="bbox 197 1820 3601 1924; baseline -0.001 -45"><span class='ocrx_word' id='word_1_237' title='bbox 197 1840 334 1895; x_wconf 91' lang='lat' dir='ltr'><strong>ergo</strong></span> <span class='ocrx_word' id='word_1_238' title='bbox 362 1823 519 1894; x_wconf 87' lang='lat' dir='ltr'><strong>quod</strong></span> <span class='ocrx_word' id='word_1_239' title='bbox 553 1822 819 1894; x_wconf 89' lang='lat' dir='ltr'><strong>abjecisti</strong></span> <span class='ocrx_word' id='word_1_240' title='bbox 849 1839 1183 1878; x_wconf 88' lang='lat' dir='ltr'><strong>sermonem</strong></span> <span class='ocrx_word' id='word_1_241' title='bbox 1218 1824 1472 1894; x_wconf 90' lang='lat' dir='ltr'><strong>Domini,</strong></span> <span class='ocrx_word' id='word_1_242' title='bbox 1504 1823 1719 1894; x_wconf 89' lang='lat' dir='ltr'><strong>abjecit</strong></span> <span class='ocrx_word' id='word_1_243' title='bbox 1768 1828 1843 1892; x_wconf 90' lang='lat' dir='ltr'><strong>te,</strong></span> <span class='ocrx_word' id='word_1_244' title='bbox 1882 1860 1927 1924; x_wconf 78' lang='grc' dir='ltr'><strong>Β</strong></span> <span class='ocrx_word' id='word_1_245' title='bbox 1957 1820 2101 1876; x_wconf 89' lang='lat' dir='ltr'><strong>vidit</strong></span> <span class='ocrx_word' id='word_1_246' title='bbox 2132 1821 2314 1888; x_wconf 92' lang='lat' dir='ltr'><strong>Eliab,</strong></span> <span class='ocrx_word' id='word_1_247' title='bbox 2347 1827 2403 1877; x_wconf 92' lang='lat' dir='ltr'><strong>et</strong></span> <span class='ocrx_word' id='word_1_248' title='bbox 2434 1823 2514 1877; x_wconf 90' lang='lat' dir='ltr'><strong>ait</strong></span> <span class='ocrx_word' id='word_1_249' title='bbox 2546 1839 2559 1877; x_wconf 91' lang='lat'>:</span> <span class='ocrx_word' id='word_1_250' title='bbox 2586 1822 2733 1878; x_wconf 91' lang='lat' dir='ltr'><strong>Num</strong></span> <span class='ocrx_word' id='word_1_251' title='bbox 2766 1839 2962 1879; x_wconf 91' lang='lat' dir='ltr'><strong>coram</strong></span> <span class='ocrx_word' id='word_1_252' title='bbox 3012 1823 3256 1879; x_wconf 88' lang='lat' dir='ltr'><strong>Domino</strong></span> <span class='ocrx_word' id='word_1_253' title='bbox 3309 1828 3398 1879; x_wconf 91' lang='lat' dir='ltr'><strong>est</strong></span> <span class='ocrx_word' id='word_1_254' title='bbox 3448 1822 3601 1879; x_wconf 89' lang='lat' dir='ltr'><strong>chri-</strong></span> 
     </span>
    </p>
   </div>
   <div class='ocr_carea' id='block_1_34' title="bbox 196 1911 1849 1983">
    <p class='ocr_par' dir='ltr' id='par_1_34' title="bbox 196 1911 1849 1983">
     <span class='ocr_line' id='line_1_34' title="bbox 196 1911 1849 1983; baseline -0.001 -15"><span class='ocrx_word' id='word_1_255' title='bbox 196 1928 266 1969; x_wconf 90' lang='lat' dir='ltr'><strong>ne</strong></span> <span class='ocrx_word' id='word_1_256' title='bbox 298 1913 385 1968; x_wconf 87' lang='lat' dir='ltr'><strong>sis</strong></span> <span class='ocrx_word' id='word_1_257' title='bbox 419 1927 535 1967; x_wconf 88' lang='lat' dir='ltr'><strong>rex.</strong></span> <span class='ocrx_word' id='word_1_258' title='bbox 572 1912 843 1983; x_wconf 81' lang='lat' dir='ltr'><strong>Dixitque</strong></span> <span class='ocrx_word' id='word_1_259' title='bbox 869 1911 1006 1967; x_wconf 90' lang='lat' dir='ltr'><strong>Saul</strong></span> <span class='ocrx_word' id='word_1_260' title='bbox 1038 1912 1107 1967; x_wconf 90' lang='lat' dir='ltr'><strong>ad</strong></span> <span class='ocrx_word' id='word_1_261' title='bbox 1145 1912 1475 1968; x_wconf 90' lang='lat' dir='ltr'><strong>Samuelem</strong></span> <span class='ocrx_word' id='word_1_262' title='bbox 1526 1930 1538 1968; x_wconf 93' lang='lat'><strong>:</strong></span> <span class='ocrx_word' id='word_1_263' title='bbox 1594 1912 1849 1979; x_wconf 90' lang='lat' dir='ltr'><strong>Peccavi,</strong></span> 
     </span>
    </p>
   </div>
   <div class='ocr_carea' id='block_1_35' title="bbox 205 2002 1851 2076">
    <p class='ocr_par' dir='ltr' id='par_1_35' title="bbox 205 2002 1851 2076">
     <span class='ocr_line' id='line_1_35' title="bbox 205 2002 1851 2076; baseline 0 -19"><span class='ocrx_word' id='word_1_264' title='bbox 205 2002 345 2076; x_wconf 87' lang='lat' dir='ltr'><strong>quia</strong></span> <span class='ocrx_word' id='word_1_265' title='bbox 416 2002 829 2074; x_wconf 66' lang='lat' dir='ltr'><strong>praevaricatus</strong></span> <span class='ocrx_word' id='word_1_266' title='bbox 894 2017 1023 2057; x_wconf 91' lang='lat' dir='ltr'>sum</span> <span class='ocrx_word' id='word_1_267' title='bbox 1091 2018 1421 2059; x_wconf 86' lang='lat' dir='ltr'><strong>sermonem</strong></span> <span class='ocrx_word' id='word_1_268' title='bbox 1492 2002 1743 2073; x_wconf 83' lang='lat' dir='ltr'>Domini,</span> <span class='ocrx_word' id='word_1_269' title='bbox 1794 2006 1851 2057; x_wconf 91' lang='lat' dir='ltr'><strong>et</strong></span> 
     </span>
    </p>
   </div>
   <div class='ocr_carea' id='block_1_36' title="bbox 199 2090 1849 2162">
    <p class='ocr_par' dir='ltr' id='par_1_36' title="bbox 199 2090 1849 2162">
     <span class='ocr_line' id='line_1_36' title="bbox 199 2090 1849 2162; baseline -0.001 -14"><span class='ocrx_word' id='word_1_270' title='bbox 199 2093 383 2148; x_wconf 84' lang='lat' dir='ltr'><strong>verba</strong></span> <span class='ocrx_word' id='word_1_271' title='bbox 414 2097 537 2155; x_wconf 87' lang='lat' dir='ltr'><strong>tua,</strong></span> <span class='ocrx_word' id='word_1_272' title='bbox 568 2090 784 2146; x_wconf 92' lang='lat' dir='ltr'><strong>timens</strong></span> <span class='ocrx_word' id='word_1_273' title='bbox 814 2090 1122 2162; x_wconf 87' lang='lat' dir='ltr'><strong>populum,</strong></span> <span class='ocrx_word' id='word_1_274' title='bbox 1154 2096 1211 2147; x_wconf 89' lang='lat' dir='ltr'><strong>et</strong></span> <span class='ocrx_word' id='word_1_275' title='bbox 1253 2092 1531 2147; x_wconf 88' lang='lat' dir='ltr'><strong>obediens</strong></span> <span class='ocrx_word' id='word_1_276' title='bbox 1581 2092 1703 2148; x_wconf 91' lang='lat' dir='ltr'><strong>voci</strong></span> <span class='ocrx_word' id='word_1_277' title='bbox 1754 2108 1849 2147; x_wconf 89' lang='lat' dir='ltr'><strong>eo-</strong></span> 
     </span>
    </p>
   </div>
   <div class='ocr_carea' id='block_1_37' title="bbox 1960 1910 3604 1983">
    <p class='ocr_par' dir='ltr' id='par_1_37' title="bbox 1960 1910 3604 1983">
     <span class='ocr_line' id='line_1_37' title="bbox 1960 1910 3604 1983; baseline 0 -18"><span class='ocrx_word' id='word_1_278' title='bbox 1960 1916 2089 1966; x_wconf 89' lang='lat' dir='ltr'><strong>stus</strong></span> <span class='ocrx_word' id='word_1_279' title='bbox 2110 1911 2339 1982; x_wconf 85' lang='lat' dir='ltr'><strong>ejus?Et</strong></span> <span class='ocrx_word' id='word_1_280' title='bbox 2359 1910 2504 1966; x_wconf 84' lang='lat' dir='ltr'><strong>dixit</strong></span> <span class='ocrx_word' id='word_1_281' title='bbox 2530 1912 2808 1967; x_wconf 91' lang='lat' dir='ltr'>Dominus</span> <span class='ocrx_word' id='word_1_282' title='bbox 2831 1913 2900 1967; x_wconf 84' lang='lat' dir='ltr'><strong>ad</strong></span> <span class='ocrx_word' id='word_1_283' title='bbox 2924 1912 3251 1967; x_wconf 88' lang='lat' dir='ltr'><strong>Samuelem</strong></span> <span class='ocrx_word' id='word_1_284' title='bbox 3280 1930 3292 1967; x_wconf 89' lang='lat'>:</span> <span class='ocrx_word' id='word_1_285' title='bbox 3317 1913 3398 1968; x_wconf 90' lang='lat' dir='ltr'><strong>Ne</strong></span> <span class='ocrx_word' id='word_1_286' title='bbox 3420 1911 3604 1983; x_wconf 86' lang='lat' dir='ltr'><strong>respi-</strong></span> 
     </span>
    </p>
   </div>
   <div class='ocr_carea' id='block_1_38' title="bbox 1959 1999 3603 2073">
    <p class='ocr_par' dir='ltr' id='par_1_38' title="bbox 1959 1999 3603 2073">
     <span class='ocr_line' id='line_1_38' title="bbox 1959 1999 3603 2073; baseline 0.002 -18"><span class='ocrx_word' id='word_1_287' title='bbox 1959 1999 2079 2056; x_wconf 88' lang='lat' dir='ltr'><strong>cias</strong></span> <span class='ocrx_word' id='word_1_288' title='bbox 2105 2000 2329 2055; x_wconf 89' lang='lat' dir='ltr'><strong>vultum</strong></span> <span class='ocrx_word' id='word_1_289' title='bbox 2362 2002 2511 2071; x_wconf 86' lang='lat' dir='ltr'><strong>ejus,</strong></span> <span class='ocrx_word' id='word_1_290' title='bbox 2547 2017 2736 2072; x_wconf 90' lang='lat' dir='ltr'><strong>neque</strong></span> <span class='ocrx_word' id='word_1_291' title='bbox 2768 2000 3137 2057; x_wconf 89' lang='lat' dir='ltr'><strong>altitudinem</strong></span> <span class='ocrx_word' id='word_1_292' title='bbox 3168 2006 3404 2058; x_wconf 64' lang='lat' dir='ltr'><strong>staturas</strong></span> <span class='ocrx_word' id='word_1_293' title='bbox 3437 2003 3603 2073; x_wconf 86' lang='lat' dir='ltr'><strong>ejus;</strong></span> 
     </span>
    </p>
   </div>
   <div class='ocr_carea' id='block_1_39' title="bbox 1960 2089 3603 2162">
    <p class='ocr_par' dir='ltr' id='par_1_39' title="bbox 1960 2089 3603 2162">
     <span class='ocr_line' id='line_1_39' title="bbox 1960 2089 3603 2162; baseline 0.001 -17"><span class='ocrx_word' id='word_1_294' title='bbox 1960 2089 2239 2160; x_wconf 89' lang='lat' dir='ltr'><strong>quoniam</strong></span> <span class='ocrx_word' id='word_1_295' title='bbox 2271 2089 2454 2161; x_wconf 87' lang='lat' dir='ltr'><strong>abjeci</strong></span> <span class='ocrx_word' id='word_1_296' title='bbox 2487 2106 2643 2158; x_wconf 90' lang='lat' dir='ltr'><strong>eum,</strong></span> <span class='ocrx_word' id='word_1_297' title='bbox 2678 2107 2783 2146; x_wconf 91' lang='lat' dir='ltr'><strong>nec</strong></span> <span class='ocrx_word' id='word_1_298' title='bbox 2806 2092 2977 2162; x_wconf 82' lang='lat' dir='ltr'><strong>juxta</strong></span> <span class='ocrx_word' id='word_1_299' title='bbox 3016 2091 3295 2146; x_wconf 90' lang='lat' dir='ltr'><strong>intuitum</strong></span> <span class='ocrx_word' id='word_1_300' title='bbox 3343 2091 3603 2147; x_wconf 91' lang='lat' dir='ltr'><strong>hominis</strong></span> 
     </span>
    </p>
   </div>
   <div class='ocr_carea' id='block_1_40' title="bbox 202 2178 3606 2252">
    <p class='ocr_par' dir='ltr' id='par_1_40' title="bbox 202 2178 3606 2252">
     <span class='ocr_line' id='line_1_40' title="bbox 202 2178 3606 2252; baseline -0 -15"><span class='ocrx_word' id='word_1_301' title='bbox 202 2198 357 2237; x_wconf 91' lang='lat' dir='ltr'><strong>rum.</strong></span> <span class='ocrx_word' id='word_1_302' title='bbox 389 2181 501 2235; x_wconf 86' lang='lat' dir='ltr'><strong>Sed</strong></span> <span class='ocrx_word' id='word_1_303' title='bbox 530 2196 686 2234; x_wconf 91' lang='lat' dir='ltr'><strong>nunc</strong></span> <span class='ocrx_word' id='word_1_304' title='bbox 718 2184 907 2251; x_wconf 89' lang='lat' dir='ltr'><strong>porta,</strong></span> <span class='ocrx_word' id='word_1_305' title='bbox 940 2196 1153 2251; x_wconf 61' lang='lat' dir='ltr'><strong>quasso,</strong></span> <span class='ocrx_word' id='word_1_306' title='bbox 1190 2187 1490 2252; x_wconf 86' lang='lat' dir='ltr'><strong>peccatum</strong></span> <span class='ocrx_word' id='word_1_307' title='bbox 1525 2198 1742 2251; x_wconf 90' lang='lat' dir='ltr'><strong>meum,</strong></span> <span class='ocrx_word' id='word_1_308' title='bbox 1792 2184 1850 2237; x_wconf 88' lang='lat' dir='ltr'><strong>et</strong></span> <span class='ocrx_word' id='word_1_309' title='bbox 1949 2178 2152 2250; x_wconf 87' lang='lat' dir='ltr'><strong>judico</strong></span> <span class='ocrx_word' id='word_1_310' title='bbox 2186 2195 2199 2233; x_wconf 88' lang='lat'><strong>:</strong></span> <span class='ocrx_word' id='word_1_311' title='bbox 2235 2179 2409 2235; x_wconf 90' lang='lat' dir='ltr'><strong>homo</strong></span> <span class='ocrx_word' id='word_1_312' title='bbox 2440 2179 2595 2235; x_wconf 90' lang='lat' dir='ltr'><strong>enim</strong></span> <span class='ocrx_word' id='word_1_313' title='bbox 2630 2180 2783 2236; x_wconf 85' lang='lat' dir='ltr'><strong>videt</strong></span> <span class='ocrx_word' id='word_1_314' title='bbox 2811 2196 2877 2236; x_wconf 90' lang='lat' dir='ltr'><strong>ea</strong></span> <span class='ocrx_word' id='word_1_315' title='bbox 2908 2197 3033 2252; x_wconf 67' lang='lat' dir='ltr'><strong>quas</strong></span> <span class='ocrx_word' id='word_1_316' title='bbox 3066 2184 3289 2251; x_wconf 90' lang='lat' dir='ltr'><strong>parent,</strong></span> <span class='ocrx_word' id='word_1_317' title='bbox 3324 2180 3606 2236; x_wconf 86' lang='lat' dir='ltr'>Dominus</span> 
     </span>
    </p>
   </div>
   <div class='ocr_carea' id='block_1_41' title="bbox 200 2269 1849 2336">
    <p class='ocr_par' dir='ltr' id='par_1_41' title="bbox 200 2269 1849 2336">
     <span class='ocr_line' id='line_1_41' title="bbox 200 2269 1849 2336; baseline 0 -11"><span class='ocrx_word' id='word_1_318' title='bbox 200 2274 492 2325; x_wconf 88' lang='lat' dir='ltr'><strong>revertere</strong></span> <span class='ocrx_word' id='word_1_319' title='bbox 546 2284 796 2336; x_wconf 90' lang='lat' dir='ltr'><strong>mecum,</strong></span> <span class='ocrx_word' id='word_1_320' title='bbox 848 2273 914 2323; x_wconf 90' lang='lat' dir='ltr'><strong>ut</strong></span> <span class='ocrx_word' id='word_1_321' title='bbox 962 2269 1197 2325; x_wconf 89' lang='lat' dir='ltr'><strong>adorem</strong></span> <span class='ocrx_word' id='word_1_322' title='bbox 1258 2270 1595 2326; x_wconf 92' lang='lat' dir='ltr'><strong>Dominum.</strong></span> <span class='ocrx_word' id='word_1_323' title='bbox 1652 2272 1719 2325; x_wconf 86' lang='lat' dir='ltr'><strong>Et</strong></span> <span class='ocrx_word' id='word_1_324' title='bbox 1768 2270 1849 2325; x_wconf 86' lang='lat' dir='ltr'><strong>ait</strong></span> 
     </span>
    </p>
   </div>
   <div class='ocr_carea' id='block_1_42' title="bbox 192 2357 1845 2431">
    <p class='ocr_par' dir='ltr' id='par_1_42' title="bbox 192 2357 1845 2431">
     <span class='ocr_line' id='line_1_42' title="bbox 192 2357 1845 2431; baseline 0.002 -19"><span class='ocrx_word' id='word_1_325' title='bbox 192 2357 433 2414; x_wconf 86' lang='lat' dir='ltr'><strong>Samuel</strong></span> <span class='ocrx_word' id='word_1_326' title='bbox 462 2358 533 2413; x_wconf 89' lang='lat' dir='ltr'><strong>ad</strong></span> <span class='ocrx_word' id='word_1_327' title='bbox 567 2357 705 2413; x_wconf 88' lang='lat' dir='ltr'><strong>Saul</strong></span> <span class='ocrx_word' id='word_1_328' title='bbox 740 2375 753 2413; x_wconf 92' lang='lat'>:</span> <span class='ocrx_word' id='word_1_329' title='bbox 788 2358 911 2414; x_wconf 92' lang='lat' dir='ltr'><strong>Non</strong></span> <span class='ocrx_word' id='word_1_330' title='bbox 964 2364 1219 2415; x_wconf 83' lang='lat' dir='ltr'><strong>revertar</strong></span> <span class='ocrx_word' id='word_1_331' title='bbox 1266 2364 1479 2430; x_wconf 88' lang='lat' dir='ltr'><strong>tecum,</strong></span> <span class='ocrx_word' id='word_1_332' title='bbox 1530 2360 1671 2431; x_wconf 92' lang='lat' dir='ltr'><strong>quia</strong></span> <span class='ocrx_word' id='word_1_333' title='bbox 1718 2375 1845 2431; x_wconf 83' lang='lat' dir='ltr'><strong>pro-</strong></span> 
     </span>
    </p>
   </div>
   <div class='ocr_carea' id='block_1_43' title="bbox 182 2447 1843 2523">
    <p class='ocr_par' dir='ltr' id='par_1_43' title="bbox 182 2447 1843 2523">
     <span class='ocr_line' id='line_1_43' title="bbox 182 2447 1843 2523; baseline 0.001 -20"><span class='ocrx_word' id='word_1_334' title='bbox 182 2447 387 2523; x_wconf 83' lang='lat' dir='ltr'><strong>jecisti</strong></span> <span class='ocrx_word' id='word_1_335' title='bbox 422 2462 755 2503; x_wconf 89' lang='lat' dir='ltr'><strong>sermonem</strong></span> <span class='ocrx_word' id='word_1_336' title='bbox 789 2447 1042 2513; x_wconf 91' lang='lat' dir='ltr'>Domini,</span> <span class='ocrx_word' id='word_1_337' title='bbox 1076 2454 1133 2503; x_wconf 90' lang='lat' dir='ltr'><strong>et</strong></span> <span class='ocrx_word' id='word_1_338' title='bbox 1165 2450 1411 2521; x_wconf 91' lang='lat' dir='ltr'><strong>projecit</strong></span> <span class='ocrx_word' id='word_1_339' title='bbox 1444 2453 1497 2504; x_wconf 88' lang='lat' dir='ltr'><strong>te</strong></span> <span class='ocrx_word' id='word_1_340' title='bbox 1532 2449 1843 2514; x_wconf 89' lang='lat' dir='ltr'>Dominus,</span> 
     </span>
    </p>
   </div>
   <div class='ocr_carea' id='block_1_44' title="bbox 192 2536 1844 2608">
    <p class='ocr_par' dir='ltr' id='par_1_44' title="bbox 192 2536 1844 2608">
     <span class='ocr_line' id='line_1_44' title="bbox 192 2536 1844 2608; baseline 0 -17"><span class='ocrx_word' id='word_1_341' title='bbox 192 2552 262 2591; x_wconf 89' lang='lat' dir='ltr'><strong>ne</strong></span> <span class='ocrx_word' id='word_1_342' title='bbox 293 2536 379 2591; x_wconf 89' lang='lat' dir='ltr'><strong>sis</strong></span> <span class='ocrx_word' id='word_1_343' title='bbox 412 2551 511 2590; x_wconf 86' lang='lat' dir='ltr'><strong>rex</strong></span> <span class='ocrx_word' id='word_1_344' title='bbox 541 2551 721 2608; x_wconf 89' lang='lat' dir='ltr'><strong>super</strong></span> <span class='ocrx_word' id='word_1_345' title='bbox 750 2536 949 2592; x_wconf 88' lang='lat' dir='ltr'><strong>Israel.</strong></span> <span class='ocrx_word' id='word_1_346' title='bbox 983 2538 1053 2592; x_wconf 88' lang='lat' dir='ltr'><strong>Et</strong></span> <span class='ocrx_word' id='word_1_347' title='bbox 1104 2553 1419 2593; x_wconf 89' lang='lat' dir='ltr'><strong>conversus</strong></span> <span class='ocrx_word' id='word_1_348' title='bbox 1472 2542 1561 2593; x_wconf 88' lang='lat' dir='ltr'><strong>est</strong></span> <span class='ocrx_word' id='word_1_349' title='bbox 1608 2536 1844 2593; x_wconf 90' lang='lat' dir='ltr'><strong>Samuel</strong></span> 
     </span>
    </p>
   </div>
   <div class='ocr_carea' id='block_1_45' title="bbox 194 2624 1847 2697">
    <p class='ocr_par' dir='ltr' id='par_1_45' title="bbox 194 2624 1847 2697">
     <span class='ocr_line' id='line_1_45' title="bbox 194 2624 1847 2697; baseline 0 -16"><span class='ocrx_word' id='word_1_350' title='bbox 194 2630 257 2681; x_wconf 91' lang='lat' dir='ltr'><strong>nt</strong></span> <span class='ocrx_word' id='word_1_351' title='bbox 304 2625 501 2680; x_wconf 90' lang='lat' dir='ltr'><strong>abiret</strong></span> <span class='ocrx_word' id='word_1_352' title='bbox 548 2642 560 2679; x_wconf 95' lang='lat'>:</span> <span class='ocrx_word' id='word_1_353' title='bbox 614 2624 711 2681; x_wconf 92' lang='lat' dir='ltr'><strong>ille</strong></span> <span class='ocrx_word' id='word_1_354' title='bbox 759 2630 955 2680; x_wconf 85' lang='lat' dir='ltr'><strong>autem</strong></span> <span class='ocrx_word' id='word_1_355' title='bbox 1006 2627 1393 2697; x_wconf 89' lang='lat' dir='ltr'><strong>apprehendit</strong></span> <span class='ocrx_word' id='word_1_356' title='bbox 1444 2627 1847 2682; x_wconf 90' lang='lat' dir='ltr'><strong>summitatem</strong></span> 
     </span>
    </p>
   </div>
   <div class='ocr_carea' id='block_1_46' title="bbox 192 2714 1847 2787">
    <p class='ocr_par' dir='ltr' id='par_1_46' title="bbox 192 2714 1847 2787">
     <span class='ocr_line' id='line_1_46' title="bbox 192 2714 1847 2787; baseline 0.001 -17"><span class='ocrx_word' id='word_1_357' title='bbox 192 2714 360 2787; x_wconf 83' lang='lat' dir='ltr'><strong>pallii</strong></span> <span class='ocrx_word' id='word_1_358' title='bbox 409 2715 580 2785; x_wconf 65' lang='lat' dir='ltr'><strong>&#39;,ejus,</strong></span> <span class='ocrx_word' id='word_1_359' title='bbox 629 2730 755 2785; x_wconf 68' lang='lat' dir='ltr'><strong>qua:</strong></span> <span class='ocrx_word' id='word_1_360' title='bbox 801 2720 858 2769; x_wconf 91' lang='lat' dir='ltr'><strong>et</strong></span> <span class='ocrx_word' id='word_1_361' title='bbox 907 2716 1089 2771; x_wconf 89' lang='lat' dir='ltr'><strong>scissa</strong></span> <span class='ocrx_word' id='word_1_362' title='bbox 1156 2722 1264 2772; x_wconf 89' lang='lat' dir='ltr'><strong>est.</strong></span> <span class='ocrx_word' id='word_1_363' title='bbox 1313 2717 1381 2771; x_wconf 89' lang='lat' dir='ltr'><strong>Et</strong></span> <span class='ocrx_word' id='word_1_364' title='bbox 1428 2716 1505 2771; x_wconf 78' lang='lat' dir='ltr'><strong>ait</strong></span> <span class='ocrx_word' id='word_1_365' title='bbox 1575 2717 1645 2771; x_wconf 92' lang='lat' dir='ltr'><strong>ad</strong></span> <span class='ocrx_word' id='word_1_366' title='bbox 1714 2731 1847 2771; x_wconf 82' lang='lat' dir='ltr'><strong>eum</strong></span> 
     </span>
    </p>
   </div>
   <div class='ocr_carea' id='block_1_47' title="bbox 196 2802 1849 2878">
    <p class='ocr_par' dir='ltr' id='par_1_47' title="bbox 196 2802 1849 2878">
     <span class='ocr_line' id='line_1_47' title="bbox 196 2802 1849 2878; baseline 0 -18"><span class='ocrx_word' id='word_1_367' title='bbox 196 2803 443 2860; x_wconf 80' lang='lat' dir='ltr'><strong>Samuel</strong></span> <span class='ocrx_word' id='word_1_368' title='bbox 496 2819 509 2857; x_wconf 90' lang='lat'><strong>:</strong></span> <span class='ocrx_word' id='word_1_369' title='bbox 560 2802 742 2859; x_wconf 90' lang='lat' dir='ltr'><strong>Scidit</strong></span> <span class='ocrx_word' id='word_1_370' title='bbox 807 2804 1090 2860; x_wconf 91' lang='lat' dir='ltr'><strong>Dominus</strong></span> <span class='ocrx_word' id='word_1_371' title='bbox 1158 2821 1405 2878; x_wconf 84' lang='lat' dir='ltr'><strong>regnum</strong></span> <span class='ocrx_word' id='word_1_372' title='bbox 1476 2804 1654 2861; x_wconf 89' lang='lat' dir='ltr'><strong>Israel</strong></span> <span class='ocrx_word' id='word_1_373' title='bbox 1699 2823 1733 2861; x_wconf 92' lang='lat' dir='ltr'>a</span> <span class='ocrx_word' id='word_1_374' title='bbox 1793 2809 1849 2860; x_wconf 90' lang='lat' dir='ltr'><strong>te</strong></span> 
     </span>
    </p>
   </div>
   <div class='ocr_carea' id='block_1_48' title="bbox 196 2892 1846 2965">
    <p class='ocr_par' dir='ltr' id='par_1_48' title="bbox 196 2892 1846 2965">
     <span class='ocr_line' id='line_1_48' title="bbox 196 2892 1846 2965; baseline 0.001 -18"><span class='ocrx_word' id='word_1_375' title='bbox 196 2892 401 2961; x_wconf 90' lang='lat' dir='ltr'><strong>hodie,</strong></span> <span class='ocrx_word' id='word_1_376' title='bbox 449 2897 507 2948; x_wconf 91' lang='lat' dir='ltr'><strong>et</strong></span> <span class='ocrx_word' id='word_1_377' title='bbox 555 2893 796 2948; x_wconf 86' lang='lat' dir='ltr'><strong>tradidit</strong></span> <span class='ocrx_word' id='word_1_378' title='bbox 845 2892 988 2949; x_wconf 91' lang='lat' dir='ltr'><strong>illud</strong></span> <span class='ocrx_word' id='word_1_379' title='bbox 1040 2894 1301 2965; x_wconf 88' lang='lat' dir='ltr'><strong>proximo</strong></span> <span class='ocrx_word' id='word_1_380' title='bbox 1347 2900 1449 2950; x_wconf 92' lang='lat' dir='ltr'><strong>tuo</strong></span> <span class='ocrx_word' id='word_1_381' title='bbox 1497 2894 1721 2949; x_wconf 88' lang='lat' dir='ltr'><strong>meliori</strong></span> <span class='ocrx_word' id='word_1_382' title='bbox 1768 2900 1846 2949; x_wconf 87' lang='lat' dir='ltr'><strong>te.</strong></span> 
     </span>
    </p>
   </div>
   <div class='ocr_carea' id='block_1_49' title="bbox 196 2981 1850 3056">
    <p class='ocr_par' dir='ltr' id='par_1_49' title="bbox 196 2981 1850 3056">
     <span class='ocr_line' id='line_1_49' title="bbox 196 2981 1850 3056; baseline 0.001 -20"><span class='ocrx_word' id='word_1_383' title='bbox 196 2986 384 3038; x_wconf 87' lang='lat' dir='ltr'><strong>Porro</strong></span> <span class='ocrx_word' id='word_1_384' title='bbox 414 2981 890 3054; x_wconf 91' lang='lat' dir='ltr'><strong>triumphatorin</strong></span> <span class='ocrx_word' id='word_1_385' title='bbox 925 2981 1007 3056; x_wconf 90' lang='lat' dir='ltr'><strong>[h.</strong></span> <span class='ocrx_word' id='word_1_386' title='bbox 1043 3000 1157 3038; x_wconf 93' lang='lat' dir='ltr'><strong>non</strong></span> <span class='ocrx_word' id='word_1_387' title='bbox 1190 2984 1384 3055; x_wconf 86' lang='lat' dir='ltr'><strong>habet,</strong></span> <span class='ocrx_word' id='word_1_388' title='bbox 1412 2984 1490 3055; x_wconf 91' lang='lat' dir='ltr'><strong>in]</strong></span> <span class='ocrx_word' id='word_1_389' title='bbox 1524 2984 1700 3041; x_wconf 91' lang='lat' dir='ltr'><strong>Israel</strong></span> <span class='ocrx_word' id='word_1_390' title='bbox 1734 2999 1850 3038; x_wconf 92' lang='lat' dir='ltr'>non</span> 
     </span>
    </p>
   </div>
   <div class='ocr_carea' id='block_1_50' title="bbox 194 3070 1850 3144">
    <p class='ocr_par' dir='ltr' id='par_1_50' title="bbox 194 3070 1850 3144">
     <span class='ocr_line' id='line_1_50' title="bbox 194 3070 1850 3144; baseline 0.001 -19"><span class='ocrx_word' id='word_1_391' title='bbox 194 3074 405 3143; x_wconf 88' lang='lat' dir='ltr'><strong>parcet</strong></span> <span class='ocrx_word' id='word_1_392' title='bbox 425 3070 507 3142; x_wconf 86' lang='lat' dir='ltr'><strong>[h.</strong></span> <span class='ocrx_word' id='word_1_393' title='bbox 542 3087 711 3142; x_wconf 91' lang='lat' dir='ltr'><strong>porro</strong></span> <span class='ocrx_word' id='word_1_394' title='bbox 735 3072 1127 3144; x_wconf 89' lang='lat' dir='ltr'><strong>triumphator</strong></span> <span class='ocrx_word' id='word_1_395' title='bbox 1150 3073 1328 3129; x_wconf 88' lang='lat' dir='ltr'><strong>Israel</strong></span> <span class='ocrx_word' id='word_1_396' title='bbox 1354 3091 1467 3129; x_wconf 93' lang='lat' dir='ltr'>non</span> <span class='ocrx_word' id='word_1_397' title='bbox 1492 3072 1850 3144; x_wconf 87' lang='lat' dir='ltr'><strong>mentietur],</strong></span> 
     </span>
    </p>
   </div>
   <div class='ocr_carea' id='block_1_51' title="bbox 1958 2268 3607 2336">
    <p class='ocr_par' dir='ltr' id='par_1_51' title="bbox 1958 2268 3607 2336">
     <span class='ocr_line' id='line_1_51' title="bbox 1958 2268 3607 2336; baseline 0.001 -13"><span class='ocrx_word' id='word_1_398' title='bbox 1958 2274 2155 2323; x_wconf 91' lang='lat' dir='ltr'><strong>autem</strong></span> <span class='ocrx_word' id='word_1_399' title='bbox 2189 2268 2449 2324; x_wconf 78' lang='lat' dir='ltr'><strong>intuetur</strong></span> <span class='ocrx_word' id='word_1_400' title='bbox 2478 2285 2593 2324; x_wconf 91' lang='lat' dir='ltr'><strong>cor.</strong></span> <span class='ocrx_word' id='word_1_401' title='bbox 2630 2270 2696 2325; x_wconf 92' lang='lat' dir='ltr'><strong>Et</strong></span> <span class='ocrx_word' id='word_1_402' title='bbox 2743 2270 2961 2325; x_wconf 92' lang='lat' dir='ltr'><strong>vocavit</strong></span> <span class='ocrx_word' id='word_1_403' title='bbox 3010 2270 3121 2325; x_wconf 91' lang='lat' dir='ltr'><strong>Isai</strong></span> <span class='ocrx_word' id='word_1_404' title='bbox 3172 2270 3499 2336; x_wconf 86' lang='lat' dir='ltr'><strong>Abinadab,</strong></span> <span class='ocrx_word' id='word_1_405' title='bbox 3549 2275 3607 2325; x_wconf 92' lang='lat' dir='ltr'><strong>et</strong></span> 
     </span>
    </p>
   </div>
   <div class='ocr_carea' id='block_1_52' title="bbox 1957 2356 3603 2422">
    <p class='ocr_par' dir='ltr' id='par_1_52' title="bbox 1957 2356 3603 2422">
     <span class='ocr_line' id='line_1_52' title="bbox 1957 2356 3603 2422; baseline 0.001 -11"><span class='ocrx_word' id='word_1_406' title='bbox 1957 2356 2202 2411; x_wconf 87' lang='lat' dir='ltr'><strong>adduxit</strong></span> <span class='ocrx_word' id='word_1_407' title='bbox 2265 2373 2396 2412; x_wconf 91' lang='lat' dir='ltr'><strong>eum</strong></span> <span class='ocrx_word' id='word_1_408' title='bbox 2469 2373 2660 2413; x_wconf 91' lang='lat' dir='ltr'><strong>coram</strong></span> <span class='ocrx_word' id='word_1_409' title='bbox 2732 2356 3021 2413; x_wconf 90' lang='lat' dir='ltr'><strong>Samuele.</strong></span> <span class='ocrx_word' id='word_1_410' title='bbox 3074 2357 3179 2422; x_wconf 89' lang='lat' dir='ltr'><strong>Qui</strong></span> <span class='ocrx_word' id='word_1_411' title='bbox 3226 2357 3373 2412; x_wconf 80' lang='lat' dir='ltr'><strong>dixit</strong></span> <span class='ocrx_word' id='word_1_412' title='bbox 3424 2373 3436 2412; x_wconf 92' lang='lat'>:</span> <span class='ocrx_word' id='word_1_413' title='bbox 3488 2357 3603 2413; x_wconf 84' lang='lat' dir='ltr'><strong>Nec</strong></span> 
     </span>
    </p>
   </div>
   <div class='ocr_carea' id='block_1_53' title="bbox 1956 2445 3606 2517">
    <p class='ocr_par' dir='ltr' id='par_1_53' title="bbox 1956 2445 3606 2517">
     <span class='ocr_line' id='line_1_53' title="bbox 1956 2445 3606 2517; baseline 0 -16"><span class='ocrx_word' id='word_1_414' title='bbox 1956 2445 2114 2501; x_wconf 92' lang='lat' dir='ltr'><strong>hunc</strong></span> <span class='ocrx_word' id='word_1_415' title='bbox 2145 2445 2319 2517; x_wconf 88' lang='lat' dir='ltr'><strong>elegit</strong></span> <span class='ocrx_word' id='word_1_416' title='bbox 2350 2446 2655 2502; x_wconf 91' lang='lat' dir='ltr'><strong>Dominus.</strong></span> <span class='ocrx_word' id='word_1_417' title='bbox 2690 2446 2947 2502; x_wconf 74' lang='lat' dir='ltr'><strong>Adduxit</strong></span> <span class='ocrx_word' id='word_1_418' title='bbox 2974 2451 3169 2502; x_wconf 91' lang='lat' dir='ltr'><strong>autem</strong></span> <span class='ocrx_word' id='word_1_419' title='bbox 3203 2446 3315 2502; x_wconf 90' lang='lat' dir='ltr'><strong>Isai</strong></span> <span class='ocrx_word' id='word_1_420' title='bbox 3366 2447 3606 2502; x_wconf 87' lang='lat' dir='ltr'><strong>Samma</strong></span> 
     </span>
    </p>
   </div>
   <div class='ocr_carea' id='block_1_54' title="bbox 1956 2536 3602 2607">
    <p class='ocr_par' dir='ltr' id='par_1_54' title="bbox 1956 2536 3602 2607">
     <span class='ocr_line' id='line_1_54' title="bbox 1956 2536 3602 2607; baseline 0 -16"><span class='ocrx_word' id='word_1_421' title='bbox 1956 2538 2082 2605; x_wconf 67' lang='grc' dir='ltr'><strong>[τηε.</strong></span> <span class='ocrx_word' id='word_1_422' title='bbox 2133 2536 2417 2604; x_wconf 88' lang='lat' dir='ltr'><strong>Summa],</strong></span> <span class='ocrx_word' id='word_1_423' title='bbox 2469 2537 2539 2591; x_wconf 91' lang='lat' dir='ltr'><strong>de</strong></span> <span class='ocrx_word' id='word_1_424' title='bbox 2586 2552 2703 2607; x_wconf 92' lang='lat' dir='ltr'><strong>quo</strong></span> <span class='ocrx_word' id='word_1_425' title='bbox 2753 2537 2835 2592; x_wconf 91' lang='lat' dir='ltr'><strong>ait</strong></span> <span class='ocrx_word' id='word_1_426' title='bbox 2886 2553 2897 2592; x_wconf 93' lang='lat'><strong>:</strong></span> <span class='ocrx_word' id='word_1_427' title='bbox 2950 2537 3139 2592; x_wconf 86' lang='lat' dir='ltr'><strong>Etiam</strong></span> <span class='ocrx_word' id='word_1_428' title='bbox 3198 2536 3355 2591; x_wconf 92' lang='lat' dir='ltr'><strong>hunc</strong></span> <span class='ocrx_word' id='word_1_429' title='bbox 3407 2536 3487 2605; x_wconf 94' lang='lat' dir='ltr'><strong>[h.</strong></span> <span class='ocrx_word' id='word_1_430' title='bbox 3542 2538 3602 2591; x_wconf 94' lang='lat' dir='ltr'><strong>In</strong></span> 
     </span>
    </p>
   </div>
   <div class='ocr_carea' id='block_1_55' title="bbox 1956 2623 3603 2698">
    <p class='ocr_par' dir='ltr' id='par_1_55' title="bbox 1956 2623 3603 2698">
     <span class='ocr_line' id='line_1_55' title="bbox 1956 2623 3603 2698; baseline 0 -18"><span class='ocrx_word' id='word_1_431' title='bbox 1956 2626 2160 2698; x_wconf 87' lang='lat' dir='ltr'><strong>istum]</strong></span> <span class='ocrx_word' id='word_1_432' title='bbox 2194 2640 2309 2679; x_wconf 92' lang='lat' dir='ltr'>non</span> <span class='ocrx_word' id='word_1_433' title='bbox 2358 2623 2535 2695; x_wconf 88' lang='lat' dir='ltr'><strong>elegit</strong></span> <span class='ocrx_word' id='word_1_434' title='bbox 2587 2625 2889 2680; x_wconf 89' lang='lat' dir='ltr'>Dominus.</span> <span class='ocrx_word' id='word_1_435' title='bbox 2939 2624 3200 2680; x_wconf 89' lang='lat' dir='ltr'><strong>Adduxit</strong></span> <span class='ocrx_word' id='word_1_436' title='bbox 3250 2626 3443 2695; x_wconf 89' lang='lat' dir='ltr'><strong>itaque</strong></span> <span class='ocrx_word' id='word_1_437' title='bbox 3493 2625 3603 2681; x_wconf 87' lang='lat' dir='ltr'><strong>Isai</strong></span> 
     </span>
    </p>
   </div>
   <div class='ocr_carea' id='block_1_56' title="bbox 1957 2713 3603 2785">
    <p class='ocr_par' dir='ltr' id='par_1_56' title="bbox 1957 2713 3603 2785">
     <span class='ocr_line' id='line_1_56' title="bbox 1957 2713 3603 2785; baseline -0.001 -16"><span class='ocrx_word' id='word_1_438' title='bbox 1957 2719 2179 2785; x_wconf 87' lang='lat' dir='ltr'><strong>septem</strong></span> <span class='ocrx_word' id='word_1_439' title='bbox 2215 2714 2368 2769; x_wconf 88' lang='lat' dir='ltr'><strong>ﬁlios</strong></span> <span class='ocrx_word' id='word_1_440' title='bbox 2401 2730 2541 2769; x_wconf 89' lang='lat' dir='ltr'>suos</span> <span class='ocrx_word' id='word_1_441' title='bbox 2571 2730 2767 2769; x_wconf 91' lang='lat' dir='ltr'><strong>coram</strong></span> <span class='ocrx_word' id='word_1_442' title='bbox 2796 2713 3085 2778; x_wconf 88' lang='lat' dir='ltr'><strong>Samuele,</strong></span> <span class='ocrx_word' id='word_1_443' title='bbox 3136 2718 3193 2769; x_wconf 90' lang='lat' dir='ltr'><strong>et</strong></span> <span class='ocrx_word' id='word_1_444' title='bbox 3241 2714 3323 2768; x_wconf 92' lang='lat' dir='ltr'><strong>ait</strong></span> <span class='ocrx_word' id='word_1_445' title='bbox 3368 2714 3603 2769; x_wconf 83' lang='lat' dir='ltr'><strong>Samuel</strong></span> 
     </span>
    </p>
   </div>
   <div class='ocr_carea' id='block_1_57' title="bbox 1960 2801 3602 2873">
    <p class='ocr_par' dir='ltr' id='par_1_57' title="bbox 1960 2801 3602 2873">
     <span class='ocr_line' id='line_1_57' title="bbox 1960 2801 3602 2873; baseline 0 -16"><span class='ocrx_word' id='word_1_446' title='bbox 1960 2802 2031 2857; x_wconf 88' lang='lat' dir='ltr'><strong>ad</strong></span> <span class='ocrx_word' id='word_1_447' title='bbox 2068 2801 2179 2857; x_wconf 91' lang='lat' dir='ltr'><strong>lsai</strong></span> <span class='ocrx_word' id='word_1_448' title='bbox 2216 2818 2229 2856; x_wconf 89' lang='lat'><strong>:</strong></span> <span class='ocrx_word' id='word_1_449' title='bbox 2260 2802 2383 2857; x_wconf 94' lang='lat' dir='ltr'><strong>Non</strong></span> <span class='ocrx_word' id='word_1_450' title='bbox 2438 2802 2614 2873; x_wconf 84' lang='lat' dir='ltr'><strong>elegit</strong></span> <span class='ocrx_word' id='word_1_451' title='bbox 2667 2802 2953 2857; x_wconf 92' lang='lat' dir='ltr'><strong>Dominus</strong></span> <span class='ocrx_word' id='word_1_452' title='bbox 3004 2819 3073 2857; x_wconf 91' lang='lat' dir='ltr'><strong>ex</strong></span> <span class='ocrx_word' id='word_1_453' title='bbox 3126 2802 3279 2857; x_wconf 90' lang='lat' dir='ltr'><strong>istis.</strong></span> <span class='ocrx_word' id='word_1_454' title='bbox 3330 2802 3602 2873; x_wconf 81' lang='lat' dir='ltr'><strong>Dixitque</strong></span> 
     </span>
    </p>
   </div>
   <div class='ocr_carea' id='block_1_58' title="bbox 1956 2889 3603 2962">
    <p class='ocr_par' dir='ltr' id='par_1_58' title="bbox 1956 2889 3603 2962">
     <span class='ocr_line' id='line_1_58' title="bbox 1956 2889 3603 2962; baseline 0 -17"><span class='ocrx_word' id='word_1_455' title='bbox 1956 2889 2192 2945; x_wconf 87' lang='lat' dir='ltr'><strong>Samuel</strong></span> <span class='ocrx_word' id='word_1_456' title='bbox 2244 2891 2314 2945; x_wconf 90' lang='lat' dir='ltr'><strong>ad</strong></span> <span class='ocrx_word' id='word_1_457' title='bbox 2365 2891 2476 2946; x_wconf 89' lang='lat' dir='ltr'><strong>Isai</strong></span> <span class='ocrx_word' id='word_1_458' title='bbox 2528 2908 2540 2945; x_wconf 88' lang='lat'><strong>:</strong></span> <span class='ocrx_word' id='word_1_459' title='bbox 2594 2891 2888 2962; x_wconf 91' lang='lat' dir='ltr'><strong>Numquid</strong></span> <span class='ocrx_word' id='word_1_460' title='bbox 2944 2891 3069 2961; x_wconf 89' lang='lat' dir='ltr'><strong>jam</strong></span> <span class='ocrx_word' id='word_1_461' title='bbox 3136 2890 3411 2962; x_wconf 89' lang='lat' dir='ltr'><strong>completi</strong></span> <span class='ocrx_word' id='word_1_462' title='bbox 3462 2894 3603 2945; x_wconf 89' lang='lat' dir='ltr'><strong>sunt</strong></span> 
     </span>
    </p>
   </div>
   <div class='ocr_carea' id='block_1_59' title="bbox 1960 2978 3604 3052">
    <p class='ocr_par' dir='ltr' id='par_1_59' title="bbox 1960 2978 3604 3052">
     <span class='ocr_line' id='line_1_59' title="bbox 1960 2978 3604 3052; baseline -0.001 -17"><span class='ocrx_word' id='word_1_463' title='bbox 1960 2978 2110 3035; x_wconf 84' lang='lat' dir='ltr'><strong>ﬁlii?</strong></span> <span class='ocrx_word' id='word_1_464' title='bbox 2141 2980 2247 3045; x_wconf 93' lang='lat' dir='ltr'>Qui</span> <span class='ocrx_word' id='word_1_465' title='bbox 2280 2980 2582 3052; x_wconf 90' lang='lat' dir='ltr'><strong>respondit</strong></span> <span class='ocrx_word' id='word_1_466' title='bbox 2614 2996 2628 3036; x_wconf 90' lang='lat'><strong>:</strong></span> <span class='ocrx_word' id='word_1_467' title='bbox 2663 2980 2869 3036; x_wconf 85' lang='lat' dir='ltr'><strong>Adhuc</strong></span> <span class='ocrx_word' id='word_1_468' title='bbox 2899 2980 3161 3051; x_wconf 90' lang='lat' dir='ltr'><strong>reliquus</strong></span> <span class='ocrx_word' id='word_1_469' title='bbox 3182 2985 3271 3036; x_wconf 89' lang='lat' dir='ltr'><strong>est</strong></span> <span class='ocrx_word' id='word_1_470' title='bbox 3300 2978 3604 3051; x_wconf 89' lang='lat' dir='ltr'><strong>parvulus,</strong></span> 
     </span>
    </p>
   </div>
   <div class='ocr_carea' id='block_1_60' title="bbox 1961 3069 3608 3142">
    <p class='ocr_par' dir='ltr' id='par_1_60' title="bbox 1961 3069 3608 3142">
     <span class='ocr_line' id='line_1_60' title="bbox 1961 3069 3608 3142; baseline -0.001 -18"><span class='ocrx_word' id='word_1_471' title='bbox 1961 3074 2019 3125; x_wconf 91' lang='lat' dir='ltr'><strong>et</strong></span> <span class='ocrx_word' id='word_1_472' title='bbox 2051 3070 2234 3142; x_wconf 90' lang='lat' dir='ltr'><strong>pascit</strong></span> <span class='ocrx_word' id='word_1_473' title='bbox 2259 3086 2413 3127; x_wconf 84' lang='lat' dir='ltr'><strong>oves.</strong></span> <span class='ocrx_word' id='word_1_474' title='bbox 2447 3074 2515 3126; x_wconf 87' lang='lat' dir='ltr'><strong>Et</strong></span> <span class='ocrx_word' id='word_1_475' title='bbox 2558 3071 2640 3125; x_wconf 90' lang='lat' dir='ltr'><strong>ait</strong></span> <span class='ocrx_word' id='word_1_476' title='bbox 2685 3070 2915 3126; x_wconf 86' lang='lat' dir='ltr'><strong>Samuel</strong></span> <span class='ocrx_word' id='word_1_477' title='bbox 2965 3073 3033 3125; x_wconf 91' lang='lat' dir='ltr'><strong>ad</strong></span> <span class='ocrx_word' id='word_1_478' title='bbox 3087 3069 3195 3125; x_wconf 91' lang='lat' dir='ltr'><strong>Isai</strong></span> <span class='ocrx_word' id='word_1_479' title='bbox 3248 3086 3260 3123; x_wconf 89' lang='lat'>:</span> <span class='ocrx_word' id='word_1_480' title='bbox 3314 3069 3495 3137; x_wconf 87' lang='lat' dir='ltr'><strong>Mitte,</strong></span> <span class='ocrx_word' id='word_1_481' title='bbox 3550 3072 3608 3124; x_wconf 89' lang='lat' dir='ltr'><strong>et</strong></span> 
     </span>
    </p>
   </div>
   <div class='ocr_carea' id='block_1_61' title="bbox 195 3156 3602 3233">
    <p class='ocr_par' dir='ltr' id='par_1_61' title="bbox 195 3156 3602 3233">
     <span class='ocr_line' id='line_1_61' title="bbox 195 3156 3602 3233; baseline -0.001 -18"><span class='ocrx_word' id='word_1_482' title='bbox 195 3165 255 3215; x_wconf 86' lang='lat' dir='ltr'><strong>et</strong></span> <span class='ocrx_word' id='word_1_483' title='bbox 284 3160 653 3232; x_wconf 61' lang='lat' dir='ltr'><strong>paenitudine</strong></span> <span class='ocrx_word' id='word_1_484' title='bbox 698 3178 810 3216; x_wconf 94' lang='lat' dir='ltr'><strong>non</strong></span> <span class='ocrx_word' id='word_1_485' title='bbox 862 3161 1125 3217; x_wconf 85' lang='lat' dir='ltr'><strong>ﬂectetur</strong></span> <span class='ocrx_word' id='word_1_486' title='bbox 1171 3180 1184 3217; x_wconf 90' lang='lat'><strong>:</strong></span> <span class='ocrx_word' id='word_1_487' title='bbox 1236 3179 1419 3232; x_wconf 90' lang='lat' dir='ltr'><strong>neque</strong></span> <span class='ocrx_word' id='word_1_488' title='bbox 1470 3164 1625 3217; x_wconf 91' lang='lat' dir='ltr'><strong>enim</strong></span> <span class='ocrx_word' id='word_1_489' title='bbox 1677 3162 1852 3218; x_wconf 92' lang='lat' dir='ltr'><strong>homo</strong></span> <span class='ocrx_word' id='word_1_490' title='bbox 1898 3230 1913 3233; x_wconf 27' lang='grc' dir='ltr'><strong>Α</strong></span> <span class='ocrx_word' id='word_1_491' title='bbox 1962 3160 2154 3215; x_wconf 89' lang='lat' dir='ltr'><strong>adduc</strong></span> <span class='ocrx_word' id='word_1_492' title='bbox 2180 3176 2339 3231; x_wconf 91' lang='lat' dir='ltr'><strong>eum,</strong></span> <span class='ocrx_word' id='word_1_493' title='bbox 2372 3176 2478 3215; x_wconf 89' lang='lat' dir='ltr'><strong>nec</strong></span> <span class='ocrx_word' id='word_1_494' title='bbox 2510 3160 2669 3215; x_wconf 92' lang='lat' dir='ltr'><strong>enim</strong></span> <span class='ocrx_word' id='word_1_495' title='bbox 2701 3160 3147 3215; x_wconf 91' lang='lat' dir='ltr'><strong>discumbemus</strong></span> <span class='ocrx_word' id='word_1_496' title='bbox 3177 3159 3256 3233; x_wconf 92' lang='lat' dir='ltr'><strong>[h.</strong></span> <span class='ocrx_word' id='word_1_497' title='bbox 3309 3156 3602 3213; x_wconf 80' lang='lat' dir='ltr'><strong>circumse-</strong></span> 
     </span>
    </p>
   </div>
   <div class='ocr_carea' id='block_1_62' title="bbox 195 3230 3609 3321">
    <p class='ocr_par' dir='ltr' id='par_1_62' title="bbox 195 3230 3609 3321">
     <span class='ocr_line' id='line_1_62' title="bbox 195 3230 3609 3321; baseline -0.001 -16"><span class='ocrx_word' id='word_1_498' title='bbox 195 3230 388 3305; x_wconf 39' lang='lat' dir='ltr'><strong>est-ut</strong></span> <span class='ocrx_word' id='word_1_499' title='bbox 418 3252 553 3320; x_wconf 88' lang='lat' dir='ltr'><strong>agat</strong></span> <span class='ocrx_word' id='word_1_500' title='bbox 578 3250 997 3321; x_wconf 66' lang='lat' dir='ltr'><strong>paenitentiam.</strong></span> <span class='ocrx_word' id='word_1_501' title='bbox 1030 3253 1103 3305; x_wconf 88' lang='lat' dir='ltr'><strong>At</strong></span> <span class='ocrx_word' id='word_1_502' title='bbox 1133 3251 1229 3307; x_wconf 92' lang='lat' dir='ltr'><strong>ille</strong></span> <span class='ocrx_word' id='word_1_503' title='bbox 1275 3230 1357 3307; x_wconf 81' lang='lat' dir='ltr'><strong>ait</strong></span> <span class='ocrx_word' id='word_1_504' title='bbox 1388 3268 1400 3305; x_wconf 91' lang='lat'>:</span> <span class='ocrx_word' id='word_1_505' title='bbox 1437 3252 1694 3320; x_wconf 89' lang='lat' dir='ltr'><strong>Peccavi,</strong></span> <span class='ocrx_word' id='word_1_506' title='bbox 1750 3253 1849 3307; x_wconf 91' lang='lat' dir='ltr'><strong>sed</strong></span> <span class='ocrx_word' id='word_1_507' title='bbox 1884 3230 1925 3297; x_wconf 67' lang='grc' dir='ltr'><strong>(ἶ</strong></span> <span class='ocrx_word' id='word_1_508' title='bbox 1961 3248 2233 3319; x_wconf 71' lang='lat' dir='ltr'><strong>dabimus]</strong></span> <span class='ocrx_word' id='word_1_509' title='bbox 2263 3230 2425 3320; x_wconf 86' lang='lat' dir='ltr'><strong>prius</strong></span> <span class='ocrx_word' id='word_1_510' title='bbox 2458 3266 2634 3321; x_wconf 89' lang='lat' dir='ltr'><strong>quam</strong></span> <span class='ocrx_word' id='word_1_511' title='bbox 2670 3249 2764 3305; x_wconf 89' lang='lat' dir='ltr'><strong>ille</strong></span> <span class='ocrx_word' id='word_1_512' title='bbox 2794 3250 2907 3304; x_wconf 92' lang='lat' dir='ltr'><strong>huc</strong></span> <span class='ocrx_word' id='word_1_513' title='bbox 2937 3249 3149 3304; x_wconf 88' lang='lat' dir='ltr'><strong>veniat.</strong></span> <span class='ocrx_word' id='word_1_514' title='bbox 3178 3230 3334 3304; x_wconf 75' lang='lat' dir='ltr'><strong>Misit</strong></span> <span class='ocrx_word' id='word_1_515' title='bbox 3360 3264 3519 3319; x_wconf 87' lang='lat' dir='ltr'><strong>ergo,</strong></span> <span class='ocrx_word' id='word_1_516' title='bbox 3552 3252 3609 3302; x_wconf 88' lang='lat' dir='ltr'><strong>et</strong></span> 
     </span>
    </p>
   </div>
   <div class='ocr_carea' id='block_1_63' title="bbox 193 3337 1854 3413">
    <p class='ocr_par' dir='ltr' id='par_1_63' title="bbox 193 3337 1854 3413">
     <span class='ocr_line' id='line_1_63' title="bbox 193 3337 1854 3413; baseline 0.001 -20"><span class='ocrx_word' id='word_1_517' title='bbox 193 3354 357 3394; x_wconf 89' lang='lat' dir='ltr'><strong>nunc</strong></span> <span class='ocrx_word' id='word_1_518' title='bbox 388 3337 615 3393; x_wconf 90' lang='lat' dir='ltr'><strong>honora</strong></span> <span class='ocrx_word' id='word_1_519' title='bbox 646 3354 737 3393; x_wconf 86' lang='lat' dir='ltr'><strong>me</strong></span> <span class='ocrx_word' id='word_1_520' title='bbox 767 3354 963 3394; x_wconf 91' lang='lat' dir='ltr'><strong>coram</strong></span> <span class='ocrx_word' id='word_1_521' title='bbox 992 3340 1327 3395; x_wconf 88' lang='lat' dir='ltr'><strong>senioribus</strong></span> <span class='ocrx_word' id='word_1_522' title='bbox 1358 3340 1554 3413; x_wconf 90' lang='lat' dir='ltr'><strong>populi</strong></span> <span class='ocrx_word' id='word_1_523' title='bbox 1609 3341 1747 3403; x_wconf 91' lang='lat' dir='ltr'>mei,</span> <span class='ocrx_word' id='word_1_524' title='bbox 1796 3344 1854 3396; x_wconf 93' lang='lat' dir='ltr'><strong>et</strong></span> 
     </span>
    </p>
   </div>
   <div class='ocr_carea' id='block_1_64' title="bbox 195 3425 1851 3495">
    <p class='ocr_par' dir='ltr' id='par_1_64' title="bbox 195 3425 1851 3495">
     <span class='ocr_line' id='line_1_64' title="bbox 195 3425 1851 3495; baseline 0.001 -12"><span class='ocrx_word' id='word_1_525' title='bbox 195 3443 399 3483; x_wconf 88' lang='lat' dir='ltr'><strong>coram</strong></span> <span class='ocrx_word' id='word_1_526' title='bbox 432 3425 637 3493; x_wconf 88' lang='lat' dir='ltr'><strong>Israel,</strong></span> <span class='ocrx_word' id='word_1_527' title='bbox 664 3430 722 3482; x_wconf 90' lang='lat' dir='ltr'><strong>et</strong></span> <span class='ocrx_word' id='word_1_528' title='bbox 755 3432 1040 3483; x_wconf 87' lang='lat' dir='ltr'><strong>revertere</strong></span> <span class='ocrx_word' id='word_1_529' title='bbox 1075 3445 1329 3495; x_wconf 89' lang='lat' dir='ltr'><strong>mecum,</strong></span> <span class='ocrx_word' id='word_1_530' title='bbox 1364 3434 1427 3484; x_wconf 92' lang='lat' dir='ltr'><strong>ut</strong></span> <span class='ocrx_word' id='word_1_531' title='bbox 1452 3430 1688 3485; x_wconf 90' lang='lat' dir='ltr'><strong>adorem</strong></span> <span class='ocrx_word' id='word_1_532' title='bbox 1740 3429 1851 3485; x_wconf 88' lang='lat' dir='ltr'><strong>Do-</strong></span> 
     </span>
    </p>
   </div>
   <div class='ocr_carea' id='block_1_65' title="bbox 197 3514 1853 3589">
    <p class='ocr_par' dir='ltr' id='par_1_65' title="bbox 197 3514 1853 3589">
     <span class='ocr_line' id='line_1_65' title="bbox 197 3514 1853 3589; baseline 0.001 -17"><span class='ocrx_word' id='word_1_533' title='bbox 197 3518 436 3572; x_wconf 90' lang='lat' dir='ltr'>minum</span> <span class='ocrx_word' id='word_1_534' title='bbox 471 3514 656 3571; x_wconf 90' lang='lat' dir='ltr'><strong>Deum</strong></span> <span class='ocrx_word' id='word_1_535' title='bbox 679 3516 1168 3573; x_wconf 81' lang='lat' dir='ltr'><strong>tuum.Reversus</strong></span> <span class='ocrx_word' id='word_1_536' title='bbox 1189 3535 1323 3589; x_wconf 84' lang='lat' dir='ltr'><strong>ergo</strong></span> <span class='ocrx_word' id='word_1_537' title='bbox 1344 3518 1582 3574; x_wconf 91' lang='lat' dir='ltr'><strong>Samuel</strong></span> <span class='ocrx_word' id='word_1_538' title='bbox 1614 3522 1853 3575; x_wconf 90' lang='lat' dir='ltr'><strong>secutus</strong></span> 
     </span>
    </p>
   </div>
   <div class='ocr_carea' id='block_1_66' title="bbox 196 3603 1851 3678">
    <p class='ocr_par' dir='ltr' id='par_1_66' title="bbox 196 3603 1851 3678">
     <span class='ocr_line' id='line_1_66' title="bbox 196 3603 1851 3678; baseline 0.001 -17"><span class='ocrx_word' id='word_1_539' title='bbox 196 3610 289 3661; x_wconf 83' lang='lat' dir='ltr'><strong>est</strong></span> <span class='ocrx_word' id='word_1_540' title='bbox 349 3603 595 3661; x_wconf 87' lang='lat' dir='ltr'><strong>Saulem</strong></span> <span class='ocrx_word' id='word_1_541' title='bbox 648 3606 691 3675; x_wconf 80' lang='grc'><strong>³,</strong></span> <span class='ocrx_word' id='word_1_542' title='bbox 740 3610 798 3660; x_wconf 91' lang='lat' dir='ltr'><strong>et</strong></span> <span class='ocrx_word' id='word_1_543' title='bbox 844 3606 1105 3661; x_wconf 90' lang='lat' dir='ltr'><strong>adoravit</strong></span> <span class='ocrx_word' id='word_1_544' title='bbox 1168 3607 1306 3662; x_wconf 92' lang='lat' dir='ltr'><strong>Saul</strong></span> <span class='ocrx_word' id='word_1_545' title='bbox 1376 3609 1709 3664; x_wconf 89' lang='lat' dir='ltr'><strong>Dominum.</strong></span> <span class='ocrx_word' id='word_1_546' title='bbox 1761 3609 1851 3678; x_wconf 92' lang='lat' dir='ltr'><strong>[T.</strong></span> 
     </span>
    </p>
   </div>
   <div class='ocr_carea' id='block_1_67' title="bbox 197 3692 1853 3767">
    <p class='ocr_par' dir='ltr' id='par_1_67' title="bbox 197 3692 1853 3767">
     <span class='ocr_line' id='line_1_67' title="bbox 197 3692 1853 3767; baseline 0.003 -18"><span class='ocrx_word' id='word_1_547' title='bbox 197 3692 554 3767; x_wconf 67' lang='lat' dir='ltr'><strong>XXXV/[IL]</strong></span> <span class='ocrx_word' id='word_1_548' title='bbox 601 3693 875 3766; x_wconf 86' lang='lat' dir='ltr'><strong>Dixitque</strong></span> <span class='ocrx_word' id='word_1_549' title='bbox 945 3696 1178 3751; x_wconf 89' lang='lat' dir='ltr'><strong>Samuel</strong></span> <span class='ocrx_word' id='word_1_550' title='bbox 1232 3713 1245 3752; x_wconf 89' lang='lat'>:</span> <span class='ocrx_word' id='word_1_551' title='bbox 1297 3697 1582 3753; x_wconf 83' lang='lat' dir='ltr'><strong>Adducite</strong></span> <span class='ocrx_word' id='word_1_552' title='bbox 1637 3698 1707 3752; x_wconf 90' lang='lat' dir='ltr'><strong>ad</strong></span> <span class='ocrx_word' id='word_1_553' title='bbox 1761 3713 1853 3754; x_wconf 92' lang='lat' dir='ltr'><strong>me</strong></span> 
     </span>
    </p>
   </div>
   <div class='ocr_carea' id='block_1_68' title="bbox 200 3772 1853 3858">
    <p class='ocr_par' dir='ltr' id='par_1_68' title="bbox 200 3772 1853 3858">
     <span class='ocr_line' id='line_1_68' title="bbox 200 3772 1853 3858; baseline 0.002 -21"><span class='ocrx_word' id='word_1_554' title='bbox 200 3790 369 3856; x_wconf 76' lang='lat' dir='ltr'><strong>Agag</strong></span> <span class='ocrx_word' id='word_1_555' title='bbox 404 3772 603 3854; x_wconf 82' lang='lat' dir='ltr'><strong>regem</strong></span> <span class='ocrx_word' id='word_1_556' title='bbox 636 3783 887 3839; x_wconf 87' lang='lat' dir='ltr'><strong>Amalec.</strong></span> <span class='ocrx_word' id='word_1_557' title='bbox 922 3784 989 3839; x_wconf 87' lang='lat' dir='ltr'><strong>Et</strong></span> <span class='ocrx_word' id='word_1_558' title='bbox 1020 3784 1253 3841; x_wconf 87' lang='lat' dir='ltr'><strong>oblatus</strong></span> <span class='ocrx_word' id='word_1_559' title='bbox 1284 3792 1373 3841; x_wconf 92' lang='lat' dir='ltr'><strong>est</strong></span> <span class='ocrx_word' id='word_1_560' title='bbox 1415 3787 1465 3841; x_wconf 92' lang='lat' dir='ltr'><strong>ei</strong></span> <span class='ocrx_word' id='word_1_561' title='bbox 1515 3792 1677 3858; x_wconf 81' lang='lat' dir='ltr'><strong>Agag</strong></span> <span class='ocrx_word' id='word_1_562' title='bbox 1726 3786 1853 3856; x_wconf 89' lang='lat' dir='ltr'><strong>pin-</strong></span> 
     </span>
    </p>
   </div>
   <div class='ocr_carea' id='block_1_69' title="bbox 199 3871 1849 3948">
    <p class='ocr_par' dir='ltr' id='par_1_69' title="bbox 199 3871 1849 3948">
     <span class='ocr_line' id='line_1_69' title="bbox 199 3871 1849 3948; baseline 0.002 -20"><span class='ocrx_word' id='word_1_563' title='bbox 199 3872 535 3945; x_wconf 86' lang='lat' dir='ltr'><strong>guissimus</strong></span> <span class='ocrx_word' id='word_1_564' title='bbox 559 3871 746 3944; x_wconf 80' lang='lat' dir='ltr'><strong>[Vulg.</strong></span> <span class='ocrx_word' id='word_1_565' title='bbox 764 3873 987 3928; x_wconf 88' lang='lat' dir='ltr'><strong>addunt</strong></span> <span class='ocrx_word' id='word_1_566' title='bbox 1005 3879 1056 3929; x_wconf 79' lang='lat' dir='ltr'><strong>et</strong></span> <span class='ocrx_word' id='word_1_567' title='bbox 1081 3876 1347 3946; x_wconf 67' lang='lat' dir='ltr'><strong>tremens]</strong></span> <span class='ocrx_word' id='word_1_568' title='bbox 1380 3877 1444 3931; x_wconf 88' lang='lat' dir='ltr'><strong>Et</strong></span> <span class='ocrx_word' id='word_1_569' title='bbox 1475 3876 1622 3931; x_wconf 87' lang='lat' dir='ltr'><strong>dixit</strong></span> <span class='ocrx_word' id='word_1_570' title='bbox 1648 3880 1803 3948; x_wconf 81' lang='lat' dir='ltr'><strong>Agag</strong></span> <span class='ocrx_word' id='word_1_571' title='bbox 1836 3891 1849 3931; x_wconf 92' lang='lat'><strong>:</strong></span> 
     </span>
    </p>
   </div>
   <div class='ocr_carea' id='block_1_70' title="bbox 202 3961 1848 4031">
    <p class='ocr_par' dir='ltr' id='par_1_70' title="bbox 202 3961 1848 4031">
     <span class='ocr_line' id='line_1_70' title="bbox 202 3961 1848 4031; baseline 0.002 -15"><span class='ocrx_word' id='word_1_572' title='bbox 202 3961 436 4017; x_wconf 87' lang='lat' dir='ltr'><strong>Siccine</strong></span> <span class='ocrx_word' id='word_1_573' title='bbox 489 3966 723 4031; x_wconf 86' lang='lat' dir='ltr'><strong>separat</strong></span> <span class='ocrx_word' id='word_1_574' title='bbox 788 3978 989 4017; x_wconf 90' lang='lat' dir='ltr'><strong>amara</strong></span> <span class='ocrx_word' id='word_1_575' title='bbox 1057 3963 1259 4018; x_wconf 83' lang='lat' dir='ltr'><strong>mors?</strong></span> <span class='ocrx_word' id='word_1_576' title='bbox 1305 3970 1379 4019; x_wconf 84' lang='lat' dir='ltr'><strong>Et</strong></span> <span class='ocrx_word' id='word_1_577' title='bbox 1426 3964 1508 4020; x_wconf 91' lang='lat' dir='ltr'><strong>ait</strong></span> <span class='ocrx_word' id='word_1_578' title='bbox 1550 3964 1782 4020; x_wconf 88' lang='lat' dir='ltr'><strong>Samuel</strong></span> <span class='ocrx_word' id='word_1_579' title='bbox 1835 3981 1848 4020; x_wconf 90' lang='lat'>:</span> 
     </span>
    </p>
   </div>
   <div class='ocr_carea' id='block_1_71' title="bbox 202 4050 1854 4125">
    <p class='ocr_par' dir='ltr' id='par_1_71' title="bbox 202 4050 1854 4125">
     <span class='ocr_line' id='line_1_71' title="bbox 202 4050 1854 4125; baseline 0.002 -19"><span class='ocrx_word' id='word_1_580' title='bbox 202 4050 369 4106; x_wconf 88' lang='lat' dir='ltr'><strong>Sicut</strong></span> <span class='ocrx_word' id='word_1_581' title='bbox 396 4050 537 4106; x_wconf 80' lang='lat' dir='ltr'><strong>fecit</strong></span> <span class='ocrx_word' id='word_1_582' title='bbox 556 4051 779 4121; x_wconf 88' lang='lat' dir='ltr'><strong>absque</strong></span> <span class='ocrx_word' id='word_1_583' title='bbox 802 4050 1001 4107; x_wconf 89' lang='lat' dir='ltr'><strong>liberis</strong></span> <span class='ocrx_word' id='word_1_584' title='bbox 1024 4051 1299 4108; x_wconf 89' lang='lat' dir='ltr'><strong>mulieres</strong></span> <span class='ocrx_word' id='word_1_585' title='bbox 1330 4053 1563 4125; x_wconf 83' lang='lat' dir='ltr'><strong>gladius</strong></span> <span class='ocrx_word' id='word_1_586' title='bbox 1595 4054 1854 4119; x_wconf 89' lang='lat' dir='ltr'><strong>tuus,sic</strong></span> 
     </span>
    </p>
   </div>
   <div class='ocr_carea' id='block_1_72' title="bbox 200 4137 1850 4211">
    <p class='ocr_par' dir='ltr' id='par_1_72' title="bbox 200 4137 1850 4211">
     <span class='ocr_line' id='line_1_72' title="bbox 200 4137 1850 4211; baseline 0.002 -16"><span class='ocrx_word' id='word_1_587' title='bbox 200 4142 429 4211; x_wconf 81' lang='lat' dir='ltr'><strong>absque</strong></span> <span class='ocrx_word' id='word_1_588' title='bbox 458 4137 661 4193; x_wconf 88' lang='lat' dir='ltr'><strong>liberis</strong></span> <span class='ocrx_word' id='word_1_589' title='bbox 692 4139 801 4194; x_wconf 90' lang='lat' dir='ltr'><strong>erit</strong></span> <span class='ocrx_word' id='word_1_590' title='bbox 829 4139 980 4196; x_wconf 90' lang='lat' dir='ltr'><strong>inter</strong></span> <span class='ocrx_word' id='word_1_591' title='bbox 1010 4140 1284 4197; x_wconf 90' lang='lat' dir='ltr'><strong>mulieres</strong></span> <span class='ocrx_word' id='word_1_592' title='bbox 1315 4148 1501 4198; x_wconf 88' lang='lat' dir='ltr'><strong>mater</strong></span> <span class='ocrx_word' id='word_1_593' title='bbox 1531 4148 1647 4199; x_wconf 88' lang='lat' dir='ltr'><strong>tua.</strong></span> <span class='ocrx_word' id='word_1_594' title='bbox 1683 4145 1749 4199; x_wconf 91' lang='lat' dir='ltr'><strong>Et</strong></span> <span class='ocrx_word' id='word_1_595' title='bbox 1793 4146 1850 4199; x_wconf 91' lang='lat' dir='ltr'><strong>in</strong></span> 
     </span>
    </p>
   </div>
   <div class='ocr_carea' id='block_1_73' title="bbox 203 4228 1849 4301">
    <p class='ocr_par' dir='ltr' id='par_1_73' title="bbox 203 4228 1849 4301">
     <span class='ocr_line' id='line_1_73' title="bbox 203 4228 1849 4301; baseline 0.002 -17"><span class='ocrx_word' id='word_1_596' title='bbox 203 4230 395 4284; x_wconf 83' lang='lat' dir='ltr'><strong>frusta</strong></span> <span class='ocrx_word' id='word_1_597' title='bbox 450 4228 710 4284; x_wconf 91' lang='lat' dir='ltr'><strong>concidit</strong></span> <span class='ocrx_word' id='word_1_598' title='bbox 752 4228 987 4284; x_wconf 86' lang='lat' dir='ltr'><strong>Samuel</strong></span> <span class='ocrx_word' id='word_1_599' title='bbox 1042 4232 1195 4301; x_wconf 76' lang='lat' dir='ltr'><strong>Agag</strong></span> <span class='ocrx_word' id='word_1_600' title='bbox 1247 4248 1440 4287; x_wconf 88' lang='lat' dir='ltr'><strong>coram</strong></span> <span class='ocrx_word' id='word_1_601' title='bbox 1493 4233 1741 4289; x_wconf 91' lang='lat' dir='ltr'>Domino</span> <span class='ocrx_word' id='word_1_602' title='bbox 1791 4234 1849 4288; x_wconf 92' lang='lat' dir='ltr'><strong>in</strong></span> 
     </span>
    </p>
   </div>
   <div class='ocr_carea' id='block_1_74' title="bbox 200 4316 1853 4391">
    <p class='ocr_par' dir='ltr' id='par_1_74' title="bbox 200 4316 1853 4391">
     <span class='ocr_line' id='line_1_74' title="bbox 200 4316 1853 4391; baseline 0.002 -18"><span class='ocrx_word' id='word_1_603' title='bbox 200 4316 484 4391; x_wconf 85' lang='lat' dir='ltr'><strong>Galgalis.</strong></span> <span class='ocrx_word' id='word_1_604' title='bbox 522 4317 672 4372; x_wconf 81' lang='lat' dir='ltr'><strong>Abiit</strong></span> <span class='ocrx_word' id='word_1_605' title='bbox 702 4324 896 4373; x_wconf 90' lang='lat' dir='ltr'><strong>autem</strong></span> <span class='ocrx_word' id='word_1_606' title='bbox 931 4319 1167 4374; x_wconf 91' lang='lat' dir='ltr'><strong>Samuel</strong></span> <span class='ocrx_word' id='word_1_607' title='bbox 1216 4320 1271 4374; x_wconf 92' lang='lat' dir='ltr'><strong>in</strong></span> <span class='ocrx_word' id='word_1_608' title='bbox 1319 4322 1602 4376; x_wconf 84' lang='lat' dir='ltr'><strong>Ramatha</strong></span> <span class='ocrx_word' id='word_1_609' title='bbox 1651 4338 1664 4375; x_wconf 90' lang='lat'>:</span> <span class='ocrx_word' id='word_1_610' title='bbox 1717 4322 1853 4377; x_wconf 91' lang='lat' dir='ltr'><strong>Saul</strong></span> 
     </span>
    </p>
   </div>
   <div class='ocr_carea' id='block_1_75' title="bbox 201 4405 1850 4466">
    <p class='ocr_par' dir='ltr' id='par_1_75' title="bbox 201 4405 1850 4466">
     <span class='ocr_line' id='line_1_75' title="bbox 201 4405 1850 4466; baseline 0.002 -5"><span class='ocrx_word' id='word_1_611' title='bbox 201 4422 335 4462; x_wconf 76' lang='lat' dir='ltr'><strong>vero</strong></span> <span class='ocrx_word' id='word_1_612' title='bbox 371 4405 641 4461; x_wconf 87' lang='lat' dir='ltr'><strong>ascendit</strong></span> <span class='ocrx_word' id='word_1_613' title='bbox 684 4406 743 4460; x_wconf 89' lang='lat' dir='ltr'><strong>in</strong></span> <span class='ocrx_word' id='word_1_614' title='bbox 791 4408 1031 4461; x_wconf 90' lang='lat' dir='ltr'><strong>domum</strong></span> <span class='ocrx_word' id='word_1_615' title='bbox 1084 4424 1248 4464; x_wconf 91' lang='lat' dir='ltr'><strong>suam</strong></span> <span class='ocrx_word' id='word_1_616' title='bbox 1298 4409 1355 4464; x_wconf 91' lang='lat' dir='ltr'><strong>in</strong></span> <span class='ocrx_word' id='word_1_617' title='bbox 1408 4410 1665 4465; x_wconf 86' lang='lat' dir='ltr'><strong>Gabaath</strong></span> <span class='ocrx_word' id='word_1_618' title='bbox 1717 4411 1850 4466; x_wconf 90' lang='lat' dir='ltr'><strong>Saul</strong></span> 
     </span>
    </p>
   </div>
   <div class='ocr_carea' id='block_1_76' title="bbox 204 4494 1851 4567">
    <p class='ocr_par' dir='ltr' id='par_1_76' title="bbox 204 4494 1851 4567">
     <span class='ocr_line' id='line_1_76' title="bbox 204 4494 1851 4567; baseline 0.005 -21"><span class='ocrx_word' id='word_1_619' title='bbox 204 4496 388 4566; x_wconf 74' lang='lat' dir='ltr'><strong>[Vulg.</strong></span> <span class='ocrx_word' id='word_1_620' title='bbox 444 4498 583 4550; x_wconf 81' lang='lat' dir='ltr'><strong>tacet</strong></span> <span class='ocrx_word' id='word_1_621' title='bbox 645 4494 824 4567; x_wconf 87' lang='lat' dir='ltr'><strong>Saul].</strong></span> <span class='ocrx_word' id='word_1_622' title='bbox 875 4499 941 4550; x_wconf 82' lang='lat' dir='ltr'><strong>Et</strong></span> <span class='ocrx_word' id='word_1_623' title='bbox 1008 4513 1119 4552; x_wconf 90' lang='lat' dir='ltr'>non</span> <span class='ocrx_word' id='word_1_624' title='bbox 1190 4498 1334 4553; x_wconf 91' lang='lat' dir='ltr'><strong>vidit</strong></span> <span class='ocrx_word' id='word_1_625' title='bbox 1398 4499 1632 4554; x_wconf 88' lang='lat' dir='ltr'><strong>Samuel</strong></span> <span class='ocrx_word' id='word_1_626' title='bbox 1700 4500 1851 4555; x_wconf 89' lang='lat' dir='ltr'><strong>ultra</strong></span> 
     </span>
    </p>
   </div>
   <div class='ocr_carea' id='block_1_77' title="bbox 204 4582 1334 4655">
    <p class='ocr_par' dir='ltr' id='par_1_77' title="bbox 204 4582 1334 4655">
     <span class='ocr_line' id='line_1_77' title="bbox 204 4582 1334 4655; baseline 0.005 -18"><span class='ocrx_word' id='word_1_627' title='bbox 204 4586 339 4639; x_wconf 88' lang='lat' dir='ltr'><strong>Saul</strong></span> <span class='ocrx_word' id='word_1_628' title='bbox 394 4599 583 4655; x_wconf 90' lang='lat' dir='ltr'><strong>usque</strong></span> <span class='ocrx_word' id='word_1_629' title='bbox 632 4582 690 4638; x_wconf 92' lang='lat' dir='ltr'><strong>in</strong></span> <span class='ocrx_word' id='word_1_630' title='bbox 749 4584 902 4640; x_wconf 92' lang='lat' dir='ltr'><strong>diem</strong></span> <span class='ocrx_word' id='word_1_631' title='bbox 953 4586 1160 4642; x_wconf 90' lang='lat' dir='ltr'><strong>mortis</strong></span> <span class='ocrx_word' id='word_1_632' title='bbox 1217 4604 1334 4642; x_wconf 72' lang='lat' dir='ltr'><strong>sua:</strong></span> 
     </span>
    </p>
   </div>
   <div class='ocr_carea' id='block_1_78' title="bbox 206 4672 1854 4748">
    <p class='ocr_par' dir='ltr' id='par_1_78' title="bbox 206 4672 1854 4748">
     <span class='ocr_line' id='line_1_78' title="bbox 206 4672 1854 4748; baseline 0.004 -21"><span class='ocrx_word' id='word_1_633' title='bbox 206 4672 454 4745; x_wconf 88' lang='lat' dir='ltr'><strong>lugebat</strong></span> <span class='ocrx_word' id='word_1_634' title='bbox 515 4672 749 4728; x_wconf 89' lang='lat' dir='ltr'><strong>Samuel</strong></span> <span class='ocrx_word' id='word_1_635' title='bbox 830 4672 1087 4743; x_wconf 84' lang='lat' dir='ltr'><strong>Saulem,</strong></span> <span class='ocrx_word' id='word_1_636' title='bbox 1174 4678 1449 4748; x_wconf 82' lang='lat' dir='ltr'><strong>quoniam</strong></span> <span class='ocrx_word' id='word_1_637' title='bbox 1539 4677 1854 4733; x_wconf 92' lang='lat' dir='ltr'><strong>Dominum</strong></span> 
     </span>
    </p>
   </div>
   <div class='ocr_carea' id='block_1_79' title="bbox 209 4761 1859 4838">
    <p class='ocr_par' dir='ltr' id='par_1_79' title="bbox 209 4761 1859 4838">
     <span class='ocr_line' id='line_1_79' title="bbox 209 4761 1859 4838; baseline 0.004 -21"><span class='ocrx_word' id='word_1_638' title='bbox 209 4761 533 4832; x_wconf 76' lang='lat' dir='ltr'><strong>pcenitebat</strong></span> <span class='ocrx_word' id='word_1_639' title='bbox 581 4762 734 4832; x_wconf 94' lang='lat' dir='ltr'><strong>quod</strong></span> <span class='ocrx_word' id='word_1_640' title='bbox 785 4762 1187 4820; x_wconf 86' lang='lat' dir='ltr'><strong>constituisset</strong></span> <span class='ocrx_word' id='word_1_641' title='bbox 1232 4766 1368 4821; x_wconf 89' lang='lat' dir='ltr'><strong>Saul</strong></span> <span class='ocrx_word' id='word_1_642' title='bbox 1420 4782 1611 4838; x_wconf 82' lang='lat' dir='ltr'><strong>regem</strong></span> <span class='ocrx_word' id='word_1_643' title='bbox 1681 4784 1859 4838; x_wconf 90' lang='lat' dir='ltr'><strong>super</strong></span> 
     </span>
    </p>
   </div>
   <div class='ocr_carea' id='block_1_80' title="bbox 211 4850 412 4907">
    <p class='ocr_par' dir='ltr' id='par_1_80' title="bbox 211 4850 412 4907">
     <span class='ocr_line' id='line_1_80' title="bbox 211 4850 412 4907; baseline -0.015 -1"><span class='ocrx_word' id='word_1_644' title='bbox 211 4850 412 4907; x_wconf 88' lang='lat' dir='ltr'><strong>Israel.</strong></span> 
     </span>
    </p>
   </div>
   <div class='ocr_carea' id='block_1_81' title="bbox 278 4938 1851 5013">
    <p class='ocr_par' dir='ltr' id='par_1_81' title="bbox 278 4938 1851 5013">
     <span class='ocr_line' id='line_1_81' title="bbox 278 4938 1851 5013; baseline 0.004 -20"><span class='ocrx_word' id='word_1_645' title='bbox 278 4941 362 5011; x_wconf 87' lang='lat' dir='ltr'><strong>[T.</strong></span> <span class='ocrx_word' id='word_1_646' title='bbox 410 4938 674 5007; x_wconf 81' lang='lat' dir='ltr'><strong>XXXIX,</strong></span> <span class='ocrx_word' id='word_1_647' title='bbox 727 4938 856 5010; x_wconf 80' lang='lat' dir='ltr'><strong>Cap.</strong></span> <span class='ocrx_word' id='word_1_648' title='bbox 909 4939 1079 5010; x_wconf 84' lang='lat' dir='ltr'><strong>XVI.]</strong></span> <span class='ocrx_word' id='word_1_649' title='bbox 1123 4941 1389 5013; x_wconf 87' lang='lat' dir='ltr'><strong>Dixitque</strong></span> <span class='ocrx_word' id='word_1_650' title='bbox 1446 4943 1730 5000; x_wconf 92' lang='lat' dir='ltr'>Dominus</span> <span class='ocrx_word' id='word_1_651' title='bbox 1784 4946 1851 5000; x_wconf 91' lang='lat' dir='ltr'><strong>ad</strong></span> 
     </span>
    </p>
   </div>
   <div class='ocr_carea' id='block_1_82' title="bbox 205 5027 1855 5107">
    <p class='ocr_par' dir='ltr' id='par_1_82' title="bbox 205 5027 1855 5107">
     <span class='ocr_line' id='line_1_82' title="bbox 205 5027 1855 5107; baseline 0.004 -22"><span class='ocrx_word' id='word_1_652' title='bbox 205 5028 589 5085; x_wconf 87' lang='lat' dir='ltr'><strong>Samuelem:</strong></span> <span class='ocrx_word' id='word_1_653' title='bbox 642 5027 958 5099; x_wconf 89' lang='lat' dir='ltr'><strong>Usquequo</strong></span> <span class='ocrx_word' id='word_1_654' title='bbox 1010 5034 1071 5084; x_wconf 89' lang='lat' dir='ltr'><strong>tu</strong></span> <span class='ocrx_word' id='word_1_655' title='bbox 1121 5029 1313 5101; x_wconf 90' lang='lat' dir='ltr'><strong>luges,</strong></span> <span class='ocrx_word' id='word_1_656' title='bbox 1360 5032 1517 5103; x_wconf 89' lang='lat' dir='ltr'><strong>Saul,</strong></span> <span class='ocrx_word' id='word_1_657' title='bbox 1568 5050 1697 5089; x_wconf 90' lang='lat' dir='ltr'><strong>cum</strong></span> <span class='ocrx_word' id='word_1_658' title='bbox 1750 5050 1855 5107; x_wconf 81' lang='lat' dir='ltr'><strong>ego</strong></span> 
     </span>
    </p>
   </div>
   <div class='ocr_carea' id='block_1_83' title="bbox 210 5118 1855 5195">
    <p class='ocr_par' dir='ltr' id='par_1_83' title="bbox 210 5118 1855 5195">
     <span class='ocr_line' id='line_1_83' title="bbox 210 5118 1855 5195; baseline 0.003 -22"><span class='ocrx_word' id='word_1_659' title='bbox 210 5118 559 5189; x_wconf 87' lang='lat' dir='ltr'><strong>projecerim</strong></span> <span class='ocrx_word' id='word_1_660' title='bbox 610 5132 743 5171; x_wconf 90' lang='lat' dir='ltr'><strong>eum</strong></span> <span class='ocrx_word' id='word_1_661' title='bbox 808 5133 879 5171; x_wconf 91' lang='lat' dir='ltr'><strong>ne</strong></span> <span class='ocrx_word' id='word_1_662' title='bbox 925 5124 1128 5189; x_wconf 88' lang='lat' dir='ltr'><strong>regnet</strong></span> <span class='ocrx_word' id='word_1_663' title='bbox 1174 5136 1352 5192; x_wconf 90' lang='lat' dir='ltr'><strong>super</strong></span> <span class='ocrx_word' id='word_1_664' title='bbox 1399 5122 1623 5177; x_wconf 87' lang='lat' dir='ltr'><strong>Israel?</strong></span> <span class='ocrx_word' id='word_1_665' title='bbox 1673 5123 1855 5195; x_wconf 87' lang='lat' dir='ltr'><strong>Imple</strong></span> 
     </span>
    </p>
   </div>
   <div class='ocr_carea' id='block_1_84' title="bbox 207 5204 1852 5274">
    <p class='ocr_par' dir='ltr' id='par_1_84' title="bbox 207 5204 1852 5274">
     <span class='ocr_line' id='line_1_84' title="bbox 207 5204 1852 5274; baseline 0.004 -13"><span class='ocrx_word' id='word_1_666' title='bbox 207 5222 385 5262; x_wconf 84' lang='lat' dir='ltr'><strong>cornu</strong></span> <span class='ocrx_word' id='word_1_667' title='bbox 420 5211 590 5260; x_wconf 71' lang='lat' dir='ltr'><strong>tuum</strong></span> <span class='ocrx_word' id='word_1_668' title='bbox 622 5204 769 5271; x_wconf 89' lang='lat' dir='ltr'><strong>oleo,</strong></span> <span class='ocrx_word' id='word_1_669' title='bbox 803 5211 860 5260; x_wconf 91' lang='lat' dir='ltr'><strong>et</strong></span> <span class='ocrx_word' id='word_1_670' title='bbox 888 5206 1039 5274; x_wconf 90' lang='lat' dir='ltr'><strong>veni,</strong></span> <span class='ocrx_word' id='word_1_671' title='bbox 1074 5209 1307 5264; x_wconf 86' lang='lat' dir='ltr'><strong>mittam</strong></span> <span class='ocrx_word' id='word_1_672' title='bbox 1339 5216 1397 5265; x_wconf 90' lang='lat' dir='ltr'><strong>te</strong></span> <span class='ocrx_word' id='word_1_673' title='bbox 1428 5212 1496 5265; x_wconf 91' lang='lat' dir='ltr'><strong>ad</strong></span> <span class='ocrx_word' id='word_1_674' title='bbox 1536 5212 1642 5267; x_wconf 86' lang='lat' dir='ltr'><strong>Isai</strong></span> <span class='ocrx_word' id='word_1_675' title='bbox 1678 5213 1852 5268; x_wconf 87' lang='lat' dir='ltr'><strong>Beth-</strong></span> 
     </span>
    </p>
   </div>
   <div class='ocr_carea' id='block_1_85' title="bbox 282 5400 1857 5476">
    <p class='ocr_par' dir='ltr' id='par_1_85' title="bbox 282 5400 1857 5476">
     <span class='ocr_line' id='line_1_85' title="bbox 282 5400 1857 5476; baseline 0.006 -18"><span class='ocrx_word' id='word_1_676' title='bbox 282 5406 298 5439; x_wconf 74' lang='grc' dir='ltr'><strong>ι</strong></span> <span class='ocrx_word' id='word_1_677' title='bbox 349 5406 499 5459; x_wconf 91' lang='lat' dir='ltr'><strong>Cum</strong></span> <span class='ocrx_word' id='word_1_678' title='bbox 553 5400 831 5476; x_wconf 85' lang='lat' dir='ltr'><strong>Vulgatis_</strong></span> <span class='ocrx_word' id='word_1_679' title='bbox 872 5418 983 5457; x_wconf 90' lang='lat' dir='ltr'><strong>ms.</strong></span> <span class='ocrx_word' id='word_1_680' title='bbox 1036 5407 1380 5476; x_wconf 87' lang='lat' dir='ltr'><strong>Veronens.,</strong></span> <span class='ocrx_word' id='word_1_681' title='bbox 1431 5425 1552 5463; x_wconf 80' lang='lat' dir='ltr'><strong>sua.</strong></span> <span class='ocrx_word' id='word_1_682' title='bbox 1604 5411 1709 5465; x_wconf 92' lang='lat' dir='ltr'><strong>Sed</strong></span> <span class='ocrx_word' id='word_1_683' title='bbox 1759 5415 1857 5469; x_wconf 78' lang='lat' dir='ltr'><strong>tuo</strong></span> 
     </span>
    </p>
   </div>
   <div class='ocr_carea' id='block_1_86' title="bbox 217 5474 936 5545">
    <p class='ocr_par' dir='ltr' id='par_1_86' title="bbox 217 5474 936 5545">
     <span class='ocr_line' id='line_1_86' title="bbox 217 5474 936 5545; baseline -0.001 -17"><span class='ocrx_word' id='word_1_684' title='bbox 217 5476 385 5529; x_wconf 75' lang='lat' dir='ltr'><strong>Hebr.</strong></span> <span class='ocrx_word' id='word_1_685' title='bbox 419 5489 653 5545; x_wconf 82' lang='lat' dir='ltr'><strong>quoque</strong></span> <span class='ocrx_word' id='word_1_686' title='bbox 688 5474 936 5545; x_wconf 66' lang='lat' dir='ltr'><strong>praefert.</strong></span> 
     </span>
    </p>
   </div>
   <div class='ocr_carea' id='block_1_87' title="bbox 284 5544 1855 5621">
    <p class='ocr_par' dir='ltr' id='par_1_87' title="bbox 284 5544 1855 5621">
     <span class='ocr_line' id='line_1_87' title="bbox 284 5544 1855 5621; baseline 0.006 -22"><span class='ocrx_word' id='word_1_687' title='bbox 284 5546 305 5580; x_wconf 88' lang='grc'>²</span> <span class='ocrx_word' id='word_1_688' title='bbox 339 5544 457 5621; x_wconf 34' lang='lat' dir='ltr'>Hic:</span> <span class='ocrx_word' id='word_1_689' title='bbox 472 5544 604 5621; x_wconf 80' lang='lat' dir='ltr'><strong>vero</strong></span> <span class='ocrx_word' id='word_1_690' title='bbox 632 5544 868 5621; x_wconf 74' lang='lat' dir='ltr'><strong>longius</strong></span> <span class='ocrx_word' id='word_1_691' title='bbox 900 5546 969 5599; x_wconf 90' lang='lat' dir='ltr'><strong>ab</strong></span> <span class='ocrx_word' id='word_1_692' title='bbox 998 5546 1233 5604; x_wconf 69' lang='lat' dir='ltr'><strong>Hebraeo</strong></span> <span class='ocrx_word' id='word_1_693' title='bbox 1264 5555 1511 5621; x_wconf 87' lang='lat' dir='ltr'><strong>vagatur</strong></span> <span class='ocrx_word' id='word_1_694' title='bbox 1535 5552 1855 5609; x_wconf 76' lang='lat' dir='ltr'><strong>Veronens.</strong></span> 
     </span>
    </p>
   </div>
   <div class='ocr_carea' id='block_1_88' title="bbox 224 5616 1855 5689">
    <p class='ocr_par' dir='ltr' id='par_1_88' title="bbox 224 5616 1855 5689">
     <span class='ocr_line' id='line_1_88' title="bbox 224 5616 1855 5689; baseline 0.007 -19"><span class='ocrx_word' id='word_1_695' title='bbox 224 5634 333 5672; x_wconf 89' lang='lat' dir='ltr'><strong>ms.</strong></span> <span class='ocrx_word' id='word_1_696' title='bbox 366 5619 459 5686; x_wconf 79' lang='lat' dir='ltr'><strong>qui</strong></span> <span class='ocrx_word' id='word_1_697' title='bbox 491 5616 649 5689; x_wconf 90' lang='lat' dir='ltr'><strong>legit,</strong></span> <span class='ocrx_word' id='word_1_698' title='bbox 684 5616 755 5671; x_wconf 82' lang='lat' dir='ltr'><strong>Et</strong></span> <span class='ocrx_word' id='word_1_699' title='bbox 802 5628 1015 5673; x_wconf 72' lang='lat' dir='ltr'><strong>secutus</strong></span> <span class='ocrx_word' id='word_1_700' title='bbox 1056 5624 1134 5674; x_wconf 70' lang='lat' dir='ltr'><strong>est</strong></span> <span class='ocrx_word' id='word_1_701' title='bbox 1176 5637 1301 5676; x_wconf 83' lang='lat' dir='ltr'><strong>eum</strong></span> <span class='ocrx_word' id='word_1_702' title='bbox 1338 5616 1511 5678; x_wconf 41' lang='lat' dir='ltr'><strong>‘Saul.</strong></span> <span class='ocrx_word' id='word_1_703' title='bbox 1562 5626 1733 5680; x_wconf 86' lang='lat' dir='ltr'><strong>Hebr.</strong></span> <span class='ocrx_word' id='word_1_704' title='bbox 1785 5627 1855 5682; x_wconf 91' lang='lat' dir='ltr'><strong>ad</strong></span> 
     </span>
    </p>
   </div>
   <div class='ocr_carea' id='block_1_89' title="bbox 223 5690 1467 5762">
    <p class='ocr_par' dir='ltr' id='par_1_89' title="bbox 223 5690 1467 5762">
     <span class='ocr_line' id='line_1_89' title="bbox 223 5690 1467 5762; baseline 0.007 -19"><span class='ocrx_word' id='word_1_705' title='bbox 223 5690 484 5761; x_wconf 88' lang='lat' dir='ltr'><strong>verbum,</strong></span> <span class='ocrx_word' id='word_1_706' title='bbox 516 5690 776 5747; x_wconf 74' lang='lat' dir='ltr'><strong>Reversus</strong></span> <span class='ocrx_word' id='word_1_707' title='bbox 806 5695 887 5747; x_wconf 75' lang='lat' dir='ltr'><strong>est</strong></span> <span class='ocrx_word' id='word_1_708' title='bbox 914 5690 1137 5748; x_wconf 81' lang='lat' dir='ltr'><strong>Samuel</strong></span> <span class='ocrx_word' id='word_1_709' title='bbox 1162 5697 1284 5762; x_wconf 76' lang='lat' dir='ltr'><strong>post</strong></span> <span class='ocrx_word' id='word_1_710' title='bbox 1313 5694 1467 5754; x_wconf 82' lang='lat' dir='ltr'><strong>Saul.</strong></span> 
     </span>
    </p>
   </div>
   <div class='ocr_carea' id='block_1_90' title="bbox 1963 3337 3609 3409">
    <p class='ocr_par' dir='ltr' id='par_1_90' title="bbox 1963 3337 3609 3409">
     <span class='ocr_line' id='line_1_90' title="bbox 1963 3337 3609 3409; baseline -0.001 -16"><span class='ocrx_word' id='word_1_711' title='bbox 1963 3338 2205 3393; x_wconf 84' lang='lat' dir='ltr'><strong>adduxit</strong></span> <span class='ocrx_word' id='word_1_712' title='bbox 2224 3354 2380 3393; x_wconf 90' lang='lat' dir='ltr'><strong>eum.</strong></span> <span class='ocrx_word' id='word_1_713' title='bbox 2417 3339 2552 3394; x_wconf 90' lang='lat' dir='ltr'><strong>Erat</strong></span> <span class='ocrx_word' id='word_1_714' title='bbox 2573 3343 2766 3394; x_wconf 91' lang='lat' dir='ltr'><strong>autem</strong></span> <span class='ocrx_word' id='word_1_715' title='bbox 2792 3339 2970 3406; x_wconf 83' lang='lat' dir='ltr'><strong>refus,</strong></span> <span class='ocrx_word' id='word_1_716' title='bbox 3003 3343 3061 3394; x_wconf 89' lang='lat' dir='ltr'><strong>et</strong></span> <span class='ocrx_word' id='word_1_717' title='bbox 3084 3337 3325 3409; x_wconf 89' lang='lat' dir='ltr'><strong>pulcher</strong></span> <span class='ocrx_word' id='word_1_718' title='bbox 3344 3341 3609 3407; x_wconf 90' lang='lat' dir='ltr'><strong>aspectu,</strong></span> 
     </span>
    </p>
   </div>
   <div class='ocr_carea' id='block_1_91' title="bbox 1962 3428 3607 3499">
    <p class='ocr_par' dir='ltr' id='par_1_91' title="bbox 1962 3428 3607 3499">
     <span class='ocr_line' id='line_1_91' title="bbox 1962 3428 3607 3499; baseline -0.001 -18"><span class='ocrx_word' id='word_1_719' title='bbox 1962 3428 2287 3499; x_wconf 90' lang='lat' dir='ltr'><strong>decoraque</strong></span> <span class='ocrx_word' id='word_1_720' title='bbox 2318 3428 2483 3497; x_wconf 87' lang='lat' dir='ltr'><strong>facie,</strong></span> <span class='ocrx_word' id='word_1_721' title='bbox 2517 3434 2572 3483; x_wconf 90' lang='lat' dir='ltr'><strong>et</strong></span> <span class='ocrx_word' id='word_1_722' title='bbox 2598 3428 2679 3484; x_wconf 91' lang='lat' dir='ltr'><strong>ait</strong></span> <span class='ocrx_word' id='word_1_723' title='bbox 2708 3428 2988 3484; x_wconf 93' lang='lat' dir='ltr'><strong>Dominus</strong></span> <span class='ocrx_word' id='word_1_724' title='bbox 3037 3444 3049 3483; x_wconf 91' lang='lat'><strong>:</strong></span> <span class='ocrx_word' id='word_1_725' title='bbox 3097 3432 3299 3497; x_wconf 87' lang='lat' dir='ltr'><strong>Surge,</strong></span> <span class='ocrx_word' id='word_1_726' title='bbox 3348 3433 3407 3482; x_wconf 92' lang='lat' dir='ltr'><strong>et</strong></span> <span class='ocrx_word' id='word_1_727' title='bbox 3458 3442 3607 3495; x_wconf 83' lang='lat' dir='ltr'><strong>unge</strong></span> 
     </span>
    </p>
   </div>
   <div class='ocr_carea' id='block_1_92' title="bbox 1962 3515 3605 3590">
    <p class='ocr_par' dir='ltr' id='par_1_92' title="bbox 1962 3515 3605 3590">
     <span class='ocr_line' id='line_1_92' title="bbox 1962 3515 3605 3590; baseline 0 -19"><span class='ocrx_word' id='word_1_728' title='bbox 1962 3532 2120 3585; x_wconf 85' lang='lat' dir='ltr'><strong>eum,</strong></span> <span class='ocrx_word' id='word_1_729' title='bbox 2151 3517 2277 3589; x_wconf 89' lang='lat' dir='ltr'><strong>ipse</strong></span> <span class='ocrx_word' id='word_1_730' title='bbox 2306 3520 2599 3588; x_wconf 40' lang='lat' dir='ltr'><strong>estjenim.</strong></span> <span class='ocrx_word' id='word_1_731' title='bbox 2637 3520 2725 3588; x_wconf 86' lang='lat' dir='ltr'><strong>[T.</strong></span> <span class='ocrx_word' id='word_1_732' title='bbox 2760 3520 2932 3590; x_wconf 83' lang='lat' dir='ltr'><strong>XLI.]</strong></span> <span class='ocrx_word' id='word_1_733' title='bbox 2965 3517 3125 3573; x_wconf 92' lang='lat' dir='ltr'><strong>Tulit</strong></span> <span class='ocrx_word' id='word_1_734' title='bbox 3155 3518 3334 3589; x_wconf 91' lang='lat' dir='ltr'><strong>igitur</strong></span> <span class='ocrx_word' id='word_1_735' title='bbox 3371 3515 3605 3572; x_wconf 91' lang='lat' dir='ltr'><strong>Samuel</strong></span> 
     </span>
    </p>
   </div>
   <div class='ocr_carea' id='block_1_93' title="bbox 1963 3606 3606 3676">
    <p class='ocr_par' dir='ltr' id='par_1_93' title="bbox 1963 3606 3606 3676">
     <span class='ocr_line' id='line_1_93' title="bbox 1963 3606 3606 3676; baseline 0 -16"><span class='ocrx_word' id='word_1_736' title='bbox 1963 3622 2142 3661; x_wconf 89' lang='lat' dir='ltr'><strong>eornu</strong></span> <span class='ocrx_word' id='word_1_737' title='bbox 2176 3606 2309 3676; x_wconf 91' lang='lat' dir='ltr'><strong>olei,</strong></span> <span class='ocrx_word' id='word_1_738' title='bbox 2331 3612 2387 3663; x_wconf 90' lang='lat' dir='ltr'><strong>et</strong></span> <span class='ocrx_word' id='word_1_739' title='bbox 2419 3608 2584 3663; x_wconf 87' lang='lat' dir='ltr'><strong>unxit</strong></span> <span class='ocrx_word' id='word_1_740' title='bbox 2613 3625 2747 3663; x_wconf 91' lang='lat' dir='ltr'><strong>eum</strong></span> <span class='ocrx_word' id='word_1_741' title='bbox 2780 3608 2839 3662; x_wconf 92' lang='lat' dir='ltr'><strong>in</strong></span> <span class='ocrx_word' id='word_1_742' title='bbox 2872 3608 3063 3663; x_wconf 90' lang='lat' dir='ltr'><strong>medio</strong></span> <span class='ocrx_word' id='word_1_743' title='bbox 3098 3608 3342 3662; x_wconf 81' lang='lat' dir='ltr'><strong>fratrum</strong></span> <span class='ocrx_word' id='word_1_744' title='bbox 3374 3608 3523 3675; x_wconf 89' lang='lat' dir='ltr'><strong>ejus,</strong></span> <span class='ocrx_word' id='word_1_745' title='bbox 3548 3609 3606 3660; x_wconf 91' lang='lat' dir='ltr'><strong>et</strong></span> 
     </span>
    </p>
   </div>
   <div class='ocr_carea' id='block_1_94' title="bbox 1961 3694 3606 3767">
    <p class='ocr_par' dir='ltr' id='par_1_94' title="bbox 1961 3694 3606 3767">
     <span class='ocr_line' id='line_1_94' title="bbox 1961 3694 3606 3767; baseline -0.001 -17"><span class='ocrx_word' id='word_1_746' title='bbox 1961 3696 2219 3752; x_wconf 91' lang='lat' dir='ltr'><strong>directus</strong></span> <span class='ocrx_word' id='word_1_747' title='bbox 2246 3705 2331 3751; x_wconf 81' lang='lat' dir='ltr'><strong>est</strong></span> <span class='ocrx_word' id='word_1_748' title='bbox 2360 3696 2611 3767; x_wconf 86' lang='lat' dir='ltr'><strong>Spiritus</strong></span> <span class='ocrx_word' id='word_1_749' title='bbox 2639 3696 2868 3752; x_wconf 92' lang='lat' dir='ltr'><strong>Domini</strong></span> <span class='ocrx_word' id='word_1_750' title='bbox 2898 3697 2955 3750; x_wconf 94' lang='lat' dir='ltr'><strong>in</strong></span> <span class='ocrx_word' id='word_1_751' title='bbox 2989 3696 3169 3751; x_wconf 90' lang='lat' dir='ltr'><strong>David</strong></span> <span class='ocrx_word' id='word_1_752' title='bbox 3204 3712 3235 3749; x_wconf 90' lang='lat' dir='ltr'><strong>a</strong></span> <span class='ocrx_word' id='word_1_753' title='bbox 3266 3695 3359 3749; x_wconf 92' lang='lat' dir='ltr'><strong>die</strong></span> <span class='ocrx_word' id='word_1_754' title='bbox 3405 3694 3506 3749; x_wconf 91' lang='lat' dir='ltr'><strong>illa</strong></span> <span class='ocrx_word' id='word_1_755' title='bbox 3548 3698 3606 3749; x_wconf 87' lang='lat' dir='ltr'><strong>et</strong></span> 
     </span>
    </p>
   </div>
   <div class='ocr_carea' id='block_1_95' title="bbox 1962 3782 3603 3856">
    <p class='ocr_par' dir='ltr' id='par_1_95' title="bbox 1962 3782 3603 3856">
     <span class='ocr_line' id='line_1_95' title="bbox 1962 3782 3603 3856; baseline -0.001 -19"><span class='ocrx_word' id='word_1_756' title='bbox 1962 3782 2021 3838; x_wconf 91' lang='lat' dir='ltr'><strong>in</strong></span> <span class='ocrx_word' id='word_1_757' title='bbox 2053 3783 2344 3855; x_wconf 91' lang='lat' dir='ltr'><strong>reliquum</strong></span> <span class='ocrx_word' id='word_1_758' title='bbox 2379 3786 2431 3841; x_wconf 60' lang='grc' dir='ltr'><strong>ιε</strong></span> <span class='ocrx_word' id='word_1_759' title='bbox 2454 3802 2821 3856; x_wconf 88' lang='lat' dir='ltr'><strong>surgensque</strong></span> <span class='ocrx_word' id='word_1_760' title='bbox 2852 3785 3089 3840; x_wconf 87' lang='lat' dir='ltr'><strong>Samuel</strong></span> <span class='ocrx_word' id='word_1_761' title='bbox 3121 3785 3263 3839; x_wconf 89' lang='lat' dir='ltr'><strong>abiit</strong></span> <span class='ocrx_word' id='word_1_762' title='bbox 3296 3785 3353 3837; x_wconf 90' lang='lat' dir='ltr'><strong>in</strong></span> <span class='ocrx_word' id='word_1_763' title='bbox 3387 3783 3603 3837; x_wconf 83' lang='lat' dir='ltr'><strong>Rama-</strong></span> 
     </span>
    </p>
   </div>
   <div class='ocr_carea' id='block_1_96' title="bbox 1962 3871 3605 3946">
    <p class='ocr_par' dir='ltr' id='par_1_96' title="bbox 1962 3871 3605 3946">
     <span class='ocr_line' id='line_1_96' title="bbox 1962 3871 3605 3946; baseline -0.001 -20"><span class='ocrx_word' id='word_1_764' title='bbox 1962 3871 2082 3927; x_wconf 90' lang='lat' dir='ltr'><strong>tha.</strong></span> <span class='ocrx_word' id='word_1_765' title='bbox 2117 3874 2207 3942; x_wconf 79' lang='grc' dir='ltr'><strong>[Τ.</strong></span> <span class='ocrx_word' id='word_1_766' title='bbox 2242 3872 2435 3946; x_wconf 88' lang='lat' dir='ltr'><strong>XLll.]</strong></span> <span class='ocrx_word' id='word_1_767' title='bbox 2467 3873 2720 3945; x_wconf 89' lang='lat' dir='ltr'><strong>Spiritus</strong></span> <span class='ocrx_word' id='word_1_768' title='bbox 2752 3881 2948 3929; x_wconf 91' lang='lat' dir='ltr'><strong>autem</strong></span> <span class='ocrx_word' id='word_1_769' title='bbox 2998 3872 3231 3929; x_wconf 88' lang='lat' dir='ltr'><strong>Domini</strong></span> <span class='ocrx_word' id='word_1_770' title='bbox 3280 3871 3519 3926; x_wconf 90' lang='lat' dir='ltr'><strong>recessit</strong></span> <span class='ocrx_word' id='word_1_771' title='bbox 3572 3887 3605 3925; x_wconf 92' lang='lat' dir='ltr'><strong>a</strong></span> 
     </span>
    </p>
   </div>
   <div class='ocr_carea' id='block_1_97' title="bbox 1962 3958 3601 4034">
    <p class='ocr_par' dir='ltr' id='par_1_97' title="bbox 1962 3958 3601 4034">
     <span class='ocr_line' id='line_1_97' title="bbox 1962 3958 3601 4034; baseline -0.002 -18"><span class='ocrx_word' id='word_1_772' title='bbox 1962 3962 2187 4025; x_wconf 88' lang='lat' dir='ltr'><strong>Saul,et</strong></span> <span class='ocrx_word' id='word_1_773' title='bbox 2207 3963 2539 4034; x_wconf 84' lang='lat' dir='ltr'><strong>exagitabat</strong></span> <span class='ocrx_word' id='word_1_774' title='bbox 2568 3979 2699 4017; x_wconf 92' lang='lat' dir='ltr'><strong>eum</strong></span> <span class='ocrx_word' id='word_1_775' title='bbox 2734 3962 2977 4033; x_wconf 90' lang='lat' dir='ltr'><strong>spiritus</strong></span> <span class='ocrx_word' id='word_1_776' title='bbox 3008 3977 3256 4032; x_wconf 89' lang='lat' dir='ltr'><strong>nequam</strong></span> <span class='ocrx_word' id='word_1_777' title='bbox 3282 3977 3313 4015; x_wconf 90' lang='lat' dir='ltr'><strong>a</strong></span> <span class='ocrx_word' id='word_1_778' title='bbox 3335 3958 3601 4015; x_wconf 92' lang='lat' dir='ltr'>Domino.</span> 
     </span>
    </p>
   </div>
   <div class='ocr_carea' id='block_1_98' title="bbox 1962 4048 3601 4121">
    <p class='ocr_par' dir='ltr' id='par_1_98' title="bbox 1962 4048 3601 4121">
     <span class='ocr_line' id='line_1_98' title="bbox 1962 4048 3601 4121; baseline -0.002 -16"><span class='ocrx_word' id='word_1_779' title='bbox 1962 4050 2361 4121; x_wconf 80' lang='lat' dir='ltr'><strong>Dixeruntque</strong></span> <span class='ocrx_word' id='word_1_780' title='bbox 2406 4050 2554 4107; x_wconf 90' lang='lat' dir='ltr'><strong>servi</strong></span> <span class='ocrx_word' id='word_1_781' title='bbox 2604 4050 2740 4105; x_wconf 86' lang='lat' dir='ltr'><strong>Saul</strong></span> <span class='ocrx_word' id='word_1_782' title='bbox 2792 4052 2861 4105; x_wconf 90' lang='lat' dir='ltr'><strong>ad</strong></span> <span class='ocrx_word' id='word_1_783' title='bbox 2912 4067 3047 4105; x_wconf 90' lang='lat' dir='ltr'><strong>eum</strong></span> <span class='ocrx_word' id='word_1_784' title='bbox 3102 4066 3113 4103; x_wconf 90' lang='lat'>:</span> <span class='ocrx_word' id='word_1_785' title='bbox 3168 4050 3311 4105; x_wconf 84' lang='lat' dir='ltr'><strong>Ecce</strong></span> <span class='ocrx_word' id='word_1_786' title='bbox 3355 4048 3601 4119; x_wconf 90' lang='lat' dir='ltr'><strong>spiritus</strong></span> 
     </span>
    </p>
   </div>
   <div class='ocr_carea' id='block_1_99' title="bbox 1966 4138 3606 4211">
    <p class='ocr_par' dir='ltr' id='par_1_99' title="bbox 1966 4138 3606 4211">
     <span class='ocr_line' id='line_1_99' title="bbox 1966 4138 3606 4211; baseline -0.002 -18"><span class='ocrx_word' id='word_1_787' title='bbox 1966 4139 2060 4193; x_wconf 88' lang='lat' dir='ltr'><strong>Dei</strong></span> <span class='ocrx_word' id='word_1_788' title='bbox 2097 4139 2285 4195; x_wconf 89' lang='lat' dir='ltr'><strong>malus</strong></span> <span class='ocrx_word' id='word_1_789' title='bbox 2318 4140 2571 4211; x_wconf 86' lang='lat' dir='ltr'><strong>exagitat</strong></span> <span class='ocrx_word' id='word_1_790' title='bbox 2602 4145 2677 4195; x_wconf 85' lang='lat' dir='ltr'><strong>te.</strong></span> <span class='ocrx_word' id='word_1_791' title='bbox 2710 4139 2922 4194; x_wconf 86' lang='lat' dir='ltr'><strong>Jubcat</strong></span> <span class='ocrx_word' id='word_1_792' title='bbox 2954 4138 3231 4194; x_wconf 90' lang='lat' dir='ltr'><strong>dominus</strong></span> <span class='ocrx_word' id='word_1_793' title='bbox 3282 4142 3493 4202; x_wconf 83' lang='lat' dir='ltr'><strong>noster,</strong></span> <span class='ocrx_word' id='word_1_794' title='bbox 3549 4140 3606 4190; x_wconf 91' lang='lat' dir='ltr'><strong>et</strong></span> 
     </span>
    </p>
   </div>
   <div class='ocr_carea' id='block_1_100' title="bbox 1962 4228 3602 4300">
    <p class='ocr_par' dir='ltr' id='par_1_100' title="bbox 1962 4228 3602 4300">
     <span class='ocr_line' id='line_1_100' title="bbox 1962 4228 3602 4300; baseline -0.003 -16"><span class='ocrx_word' id='word_1_795' title='bbox 1962 4228 2110 4284; x_wconf 89' lang='lat' dir='ltr'><strong>servi</strong></span> <span class='ocrx_word' id='word_1_796' title='bbox 2144 4229 2249 4295; x_wconf 87' lang='lat' dir='ltr'><strong>tui,</strong></span> <span class='ocrx_word' id='word_1_797' title='bbox 2277 4229 2376 4300; x_wconf 92' lang='lat' dir='ltr'><strong>qui</strong></span> <span class='ocrx_word' id='word_1_798' title='bbox 2410 4245 2606 4285; x_wconf 91' lang='lat' dir='ltr'><strong>coram</strong></span> <span class='ocrx_word' id='word_1_799' title='bbox 2641 4235 2696 4284; x_wconf 87' lang='lat' dir='ltr'><strong>te</strong></span> <span class='ocrx_word' id='word_1_800' title='bbox 2745 4235 2903 4296; x_wconf 91' lang='lat' dir='ltr'>sunt,</span> <span class='ocrx_word' id='word_1_801' title='bbox 2954 4234 3215 4300; x_wconf 66' lang='lat' dir='ltr'><strong>quaerent</strong></span> <span class='ocrx_word' id='word_1_802' title='bbox 3267 4228 3390 4297; x_wconf 70' lang='grc' dir='ltr'><strong>[γης.</strong></span> <span class='ocrx_word' id='word_1_803' title='bbox 3442 4242 3602 4296; x_wconf 68' lang='lat' dir='ltr'><strong>qum—</strong></span> 
     </span>
    </p>
   </div>
   <div class='ocr_carea' id='block_1_101' title="bbox 1963 4316 3604 4390">
    <p class='ocr_par' dir='ltr' id='par_1_101' title="bbox 1963 4316 3604 4390">
     <span class='ocr_line' id='line_1_101' title="bbox 1963 4316 3604 4390; baseline -0.001 -18"><span class='ocrx_word' id='word_1_804' title='bbox 1963 4318 2118 4389; x_wconf 91' lang='lat' dir='ltr'><strong>runt]</strong></span> <span class='ocrx_word' id='word_1_805' title='bbox 2143 4318 2439 4374; x_wconf 90' lang='lat' dir='ltr'><strong>hominem</strong></span> <span class='ocrx_word' id='word_1_806' title='bbox 2463 4320 2741 4373; x_wconf 90' lang='lat' dir='ltr'><strong>scientem</strong></span> <span class='ocrx_word' id='word_1_807' title='bbox 2768 4318 3015 4390; x_wconf 90' lang='lat' dir='ltr'><strong>psallere</strong></span> <span class='ocrx_word' id='word_1_808' title='bbox 3041 4316 3604 4385; x_wconf 88' lang='lat' dir='ltr'><strong>cithara,utquando</strong></span> 
     </span>
    </p>
   </div>
   <div class='ocr_carea' id='block_1_102' title="bbox 1962 4404 3602 4479">
    <p class='ocr_par' dir='ltr' id='par_1_102' title="bbox 1962 4404 3602 4479">
     <span class='ocr_line' id='line_1_102' title="bbox 1962 4404 3602 4479; baseline -0.001 -18"><span class='ocrx_word' id='word_1_809' title='bbox 1962 4406 2273 4478; x_wconf 88' lang='lat' dir='ltr'><strong>arripuerit</strong></span> <span class='ocrx_word' id='word_1_810' title='bbox 2299 4414 2353 4461; x_wconf 88' lang='lat' dir='ltr'><strong>te</strong></span> <span class='ocrx_word' id='word_1_811' title='bbox 2383 4406 2626 4479; x_wconf 88' lang='lat' dir='ltr'><strong>spiritus</strong></span> <span class='ocrx_word' id='word_1_812' title='bbox 2661 4406 2756 4462; x_wconf 92' lang='lat' dir='ltr'><strong>Dei</strong></span> <span class='ocrx_word' id='word_1_813' title='bbox 2786 4404 3230 4479; x_wconf 88' lang='lat' dir='ltr'><strong>malus,psallat</strong></span> <span class='ocrx_word' id='word_1_814' title='bbox 3262 4421 3438 4459; x_wconf 89' lang='lat' dir='ltr'><strong>manu</strong></span> <span class='ocrx_word' id='word_1_815' title='bbox 3474 4420 3602 4474; x_wconf 89' lang='lat' dir='ltr'><strong>sua,</strong></span> 
     </span>
    </p>
   </div>
   <div class='ocr_carea' id='block_1_103' title="bbox 1963 4493 3603 4553">
    <p class='ocr_par' dir='ltr' id='par_1_103' title="bbox 1963 4493 3603 4553">
     <span class='ocr_line' id='line_1_103' title="bbox 1963 4493 3603 4553; baseline -0.002 -2"><span class='ocrx_word' id='word_1_816' title='bbox 1963 4500 2021 4551; x_wconf 89' lang='lat' dir='ltr'><strong>et</strong></span> <span class='ocrx_word' id='word_1_817' title='bbox 2067 4495 2253 4551; x_wconf 87' lang='lat' dir='ltr'><strong>levius</strong></span> <span class='ocrx_word' id='word_1_818' title='bbox 2286 4497 2451 4552; x_wconf 78' lang='lat' dir='ltr'><strong>feras.</strong></span> <span class='ocrx_word' id='word_1_819' title='bbox 2481 4500 2545 4551; x_wconf 86' lang='lat' dir='ltr'><strong>Et</strong></span> <span class='ocrx_word' id='word_1_820' title='bbox 2576 4498 2657 4552; x_wconf 89' lang='lat' dir='ltr'><strong>ait</strong></span> <span class='ocrx_word' id='word_1_821' title='bbox 2686 4496 2821 4553; x_wconf 87' lang='lat' dir='ltr'><strong>Saul</strong></span> <span class='ocrx_word' id='word_1_822' title='bbox 2856 4496 2925 4551; x_wconf 89' lang='lat' dir='ltr'><strong>ad</strong></span> <span class='ocrx_word' id='word_1_823' title='bbox 2959 4512 3154 4552; x_wconf 83' lang='lat' dir='ltr'><strong>servos</strong></span> <span class='ocrx_word' id='word_1_824' title='bbox 3185 4512 3323 4551; x_wconf 91' lang='lat' dir='ltr'><strong>suos</strong></span> <span class='ocrx_word' id='word_1_825' title='bbox 3360 4512 3371 4549; x_wconf 93' lang='lat'><strong>:</strong></span> <span class='ocrx_word' id='word_1_826' title='bbox 3408 4493 3603 4549; x_wconf 87' lang='lat' dir='ltr'><strong>Provi-</strong></span> 
     </span>
    </p>
   </div>
   <div class='ocr_carea' id='block_1_104' title="bbox 1386 4582 3605 4658">
    <p class='ocr_par' dir='ltr' id='par_1_104' title="bbox 1386 4582 3605 4658">
     <span class='ocr_line' id='line_1_104' title="bbox 1386 4582 3605 4658; baseline -0.003 -15"><span class='ocrx_word' id='word_1_827' title='bbox 1386 4604 1399 4643; x_wconf 88' lang='lat'>:</span> <span class='ocrx_word' id='word_1_828' title='bbox 1450 4592 1853 4644; x_wconf 90' lang='lat' dir='ltr'><strong>verumtamen</strong></span> <span class='ocrx_word' id='word_1_829' title='bbox 1888 4594 1931 4658; x_wconf 78' lang='grc' dir='ltr'><strong>Ι)</strong></span> <span class='ocrx_word' id='word_1_830' title='bbox 1965 4586 2095 4640; x_wconf 89' lang='lat' dir='ltr'><strong>dete</strong></span> <span class='ocrx_word' id='word_1_831' title='bbox 2128 4584 2269 4639; x_wconf 90' lang='lat' dir='ltr'><strong>mihi</strong></span> <span class='ocrx_word' id='word_1_832' title='bbox 2324 4584 2572 4655; x_wconf 68' lang='lat' dir='ltr'><strong>aliquem</strong></span> <span class='ocrx_word' id='word_1_833' title='bbox 2621 4586 2766 4640; x_wconf 90' lang='lat' dir='ltr'><strong>bene</strong></span> <span class='ocrx_word' id='word_1_834' title='bbox 2816 4584 3183 4656; x_wconf 89' lang='lat' dir='ltr'><strong>psallentem,</strong></span> <span class='ocrx_word' id='word_1_835' title='bbox 3229 4590 3283 4639; x_wconf 89' lang='lat' dir='ltr'><strong>et</strong></span> <span class='ocrx_word' id='word_1_836' title='bbox 3334 4582 3605 4639; x_wconf 88' lang='lat' dir='ltr'><strong>adducite</strong></span> 
     </span>
    </p>
   </div>
   <div class='ocr_carea' id='block_1_105' title="bbox 1964 4672 3604 4746">
    <p class='ocr_par' dir='ltr' id='par_1_105' title="bbox 1964 4672 3604 4746">
     <span class='ocr_line' id='line_1_105' title="bbox 1964 4672 3604 4746; baseline -0.001 -19"><span class='ocrx_word' id='word_1_837' title='bbox 1964 4689 2097 4727; x_wconf 91' lang='lat' dir='ltr'><strong>eum</strong></span> <span class='ocrx_word' id='word_1_838' title='bbox 2131 4676 2199 4728; x_wconf 88' lang='lat' dir='ltr'><strong>ad</strong></span> <span class='ocrx_word' id='word_1_839' title='bbox 2236 4690 2326 4729; x_wconf 90' lang='lat' dir='ltr'><strong>me</strong></span> <span class='ocrx_word' id='word_1_840' title='bbox 2384 4676 2450 4729; x_wconf 85' lang='lat' dir='ltr'><strong>Et</strong></span> <span class='ocrx_word' id='word_1_841' title='bbox 2479 4676 2838 4745; x_wconf 89' lang='lat' dir='ltr'><strong>respondens</strong></span> <span class='ocrx_word' id='word_1_842' title='bbox 2872 4690 3024 4730; x_wconf 91' lang='lat' dir='ltr'><strong>unus</strong></span> <span class='ocrx_word' id='word_1_843' title='bbox 3070 4676 3141 4729; x_wconf 93' lang='lat' dir='ltr'><strong>de</strong></span> <span class='ocrx_word' id='word_1_844' title='bbox 3190 4672 3408 4746; x_wconf 90' lang='lat' dir='ltr'><strong>pueris,</strong></span> <span class='ocrx_word' id='word_1_845' title='bbox 3458 4672 3542 4727; x_wconf 90' lang='lat' dir='ltr'><strong>ait</strong></span> <span class='ocrx_word' id='word_1_846' title='bbox 3592 4687 3604 4725; x_wconf 91' lang='lat'>:</span> 
     </span>
    </p>
   </div>
   <div class='ocr_carea' id='block_1_106' title="bbox 1964 4760 3608 4832">
    <p class='ocr_par' dir='ltr' id='par_1_106' title="bbox 1964 4760 3608 4832">
     <span class='ocr_line' id='line_1_106' title="bbox 1964 4760 3608 4832; baseline -0.001 -16"><span class='ocrx_word' id='word_1_847' title='bbox 1964 4762 2107 4817; x_wconf 71' lang='lat' dir='ltr'><strong>Eace</strong></span> <span class='ocrx_word' id='word_1_848' title='bbox 2128 4763 2240 4815; x_wconf 87' lang='lat' dir='ltr'><strong>vidi</strong></span> <span class='ocrx_word' id='word_1_849' title='bbox 2272 4764 2455 4817; x_wconf 88' lang='lat' dir='ltr'><strong>ﬁlium</strong></span> <span class='ocrx_word' id='word_1_850' title='bbox 2490 4764 2597 4817; x_wconf 89' lang='lat' dir='ltr'><strong>lsai</strong></span> <span class='ocrx_word' id='word_1_851' title='bbox 2632 4763 3102 4827; x_wconf 88' lang='lat' dir='ltr'><strong>Bethleemitem,</strong></span> <span class='ocrx_word' id='word_1_852' title='bbox 3136 4763 3414 4818; x_wconf 91' lang='lat' dir='ltr'><strong>scientem</strong></span> <span class='ocrx_word' id='word_1_853' title='bbox 3452 4760 3608 4832; x_wconf 89' lang='lat' dir='ltr'><strong>psal-</strong></span> 
     </span>
    </p>
   </div>
   <div class='ocr_carea' id='block_1_107' title="bbox 1963 4850 3605 4917">
    <p class='ocr_par' dir='ltr' id='par_1_107' title="bbox 1963 4850 3605 4917">
     <span class='ocr_line' id='line_1_107' title="bbox 1963 4850 3605 4917; baseline 0 -11"><span class='ocrx_word' id='word_1_854' title='bbox 1963 4852 2101 4917; x_wconf 88' lang='lat' dir='ltr'><strong>lere,</strong></span> <span class='ocrx_word' id='word_1_855' title='bbox 2133 4857 2189 4906; x_wconf 90' lang='lat' dir='ltr'><strong>et</strong></span> <span class='ocrx_word' id='word_1_856' title='bbox 2221 4852 2607 4907; x_wconf 85' lang='lat' dir='ltr'><strong>fortissimum</strong></span> <span class='ocrx_word' id='word_1_857' title='bbox 2638 4853 2858 4916; x_wconf 86' lang='lat' dir='ltr'><strong>robore.</strong></span> <span class='ocrx_word' id='word_1_858' title='bbox 2896 4856 2953 4908; x_wconf 88' lang='lat' dir='ltr'><strong>et</strong></span> <span class='ocrx_word' id='word_1_859' title='bbox 2998 4852 3190 4907; x_wconf 88' lang='lat' dir='ltr'><strong>virum</strong></span> <span class='ocrx_word' id='word_1_860' title='bbox 3234 4850 3605 4916; x_wconf 91' lang='lat' dir='ltr'><strong>bellicosum,</strong></span> 
     </span>
    </p>
   </div>
   <div class='ocr_carea' id='block_1_108' title="bbox 1964 4940 3606 5013">
    <p class='ocr_par' dir='ltr' id='par_1_108' title="bbox 1964 4940 3606 5013">
     <span class='ocr_line' id='line_1_108' title="bbox 1964 4940 3606 5013; baseline -0.002 -17"><span class='ocrx_word' id='word_1_861' title='bbox 1964 4944 2020 4997; x_wconf 88' lang='lat' dir='ltr'><strong>et</strong></span> <span class='ocrx_word' id='word_1_862' title='bbox 2051 4944 2395 5013; x_wconf 83' lang='lat' dir='ltr'><strong>prudentem</strong></span> <span class='ocrx_word' id='word_1_863' title='bbox 2432 4941 2489 4996; x_wconf 95' lang='lat' dir='ltr'><strong>in</strong></span> <span class='ocrx_word' id='word_1_864' title='bbox 2528 4942 2743 5009; x_wconf 83' lang='lat' dir='ltr'><strong>verbis,</strong></span> <span class='ocrx_word' id='word_1_865' title='bbox 2798 4946 2854 4997; x_wconf 91' lang='lat' dir='ltr'><strong>et</strong></span> <span class='ocrx_word' id='word_1_866' title='bbox 2896 4944 3084 4997; x_wconf 91' lang='lat' dir='ltr'><strong>virum</strong></span> <span class='ocrx_word' id='word_1_867' title='bbox 3135 4940 3444 5013; x_wconf 89' lang='lat' dir='ltr'><strong>pulchrum</strong></span> <span class='ocrx_word' id='word_1_868' title='bbox 3489 4957 3502 4995; x_wconf 91' lang='lat'><strong>:</strong></span> <span class='ocrx_word' id='word_1_869' title='bbox 3548 4943 3606 4995; x_wconf 92' lang='lat' dir='ltr'><strong>et</strong></span> 
     </span>
    </p>
   </div>
   <div class='ocr_carea' id='block_1_109' title="bbox 1964 5026 3602 5103">
    <p class='ocr_par' dir='ltr' id='par_1_109' title="bbox 1964 5026 3602 5103">
     <span class='ocr_line' id='line_1_109' title="bbox 1964 5026 3602 5103; baseline -0.004 -16"><span class='ocrx_word' id='word_1_870' title='bbox 1964 5030 2248 5087; x_wconf 91' lang='lat' dir='ltr'><strong>Dominus</strong></span> <span class='ocrx_word' id='word_1_871' title='bbox 2279 5034 2368 5087; x_wconf 89' lang='lat' dir='ltr'><strong>est</strong></span> <span class='ocrx_word' id='word_1_872' title='bbox 2397 5047 2531 5086; x_wconf 92' lang='lat' dir='ltr'><strong>cum</strong></span> <span class='ocrx_word' id='word_1_873' title='bbox 2562 5048 2649 5087; x_wconf 86' lang='lat' dir='ltr'><strong>eo.</strong></span> <span class='ocrx_word' id='word_1_874' title='bbox 2684 5032 2768 5103; x_wconf 88' lang='lat' dir='ltr'><strong>[T.</strong></span> <span class='ocrx_word' id='word_1_875' title='bbox 2813 5031 3034 5100; x_wconf 82' lang='lat' dir='ltr'><strong>XLIII.]</strong></span> <span class='ocrx_word' id='word_1_876' title='bbox 3081 5031 3239 5089; x_wconf 84' lang='lat' dir='ltr'><strong>Misit</strong></span> <span class='ocrx_word' id='word_1_877' title='bbox 3281 5046 3417 5101; x_wconf 89' lang='lat' dir='ltr'><strong>ergo</strong></span> <span class='ocrx_word' id='word_1_878' title='bbox 3469 5026 3602 5084; x_wconf 89' lang='lat' dir='ltr'><strong>Saul</strong></span> 
     </span>
    </p>
   </div>
   <div class='ocr_carea' id='block_1_110' title="bbox 1965 5117 3602 5185">
    <p class='ocr_par' dir='ltr' id='par_1_110' title="bbox 1965 5117 3602 5185">
     <span class='ocr_line' id='line_1_110' title="bbox 1965 5117 3602 5185; baseline -0.002 -10"><span class='ocrx_word' id='word_1_879' title='bbox 1965 5120 2203 5175; x_wconf 87' lang='lat' dir='ltr'><strong>nuntios</strong></span> <span class='ocrx_word' id='word_1_880' title='bbox 2235 5122 2304 5176; x_wconf 91' lang='lat' dir='ltr'><strong>ad</strong></span> <span class='ocrx_word' id='word_1_881' title='bbox 2342 5121 2473 5185; x_wconf 84' lang='lat' dir='ltr'><strong>Isai,</strong></span> <span class='ocrx_word' id='word_1_882' title='bbox 2506 5121 2705 5177; x_wconf 88' lang='lat' dir='ltr'><strong>dicens</strong></span> <span class='ocrx_word' id='word_1_883' title='bbox 2738 5139 2750 5177; x_wconf 93' lang='lat'><strong>:</strong></span> <span class='ocrx_word' id='word_1_884' title='bbox 2786 5123 2946 5178; x_wconf 89' lang='lat' dir='ltr'><strong>Mitte</strong></span> <span class='ocrx_word' id='word_1_885' title='bbox 2976 5122 3047 5177; x_wconf 91' lang='lat' dir='ltr'><strong>ad</strong></span> <span class='ocrx_word' id='word_1_886' title='bbox 3080 5138 3173 5177; x_wconf 90' lang='lat' dir='ltr'><strong>me</strong></span> <span class='ocrx_word' id='word_1_887' title='bbox 3206 5120 3382 5177; x_wconf 91' lang='lat' dir='ltr'><strong>David</strong></span> <span class='ocrx_word' id='word_1_888' title='bbox 3414 5117 3602 5174; x_wconf 85' lang='lat' dir='ltr'><strong>ﬁlium</strong></span> 
     </span>
    </p>
   </div>
   <div class='ocr_carea' id='block_1_111' title="bbox 1964 5205 3603 5282">
    <p class='ocr_par' dir='ltr' id='par_1_111' title="bbox 1964 5205 3603 5282">
     <span class='ocr_line' id='line_1_111' title="bbox 1964 5205 3603 5282; baseline -0.003 -17"><span class='ocrx_word' id='word_1_889' title='bbox 1964 5210 2267 5282; x_wconf 87' lang='lat' dir='ltr'><strong>tuum.qui</strong></span> <span class='ocrx_word' id='word_1_890' title='bbox 2301 5218 2389 5266; x_wconf 87' lang='lat' dir='ltr'><strong>est</strong></span> <span class='ocrx_word' id='word_1_891' title='bbox 2420 5212 2475 5264; x_wconf 90' lang='lat' dir='ltr'><strong>in</strong></span> <span class='ocrx_word' id='word_1_892' title='bbox 2512 5210 3047 5282; x_wconf 88' lang='lat' dir='ltr'><strong>pascuis.Tulilque</strong></span> <span class='ocrx_word' id='word_1_893' title='bbox 3078 5210 3187 5267; x_wconf 87' lang='lat' dir='ltr'><strong>Isai</strong></span> <span class='ocrx_word' id='word_1_894' title='bbox 3216 5211 3448 5265; x_wconf 89' lang='lat' dir='ltr'>asinum</span> <span class='ocrx_word' id='word_1_895' title='bbox 3482 5205 3603 5278; x_wconf 85' lang='lat' dir='ltr'><strong>ple-</strong></span> 
     </span>
    </p>
   </div>
   <div class='ocr_carea' id='block_1_112' title="bbox 2035 5406 3604 5477">
    <p class='ocr_par' dir='ltr' id='par_1_112' title="bbox 2035 5406 3604 5477">
     <span class='ocr_line' id='line_1_112' title="bbox 2035 5406 3604 5477; baseline -0.001 -12"><span class='ocrx_word' id='word_1_896' title='bbox 2035 5410 2056 5444; x_wconf 83' lang='grc'>⁸</span> <span class='ocrx_word' id='word_1_897' title='bbox 2086 5410 2247 5477; x_wconf 90' lang='lat' dir='ltr'><strong>Quod</strong></span> <span class='ocrx_word' id='word_1_898' title='bbox 2282 5426 2394 5465; x_wconf 91' lang='lat' dir='ltr'><strong>non</strong></span> <span class='ocrx_word' id='word_1_899' title='bbox 2423 5408 2623 5466; x_wconf 87' lang='lat' dir='ltr'><strong>haberi</strong></span> <span class='ocrx_word' id='word_1_900' title='bbox 2664 5408 2722 5464; x_wconf 93' lang='lat' dir='ltr'>in</span> <span class='ocrx_word' id='word_1_901' title='bbox 2777 5409 3077 5475; x_wconf 88' lang='lat' dir='ltr'><strong>Hebraico,</strong></span> <span class='ocrx_word' id='word_1_902' title='bbox 3129 5408 3203 5477; x_wconf 84' lang='lat' dir='ltr'><strong>ei,</strong></span> <span class='ocrx_word' id='word_1_903' title='bbox 3252 5406 3604 5464; x_wconf 83' lang='lat' dir='ltr'><strong>Scholiastcs</strong></span> 
     </span>
    </p>
   </div>
   <div class='ocr_carea' id='block_1_113' title="bbox 1965 5480 3069 5553">
    <p class='ocr_par' dir='ltr' id='par_1_113' title="bbox 1965 5480 3069 5553">
     <span class='ocr_line' id='line_1_113' title="bbox 1965 5480 3069 5553; baseline -0.005 -16"><span class='ocrx_word' id='word_1_904' title='bbox 1965 5486 2149 5553; x_wconf 82' lang='lat' dir='ltr'><strong>notat,</strong></span> <span class='ocrx_word' id='word_1_905' title='bbox 2183 5487 2334 5537; x_wconf 88' lang='lat' dir='ltr'><strong>tacet</strong></span> <span class='ocrx_word' id='word_1_906' title='bbox 2364 5498 2424 5535; x_wconf 91' lang='lat' dir='ltr'><strong>re</strong></span> <span class='ocrx_word' id='word_1_907' title='bbox 2456 5482 2584 5553; x_wconf 87' lang='lat' dir='ltr'><strong>ipsa</strong></span> <span class='ocrx_word' id='word_1_908' title='bbox 2612 5480 2931 5536; x_wconf 90' lang='lat' dir='ltr'><strong>Veronens.</strong></span> <span class='ocrx_word' id='word_1_909' title='bbox 2961 5498 3069 5534; x_wconf 91' lang='lat' dir='ltr'><strong>ms.</strong></span> 
     </span>
    </p>
   </div>
   <div class='ocr_carea' id='block_1_114' title="bbox 2038 5552 3605 5621">
    <p class='ocr_par' dir='ltr' id='par_1_114' title="bbox 2038 5552 3605 5621">
     <span class='ocr_line' id='line_1_114' title="bbox 2038 5552 3605 5621; baseline 0.001 -16"><span class='ocrx_word' id='word_1_910' title='bbox 2038 5555 2053 5588; x_wconf 86' lang='grc'>¹</span> <span class='ocrx_word' id='word_1_911' title='bbox 2106 5552 2327 5607; x_wconf 89' lang='lat' dir='ltr'><strong>Vitiosa</strong></span> <span class='ocrx_word' id='word_1_912' title='bbox 2376 5552 2679 5607; x_wconf 77' lang='lat' dir='ltr'><strong>metathesi</strong></span> <span class='ocrx_word' id='word_1_913' title='bbox 2732 5555 3012 5621; x_wconf 89' lang='lat' dir='ltr'><strong>scriptum</strong></span> <span class='ocrx_word' id='word_1_914' title='bbox 3065 5556 3189 5605; x_wconf 89' lang='lat' dir='ltr'><strong>erat</strong></span> <span class='ocrx_word' id='word_1_915' title='bbox 3235 5556 3386 5606; x_wconf 86' lang='lat' dir='ltr'><strong>ante.</strong></span> <span class='ocrx_word' id='word_1_916' title='bbox 3434 5552 3499 5606; x_wconf 76' lang='lat' dir='ltr'><strong>Et</strong></span> <span class='ocrx_word' id='word_1_917' title='bbox 3546 5552 3605 5606; x_wconf 81' lang='lat' dir='ltr'><strong>in</strong></span> 
     </span>
    </p>
   </div>
   <div class='ocr_carea' id='block_1_115' title="bbox 1967 5623 3388 5697">
    <p class='ocr_par' dir='ltr' id='par_1_115' title="bbox 1967 5623 3388 5697">
     <span class='ocr_line' id='line_1_115' title="bbox 1967 5623 3388 5697; baseline -0.001 -18"><span class='ocrx_word' id='word_1_918' title='bbox 1967 5624 2239 5697; x_wconf 80' lang='lat' dir='ltr'><strong>reliquum</strong></span> <span class='ocrx_word' id='word_1_919' title='bbox 2269 5642 2303 5679; x_wconf 81' lang='grc' dir='ltr'><em>α</em></span> <span class='ocrx_word' id='word_1_920' title='bbox 2331 5623 2420 5680; x_wconf 74' lang='lat' dir='ltr'><strong>die</strong></span> <span class='ocrx_word' id='word_1_921' title='bbox 2448 5624 2576 5680; x_wconf 76' lang='lat' dir='ltr'><strong>illa.</strong></span> <span class='ocrx_word' id='word_1_922' title='bbox 2612 5623 2712 5678; x_wconf 82' lang='lat' dir='ltr'><strong>Ms.</strong></span> <span class='ocrx_word' id='word_1_923' title='bbox 2745 5627 3061 5679; x_wconf 85' lang='lat' dir='ltr'><strong>Veronens.</strong></span> <span class='ocrx_word' id='word_1_924' title='bbox 3094 5626 3388 5679; x_wconf 89' lang='lat' dir='ltr'><strong>emendat.</strong></span> 
     </span>
    </p>
   </div>
  </div>
