3982 6178
428 305 536 362 639

1466 311 1525 363 S.
1565 310 1966 364 HIERONYMI
2003 309 2257 363 DIVINA
2291 307 2784 363 BIBLIOTHECA.
3673 311 3758 367 640

431 449 573 488 num
604 432 942 505 panibus,et
967 431 1238 504 lagenam
1277 432 1575 506 [h.utrem]
1603 433 1808 502 vini,et
1837 433 2068 488 haadum
2104 434 2153 500 Α
2185 430 2277 487 sui
2299 429 2357 486 in
2383 429 2696 486 Bethleem.
2726 430 3082 488 Procedebat
3105 446 3236 488 vero
3258 430 3601 490 Philisthzeus
3620 452 3758 494 mane

434 523 505 577 de
538 521 730 593 capris
761 538 966 587 unum,
1001 525 1057 577 et
1087 521 1250 577 misit
1295 539 1398 593 per
1444 538 1685 578 manum
1717 522 1917 592 'LDavid
1968 521 2074 576 ﬁlii

432 610 526 666 sui
557 610 738 667 Sauli.
774 611 841 665 Et
866 611 1025 666 venit
1055 611 1229 667 David
1263 610 1334 666 ad
1367 611 1526 679 Saul,
1560 616 1618 668 et
1672 611 1832 668 stetit
1878 626 2073 666 curam

419 704 608 756 eo.At
642 698 738 755 ille
797 699 997 754 dilexit
1042 715 1171 755 eum
1218 699 1418 767 nimis,
1469 704 1528 756 et
1574 701 1764 756 factus
1811 704 1901 756 est
1947 701 2074 772 ejus

427 788 1001 861 armiger.Misitque
1029 788 1167 844 Saul
1199 789 1268 844 ad
1303 789 1435 858 Isai,
1464 788 1664 845 dicens
1698 807 1710 844 :
1745 789 1868 844 Stet
1896 788 2073 844 David

430 877 488 932 in
521 881 835 948 conspectu
867 894 1032 947 meo;
1062 876 1286 933 invenit
1315 877 1468 933 enim
1501 878 1750 950 gratiam
1785 877 1841 932 in
1891 876 2076 933 oculis

432 966 601 1022 meis.
640 967 824 1039 Igitur
844 967 1320 1040 quandocumque
1351 967 1664 1037 arripiebat
1693 967 1944 1037 Spiritus
1975 965 2076 1021 Dei

429 1055 568 1112 Saul
625 1056 665 1122 ¹,
717 1053 956 1111 tollebat
1014 1056 1185 1110 David
1252 1055 1562 1126 citharam,
1613 1059 1670 1110 et
1719 1054 2078 1126 percutiebat

431 1163 608 1203 manu
638 1162 766 1215 sua,
797 1149 854 1200 et
876 1143 1308 1201 refocillabatur
1327 1144 1480 1212 Saul,
1515 1149 1571 1199 et
1590 1143 1774 1200 levius
1801 1144 2066 1199 habebat.

431 1234 756 1292 Recedebat
784 1234 942 1288 enim
973 1234 1045 1288 ab
1075 1249 1140 1288 eo
1172 1234 1416 1305 spiritus
1449 1233 1660 1290 malus.

504 1326 590 1396 [T.
661 1323 851 1379 XLIV.
923 1322 1052 1394 Cap.
1116 1323 1309 1394 XVII.]
1381 1326 1807 1395 Congregantes
1875 1327 2068 1378 autem

434 1413 765 1470 Philisthim
799 1412 1036 1484 agmina
1065 1429 1171 1468 sua
1203 1412 1258 1466 in
1295 1411 1981 1484 praelium,convenerunt
2011 1411 2071 1467 in

436 1503 658 1560 Soccho
686 1503 706 1536 ²
735 1503 919 1571 Judae,
953 1506 1010 1556 et
1039 1503 1428 1558 castrametati
1461 1507 1602 1557 sunt
1652 1502 1804 1558 inter
1851 1502 2072 1557 Soccho

432 1597 491 1648 et
521 1598 723 1659 Azeca,
750 1592 809 1646 in
842 1591 1059 1646 finibus
1090 1590 1384 1645 Dommim
1418 1590 1498 1662 [h.
1525 1591 1861 1662 Dammir’n].
1895 1596 2072 1646 Porro

435 1682 574 1738 Saul
597 1685 654 1736 et
675 1679 981 1751 viri[Vulg.
1024 1679 1151 1751 filii]
1184 1668 1362 1736 Israel
1400 1681 1734 1753 congregati
1788 1685 2077 1736 venerunt

2183 523 2239 574 et
2262 535 2520 590 vespere,
2545 522 2602 573 et
2631 519 2824 574 stabat
2854 519 3246 592 quadraginta
3274 519 3755 596 diebus.[T.XLVI.]

2181 607 2332 664 Dixit
2360 612 2554 663 autem
2578 607 2686 662 lsai
2714 607 2782 662 ad
2807 608 2991 663 David
3015 607 3198 664 ﬁlium
3224 625 3391 664 suum
3418 625 3430 664 :
3461 609 3638 682 Accipe
3665 613 3757 668 fra-

2183 697 2372 752 tribus
2404 695 2517 752 luis
2548 697 2682 769 ephi
2715 696 2796 766 [h.
2821 697 3006 768 Epha]
3040 697 3373 769 polentaa,et
3401 697 3582 753 decem
3611 716 3758 770 panes

2181 785 2347 855 istos,
2381 788 2437 841 et
2467 802 2634 841 curre
2668 787 2724 841 in
2758 790 2951 842 castra
2980 786 3052 841 ad
3085 787 3291 842 fratres
3321 789 3466 855 tuos,
3504 791 3556 842 et
3597 788 3757 845 decem

2183 874 2477 931 formellas
2501 875 2655 931 casei
2679 875 2783 931 has
2805 875 3030 931 deferes
3052 875 3372 946 [ms.de{er]
3395 875 3461 930 ad
3483 875 3759 947 tribunum,

2182 969 2239 1020 et
2272 965 2479 1020 fratres
2511 969 2644 1019 tuos
2676 964 2965 1034 visitabis,
2999 966 3048 1020 si
3103 969 3258 1020 recte
3301 969 3468 1036 agant
3515 981 3526 1020 :
3566 968 3616 1020 et
3651 982 3760 1021 cum

2186 1055 2400 1125 quibus
2433 1053 2685 1109 ordinati
2719 1059 2880 1119 sunt,
2903 1053 3226 1110 disce.Saul
3267 1062 3449 1110 autem
3479 1053 3613 1122 [h.Si
3639 1058 3762 1110 recte

2184 1148 2381 1215 agant,
2432 1147 2488 1198 et
2532 1143 2801 1214 pignorat!
2821 1159 3024 1200 eorum
3073 1143 3260 1199 tolles.
3309 1141 3440 1197 Saul
3485 1146 3693 1208 autem],
3718 1146 3763 1198 et

2183 1230 2292 1299 illi,
2319 1235 2375 1286 et
2405 1247 2608 1287 omnes
2641 1230 2742 1286 ﬁlii
2774 1231 2950 1288 Israel
2979 1231 3036 1286 in
3069 1229 3214 1286 valle
3243 1229 3557 1285 Terebinthi
3585 1245 3762 1300 pugna-

2183 1321 2324 1375 bant
2353 1322 2660 1376 adversum
2694 1319 3048 1376 Philisthim.
3092 1319 3352 1375 Surrexit
3400 1319 3577 1390 itaque
3621 1317 3761 1372 David

2185 1425 2378 1477 mane,
2410 1414 2466 1465 et
2497 1408 2927 1466 commendavit
2955 1424 3190 1480 gregem
3224 1406 3538 1474 custodi,et
3564 1410 3768 1462 onustus

2188 1500 2351 1567 abiit,
2385 1500 2542 1556 sicut
2571 1504 2928 1572 praeceperat
2956 1499 3006 1554 ei
3042 1499 3173 1554 Isai.
3208 1498 3278 1553 Et
3306 1495 3458 1553 venit
3499 1495 3561 1551 ad
3607 1494 3764 1550 locum

2183 1589 2428 1658 Magala,
2460 1594 2518 1646 et
2549 1590 2620 1645 ad
2651 1589 2991 1656 exercitum,
3026 1587 3124 1659 qui
3159 1602 3428 1659 egressus
3457 1584 3522 1640 ad
3552 1598 3766 1656 pugnam

2182 1679 2533 1738 vociferatus
2595 1683 2721 1734 erat
2785 1679 2844 1734 in
2911 1677 3250 1732 certamine.
3301 1674 3584 1731 Direxerat
3639 1671 3764 1727 enim

434 1770 492 1826 in
524 1769 732 1826 vallem
761 1768 1117 1837 Terebinthi,
1152 1773 1209 1826 et
1237 1769 1575 1826 direxerant
1614 1770 1797 1826 aciem
1849 1771 1917 1825 ad
1971 1787 2074 1842 pu-
2107 1806 2153 1870 B
2186 1767 2368 1823 aciem
2399 1767 2596 1838 Israel,
2629 1768 2729 1823 sed
2765 1772 2822 1823 et
2851 1765 3187 1822 Philisthim
3217 1764 3542 1870 exadverso
3579 1761 3770 1870 fuerant

435 1861 737 1932 gnandum
763 1863 964 1913 contra
993 1857 1348 1916 Philisthim.
1374 1860 1441 1914 Et
1472 1858 1802 1915 Philisthim
1837 1860 2072 1915 stabant
2108 1852 2153 1870 ¹¹
2184 1857 2514 1929 praeparati.
2553 1857 2973 1928 Derelinquens
3005 1871 3141 1928 ergo
3176 1852 3349 1910 David
3381 1867 3514 1908 vasa
3549 1866 3660 1920 quae
3699 1852 3769 1903 at-

430 1965 608 2021 super
635 1951 891 2004 montem
924 1964 991 2002 ex
1021 1947 1130 2002 hac
1163 1953 1345 2020 parte,
1369 1954 1426 2004 et
1452 1948 1628 2004 Israel
1657 1949 1850 2005 stabat
1894 1965 2073 2021 super

431 2041 688 2095 montem
732 2053 798 2092 ex
829 2037 1011 2092 altera
1043 2040 1225 2108 parte,
1257 2035 1546 2108 vallisque
1574 2043 1698 2093 erat
1743 2037 1898 2094 inter
1948 2054 2067 2094 eos.

427 2127 496 2183 Et
524 2142 797 2200 egressus
827 2130 915 2181 est
944 2126 1031 2180 vir
1054 2125 1294 2197 spurius
1323 2127 1394 2181 de
1425 2125 1649 2182 castris.
1685 2126 2071 2182 Philisthino-

430 2215 828 2282 rum,nomine
859 2213 1198 2270 Goliath.de
1229 2214 1396 2281 Geth,
1419 2214 1748 2270 altitudinis
1777 2232 1876 2271 sex
1901 2217 2068 2272 cubi-

430 2307 624 2361 torum
656 2308 714 2359 et
744 2304 958 2376 palmo,
993 2307 1049 2358 et
1079 2303 1264 2359 cassis
1293 2321 1440 2360 terea
1471 2321 1648 2376 super
1695 2310 1870 2377 caput
1917 2307 2068 2377 ejus,

429 2397 488 2450 et
541 2392 721 2448 lorica
776 2393 797 2426 ³
854 2392 1092 2448 hamata
1148 2393 1226 2464 [h.
1288 2394 1617 2465 squamata]
1692 2393 2065 2450 induebatur.

429 2483 607 2538 Porro
640 2482 871 2553 pondus
901 2481 1092 2536 loricae
1124 2482 1545 2554 ejus,quinque
1577 2481 1759 2537 millia
1790 2482 2066 2538 siclorum

431 2570 584 2638 aeris,
617 2574 673 2626 et
699 2586 899 2626 ocreas
927 2586 1106 2625 careas
1137 2568 1392 2625 habebat
1423 2570 1480 2624 in
1513 2570 1806 2641 cruribus,
1847 2576 1904 2627 et
1951 2570 2068 2643 cly-

429 2677 574 2732 peus
603 2675 788 2716 aereus
820 2659 1054 2731 tegebat
1085 2658 1364 2714 humeros
1406 2659 1553 2730 ejus.
1601 2659 1824 2715 Hastile
1873 2665 2068 2716 autem

431 2751 610 2806 hasta:
667 2749 816 2819 ejus,
875 2752 999 2804 erat
1061 2746 1231 2820 quasi
1301 2747 1656 2804 liciatorium
1722 2749 2066 2806 texentium.

429 2840 630 2910 Ipsum
664 2841 858 2894 autem
893 2837 1104 2893 ferrum
1139 2837 1317 2893 hastae
1349 2837 1501 2908 ejus.
1549 2841 1847 2894 sexcentos
1895 2838 2068 2895 siclos

430 2928 682 2984 habebat
714 2927 873 2995 ferri,
904 2930 962 2982 et
1009 2925 1264 2998 armiger
1308 2927 1437 2997 ejus
1486 2927 1866 2983 antecedebat
1908 2944 2065 2984 eum.

425 3021 713 3086 Stansque
745 3015 1036 3071 clamabat
1065 3015 1372 3071 adversum
1407 3014 1729 3087 phalangas
1762 3015 1964 3083 Israel,
2013 3022 2070 3073 et

2179 1945 2530 2014 tulerat,sub
2563 1963 2743 2001 manu
2776 1944 3038 2001 custodis
3070 1945 3140 2000 ad
3174 1938 3692 2010 sarcinas,cucurrit
3715 1935 3771 1992 ad

2181 2036 2372 2092 locum
2454 2035 2831 2102 certaminis,
2896 2039 2953 2090 et
3029 2032 3428 2105 interrogabat
3506 2029 3553 2084 si
3610 2025 3772 2083 omnia

2181 2128 2332 2181 recte
2363 2128 2674 2197 agerentur
2702 2140 2838 2194 erga
2868 2123 3077 2179 fratres
3108 2138 3269 2179 suos.
3321 2122 3570 2189 Cumque
3616 2113 3773 2170 adhuc

2178 2213 2275 2270 ille
2304 2213 2642 2285 loqueretur
2671 2214 2778 2283 eis,
2806 2212 3080 2285 apparuit
3108 2211 3195 2266 vir
3225 2209 3323 2266 ille
3351 2207 3580 2281 spurius
3606 2218 3773 2259 ascen-

2179 2304 2347 2372 dens,
2402 2302 2630 2360 Goliath
2683 2302 2920 2357 nomine
2972 2300 3371 2370 Philisthzsus,
3422 2298 3490 2353 de
3533 2293 3682 2360 Geth,
3722 2305 3776 2345 ex

2178 2393 2384 2448 castris
2415 2391 2496 2462 [h.
2537 2407 2606 2446 ex
2652 2392 2795 2463 acie]
2849 2389 3334 2446 Philisthinorum
3383 2404 3396 2442 :
3443 2389 3498 2442 et
3539 2383 3776 2455 loquente

2177 2498 2243 2538 eo
2312 2482 2430 2536 haec
2491 2481 2692 2537 eadem
2759 2481 2955 2548 verba,
3025 2478 3253 2535 audivit
3320 2475 3525 2532 David.
3588 2471 3768 2528 Omnes

2179 2575 2372 2627 autem
2424 2570 2719 2640 Israelita,
2753 2586 2886 2624 cum
2918 2569 3207 2624 vidissent
3239 2568 3448 2635 virum,
3481 2563 3725 2634 fugerunt
3749 2573 3777 2612 a

2181 2659 2325 2716 facie
2383 2659 2531 2729 ejus,
2589 2658 2864 2714 timentes
2921 2674 3058 2713 eum
3115 2656 3197 2728 [h.
3258 2672 3374 2712 non
3431 2652 3596 2708 habet
3647 2645 3779 2717 eum]

2175 2748 2363 2804 valde.
2416 2751 2482 2802 Et
2535 2747 2682 2803 dixit
2733 2764 2886 2802 unus
2910 2747 3206 2819 quispiam
3259 2745 3330 2800 de
3378 2740 3547 2800 Israel
3596 2755 3608 2794 :
3653 2736 3779 2792 Num

2177 2837 2408 2894 vidistis
2456 2837 2648 2892 virum
2717 2835 2876 2892 hunc
2941 2837 3044 2908 qui
3111 2831 3418 2892 ascendit?
3467 2830 3534 2887 ad
3601 2839 3779 2897 expro-

2177 2927 2463 2982 brandum
2495 2925 2653 2982 enim
2699 2925 2896 2981 Israeli
2947 2924 3235 2982 ascendit.
3285 2922 3488 2978 Virum
3533 2932 3657 2989 ergo
3701 2910 3783 2985 qui

2176 3015 2531 3088 percusserit
2595 3031 2771 3086 eum,
2840 3014 3050 3070 ditabit
3117 3030 3216 3069 rex
3284 3010 3502 3069 divitiis
3564 3001 3785 3076 magnis.

425 3105 656 3162 dicebat
699 3104 783 3160 eis
815 3122 827 3161 :
864 3106 1052 3170 Quare
1098 3104 1340 3160 venistis
1390 3105 1576 3176 parati
1627 3105 1698 3160 ad
1751 3105 2066 3177 praelium?
2107 3170 2140 3177 _
2180 3109 2237 3162 et
2285 3105 2466 3160 ﬁliam
2514 3120 2680 3160 suam
2735 3103 2898 3159 dabit
2947 3103 3020 3172 ei,
3070 3108 3126 3158 et
3173 3104 3416 3159 domum
3466 3095 3637 3170 patria
3679 3091 3783 3162 eius

426 3193 727 3265 Numquid
752 3210 864 3249 non
883 3209 1016 3248 sum
1038 3209 1143 3265 ego
1162 3170 2066 3264 Philisthaeus,etvosserviSaul?
2099 3170 2140 3237 Ο
2181 3193 2354 3266 faciet
2385 3194 2608 3265 absque
2638 3193 2856 3249 tributo
2886 3192 2946 3248 in
2971 3170 3145 3248 Israel
3171 3191 3254 3258 [h.
3291 3195 3350 3247 et
3372 3191 3600 3245 domum
3631 3177 3784 3255 patris

429 3283 639 3355 Eligite
668 3299 736 3338 ex
764 3283 928 3338 vobis
960 3283 1172 3350 virum,
1204 3287 1260 3339 et
1288 3283 1604 3339 descendat
1651 3285 1721 3339 ad
1772 3284 2069 3357 singulare

432 3377 749 3429 certamen.
771 3373 830 3429 Si
863 3372 1148 3444 quieverit
1178 3389 1437 3445 pugnare
1468 3390 1719 3441 mecum,
1741 3379 1796 3430 et
1826 3390 2063 3446 percus-

429 3461 569 3518 serit
604 3477 715 3528 me,
733 3460 954 3517 erimus
980 3461 1144 3518 vobis
1176 3463 1326 3518 servi
1359 3479 1372 3518 :
1407 3463 1454 3519 si
1486 3467 1680 3520 autem
1711 3479 1814 3536 ego
1848 3480 2066 3534 praeva-

427 3549 614 3619 Iuero,
664 3554 723 3606 et
773 3567 1117 3622 percussero
1185 3567 1342 3620 eum,
1394 3568 1493 3608 vos
1557 3553 1708 3609 servi
1773 3553 1961 3624 eritis,
2011 3557 2068 3608 et

428 3640 694 3696 servietis
759 3639 948 3696 nobis.
1014 3641 1083 3695 Et
1148 3640 1340 3696 aiebat
1403 3640 1773 3698 Philistheeus
1841 3659 1855 3698 :
1926 3642 2066 3712 Ergo

429 3729 772 3802 exprobravi
834 3729 1168 3798 agminibus
1217 3730 1394 3786 Israel
1443 3731 1616 3787 hodie
1667 3749 1680 3787 :
1732 3732 1874 3787 Date
1924 3732 2068 3787 mihi

427 3818 729 3887 virum,et
754 3818 910 3874 ineat
963 3835 1192 3875 mecum
1244 3819 1537 3890 singulare
1585 3825 1898 3877 rcrtamen.
1951 3827 2066 3877 Au-

427 3907 595 3964 diens
617 3913 810 3964 autem
832 3908 988 3976 Saul,
1017 3913 1074 3964 et
1093 3925 1298 3966 omnes
1320 3909 1425 3963 viri
1453 3910 1746 3975 Israelitae,
1770 3927 2070 3967 sermones

429 3998 750 4055 Philisthaai
781 3998 1217 4068 hujuscemodi,
1249 3998 1584 4070 stupebant,
1634 4003 1691 4054 et
1737 4000 2074 4056 metuebant

431 4088 632 4144 nimis.
667 4087 840 4144 David
875 4096 1066 4144 autem
1099 4091 1222 4144 erat
1252 4086 1410 4144 ﬁlius
1450 4087 1558 4143 viri
1606 4088 1953 4160 Ephrathzei,
2003 4091 2074 4147 de

431 4194 545 4250 quo
577 4194 758 4250 supra
788 4177 1011 4233 dictum
1045 4181 1134 4232 est
1164 4176 1246 4247 th.
1281 4192 1396 4232 non
1427 4176 1621 4241 habet,
1655 4178 1726 4233 de
1751 4194 1865 4250 quo
1895 4195 2075 4250 supra

429 4266 648 4322 dictum
683 4269 816 4336 est],
867 4266 938 4321 de
989 4265 1282 4321 Bethleem
1329 4265 1504 4333 Juda,
1555 4265 1646 4322 cui
1689 4271 1812 4322 erat
1860 4283 2072 4323 nomen

433 4357 569 4423 Isai,
603 4355 702 4426 qui
733 4355 990 4411 habebat
1019 4358 1148 4411 octo
1185 4354 1356 4424 filios,
1387 4359 1445 4410 et
1472 4360 1598 4411 erat
1625 4356 1712 4411 vir
1758 4356 1816 4412 in
1867 4357 2074 4413 diebus

428 4445 567 4501 Saul
599 4462 798 4514 senex,
831 4450 886 4501 et
915 4446 1258 4516 grandaevus
1291 4445 1442 4500 inter
1472 4444 1623 4502 viros
1655 4446 1736 4517 [h.
1772 4445 1840 4502 Et
1887 4446 2076 4517 ingre-

433 4536 602 4592 diens
632 4535 786 4591 inter
815 4535 1013 4607 viros].
1047 4535 1334 4590 Abierunt
1381 4538 1579 4591 autem
1630 4539 1750 4590 tres
1798 4534 1900 4590 filii
1955 4537 2082 4606 ejus

437 4627 689 4696 majores
722 4630 854 4698 post
883 4624 1023 4682 Saul
1073 4624 1132 4679 in
1182 4623 1471 4696 praelium,
1520 4629 1577 4680 et
1623 4624 1858 4681 nomina
1908 4625 2084 4682 trium

431 4713 689 4769 ﬁliorum
723 4713 872 4784 ejus,
926 4713 1026 4784 qui
1077 4716 1458 4784 perrexerunt
1505 4713 1577 4768 ad
1625 4712 1864 4781 bellum,
1916 4713 2082 4769 Eliab

426 4803 876 4878 primogenitus,
924 4807 981 4858 et.
1028 4802 1324 4858 secundus
1373 4802 1706 4873 Abinadab,
1751 4802 2080 4874 tertiusque

427 4894 688 4950 Samma.
725 4892 902 4948 David
959 4896 1158 4946 autem
1207 4895 1330 4948 erat
1379 4891 1684 4947 minimus.
1741 4891 1830 4964 [T.
1884 4891 2078 4966 XLV.]

431 4985 645 5042 Tribus
667 4999 804 5056 ergo
833 4983 1157 5055 majoribus
1181 4982 1400 5038 secutis
1423 4983 1680 5050 Saulem,
1701 4981 1845 5039 abiit
1875 4982 2075 5051 David,

429 5079 488 5132 et
517 5090 785 5131 reversus
816 5077 904 5130 est
932 5090 965 5129 a
997 5072 1157 5140 Saul,
1191 5080 1254 5128 ut
1293 5078 1557 5144 pasceret
1609 5089 1843 5145 gregem
1893 5072 2076 5144 patris

498 5220 514 5256 ¹
556 5217 813 5291 Vulgati,
866 5216 1297 5291 quandocunque
1336 5215 1580 5291 _s_piritus
1628 5217 1848 5272 Domini
1895 5215 2076 5291 majus

425 5286 728 5364 arripiebc'zt
760 5286 892 5345 Saul
921 5309 940 5346 :
971 5286 1303 5364 longius'ab
1335 5289 1570 5344 Hebraeo
1602 5293 1782 5354 textu,
1825 5287 1925 5358 qui
1976 5286 2071 5343 hic

427 5383 541 5421 non
576 5365 738 5420 addit
762 5373 911 5424 nam
943 5363 1142 5417 malus.

498 5438 519 5471 ‘-’
586 5439 930 5490 Constanter
1009 5434 1174 5489 eﬂ‘ert
1252 5431 1565 5487 Veronens.
1646 5446 1755 5486 ms.
1823 5431 2064 5497 Soccoth,

2178 3286 2306 3356 ejus
2330 3284 2502 3339 faciet
2523 3283 2766 3338 liberam
2793 3283 2851 3338 in
2881 3280 3084 3352 Israel]
3105 3279 3436 3353 [T.XLVII.]
3458 3278 3525 3333 Et
3545 3274 3621 3331 ait
3645 3266 3792 3327 David

2178 3373 2250 3428 ad
2280 3372 2458 3438 viros,
2491 3372 2591 3444 qui
2625 3373 2861 3428 stabant
2891 3370 3337 3439 secum,dicens
3371 3386 3384 3423 :
3418 3365 3559 3433 Quid
3583 3359 3785 3418 dabitur

2177 3462 2297 3519 viro
2331 3463 2566 3534 [h.Quid
2600 3463 2698 3518 ﬁet
2729 3461 3001 3534 viro],qui
3033 3459 3398 3534 percusserit
3418 3452 3784 3513 Philisthaaum

2177 3551 2418 3622 hunc,et
2447 3551 2647 3609 tulerit
2677 3552 3056 3625 opprobrium
3083 3552 3154 3607 de
3187 3549 3399 3608 Israel?
3415 3545 3514 3620 qui
3543 3547 3627 3600 est
3653 3537 3782 3596 enim

2177 3640 2271 3696 hic
2294 3641 2664 3698 Philisthaeus
2685 3641 3267 3713 incircumcisus,qui
3289 3629 3785 3712 exprobravitacies

2179 3731 2276 3785 Dei
2307 3731 2593 3787 viventis?
2625 3732 2930 3787 Referebat
2959 3735 3152 3786 autem
3183 3729 3237 3787 ei
3269 3726 3520 3802 populus
3548 3719 3783 3780 eumdem

2178 3835 2530 3887 sermonem,
2561 3819 2761 3876 dicens
2795 3836 2808 3874 :
2846 3820 2974 3875 Haec
3008 3819 3311 3874 dabuntur
3364 3816 3446 3889 [h.
3496 3814 3612 3869 haec
3651 3804 3788 3873 fient]

2178 3907 2427 3980 viro,qui
2453 3907 2807 3980 percusserit
2827 3924 2982 3964 eum.
3016 3907 3178 3973 Quod
3204 3922 3341 3963 cum
3365 3904 3615 3962 audisset
3637 3893 3791 3958 Eliab,

2180 3998 2359 4054 frater
2387 3998 2516 4068 ejus
2547 3999 2759 4069 major,
2792 3997 3070 4069 loquente
3099 4013 3166 4053 eo
3200 4013 3339 4053 cum
3371 3991 3700 4063 aliis,iratus
3723 3982 3796 4037 est

2181 4091 2382 4144 contra
2411 4086 2615 4156 David,
2647 4091 2704 4143 et
2734 4086 2815 4143 ait
2847 4104 2861 4142 :
2893 4087 3080 4150 Quare
3106 4085 3348 4153 venisti,
3380 4087 3438 4140 et
3466 4093 3638 4155 quare
3664 4075 3796 4168 dere:

2180 4176 2410 4248 liquisti
2444 4176 2726 4249 pauculas
2758 4192 2890 4232 oves
2923 4175 3055 4232 illas
3103 4178 3163 4230 in
3217 4171 3492 4231 deserto?
3538 4182 3637 4241 ego
3687 4173 3796 4218 uo“

2181 4248 2520 4338 superbiam
2554 4269 2739 4336 tuam,
2770 4269 2827 4321 et
2859 4264 3184 4337 nequitiam
3218 4263 3416 4320 cordis
3447 4252 3712 4347 tui,quia

2182 4334 2409 4412 videres
2440 4334 2731 4427 praelium,
2763 4334 3141 4411 descendisti.
3165 4358 3233 4410 Et
3265 4353 3414 4408 dixit
3442 4346 3618 4406 David
3641 4361 3652 4400 :
3674 4334 3799 4405 Quid

2188 4445 2336 4502 feci?
2366 4444 2633 4516 nunquid
2667 4461 2783 4500 non
2815 4444 3056 4500 verbum
3088 4443 3218 4500 est?
3251 4443 3325 4499 Et
3351 4433 3655 4496 declinavit
3681 4441 3802 4502 pau-

2116 4541 2160 4606 D
2193 4533 2381 4589 Iulum
2409 4534 2481 4589 ab
2504 4550 2569 4589 eo
2592 4534 2658 4588 ad
2686 4532 3161 4604 alium;dixitque
3182 4530 3462 4588 eumdem
3484 4528 3802 4584 sermonem.

2196 4624 2262 4679 Et
2293 4623 2591 4696 respondit
2621 4623 2671 4678 ei
2704 4623 2956 4696 pepulus
2986 4622 3228 4677 verbum
3265 4620 3421 4677 sicut
3448 4621 3504 4674 et
3533 4609 3806 4696 prius.Auf

2193 4713 2318 4768 dita
2350 4692 2487 4768 sunt
2511 4692 2722 4768 autem.
2739 4692 2914 4767 verba
2946 4728 3073 4784 quae
3107 4710 3344 4766 locutus
3394 4711 3486 4764 est
3539 4697 3724 4761 David.
3764 4692 3811 4784 ei

2193 4801 2542 4857 annuntiata
2565 4801 2621 4856 in
2646 4781 3142 4872 conspectu—Saul.
3169 4799 3254 4854 Ad
3281 4813 3457 4870 quem
3482 4808 3611 4851 cum
3635 4781 3813 4845 fuisset

2192 4890 2506 4958 adductus,
2541 4889 2772 4947 locutus
2803 4895 2889 4946 est
2920 4890 2971 4944 ei
3005 4906 3018 4944 :
3052 4889 3176 4945 Non
3209 4885 3487 4944 concidat
3514 4897 3610 4939 cor
3636 4875 3811 4946 cujus-

2202 4997 2380 5052 quam
2416 4981 2473 5036 in
2501 4996 2567 5036 eo
2602 4998 2615 5036 :
2647 4996 2754 5052 ego
2785 4979 2867 5051 [h.
2902 4995 3014 5035 non
3049 4977 3224 5034 habet
3273 4975 3404 5050 ego]
3457 4985 3654 5030 servus
3698 4970 3814 5058 tune

2188 5050 2420 5140 Vadam,
2455 5074 2511 5126 et
2542 5050 2814 5142 pugnabo
2849 5068 3128 5124 adversus
3159 5063 3592 5122 Philisthaeum.
3647 5057 3709 5110 Et
3750 5050 3818 5105 ait

2255 5212 2563 5287 {Utraque
2597 5211 2768 5267 lectio
2799 5211 2938 5267 huic
2970 5209 3275 5287 sententiae
3317 5203 3595 5287 convenit
3629 5218 3654 5287 ,ε
3701 5205 3817 5287 natm

2185 5283 2405 5340 milites
2434 5272 2755 5356 utebantur
2774 5289 2838 5356 et
2869 5282 3196 5356 squamatis
3227 5286 3288 5356 et
3317 5276 3576 5356 hamatis
3629 5272 3818 5356 loricis

2183 5355 2328 5410 Hinc
2378 5356 2528 5425 apud
2578 5345 3059 5426 Virgiliumfnec
3109 5353 3324 5424 duplici
3371 5363 3600 5426 squama
3647 5345 3816 5426 ιρνίςιξν

2181 5433 2324 5495 etc.;
2360 5414 2465 5482 et'I
2499 5414 2785 5495 Λῖηείἱίοε,
2837 5414 3065 5495 loricam
3107 5414 3424 5495 consertam-
3465 5414 3818 5495 ham_mis,et0:

425 5480 916 5580 propius-‘Bebrj'
941 5480 1136 5565 nava“;
1156 5480 2069 5580 ἠυξ-ἆ-νέῐῐῇῐηᾘῶοξᾶἶᾷἷ
2176 5480 3310 5580 Squama;autemet’hamiloricarum;
3335 5480 3824 5580 catennulaaz‘erfpal

429 5567 894 5659 I20iXu30.1?3010
926 5592 1164 5659 quoque
1187 5567 1317 5648 post
1345 5592 1413 5631 ex
1445 5567 1647 5632 eo'dem
1681 5575 2065 5632 ms.Dommim
2176 5567 2251 5659 ad
2306 5572 2545 5659 modum
2581 5576 3206 5659 squamarium‘ptque
3255 5567 3591 5633 hamorum,
3643 5567 3698 5614 in
3743 5567 3814 5608 οιε

426 5650 564 5709 cum
579 5650 821 5724 gemino
851 5667 905 5706 m
935 5650 1328 5723 reposuimus.

2205 5643 2542 5716 compositae
2569 5645 2626 5700 et
2648 5641 2957 5702 conserta.
2992 5641 3174 5700 MART.
