3982 6178
179 314 275 371 641

1549 305 1762 359 LIBER.
1799 304 1823 356 Ι
1859 304 2238 359 SAMUELIS.

3485 311 3594 367 642

179 440 313 498 Saul
347 439 421 496 ad
448 436 660 495 David:
692 435 815 491 Non
849 432 1004 490 vales
1036 431 1305 489 resistere
1336 428 1677 486 Philisthaao
1709 427 1830 496 isti,
1861 428 1914 494 Α
1953 427 2101 498 lapis
2135 429 2191 484 in
2228 431 2418 486 fronte
2449 431 2596 503 ejus,
2629 436 2685 488 et
2721 433 2929 489 cecidit
2962 433 3018 490 in
3063 436 3269 493 faciem
3314 454 3483 494 suam
3532 439 3592 494 in

184 547 287 588 nec
317 543 584 602 pugnare
596 525 878 581 adversus
896 539 1032 578 eum
1053 538 1066 576 :
1089 521 1226 592 quia
1246 537 1390 592 puer
1407 536 1491 589 es,
1512 517 1608 573 hic
1631 521 1831 572 autem

1951 518 2077 584 [ms.
2111 521 2161 572 et
2200 519 2348 588 Vulg.
2400 521 2597 592 super]
2649 526 2883 580 terram.
2941 524 3362 598 Pravaluitque
3409 527 3590 583 David

182 623 269 676 vir
295 618 552 676 bellator
579 620 668 671 est
697 615 769 670 ah
793 611 1184 669 adolescentia
1205 627 1331 666 sua.
1359 609 1633 679 Dixitque
1655 607 1834 662 David
1945 606 2228 664 adversus
2259 607 2663 666 Philisthaeum
2695 610 2754 666 in
2790 613 2968 668 funda
2997 619 3054 669 et
3083 614 3141 669 in
3175 613 3370 687 lapide
3395 633 3408 672 :
3465 632 3598 689 per-

187 711 256 768 ad
281 707 424 764 Saul
451 724 465 762 :
499 704 780 761 Pascebat
812 719 1013 759 servus
1045 706 1184 757 tuus
1211 700 1394 772 patris
1436 698 1525 754 sui
1574 712 1836 770 gregem,

188 805 242 856 et
269 797 546 854 veniebat
573 794 664 850 leo
694 792 781 849 vel
816 809 1012 860 ursus,
1062 790 1422 860 tollebatque
1473 787 1713 842 arietem
1768 785 1839 840 de

188 887 380 945 medio
413 884 607 959 gregis
638 899 653 938 :
687 887 743 938 et
769 881 1164 954 persequebar
1185 895 1304 943 eos,
1326 882 1382 933 et
1415 876 1836 950 percutiebam,

1947 711 2303 768 cussumque
2322 697 3308 776 Philisthzsuminterfecit.Cumque
3327 705 3592 776 gladium

1951 800 2064 839 non
2112 785 2351 842 haberet
2397 786 2457 843 in
2510 805 2685 843 manu
2736 789 2938 862 David,
2988 794 3269 864 cucurrit,
3333 799 3388 851 et
3435 795 3600 851 stetit

1951 889 2128 946 super
2161 874 2587 948 Philisthmum,
2620 882 2678 934 et
2705 879 2842 934 tulit
2869 880 3129 952 gladium
3153 883 3299 954 ejus,
3323 888 3379 939 et
3401 884 3603 940 eduxit

189 977 589 1047 eruebamque
621 973 691 1028 de
741 987 840 1028 ore
895 986 1121 1026 eorum.
1157 973 1213 1025 et
1270 967 1356 1022 illi
1405 965 1841 1036 consurgebant
1947 978 2083 1018 eum
2116 965 2188 1020 de
2219 965 2429 1037 vagina
2460 983 2591 1038 sua,
2623 972 2680 1023 et
2706 968 2997 1024 interfecit
3029 987 3188 1040 eum,
3218 973 3601 1046 praeciditque

192 1068 507 1124 adversum
539 1078 653 1133 me,
686 1065 742 1116 et
771 1058 1278 1132 apprehendebam
1313 1059 1576 1111 mentum
1612 1067 1839 1120 eorum,

193 1161 248 1213 et
268 1153 658 1222 suﬁocabam,
681 1149 1220 1219 interficiebamque
1239 1162 1360 1202 eos.
1385 1150 1520 1200 Nam
1543 1148 1597 1199 et
1613 1143 1842 1198 leonem

192 1251 248 1302 et
277 1240 780 1301 ursuminterfeci
838 1254 944 1310 ego
976 1254 1178 1293 servus
1236 1241 1376 1290 tuus
1411 1235 1491 1305 [b.
1553 1232 1846 1288 interfecit

195 1349 399 1390 servus
431 1329 631 1399 tuus]:
661 1327 772 1384 erit
802 1327 982 1399 igitur
1011 1331 1066 1382 et
1101 1323 1476 1380 Philisthreus
1507 1321 1602 1376 hic
1662 1321 1842 1376 incir-

193 1421 498 1479 cumcisus
531 1421 576 1486 ί,
610 1415 772 1488 quasi
801 1431 954 1471 unus
983 1431 1052 1470 ex
1081 1415 1187 1481 eis,
1223 1413 1319 1484 qui
1354 1428 1537 1468 ausus
1561 1416 1649 1467 est
1674 1409 1847 1465 male-

192 1513 386 1567 dicere
418 1506 698 1566 exercitui
729 1505 814 1578 [h.
842 1505 1190 1577 exprobrare
1220 1501 1579 1575 agminibus]
1624 1499 1721 1554 Dei
1761 1499 1849 1554 vi—

194 1600 410 1658 ventis.
443 1599 516 1654 Et
544 1597 624 1653 ait
652 1594 874 1652 David:
912 1593 1193 1650 Dominus
1225 1593 1324 1663 qui
1347 1591 1501 1647 eruit
1525 1605 1616 1646 me
1638 1589 1708 1644 de
1734 1605 1848 1644 ma-

195 1707 274 1746 nu
307 1687 526 1753 leonis,
587 1689 644 1740 et
669 1684 739 1740 de
773 1699 945 1739 manu
980 1681 1122 1749 ursi,
1155 1681 1281 1752 ipse
1306 1678 1582 1735 liberabit
1633 1693 1725 1733 me
1778 1679 1848 1733 de

1952 1056 2122 1125 caput
2154 1055 2302 1124 ejus.
2339 1055 2616 1112 Videntes
2642 1063 2839 1112 autem
2873 1057 3233 1131 Philisthim,
3269 1064 3421 1132 quod
3446 1078 3602 1117 mor-

1952 1145 2092 1198 tuus
2122 1147 2278 1198 esset
2296 1145 2656 1201 fortissimus
2679 1146 2760 1218 [b.
2785 1149 3017 1220 potens]
3047 1165 3278 1218 eorum,
3302 1152 3604 1223 fugerunt.

1951 1230 2020 1285 Et
2048 1238 2473 1305 consurgentes
2504 1233 2609 1290 viri
2645 1235 2822 1291 Israel
2852 1244 2909 1293 et
2934 1238 3090 1293 Juda
3109 1240 3411 1295 vociferati
3443 1245 3604 1308 sunt,

1953 1325 2010 1376 et
2039 1324 2326 1392 persecuti
2361 1327 2503 1379 sunt
2530 1323 2860 1381 Philistseos
2909 1343 3095 1396 usque
3146 1329 3288 1384 dum
3340 1328 3603 1384 venirent

1953 1407 2010 1464 in
2045 1408 2274 1482 vallem,
2308 1416 2366 1468 et
2393 1428 2582 1485 usque
2603 1414 2673 1469 ad
2706 1419 2904 1486 portas
2931 1419 3209 1484 Accaron,
3237 1417 3608 1474 ceciderunt-

1960 1514 2071 1569 que
2101 1499 2388 1555 vulnerati
2421 1502 2492 1557 de
2521 1501 2871 1559 Philisthim
2906 1503 2966 1559 in
2997 1505 3088 1561 via
3117 1505 3307 1562 Sarim
3324 1523 3513 1578 usque
3537 1507 3606 1563 ad

1956 1587 2129 1654 Geth,
2153 1592 2210 1643 et
2242 1604 2431 1660 usque
2461 1592 2739 1647 Accaron.
2775 1592 2839 1647 Et
2873 1597 3226 1650 revertentes
3269 1593 3375 1650 ﬁlii
3427 1594 3605 1651 Israel

1968 1680 2280 1748 postquam
2316 1680 2607 1750 persecuti
2641 1681 2870 1737 fuerant
2888 1681 3236 1754 Philistaeos,
3265 1684 3610 1740 invaserunt

197 1794 380 1834 manu
403 1773 727 1875 Philisthfsi
753 1771 1126 1871 hujus.Dixit
1147 1766 1844 1879 autemjsauj‘ad‘D'avidj
1886 1812 1932 1879 Β
1963 1769 2764 1879 castracorumf‘a‘ssumens
2797 1776 2995 1879 autem
3033 1773 3208 1829 David
3251 1778 3429 1845 caput
3472 1773 3607 1829 Phi-

193 1865 377 1931 Vade,
417 1870 475 1920 et
505 1861 788 1920 Dominus
818 1865 1010 1916 tecum
1043 1860 1138 1915 sit.
1174 1859 1239 1914 Et
1272 1857 1464 1913 induit
1492 1855 1628 1912 Saul
1669 1854 1847 1911 David

195 1953 572 2012 vestimentis
604 1951 752 2017 suis,
781 1957 838 2006 et
867 1947 1149 2020 imposuit
1178 1947 1403 2019 galeam
1435 1961 1641 2000 aream
1673 1959 1852 2015 super

195 2047 377 2116 caput
406 2042 560 2113 ejus,
593 2046 648 2096 et
678 2037 911 2095 vestivit
937 2053 1070 2092 eum
1102 2035 1303 2092 lorica.
1357 2034 1665 2090 Accinctus
1712 2049 1849 2104 ergo

193 2132 379 2189 David
415 2129 615 2204 gladio
645 2129 774 2200 ejus
805 2142 982 2197 super
1010 2130 1228 2180 vestem
1259 2139 1451 2193 suam,
1498 2123 1671 2194 cmpit
1718 2127 1852 2176 ten-

195 2227 320 2277 tare
351 2219 405 2275 si
439 2222 703 2274 armatus
737 2219 934 2288 posset
963 2214 1251 2280 incedere,
1288 2229 1402 2267 non
1427 2210 1576 2267 enim
1599 2210 1853 2266 habebat

201 2304 996 2376 consuetudinem.Dixitque
1011 2303 1188 2359 David
1203 2303 1274 2358 ad
1290 2300 1448 2358 Saul:
1468 2301 1592 2357 Non
1616 2316 1854 2372 possum

203 2401 285 2454 sic
307 2398 608 2465 incedere,
643 2397 783 2468 quia
815 2412 918 2451 nec
953 2410 1122 2450 usum
1157 2393 1360 2450 habeo.
1386 2393 1456 2448 Et
1477 2391 1747 2464 deposuit
1763 2408 1850 2458 ea,

203 2495 256 2544 et
286 2487 430 2544 tulit
460 2485 739 2542 baculum
772 2501 969 2554 suum,
1005 2499 1177 2556 quem
1212 2499 1444 2554 semper
1490 2481 1742 2537 habebat
1795 2479 1853 2535 in

203 2576 510 2642 manibus,
541 2580 599 2631 et
627 2574 800 2647 elegit
820 2573 933 2629 sibi
958 2571 1220 2645 quinque
1242 2569 1689 2642 limpidissimos
1711 2567 1856 2640 lapi-

201 2667 303 2722 des
335 2667 411 2721 de
443 2668 723 2736 torrente,
757 2667 812 2718 et
842 2661 1001 2717 misit
1030 2677 1127 2716 eos
1159 2661 1215 2715 in
1249 2677 1446 2733 peram
1481 2658 1854 2731 pastoralem,

203 2772 387 2828 quam
420 2754 680 2810 habebat
710 2770 934 2822 secum,
955 2756 1010 2807 et
1025 2750 1267 2806 fundam
1291 2767 1468 2805 manu
1487 2747 1640 2816 tulit,
1660 2752 1717 2803 et
1733 2764 1858 2819 pro-

203 2845 387 2901 cessit
417 2845 730 2899 adversum
761 2838 1192 2896 Philisthasum.
1245 2840 1368 2894 Ibat
1425 2844 1621 2894 autem
1681 2836 1857 2892 Phili-

203 2933 432 2989 sthaeus
458 2932 759 3001 incedens,
779 2935 835 2986 et
855 2929 1335 3002 appropinquans
1355 2928 1659 2982 adversum
1683 2926 1856 2982 David

205 3029 258 3079 et
290 3022 558 3094 armiger
587 3021 716 3092 ejus
744 3024 876 3074 ante
901 3035 1057 3074 eum.
1078 3015 1710 3088 Cumqucinspexisset
1731 3015 1859 3070 Phi-

1964 1855 2200 1926 listhaei,
2233 1856 2593 1914 attulitillud
2622 1858 2680 1914 in
2711 1860 3055 1916 Jerusalem:
3091 1879 3256 1919 arma
3293 1878 3428 1919 vero
3479 1863 3609 1934 ejus

1961 1943 2161 2016 posuit
2190 1944 2248 1999 in
2308 1946 2685 2003 tabernaculo
2740 1966 2870 2005 suo.
2932 1950 3008 2005 Eo
3067 1956 3265 2008 autem
3321 1939 3609 2024 tempore,

1965 2051 2080 2106 quo
2112 2034 2338 2090 viderat
2373 2037 2508 2092 Saul
2544 2038 2718 2093 David
2752 2041 3152 2111 egredientem
3196 2047 3400 2098 contra
3452 2041 3612 2098 Phil-

1960 2123 2276 2195 listhseum,
2336 2125 2418 2181 ait
2491 2127 2560 2181 ad
2621 2128 2816 2183 Abner
2873 2129 3198 2202 principem
3249 2130 3448 2186 militze
3483 2148 3496 2186 :
3532 2136 3608 2187 De

1961 2229 2075 2283 qua
2106 2213 2288 2285 stirpe
2319 2214 2622 2272 descendit
2678 2216 2772 2274 hic
2800 2217 2884 2287 (h.
2945 2218 3089 2274 Cum
3123 2225 3318 2276 autem
3375 2220 3604 2276 videret

1961 2300 2100 2356 Saul
2145 2302 2319 2357 David
2363 2304 2756 2376 egredientem
2807 2311 3010 2364 contra
3045 2308 3469 2375 Philisthzeum,
3522 2308 3606 2365 ait

1961 2389 2032 2444 ad
2064 2390 2259 2446 Abner
2288 2391 2612 2465 principem
2645 2395 2898 2450 militias:
2950 2396 3120 2466 cujus
3167 2401 3256 2452 est
3300 2397 3418 2470 hic)
3463 2398 3605 2454 udo-
3659 2393 3673 2406 ⁸

1961 2477 2206 2545 lescens,
2239 2481 2465 2536 Abner?
2497 2482 2762 2555 Dixitque
2793 2485 3005 2540 Abner:
3041 2486 3197 2542 Vivit
3234 2486 3435 2542 anima
3485 2492 3606 2558 tua,

1966 2584 2084 2638 rex,
2117 2568 2162 2622 si
2197 2569 2347 2624 novi.
2381 2571 2450 2624 Et
2481 2571 2563 2626 ait
2596 2589 2729 2627 rex:
2783 2572 3084 2645 Interroga
3109 2579 3194 2644 tu,
3228 2576 3399 2646 cuius
3448 2576 3609 2632 ﬁlius

1966 2655 2042 2711 sit
2073 2656 2182 2711 iste
2213 2673 2357 2728 puer
2389 2659 2470 2728 (h,
2531 2659 2915 2732 adolescens].
2977 2662 3241 2734 Cumque
3299 2680 3607 2736 regressus

1966 2749 2120 2801 esset
2144 2745 2346 2816 David,
2380 2763 2658 2818 percusso
2691 2749 3049 2819 Philisthmo,
3082 2752 3219 2807 tulit
3240 2769 3373 2808 eum
3395 2754 3608 2821 Abner,

1966 2839 2022 2890 et
2053 2834 2375 2890 introduxit
2406 2852 2602 2893 coram
2627 2838 2787 2908 Saul,
2821 2845 2997 2912 caput
3026 2840 3350 2896 Philisthaei
3387 2842 3611 2898 haben-

1967 2928 2082 2978 tem
2116 2923 2173 2978 in
2210 2940 2406 2980 manu.
2439 2927 2508 2982 Et
2537 2927 2618 2982 ait
2640 2929 2709 2983 ad
2741 2945 2874 2984 eum
2902 2929 3068 2986 Saul:
3103 2937 3183 2986 De
3238 2947 3356 3002 qua
3403 2947 3611 3004 proge-

1969 3013 2061 3067 nie
2088 3028 2149 3068 es
2181 3014 2260 3084 [ὴ.
2295 3015 2473 3085 Cujus
2503 3015 2654 3085 ﬁlius
2686 3023 2789 3089 tu],
2825 3036 2856 3074 ο
2889 3018 3280 3075 adolescens?
3331 3020 3612 3092 Dixitque

203 3112 501 3177 listhaaus,
529 3114 587 3166 et
626 3110 872 3166 vidisset
930 3108 1131 3173 David,
1187 3106 1450 3178 despexit
1506 3121 1661 3160 eum.
1722 3105 1859 3160 Erat
1973 3100 2168 3157 David:
2205 3102 2384 3158 Filius
2416 3105 2566 3160 servi
2597 3107 2681 3161 tui
2713 3107 2828 3162 lsai
2857 3107 3254 3164 Bethleemitzs
3320 3125 3433 3182 ego
3476 3126 3610 3166 sum

203 3204 362 3258 enim
398 3199 762 3264 adolescens,
790 3199 976 3264 rufus,
1001 3202 1058 3252 et
1081 3195 1322 3268 pulcher
1344 3199 1602 3268 aspectu.
1623 3196 1692 3250 Et
1713 3194 1859 3250 dixit
1889 3186 1931 3253 C
1970 3189 2052 3261 [b.
2086 3208 2197 3247 non
2222 3191 2440 3264 habet].

204 3289 590 3348 Philisthaus
621 3288 692 3344 ad
727 3288 954 3342 David.‘
998 3285 1276 3357 Nunquid
1334 3301 1440 3356 ego
1494 3285 1656 3340 canis
1706 3300 1860 3350 sum,

205 3381 362 3453 quod
398 3383 464 3434 tu
499 3379 662 3433 venis
693 3377 763 3432 ad
799 3392 891 3432 me
923 3393 1054 3431 cum
1087 3372 1294 3430 baculo
1316 3374 1399 3445 [b.
1424 3389 1558 3428 cum
1579 3373 1862 3444 baculis]?

207 3471 274 3526 Et
308 3467 621 3525 maledixit
652 3464 1024 3520 Philisthaeus
1058 3463 1232 3520 David
1268 3463 1327 3518 in
1358 3462 1470 3518 diis
1497 3462 1659 3518 suis:
1693 3461 1862 3517 dixit-

206 3575 316 3631 que
347 3557 426 3612 ad
457 3555 638 3611 David
667 3571 680 3608 :
714 3554 849 3610 Veni
883 3555 956 3609 ad
993 3569 1104 3624 me,
1139 3558 1194 3609 et
1254 3553 1403 3608 dabo
1462 3567 1669 3608 carnes
1727 3555 1861 3607 tuas

205 3644 557 3704 volatilibus
590 3642 714 3699 cceli
749 3647 806 3698 et
827 3642 1028 3699 bestiis
1059 3647 1224 3698 terra:
1254 3641 1336 3714 [h,
1370 3643 1535 3712 agri].
1573 3640 1729 3697 Dixit
1759 3657 1861 3695 au-

206 3741 323 3792 tem
361 3733 548 3792 David
581 3733 652 3788 ad
685 3731 1121 3790 Philisthasum:
1155 3732 1238 3787 Tu
1271 3731 1432 3787 venis
1463 3731 1534 3786 ad
1583 3746 1674 3786 me
1725 3746 1861 3785 cum

204 3823 436 3898 gladio,
471 3827 529 3877 et
560 3820 750 3890 hasta,
784 3825 839 3876 et
870 3819 1067 3893 clypeo
1097 3836 1109 3874 :
1147 3836 1250 3892 ego
1275 3825 1471 3875 autem
1501 3819 1668 3874 venio
1702 3819 1772 3874 ad
1805 3823 1864 3874 te

206 3914 261 3969 in
286 3910 542 3970 nomine
555 3910 785 3966 Domini
812 3908 1196 3975 exercituum,
1222 3909 1321 3964 Dei
1345 3907 1647 3980 agminum
1666 3907 1864 3979 Israel,

208 4004 438 4075 quibus
469 3999 853 4072 exprobrasti.
886 3998 1066 4054 Hodie
1097 3997 1260 4054 dabit
1290 3999 1311 4032 ²
1343 3998 1419 4065 [b.
1441 3997 1649 4068 tradet]
1673 4003 1728 4052 te
1754 3997 1864 4054 Do-

208 4092 419 4148 minus
451 4089 512 4144 in
547 4105 726 4144 manu
757 4105 906 4157 mea,
938 4091 996 4143 et
1027 4087 1348 4158 percutiam
1385 4091 1457 4156 te,
1492 4091 1549 4142 et
1599 4087 1863 4142 auferam

209 4185 398 4254 caput
427 4184 598 4234 tuum
631 4195 666 4233 a
693 4181 769 4247 te,
801 4181 858 4233 et
880 4177 1028 4232 dabo
1052 4177 1330 4232 cadavera
1350 4181 1675 4232 castrorum
1691 4175 1867 4230 Phili-

209 4271 395 4327 slhim
432 4265 605 4325 hodie
646 4265 983 4323 volatilibus
1041 4264 1168 4322 coeli
1227 4271 1284 4320 et
1332 4265 1536 4321 bestiis
1585 4269 1774 4331 terrae,
1805 4268 1868 4319 ut

211 4360 363 4416 sciat
395 4356 597 4415 omnis
627 4360 782 4412 terra
813 4356 949 4427 quia
979 4360 1067 4411 est
1094 4355 1248 4411 Deus
1278 4354 1338 4410 in
1371 4353 1570 4411 Israel.
1631 4355 1700 4410 Et
1757 4371 1864 4410 no-

209 4451 359 4506 verit
390 4447 670 4504 universa
699 4443 944 4502 ecclesia
969 4443 1113 4512 hac,
1163 4444 1305 4517 quia
1361 4461 1476 4499 non
1535 4444 1594 4498 in
1648 4443 1866 4515 gladio,

2042 3281 2129 3351 (T.
2162 3281 2406 3338 XLVIII.
2459 3282 2588 3356 Cap.
2644 3285 2879 3358 XVIII.)
2911 3287 2978 3341 Et
3036 3287 3257 3343 factum
3307 3291 3417 3354 est,
3475 3305 3611 3344 cum

1971 3369 2324 3441 complesset
2354 3372 2514 3445 loqui
2547 3375 2617 3428 ad
2651 3375 2818 3431 Saul:
2855 3376 3056 3432 anima
3084 3376 3374 3433 Jonathan
3428 3377 3616 3433 conli-

1970 3461 2105 3530 gata
2155 3465 2242 3514 est
2292 3460 2487 3532 (Vulg.
2549 3464 2970 3538 conglutinata)
3029 3467 3238 3522 animm
3299 3467 3500 3535 David,
3561 3470 3620 3524 et

1970 3547 2172 3603 dilexit
2201 3565 2336 3604 eum
2366 3551 2660 3608 Jonathan
2692 3555 2861 3626 quasi
2892 3556 3150 3611 animam
3184 3573 3373 3614 suam.
3425 3556 3614 3612 Tulit-

1971 3653 2084 3708 que
2114 3655 2248 3694 eum
2280 3639 2418 3696 Saul
2448 3640 2508 3696 in
2540 3641 2633 3698 die
2690 3643 2809 3714 illa,
2860 3649 2918 3700 et
2947 3663 3061 3700 non
3120 3646 3412 3701 concessit
3468 3647 3520 3701 ei
3553 3651 3617 3702 ut

1971 3731 2355 3784 reverteretur
2411 3729 2470 3785 in
2528 3732 2766 3787 domum
2828 3734 3012 3805 patris
3071 3735 3199 3792 sui.
3251 3735 3338 3804 (T.
3399 3735 3618 3807 XLIX.)

1972 3816 2238 3873 Inierunt
2266 3825 2462 3875 autem
2494 3821 2787 3878 Jonathan
2820 3827 2876 3878 et
2896 3823 3077 3879 David
3102 3825 3312 3879 fmdus:
3339 3823 3621 3896 diligebat

1978 3905 2134 3961 enim
2162 3923 2296 3962 eum
2329 3909 2495 3981 quasi
2533 3911 2790 3967 animam
2850 3928 3038 3969 suam.
3101 3918 3240 3968 Nam
3273 3913 3620 3987 exspoliavit

1978 4011 2040 4050 se
2070 3996 2359 4052 Jonathan
2401 3999 2600 4056 tunica
2657 4017 2774 4071 qua
2833 4006 2958 4057 erat
3009 4003 3282 4071 vestitus,
3344 4008 3400 4058 et
3452 4002 3616 4058 dedit

1978 4099 2106 4138 eam
2137 4085 2341 4152 David,
2376 4090 2432 4141 et
2488 4087 2713 4159 reliqua
2758 4091 3107 4147 vestimenta
3138 4107 3266 4158 sua,
3317 4106 3500 4161 usque
3546 4091 3616 4146 ad

1978 4171 2241 4242 gladium
2273 4179 2331 4228 et
2379 4191 2580 4231 arcum
2639 4195 2836 4244 suum,
2871 4184 2927 4234 et
2983 4196 3167 4251 usque
3209 4181 3279 4234 ad
3337 4178 3616 4235 balteum.

1978 4261 2401 4332 Egrediebatur
2429 4281 2662 4336 quoque
2693 4267 2870 4322 David
2904 4269 2974 4323 ad
3009 4269 3208 4323 omnia
3254 4284 3620 4339 quascunque

1982 4351 2240 4407 misisset
2268 4368 2401 4408 eum
2432 4354 2590 4420 Saul,
2624 4359 2674 4410 et
2703 4355 2784 4427 (h.
2820 4373 2935 4411 non
2967 4357 3161 4427 habet)
3197 4359 3512 4428 prudenter
3558 4373 3621 4412 se

1979 4441 2209 4512 agebat:
2243 4443 2558 4516 posuitque
2588 4461 2722 4501 eum
2761 4445 2897 4501 Saul
2946 4462 3124 4517 super
3170 4446 3323 4501 viros
3373 4445 3532 4514 belli,
3564 4450 3624 4502 et

212 4555 317 4595 nec
349 4539 414 4594 in
453 4539 626 4591 hasta
683 4533 868 4590 salvat
922 4532 1209 4589 Dominus
1241 4550 1252 4587 :
1313 4533 1504 4605 ipsius
1563 4537 1651 4589 est
1709 4533 1866 4588 enim
1899 4560 1947 4623 Β
1981 4535 2254 4600 acceptus
2284 4537 2408 4588 erat
2437 4532 2495 4587 in
2555 4532 2738 4590 oculis
2770 4534 3022 4590 universi
3084 4535 3308 4607 populi,
3342 4537 3622 4591 maxime-

211 4627 469 4698 bellum,
503 4629 561 4680 et
591 4623 781 4678 tradet
811 4639 912 4679 vos
943 4623 1000 4676 in
1035 4637 1247 4678 manus
1280 4626 1531 4678 nostras.
1557 4624 1703 4677 Cum
1732 4638 1868 4694 ergo

213 4717 579 4772 surrexisset
608 4711 997 4781 Philisthaaus,
1031 4716 1089 4767 et
1140 4711 1379 4782 veniret,
1439 4715 1498 4768 et
1552 4711 1872 4783 apprOpin-

211 4809 428 4876 quaret
450 4807 657 4858 contra
689 4801 886 4868 David,
913 4800 1215 4856 festinavit
1243 4801 1447 4870 David,
1498 4803 1556 4856 et
1610 4799 1872 4856 cucurrit

213 4895 321 4965 ιΑι.
357 4891 570 4962 currit]
604 4891 676 4945 ad
737 4906 953 4962 pugam
985 4906 1054 4945 ex
1092 4889 1336 4945 adverso
1393 4888 1742 4945 Philistheei.
1804 4889 1871 4945 Et

215 4981 388 5038 misit
424 4995 668 5034 manum
701 4995 870 5034 suam
897 4978 956 5032 in
991 4994 1222 5050 peram:
1268 4977 1522 5050 tulitque
1567 4994 1753 5034 unum
1787 4976 1872 5032 la-

213 5071 438 5142 pidem,
462 5074 520 5124 et
552 5068 732 5123 funda
768 5067 914 5140 jecit
941 5072 998 5123 et
1028 5067 1210 5139 [Vulg.
1248 5067 1377 5123 add.
1403 5066 1872 5140 curcumdicens]

214 5157 518 5232 percussit
548 5155 950 5213 Philisthaeum
1009 5157 1070 5213 in
1126 5157 1334 5228 fronte,
1393 5161 1451 5213 et
1505 5155 1723 5212 inﬁxus
1783 5160 1874 5212 est

294 5429 313 5463 ¹
347 5423 1421 5496 ObtruduntVulgatiadditamentum
1463 5424 1872 5496 hujuscemodi

216 5498 376 5553 Nunc
401 5498 616 5565 vadum,
648 5506 698 5553 et
723 5499 978 5567 auferam
1026 5497 1382 5568 opprobrium
1436 5497 1689 5569 papuli:_
1733 5513 1873 5568 quo-

219 5571 383 5625 niam
415 5571 535 5639 quis
563 5577 642 5625 est
669 5576 770 5624 iste
810 5567 1177 5626 Philisthaéus
1230 5567 1697 5625 incircumcisus?
1756 5585 1871 5695 qin

221 5641 453 5695 nedum
481 5642 775 5695 Hebrmus.
807 5641 909 5695 sed
936 5644 992 5695 et
1019 5640 1174 5695 LXX
1200 5639 1314 5695 insi
1344 5645 1544 5695 carent
1573 5640 1728 5695 .Mox
1810 5656 1871 5695 e-

221 5641 453 5696 nedum
481 5642 775 5711 Hebrmus,
807 5641 909 5697 sed
936 5644 992 5699 et
1019 5640 1174 5698 LXX
1200 5639 1314 5713 ipsi
1344 5645 1544 5698 carent
1573 5640 1728 5696 .Mox
1759 5639 1872 5698 Ve-

1979 4634 2093 4690 que
2121 4619 2179 4672 in
2228 4627 2544 4692 conspectu
2607 4623 2961 4678 famulorum
3020 4624 3157 4680 Saul
3218 4625 3302 4696 (h.
3364 4625 3625 4682 universi

1981 4707 2202 4778 populi,
2239 4713 2295 4764 et
2326 4710 2385 4764 in
2445 4710 2632 4767 oculis
2683 4728 2967 4768 servorum
3009 4713 3190 4785 Saul).
3252 4714 3431 4771 Porro
3493 4732 3625 4770 cum

1982 4801 2383 4869 reverteretur,
2418 4816 2695 4871 percusso
2725 4801 3088 4869 Philisthzso,
3126 4803 3324 4875 David,
3374 4820 3624 4877 egressae

1981 4890 2121 4942 sunt
2149 4887 2426 4943 mulieres
2459 4889 2528 4943 de
2563 4889 2850 4946 universis
2882 4892 3126 4948 urbibus
3156 4892 3354 4964 Israel,
3388 4899 3624 4949 cantan-

1981 4977 2090 5040 tes,
2123 4973 2449 5046 chorosque
2482 4978 2762 5034 ducentes
2793 4979 2854 5034 in
2896 4997 3204 5038 occursum
3263 4982 3397 5038 Saul
3449 4982 3625 5052 regis,

1981 5061 2041 5117 in
2071 5065 2364 5135 tympanis
2397 5065 2633 5134 laetitiis,
2667 5073 2724 5123 et
2753 5068 2810 5124 in
2845 5069 3060 5126 sistris.
3114 5075 3180 5126 Et
3233 5071 3629 5143 praecinebant

1984 5151 2258 5210 mulieres
2289 5153 2560 5214 ludentes
2586 5161 2764 5229 atque
2804 5158 3099 5216 dicentes:
3147 5160 3443 5216 Percussit
3491 5157 3630 5213 Saul

1985 5435 2218 5497 ronens.
2259 5439 2370 5480 ms.
2403 5424 2712 5480 exercitum
2742 5441 2844 5497 pro
2867 5425 3158 5492 exercitui,
3193 5440 3355 5495 asque
3385 5425 3556 5497 bene.

2064 5491 2084 5524 ²
2119 5495 2441 5567 Veronens.
2502 5513 2638 5562 ms.,
2694 5491 3057 5567 Efcprobrasli
3113 5491 3288 5563 Iiodié,
3347 5500 3399 5554 et
3449 5496 3631 5563 dabis,

1984 5575 2120 5632 etc.,
2153 5583 2287 5623 cum
2321 5565 2586 5640 vulgatis
2619 5572 2674 5624 et
2704 5565 2917 5640 Graeco,
2954 5567 3129 5640 Paulo
3153 5571 3352 5640 autem
3380 5574 3512 5640 post
3541 5584 3630 5623 re-

1983 5641 2135 5698 ctius
2166 5639 2240 5696 ad
2269 5637 2598 5707 Hebraeum,
2631 5640 2866 5696 cadaver
2896 5637 3037 5711 legit
3084 5638 3298 5694 minori
3344 5637 3627 5698 numero.
3666 5665 3669 5668 ·
