3982 6178
420 302 528 357 643
1465 300 1526 353 8.
1568 296 1976 352 HIRRONYMI
2013 294 2159 348 DIVI
2172 294 2267 347 NA
2305 292 2795 348 BIBLIOTHBCA.
3681 299 3766 355 644

426 425 606 492 mille,
642 430 697 481 et
738 425 911 481 David
954 426 1154 480 decem
1208 422 1410 479 millia.
1471 421 1556 494 [Τ.
1590 420 1677 491 L.]
1736 419 1926 473 Iratus
1982 420 2071 471 est
2104 420 2145 483 Α
2184 430 2314 469 sum
2347 414 2435 469 vir
2467 431 2688 486 pauper
2714 420 2769 470 et
2800 416 3015 472 tenuis.
3052 416 3121 471 Et
3153 417 3610 475 renuntiaverunt
3645 425 3765 480 servi

423 521 618 573 autem
652 514 791 570 Saul
818 514 1018 583 nimis,
1052 517 1109 569 et
1138 510 1439 583 displicuit
1471 511 1529 564 in
1562 507 1746 564 oculis
1776 510 1903 578 ejus
1933 504 2064 561 iste’
2180 503 2344 571 Saul,
2401 505 2699 561 dicentes:
2761 504 3181 577 Hujuscemodi
3240 508 3414 563 verba
3462 507 3665 564 locutus
3698 518 3769 567 est

422 621 637 662 sermo:
667 603 965 675 dixitque:
1018 603 1309 657 Dederunt
1366 599 1541 656 David
1600 599 1800 653 decem
1860 593 2065 660 millia,
2177 593 2379 650 David.
2418 595 2570 649 Dixit
2601 600 2796 652 autem
2830 595 2967 651 Saul
3005 613 3017 651 :
3048 596 3141 651 Sic
3178 596 3480 667 loquimini
3499 599 3563 654 ad
3586 599 3763 656 David:

422 700 479 750 et
512 693 657 749 mihi
680 693 968 748 dederunt
1001 690 1187 747 mille?
1217 690 1357 761 quid
1388 688 1439 745 ei
1472 692 1760 759 superest,
1812 684 1924 740 nisi
1970 700 2067 739 so-
2178 684 2301 738 Non
2334 684 2507 738 habet
2540 700 2775 741 necesse
2808 702 2903 741 rex
2930 685 3252 753 sponsalia,
3287 686 3397 742 nisi
3425 692 3633 743 tantum
3660 705 3766 746 cen-

420 782 541 838 lum
580 798 828 854 regnum
860 785 882 836 ?
914 781 1041 837 Non
1094 780 1267 836 rectis
1305 794 1438 849 ergo
1488 775 1674 832 oculis
1721 772 1860 829 Saul
1909 771 2065 839 aspi-
2176 778 2300 826 tum
2329 773 2612 845 praputia
2635 773 3145 841 Philistbinorum,
3172 780 3235 832 ut
3253 774 3353 831 ﬁat
3375 774 3510 832 ultio
3527 777 3590 832 de
3610 778 3765 834 inimi-

422 872 615 928 ciebat
646 871 826 926 David
864 887 896 925 a
948 870 1041 925 die
1075 868 1196 937 illa,
1248 872 1304 923 et
1361 866 1655 937 deinceps.
1716 863 1853 918 Post
1910 861 2064 916 diem
2176 862 2260 916 cis
2293 862 2467 934 regis.
2503 866 2681 918 Porro
2740 863 2877 919 Saul
2910 864 3209 937 cogitabat
3262 866 3486 922 tradere
3519 866 3672 922 David
3721 868 3766 923 in

419 965 612 1016 autem
644 960 911 1028 alteram,
945 959 1159 1013 invasit
1191 957 1437 1029 spiritus
1469 954 1568 1010 Dei
1603 952 1796 1009 malus
1824 950 1986 1019 Saul,
2010 953 2068 1005 et
2178 966 2389 1006 manus
2413 952 2536 1022 [ms.
2562 952 2616 1007 in
2655 953 2951 1024 manibus]
2988 953 3493 1011 Philistbinorum.
3548 959 3768 1028 Cumque

420 1050 706 1122 prapheta
763 1049 823 1103 in
880 1048 1070 1105 medio
1130 1048 1343 1102 domus
1397 1043 1492 1118 [b.
1550 1042 1792 1099 timedio
1848 1040 2062 1110 domus]

420 1156 561 1195 sua:
592 1139 764 1193 David
802 1143 997 1193 autem
1032 1136 1318 1208 psallebat
1350 1150 1528 1189 manu
1582 1148 1711 1198 sua,
1757 1130 1912 1186 sicut
1961 1144 2065 1201 per

422 1228 687 1301 singules
717 1226 863 1282 dies.
893 1226 1269 1295 Tenebatque
1301 1222 1439 1279 Saul
1473 1220 1758 1287 lanceam,
1800 1223 1857 1273 et
1903 1216 2067 1272 misit

420 1333 571 1383 eam,
634 1322 847 1388 putans
896 1315 1053 1387 quod
1102 1314 1392 1385 conﬁgere
1442 1314 1639 1383 posset
1688 1307 1867 1364 David
1928 1323 2063 1361 cum

421 1406 660 1477 pariete,
694 1409 751 1460 et
779 1402 1090 1459 declinavit
1127 1401 1296 1456 David
1333 1418 1364 1456 a
1397 1400 1539 1455 facie
1561 1399 1689 1468 ejus
1711 1395 2064 1452 secundo.Et

420 1494 613 1550 timuit
642 1493 780 1549 Saul
810 1492 1015 1559 David,
1049 1507 1114 1547 eo
1148 1490 1301 1562 quod
1336 1486 1797 1545 essetDominus
1820 1500 1950 1539 cum
1972 1500 2060 1553 eo,

419 1590 474 1640 et
505 1602 537 1639 a
568 1601 629 1640 se
661 1582 1021 1638 recessisset.
1057 1580 1289 1635 Amovit
1317 1594 1454 1650 ergo
1485 1592 1620 1632 eum
1646 1573 1780 1630 Saul
1816 1590 1848 1628 a
1877 1590 1960 1639 se,
2005 1576 2062 1627 et

419 1674 554 1729 fecit
583 1689 716 1728 eum
750 1672 1053 1727 tribunum
1087 1686 1264 1740 super
1286 1666 1446 1722 mille
1466 1665 1620 1720 viros
1641 1664 1722 1735 [b.
1748 1680 1859 1717 non
1885 1662 2062 1717 habet

413 1763 607 1830 viros],
633 1767 690 1817 et
710 1760 1117 1833 egrediebatur
1138 1763 1195 1813 et
1214 1756 1648 1827 ingrediebatur
1666 1754 1722 1808 in
1746 1754 2058 1823 conspectu

2177 1039 2615 1096 renuntiassent
2647 1042 2799 1097 servi
2832 1043 2961 1113 ejus
2996 1042 3165 1098 David
3203 1044 3400 1113 verba,
3430 1061 3553 1116 qua
3587 1045 3770 1102 dixerat

2175 1128 2311 1184 Saul
2346 1130 2387 1196 ‘,
2423 1129 2643 1201 placuit
2673 1147 2865 1186 sermo
2896 1132 2956 1187 in
2988 1131 3173 1188 oculis
3211 1132 3410 1203 David,
3442 1138 3505 1187 ut
3534 1133 3772 1207 ἃδε-θεμ-

2175 1232 2278 1271 ner
2309 1218 2484 1289 regis.
2517 1218 2587 1273 Et
2620 1223 2748 1289 post
2778 1219 2903 1275 dies
2962 1237 3180 1292 paucos
3229 1235 3474 1292 surgens
3524 1220 3679 1276 David
3706 1220 3773 1295 [b.

2175 1306 2243 1361 Et
2273 1323 2387 1361 non
2418 1312 2585 1362 erant
2614 1307 2739 1364 dies
2767 1308 3064 1382 completi.
3099 1310 3359 1382 Surgens
3382 1314 3566 1366 autem
3583 1310 3772 1384 David,]

2176 1395 2319 1450 abiit
2348 1411 2481 1450 cum
2515 1394 2678 1463 viris,
2711 1396 2810 1467 qui
2846 1398 2958 1452 sub
3009 1413 3075 1453 eo
3104 1398 3125 1432 ⁸
3155 1403 3340 1454 erant.
3390 1399 3455 1454 Et
3513 1399 3769 1470 percussis

2174 1482 2510 1539 Philisthim
2544 1484 2812 1541 ducentis
2841 1485 3005 1556 viris,
3038 1485 3239 1542 attulit
3269 1485 3546 1560 praputia
3580 1503 3769 1555 eorum,

2175 1574 2232 1626 et
2262 1573 2670 1628 annumeravit
2698 1590 2766 1629 ea
2816 1573 2956 1647 regi,
2989 1580 3052 1630 ut
3081 1580 3237 1631 esset
3287 1592 3467 1649 gener
3522 1577 3656 1647 ejus.
3700 1576 3765 1648 [T.

2175 1662 2347 1731 LIIl.]
2378 1661 2547 1717 Dedit
2576 1662 2772 1734 itaque
2804 1662 2942 1718 Saul
2974 1663 3025 1719 ei
3059 1664 3273 1720 Michol
3315 1666 3399 1735 [b.
3455 1665 3668 1736 Michal]
3714 1666 3771 1719 ﬁ-

2175 1748 2312 1805 liam
2347 1768 2514 1806 suam
2566 1768 2825 1807 uxorem.
2885 1753 2953 1807 Et
3007 1753 3155 1809 vidit
3204 1754 3367 1820 Saul,
3422 1759 3479 1811 et
3526 1754 3769 1810 intellexit

2168 1840 2307 1910 quia
2340 1840 2622 1895 Dominus
2671 1846 2826 1896 esset
2855 1842 2980 1912 [ms.
3015 1843 3124 1914 est]
3160 1860 3292 1898 cuin
3328 1844 3529 1900 David.
3586 1843 3765 1900 Michol

2090 1800 2136 1864 Β

414 1853 634 1924 populi.
667 1854 727 1906 In
771 1849 1045 1905 omnibus
1068 1864 1300 1919 quoque
1320 1846 1427 1900 viis
1449 1844 1572 1900 suis
1598 1842 1771 1897 David
1800 1841 2052 1913 pruden-

411 1949 497 1998 ter
528 1942 756 2013 agebat,
790 1944 847 1994 et
876 1938 1153 1993 Dominus
1188 1940 1312 1991 erat
1342 1950 1475 1989 cum
1507 1950 1593 1988 eo.
1645 1931 1805 1986 Vidit
1854 1931 2051 2001 itaque

408 2030 544 2086 Saul
589 2029 740 2100 quod
761 2028 1017 2099 prudens
1036 2024 1403 2091 essetnimis,
1427 2021 1669 2093 etcapit
1690 2035 1890 2075 cavere
1915 2035 2047 2074 eum

411 2120 491 2192 [b.
508 2124 565 2173 et
586 2116 782 2172 timuit
802 2116 973 2186 eum].
996 2113 1198 2169 Omnis
1213 2116 1407 2167 autem
1426 2110 1600 2165 Israel
1615 2106 2049 2178 etJudadilige-

407 2210 509 2264 bat
544 2206 739 2261 David:
772 2205 894 2276 ipse
926 2203 1081 2258 enim
1107 2200 1509 2272 egrediebatur
1532 2202 1589 2253 et
1612 2196 2052 2269 ingrediebatur

410 2302 546 2352 ante
586 2310 705 2351 eos.
758 2293 843 2364 [T.
896 2291 1009 2362 LL]
1063 2290 1215 2344 Dixit
1259 2294 1455 2343 autem
1505 2286 1642 2341 Saul
1691 2286 1763 2341 ad
1823 2284 2047 2340 David:

358 2418 365 2427 -
412 2384 555 2441 Ecce
583 2383 703 2438 ﬁlia
737 2398 865 2436 mea
893 2383 1081 2451 major
1136 2378 1332 2435 Merob
1364 2377 1384 2411 ²
1436 2376 1516 2448 [b.
1553 2374 1798 2446 Merab],
1859 2374 2049 2445 ipsam

412 2475 561 2530 dabo
587 2470 693 2527 tibi
724 2486 960 2527 uxorem
990 2486 1002 2524 :
1036 2468 1446 2525 tantummodo
1494 2468 1619 2521 esto
1667 2464 1756 2518 vir
1797 2462 1880 2534 [b.
1928 2467 2051 2518 esto

414 2561 578 2633 mihi]
615 2558 799 2628 fortis,
833 2564 890 2614 et
921 2557 1185 2629 praliere
1212 2555 1363 2611 bella
1397 2554 1653 2609 Domini.
1685 2552 1823 2607 Saul
1855 2557 2050 2608 autem

412 2650 743 2724 reputabat,
787 2648 1020 2703 dicens:
1054 2646 1178 2701 Non
1230 2645 1307 2700 sit
1348 2660 1556 2699 manus
1607 2658 1737 2697 mea
1778 2644 1837 2696 in
1893 2657 2051 2711 eum,

411 2740 509 2795 sed
571 2740 649 2794 sit
682 2752 858 2809 super
914 2733 1081 2789 illum
1145 2750 1357 2789 manus
1394 2730 1858 2797 Philistinorum,
1908 2730 2047 2785 Ait:

364 2814 370 2823 “
411 2834 606 2884 autem
632 2826 806 2881 David
842 2824 912 2880 ad
945 2822 1104 2879 Saul:
1137 2821 1276 2888 Quis
1308 2838 1413 2894 ego
1442 2837 1596 2888 sum,
1648 2824 1749 2875 aut
1798 2836 1924 2891 qua
1964 2822 2053 2874 est

412 2917 528 2975 vita
564 2933 712 2983 mea,
765 2918 865 2969 aut
914 2912 1185 2984 cognatio
1234 2911 1418 2983 patris
1461 2909 1573 2964 mei
1624 2908 1684 2963 in
1736 2907 1937 2977 Israel,
1989 2912 2054 2962 ut

412 3007 548 3062 ﬁam
583 3022 758 3079 gener
814 3002 1023 3074 regis?
1080 3003 1172 3071 [T.
1231 3002 1371 3069 Lll.]
1421 2999 1655 3053 Factum
1719 3002 1805 3053 est
1854 3002 2049 3052 autem

2163 1931 2355 1981 autem
2391 1925 2510 1981 ﬁlia
2558 1927 2697 1982 Saul
2753 1928 3033 2000 diligebat
3089 1946 3245 1986 eum.
3309 1931 3379 1986 Et
3427 1930 3557 1986 Saul
3607 1928 3762 2001 magis

2160 2016 2334 2087 coepit
2367 2017 2569 2071 timere
2602 2017 2773 2073 David
2803 2033 2816 2072 :
2852 2018 3158 2090 factusque
3205 2026 3294 2075 est
3352 2020 3489 2076 Saul
3520 2020 3758 2075 inimicus

2160 2105 2340 2160 David
2374 2107 2603 2161 cunctis
2633 2106 2862 2162 diebus.
2896 2108 2965 2163 Et
2988 2108 3205 2179 egressi
3234 2110 3256 2144 ⁸
3313 2114 3454 2166 sunt
3503 2108 3756 2182 principes

2160 2194 2645 2250 Philistbinorum
2672 2212 2685 2251 :
2720 2214 2749 2251 a
2782 2196 3068 2269 principio
3101 2202 3297 2253 autem
3325 2200 3661 2271 egressionis
3685 2214 3756 2254 eo-

2160 2301 2312 2350 rum,
2347 2285 2697 2356 prudentius
2726 2301 2788 2340 se
2831 2287 3068 2357 gerebat
3125 2286 3329 2354 David,
3364 2305 3536 2361 quam
3588 2303 3761 2344 omnes

2161 2374 2305 2427 servi
2363 2372 2521 2440 Saul,
2592 2380 2649 2430 et
2708 2374 2933 2431 celebre
2985 2376 3202 2432 factum
3251 2382 3344 2433 est
3395 2394 3614 2434 nomem
3658 2377 3764 2447 ejus

2160 2479 2360 2518 nimis.

2233 2552 2317 2623 [T.
2348 2552 2479 2618 LIV,
2516 2552 2645 2624 Cap.
2680 2552 2846 2625 ΧΓΧ.]
2878 2557 3134 2610 Locutus
3164 2560 3251 2610 est
3282 2560 3476 2612 autem
3532 2554 3655 2612 Saul
3706 2553 3763 2609 ad

2159 2641 2454 2697 Jonathan
2481 2642 2668 2697 ﬁlium
2703 2659 2901 2708 suum,
2934 2647 2987 2697 et
3010 2644 3077 2698 ad
3104 2660 3309 2701 omnes
3333 2661 3528 2701 servos
3554 2661 3695 2709 suos,
3716 2646 3767 2697 ut

2160 2734 2491 2789 occiderent
2509 2733 2710 2789 David.
2732 2740 2907 2790 Porro
2927 2734 3239 2791 Jonatham
3264 2737 3425 2793 ﬁlius
3448 2737 3579 2794 Saul
3598 2736 3769 2809 dilige-

2162 2824 2259 2878 bat
2308 2822 2517 2892 David-)
2547 2822 2736 2889 valde,
2798 2823 2863 2878 Et
2889 2824 3197 2896 {indicavit
3250 2826 3540 2883 Jonathan
3594 2824 3763 2891 David,

2161 2912 2401 2967 dicens:
2461 2911 2673 2976 Quarit
2733 2911 2866 2968 Saul
2924 2917 3089 2985 pater
3146 2931 3313 2971 meus
3382 2916 3630 2972 occidere
3681 2918 3762 2969 te:

2159 3005 2509 3072 quapropter
2566 3002 2809 3057 observa
2862 3006 2917 3057 te
2951 3045 2964 3070 ,
3026 3020 3223 3075 quaso
3280 3021 3496 3075 mane,
3551 3010 3606 3060 et
3666 3019 3763 3059 ma-

410 3102 666 3168 tempus,
694 3109 827 3149 cum
860 3093 1095 3147 deberet
1123 3090 1247 3146 dari
1299 3088 1497 3145 Merob
1548 3088 1630 3159 [b.
1679 3086 1872 3141 Merab
1932 3086 2051 3141 ﬁlia
2088 3164 2111 3168 Α
2162 3089 2327 3144 nebis
2385 3089 2570 3155 clam,
2629 3094 2687 3144 et
2738 3090 3153 3147 absconderis.
3206 3093 3324 3165 Ego
3385 3099 3573 3150 autem
3621 3106 3763 3165 egre-

409 3164 554 3241 Saul
585 3182 785 3247 David,
814 3182 949 3236 data
988 3184 1077 3234 est
1108 3178 1317 3234 Adrieli
1369 3176 1681 3231 Molathita
1733 3192 1895 3231 uxor.
1941 3175 2042 3230 Di-
2076 3164 2119 3229 C
2157 3178 2325 3233 diens
2374 3179 2539 3234 stabo
2579 3179 2746 3249 juxta
2803 3183 3023 3252 patrem
3083 3164 3303 3253 meum,
3360 3184 3419 3239 in
3467 3198 3599 3255 agro
3648 3164 3761 3236 ubi-

407 3273 546 3330 lexit
591 3276 782 3327 autem
834 3268 1047 3326 Michol
1096 3267 1181 3339 (h.
1228 3266 1463 3336 Michal)
1512 3265 1633 3320 ﬁlia
1680 3264 1817 3320 Saul
1866 3264 2047 3319 altera

404 3362 486 3435 [b.
521 3378 634 3416 non
693 3360 868 3415 habet
924 3358 1125 3428 altera]
1182 3356 1381 3412 David.
1442 3355 1511 3409 Et
1568 3354 1897 3408 nuntiatum
1957 3358 2048 3409 est

405 3450 567 3521 Saul,
598 3458 650 3505 et
698 3446 917 3521 placuit
963 3446 1035 3502 ei.
1090 3446 1360 3514 Dixitque
1407 3443 1539 3497 Saul
1574 3443 1639 3497 8:
1704 3442 1857 3496 Dabo
1914 3458 2040 3497 eam

404 3539 507 3607 ibi,
560 3544 623 3594 ut
666 3538 767 3593 ﬁat
814 3536 863 3593 ei
916 3536 974 3590 in
1026 3531 1392 3602 scandalum,
1454 3537 1512 3587 et
1557 3531 1632 3586 sit
1682 3547 1860 3603 super
1907 3547 2040 3586 eum

404 3645 614 3686 manus
663 3625 1166 3682 Philistbinorum.
1219 3621 1489 3692 Dixitque
1519 3620 1651 3676 Saul
1698 3620 1767 3673 ad
1818 3619 2039 3674 David:

403 3720 466 3775 In
499 3718 728 3773 duabus
756 3715 932 3770 rebus
964 3729 1140 3787 gener
1172 3728 1339 3767 meus
1368 3710 1483 3766 eris
1513 3710 1704 3765 hodie.
1758 3710 1826 3764 Et
1870 3725 2041 3764 man-

402 3808 560 3865 davit
589 3805 721 3861 Saul
757 3803 937 3860 servis
971 3804 1135 3859 suis:
1164 3800 1486 3872 Loquimini
1534 3800 1605 3855 ad
1660 3799 1832 3855 David
1885 3798 2035 3853 clam

401 3913 495 3952 me
526 3895 807 3951 dicentes:
842 3897 981 3948 Ecce
1013 3890 1208 3963 places
1241 3890 1383 3963 regi,
1416 3894 1473 3943 et
1501 3904 1707 3945 omnes
1737 3887 1887 3943 servi
1910 3888 2039 3958 ejus

399 3986 658 4057 diligunt
685 3988 761 4040 te.
789 3983 955 4039 Nunc
994 3997 1130 4053 ergo
1173 3986 1295 4036 esto
1326 3995 1505 4052 gener
1544 3978 1719 4049 regis,
1751 3976 1819 4031 Et
1861 3975 2038 4031 locuti

402 4080 541 4131 sunt
571 4073 721 4130 servi
755 4072 889 4128 Saul
921 4071 979 4126 in
1032 4069 1277 4127 auribus
1318 4066 1499 4124 David
1550 4064 1739 4121 omnia
1785 4064 1868 4135 (h.
1921 4082 2037 4121 non

404 4164 597 4236 habet)
653 4162 828 4221 verba
871 4161 1011 4217 hac.
1069 4161 1133 4215 Et
1191 4158 1272 4215 ait
1330 4156 1557 4213 David:
1622 4156 1769 4212 Num
1828 4172 2037 4228 parum

398 4253 563 4308 vobis
604 4253 860 4318 videtur,
909 4264 1190 4324 generum
1240 4262 1369 4304 esse
1418 4245 1569 4319 regis
1599 4244 1627 4300 ?
1676 4245 1793 4317 Ego
1842 4248 2037 4300 autem

473 4419 486 4451 ¹
526 4410 670 4466 Hinc
703 4414 1026 4483 suppetunt
1052 4408 1285 4483 reliqua
1319 4406 1563 4483 alterius
1586 4404 1815 4483 codicis
1858 4404 2039 4483 Vero-

401 4485 621 4549 nensis,
656 4476 1009 4537 membrana
1041 4476 1263 4551 aliquot
1287 4478 1815 4551 antiquissimaet
1845 4476 2038 4551 maju-

2154 3282 2387 3339 cunque
2450 3267 2644 3323 fuerit.
2726 3266 2825 3341 [b.
2886 3268 2947 3324 in
3016 3287 3154 3342 agro
3234 3272 3338 3326 ubi
3396 3277 3456 3328 tu
3525 3270 3763 3339 fueris],

2154 3361 2211 3412 et
2290 3373 2395 3428 ego
2452 3356 2660 3428 loquar
2719 3359 2789 3413 de
2847 3360 2952 3413 te"
3011 3360 3081 3414 ad
3150 3366 3378 3432 patrem
3438 3377 3661 3429 meum,
3718 3361 3763 3414 et

2155 3446 2549 3516 quodcunque
2578 3446 2795 3513 videro,
2830 3447 3115 3504 nuntiabo
3139 3449 3763 3519 tibi.Locutusestergo

2149 3532 2441 3588 Jonathan
2477 3534 2546 3588 de
2578 3533 2752 3589 David
2791 3535 2941 3590 bona
2992 3537 3061 3590 ad
3119 3536 3256 3592 Saul
3290 3544 3519 3610 patrem
3575 3549 3759 3592 suum:

2151 3622 2414 3694 dixitque
2446 3623 2515 3678 ad
2549 3640 2681 3677 cum
2713 3640 2724 3677 :
2762 3628 2843 3679 Nc
2873 3629 3070 3696 peccet
3102 3643 3199 3681 rex
3228 3627 3283 3681 in
3321 3644 3550 3683 servum
3576 3638 3761 3681 suum:

2151 3710 2348 3779 David,
2383 3711 2522 3784 quia
2554 3729 2663 3767 non
2701 3714 2961 3784 peccavit
2991 3714 3117 3782 tibi,
3152 3720 3209 3771 et
3238 3732 3418 3789 opera
3478 3718 3599 3787 ejus
3635 3716 3764 3770 bona

2147 3804 2287 3855 sunt
2318 3800 2425 3855 tibi
2456 3800 2644 3857 valde.
2680 3801 2748 3856 Et
2780 3802 2977 3872 posuit
3006 3803 3265 3860 animam
3298 3823 3471 3862 suam
3502 3805 3560 3860 in
3608 3817 3762 3859 manu

2147 3904 2256 3943 sua
2285 3893 2343 3944 et
2373 3888 2664 3961 percussit
2692 3889 3113 3960 Philisthaum,
3147 3898 3203 3948 et
3235 3895 3370 3949 fecit
3391 3895 3665 3950 Dominus
3684 3906 3761 3945 sa.

2148 3974 2327 4031 lutem
2355 3992 2623 4047 magnam
2659 3977 2930 4033 universo
2965 3978 3160 4035 lsraeli
3188 3996 3199 4033 :
3234 3981 3459 4050 vidisti,
3491 3986 3546 4036 et
3564 3980 3761 4035 latatus

2148 4081 2230 4121 es.
2264 4065 2452 4129 Quare
2481 4081 2617 4136 ergo
2648 4082 2853 4137 peccas
2885 4067 2943 4122 in
2976 4070 3263 4141 sanguine
3290 4066 3760 4139 innoxio,interﬁ-

2147 4156 2303 4210 ciens
2336 4154 2537 4220 David,
2566 4154 2663 4225 qui
2696 4160 2784 4211 est
2813 4156 3035 4229 absque
3085 4160 3221 4227 [ms.
3257 4160 3443 4231 extra]
3505 4158 3663 4230 culpa
3689 4154 3759 4227 [b.

2146 4244 2501 4299 interﬁciens
2533 4243 2712 4301 David
2751 4246 3091 4318 insontem]?
3121 4249 3282 4315 Quod
3344 4266 3478 4305 cum
3534 4245 3765 4303 audisset

2159 4404 2327 4485 Verba
2356 4418 2483 4475 qua
2521 4403 2977 4486 ‘diximz‘tsnmon
3039 4408 3235 4464 addito
3293 4409 3450 4486 Saul,
3509 4406 3723 4486 nomine
3750 4416 3762 4486 ς

2148 4477 2386 4531 omnino
2418 4477 2634 4531 rectius
2679 4478 2750 4531 ad
2811 4477 3115 4534 Hebraum
3173 4484 3491 4554 exemplar,
3549 4478 3691 4552 quod
3718 4479 3766 4531 st

399 4538 697 4632 sculiséut
717 4559 898 4619 vocat,
934 4538 1581 4632 litterisfexarata,.q1_l_&_3
1603 4549 1674 4630 ad
1698 4538 2037 4630 νίοθὲίωῖλω
2068 4538 2114 4603 D
2148 4564 2349 4620 reticet
2379 4580 2590 4619 nomen
2648 4563 2817 4632 illud,
2877 4571 2935 4622 et
2990 4568 3273 4624 duntaxat
3558 4538 3763 4629 Dium,

400 4625 727 4680 secundum
762 4642 942 4695 usque
990 4628 1164 4695 caput
1211 4619 1658 4695 hujusceilibri,
1710 4619 2035 4695 versionem

400 4698 702 4752 continent
731 4690 1264 4766 Hieronymiauam,
1290 4690 1413 4749 Nos
1444 4693 1576 4749 illas
1597 4708 1880 4766 perquam
1902 4690 2040 4766 dili-

401 4776 605 4838 genter
634 4761 1338 4838 contulimdsaarumque
1369 4766 1523 4838 infra
1557 4761 1907 4819 testimoniis
1929 4762 2038 4838 hoc

401 4833 635 4895 nomine
666 4840 1137 4895 Membranarum
1171 4833 1584 4909 capitularium
1629 4840 1885 4891 utemur.
1934 4833 2040 4909 Hic

400 4912 644 4967 interim
677 4928 875 4969 vocem
908 4910 1012 4966 ista
1040 4905 1513 4983 prater'mittunt,
1556 4925 1682 4981 qua
1730 4912 1928 4962 tamen
1978 4905 2039 4962 in

399 4984 636 5040 Hebrao
672 4990 780 5039 est.

471 5056 712 5129 2rCﬁlodea
740 5054 1097 5129 Corb.pum.
1138 5056 1156 5105 t
1184 5051 1383 5129 habet
1430 5051 1531 5129 hic
1556 5053 1613 5105 et
1682 5065 1862 5129 supra
1884 5062 2036 5129 _cap.

405 5130 469 5181 14
499 5127 698 5196 Mer-ab,
731 5125 887 5198 quod
914 5124 1100 5198 fluxit,
1138 5128 1199 5178 ut
1229 5124 1479 5198 _vide_s,_e_
1498 5119 1769 5177 Canonis‘
1796 5119 2039 5175 Hebrai-

401 5217 479 5254 ca
508 5194 766 5256 veritatis
800 5196 1023 5251 scholio
1057 5196 1388 5267 marginali.
1427 5194 1607 5249 Mm'r.

475 5303 539 5311 —
571 5272 916 5325 Membrana
948 5265 1322 5338 capitulares,
1374 5267 1579 5321 Filiam
1624 5280 1807 5338 meam
1860 5265 2039 5338 majo.

400 5358 534 5396 rem:
573 5348 696 5397 tum
733 5344 786 5396 in
819 5357 933 5395 uno
982 5332 1313 5393 Cbrbeiensi
1346 5355 1457 5392 ms.
1508 5336 1723 5407 reperit
1771 5332 2036 5387 Martian.

397 5414 603 5477 Μαντώ,
630 5416 780 5482 quod
801 5410 1134 5468 scholiasta
1165 5410 1371 5479 placet.

466 5486 487 5519 ³
519 5474 623 5539 Ms.
650 5474 996 5551 "Veronensq
1032 5474 1184 5535 Dixit
1210 5496 1341 5551 ergo
1398 5476 1531 5533 Saul
1556 5493 1568 5531 :
1595 5475 1719 5531 alia
1761 5474 2042 5529 Membra-

398 5572 505 5610 na:
544 5558 693 5611 Dixit
721 5566 925 5621 autem,
949 5560 1061 5621 etc,

466 5627 490 5661 ‘
521 5629 680 5684 Idem
713 5616 922 5685 Veron.
957 5616 1096 5692 ms'.,
1132 5622 1467 5695 avulsaque
1498 5619 1620 5676 alia
1668 5616 2042 5686 membrana,

2145 4637 2306 4692 verba
2338 4636 2474 4704 hac,
2508 4638 2759 4707 prat'ert.

2216 4724 2613 4779 “Membrana
2673 4724 3070 4795 capitulares,
3127 4744 3253 4784 cum
3308 4745 3369 4786 eo
3430 4730 3610 4785 llebr.
3666 4738 3765 4782 uno

2144 4796 2318 4851 verbo
2351 4795 2525 4850 habet
2543 4804 2768 4863 viam,
2797 4801 2849 4853 et
2877 4801 2988 4854 viri
3014 4800 3150 4871 ejus.

2216 4885 2238 4919 ⁸
2270 4884 2539 4966 Fortasse
2588 4886 2781 4941 verius
2833 4888 3183 4944 Membrana
3259 4890 3641 4963 capitulares,
3687 4900 3762 4939 re-

2146 4972 2903 5107 gissls‘ltademnMembrana,
2936 5031 3128 5107 loquar
3152 5048 3251 5103 pro
3279 5036 3350 5097 te,
3374 5039 3508 5100 etc.,
3534 5031 3764 5087 rectius:

2148 5103 2204 5154 et
2236 5098 2654 5154 mox-indicabo
2680 5116 2781 5170 pro
2811 5098 3101 5158 nuntiabo.

2220 5188 2240 5221 ⁸
2272 5187 2425 5263 Editi
2457 5186 2657 5257 legunt
2686 5187 2744 5242 in
2808 5192 3065 5246 secunda
3122 5208 3406 5263 persona:
3467 5194 3543 5249 Νε
3587 5202 3766 5263 pecces.

2149 5276 2270 5321 rex,
2306 5262 2364 5314 in
2396 5274 2613 5313 servum
2645 5269 2818 5335 tuum.
2856 5260 3186 5335 ltaquoque
3211 5264 3494 5335 legiturin
3518 5260 3770 5318 omnibus

2152 5282 2270 5321 rex.
2306 5282 2364 5314 ιη
2396 5282 2613 5313 servum
2645 5282 2818 5314 tuum.
2856 5282 3087 5333 uaqum
3117 5282 3186 5319 ue
3212 5282 3494 5335 legiturin
3518 5282 3770 5318 omnibus

2152 5348 2323 5400 mss.,
2360 5346 2475 5384 uno
2509 5336 2711 5401 exepto
2744 5331 2976 5389 Canone
3009 5282 3181 5391 lleiir.
3233 5336 3427 5401 verit.,
3486 5350 3651 5401 quem
3696 5345 3770 5401 see

2151 5406 2271 5483 cuti
2305 5417 2535 5483 sumus,
2588 5400 2654 5457 eo
2702 5405 3151 5483 .quod__nullum
3212 5408 3287 5463 sit
3336 5400 3642 5464 discrimen
3689 5400 3769 5457 vel

2152 5476 2438 5530 damnum
2468 5476 2525 5527 in
2557 5476 2851 5530 sensibus.
2885 5477 3070 5533 MART.

2164 5616 2174 5626 _
2224 5577 2290 5585 —
2325 5544 2644 5600 Veronens.
2679 5562 2790 5603 ms.
2825 5564 2955 5603 cum
2984 5550 3258 5620 Vulgatis,
3291 5550 3365 5604 Ne
3412 5564 3613 5619 pecces,
3664 5560 3769 5614 rea,

2152 5634 2212 5673 ιη
2239 5632 2454 5673 servum
2482 5628 2661 5673 tuum.
