3982 6178
208 92 221 103 ‘

137 305 228 361 645
1465 300 1578 355 LIB
1586 301 1682 353 ER

1942 301 2173 374 usus,
3409 310 3514 365 646

135 428 269 498 Saul,
289 428 543 501 placatus
565 442 699 483 voce
728 424 1014 495 Jonathie,
1053 424 1274 495 juravit
1299 441 1312 479 :
1347 422 1504 478 Vivit
1546 421 1744 479 Domi-
1775 424 1827 491 Α
1862 437 1994 477 eum
2023 424 2275 495 Spiritus
2304 427 2417 494 Dei,
2444 432 2501 483 et
2534 429 2877 487 ambulabat
2906 431 3261 504 ingrediens,
3291 436 3349 489 et
3379 450 3511 506 pro«

136 536 248 586 nus,
271 517 400 589 quia
429 532 540 572 non
571 516 886 573 occidetur.
922 516 1164 569 Vocavit
1212 512 1411 585 itaque
1458 510 1749 567 Jonathan
1862 510 2144 582 phetabat
2176 531 2359 585 usque
2389 518 2529 572 dum
2553 520 2853 576 veniretin
2879 520 3087 591 Najoth
3122 522 3181 577 in
3210 522 3414 579 Rama.
3449 524 3517 579 Et

136 607 313 675 David,
330 611 385 662 et
407 606 685 662 indicavnt
703 606 752 660 ei
775 602 972 661 omnia
992 603 1168 658 verba
1190 601 1333 670 haec,
1354 606 1409 657 et
1431 600 1755 656 introduxit
1862 601 2208 672 exspoliavit
2228 622 2289 659 se
2313 604 2488 661 etiam
2511 606 2637 678 ipse
2661 610 3022 666 vestimentis
3039 612 3246 681 suis,et
3271 612 3517 684 prophe-

138 698 392 752 lonathan
430 695 602 750 David
656 695 727 750 ad
779 692 941 760 Saul,
974 696 1030 747 et
1081 692 1192 747 fuit
1236 695 1370 747 ante
1411 707 1567 758 eum,
1602 690 1757 745 sicut
1864 691 2009 745 tavit
2043 708 2174 747 cum
2199 694 2423 750 caeteris
2448 696 2528 766 [h.
2557 714 2668 753 non
2696 698 3029 767 habet,cum
3054 702 3299 772 caeteris]
3321 719 3516 758 coram

140 786 302 841 fuerat
355 784 473 840 heri
529 788 586 839 et
644 781 1096 838 nudiustertius.
1128 781 1219 852 [T.
1254 780 1385 842 LV.]
1418 780 1633 835 Motum
1667 783 1756 833 est
1863 781 2156 851 Samuele,
2188 786 2240 837 et
2274 783 2481 839 cecidit
2509 785 2530 819 ⁸
2562 788 2757 843 nudus
2788 793 2910 844 tota
2952 790 3043 844 die
3076 789 3175 845 illa
3222 795 3279 846 et
3328 796 3513 847 nocte.

140 880 305 931 autem
337 890 541 929 rursus
571 872 810 943 bellum,
836 876 893 928 et
930 886 1201 943 egressus
1239 870 1437 936 David,
1474 868 1757 941 pugnavit
1866 868 2029 925 Unde
2053 876 2107 925 et
2129 870 2303 927 exivit
2338 876 2709 944 proverbium
2739 893 2750 931 :
2784 880 2936 932 Num
2959 881 3015 933 et
3036 878 3172 934 Saul
3204 878 3355 935 inter
3384 898 3515 953 pro-

140 964 388 1018 adversus
402 960 1172 1034 Philisthim;percussitque
1189 976 1288 1015 eos
1303 958 1471 1030 plaga
1485 960 1752 1029 magna‘,
1867 958 2074 1030 phetas
2098 960 2126 1014 ‘?

140 1058 188 1107 et
213 1053 473 1124 fugerunt
505 1068 538 1106 a
570 1050 714 1107 facie
744 1050 893 1121 ejus.
922 1050 991 1104 Et
1021 1050 1210 1105 factus
1241 1052 1327 1104 est
1361 1048 1613 1119 Spiritus
1642 1052 1754 1103 Do-
1938 1048 2097 1121 [Cap.
2128 1050 2283 1120 XX.]
2319 1051 2492 1124 Fugit
2531 1056 2727 1108 autem
2779 1054 2954 1110 David
3004 1056 3072 1111 de
3123 1055 3356 1128 Najoth,
3390 1074 3517 1130 quae

142 1140 265 1197 mini
283 1141 469 1197 malus
501 1139 560 1195 in
592 1138 750 1195 Saul.
782 1139 1027 1194 Sedebat
1048 1142 1245 1194 autem
1266 1138 1323 1193 in
1350 1137 1523 1192 domo
1546 1153 1675 1206 sua,
1700 1139 1758 1191 et
1866 1141 1991 1192 erat
2020 1136 2078 1192 in
2113 1138 2317 1207 Rama,
2349 1141 2706 1213 veniensque
2734 1141 2965 1199 locutus
2997 1148 3085 1201 est
3118 1161 3311 1201 coram
3344 1146 3519 1203 Jona-

140 1230 345 1287 teuebat
366 1228 829 1301 lanceamzporro
851 1227 1031 1282 David
1050 1226 1409 1298 psallebatin
1436 1242 1753 1282 manusua.
1866 1224 2046 1281 than:
2082 1226 2229 1290 Quid
2266 1228 2371 1283 ieci
2392 1226 2420 1284 ?
2466 1245 2595 1301 quas
2640 1234 2728 1287 est
2774 1230 3063 1303 iniquitas
3095 1248 3245 1300 mea,
3277 1238 3333 1289 et
3362 1237 3517 1306 quod

138 1318 401 1391 Nisusque
422 1322 513 1374 est
534 1316 669 1373 Saul
694 1316 983 1388 configere
1006 1314 1210 1372 lancea
1232 1314 1411 1371 David
1432 1315 1489 1370 in
1514 1315 1757 1387 pariete,
1866 1318 2165 1385 peccatum
2202 1332 2399 1373 meum
2428 1318 2489 1373 in
2515 1326 2737 1390 patrem
2771 1324 2960 1391 tuum,
2986 1322 3123 1393 quia
3156 1323 3365 1394 quaerit
3395 1323 3520 1380 ani-

138 1412 184 1464 et
209 1407 506 1463 declinavit
539 1405 714 1462 David
741 1422 772 1461 a
797 1405 940 1460 facie
959 1404 1093 1460 Saul
1119 1404 1351 1461 :lancea
1370 1409 1563 1461 autem
1592 1419 1759 1460 casso
1869 1420 2022 1459 mam
2057 1405 2287 1461 meam?
2313 1406 2420 1473 Qui
2443 1408 2585 1464 dixit
2606 1408 2655 1465 ei
2682 1427 2695 1465 :
2727 1410 2912 1481 Absit,
2940 1428 3053 1467 non
3082 1413 3347 1469 morieris
3372 1430 3385 1470 :
3421 1430 3519 1469 ne-

140 1496 345 1551 vulnere
370 1496 594 1568 perlata
623 1499 714 1551 est
745 1495 804 1550 in
838 1494 1137 1566 parietem,
1171 1498 1228 1549 et
1276 1494 1456 1549 David
1505 1493 1673 1566 fugit,
1703 1497 1761 1549 et
1868 1509 1983 1565 que
2015 1495 2170 1549 enim
2206 1495 2377 1552 faciet
2418 1502 2583 1568 pater
2626 1515 2790 1554 meus
2823 1500 3147 1572 quidquam
3180 1503 3400 1575 grande
3431 1503 3518 1559 vel

141 1585 366 1641 salvatus
394 1589 484 1641 est
517 1589 685 1640 nocte
714 1583 833 1639 illa.
863 1585 949 1655 [T.
978 1580 1135 1647 LVl.]
1158 1582 1320 1639 Misit
1348 1600 1485 1656 ergo
1510 1583 1649 1639 Saul
1673 1600 1760 1638 sa-
1871 1599 2139 1653 parvum,
2165 1583 2275 1639 nisi
2313 1585 2475 1655 prius
2507 1586 2852 1644 indicaverit
2885 1589 3029 1645 mihi
3051 1590 3134 1661 [h.
3162 1590 3273 1646 nisi
3308 1591 3524 1649 revela-

142 1675 330 1730 tellites
362 1691 503 1730 suos
535 1673 597 1729 in
631 1675 869 1729 domum
903 1674 1185 1739 David,ut
1207 1673 1571 1729 custodirent
1602 1689 1759 1744 eum,
1870 1672 2015 1726 verit
2069 1689 2269 1728 aurem
2301 1676 2514 1747 meam]
2549 1692 2561 1729 :
2606 1676 2763 1732 hunc
2793 1694 2929 1749 ergo
2961 1678 3169 1734 celavit
3199 1698 3292 1736 me
3319 1682 3341 1716 ⁸
3370 1687 3528 1752 pater

145 1764 610 1820 etinterficeretur
632 1780 803 1818 mane
819 1763 859 1816 ².
886 1762 1047 1826 Quod
1073 1777 1201 1817 cum
1224 1762 1625 1817 annuntiassel
1650 1767 1759 1817 Da-
1796 1799 1840 1837 η
1873 1775 2381 1817 meussermonem
2400 1764 3524 1837 tantummodo?nequaquameritistud.

143 1855 219 1908 vid
236 1853 601 1909 Micboluxor
625 1853 1001 1918 sua,dicens:
1030 1851 1153 1907 Nisi
1187 1851 1499 1907 salvaveris
1523 1857 1577 1907 te
1600 1856 1765 1907 nocte
1796 1849 1841 1864 "
1881 1849 2184 1918 Etjuravit
2214 1868 2447 1905 rursum
2483 1851 2682 1906 David.
2713 1853 2773 1907 Et
2807 1852 2905 1908 ille
2937 1854 3017 1925 [h.
3056 1871 3163 1909 non
3198 1855 3375 1911 habet
3405 1856 3525 1928 ille]

146 1944 249 2010 hac,
277 1960 400 1999 cras
450 1942 745 2011 morieris,
778 1940 1049 2011 deposuit
1094 1957 1226 1995 eum
1280 1956 1382 2012 per
1435 1942 1768 1996 fenestram.
1884 1936 1965 1991 ait
1997 1953 2009 1991 :
2061 1938 2184 1994 Scit
2231 1940 2485 2011 profecto
2518 1945 2681 2012 pater
2712 1946 2849 1998 tuus
2881 1944 3019 2015 quia
3051 1944 3243 1999 inveni
3277 1946 3524 2016 gratiam

144 2032 288 2087 Porro
316 2032 406 2088 ille
438 2032 588 2087 abiit
635 2030 966 2102 etaufugit,
989 2038 1163 2101 atque
1193 2029 1447 2085 salvatus
1481 2035 1585 2085 est.
1611 2030 1771 2086 Tulit
1884 2025 1942 2081 in
1993 2033 2309 2100 conspectu
2370 2034 2469 2084 tuo
2522 2026 2600 2092 [h.
2636 2030 2692 2084 in
2753 2030 2940 2087 oculis
2997 2033 3115 2090 tuis
3144 2035 3205 2103 7],
3239 2038 3295 2089 et
3326 2036 3479 2091 dicet
3512 2052 3525 2091 :

143 2126 302 2176 autem
332 2121 548 2177 Michol
579 2124 924 2187 statuam,et
944 2119 1134 2190 posuit
1156 2135 1281 2174 eam
1316 2136 1490 2191 super
1524 2118 1769 2189 lectum,
1878 2116 2115 2172 Nesciat
2146 2116 2255 2172 hoc
2283 2117 2603 2187 Jonathan,
2638 2136 2707 2175 ne
2738 2119 2883 2175 forte
2914 2121 3191 2177 tristetur.
3226 2122 3374 2186 Quin
3410 2125 3528 2181 imo

143 2216 187 2265 et
214 2210 406 2283 pellem
438 2209 695 2283 pilosam
750 2210 825 2282 [h.
860 2226 971 2264 non
1020 2208 1206 2279 habet,
1240 2207 1512 2280 pilosam]
1567 2226 1763 2280 capra-
1875 2206 2016 2261 vivit
2050 2207 2350 2274 Dominus,
2373 2215 2425 2263 el
2449 2207 2587 2263 vivit
2608 2209 2806 2265 anima
2838 2214 2959 2280 tua,
2983 2210 3122 2283 quia
3154 2228 3267 2267 uno
3298 2217 3528 2269 tantum

149 2316 252 2355 rum
267 2300 546 2373 posuitad
562 2299 949 2372 caputejuset
966 2297 1330 2370 operuiteam
1345 2298 1763 2355 vestimentis“.
1876 2294 1966 2366 (ut
1996 2294 2080 2351 ita
2110 2296 2323 2367 dicam)
2349 2296 2668 2369 gradu,ego
2702 2314 2978 2370 morsque
3009 2299 3432 2358 dividimur.Et
3452 2302 3532 2368 ait

146 2388 273 2443 Misit
298 2394 493 2445 autem
528 2387 662 2443 Saul
696 2387 1076 2460 apparitores,
1110 2387 1211 2459 qui
1244 2392 1517 2459 raperent
1568 2388 1765 2455 David,
1872 2384 2160 2440 Jonathan
2176 2384 2246 2439 ad
2262 2384 2473 2439 David:
2507 2386 2908 2457 Quodcunque
2930 2386 3141 2442 dixerit
3165 2388 3308 2444 mihi
3334 2391 3533 2447 anima

144 2483 535 2549 etresponsum
558 2482 648 2533 est
670 2477 823 2549 quod
848 2479 1173 2549 aegrotaret.
1201 2481 1579 2548 Rursumque
1606 2477 1768 2533 misit
1874 2480 1999 2545 tua,
2026 2476 2235 2531 faciam
2285 2476 2411 2531 tibi.
2454 2475 2607 2531 Dixit
2638 2482 2833 2533 autem
2867 2479 3045 2535 David
3078 2481 3148 2535 ad
3178 2481 3476 2539 Jonathan
3516 2501 3528 2539 :

146 2566 255 2621 Saul
279 2567 542 2637 nuntios,
566 2570 631 2621 ut
651 2566 869 2621 videret
893 2565 1092 2634 David,
1118 2565 1318 2621 dicens
1345 2582 1358 2621 :
1397 2565 1610 2621 Alferte
1631 2581 1764 2621 eum
1875 2566 2019 2621 Ecce
2050 2565 2310 2621 kalendae
2342 2569 2481 2620 sunt
2512 2566 2793 2637 crastino,
2826 2572 2882 2622 et
2912 2585 3017 2640 ego
3046 2586 3112 2624 ex
3140 2587 3301 2627 more
3330 2575 3533 2630 sedere

148 2657 200 2709 ad
221 2672 299 2712 me
320 2657 373 2712 in
396 2656 577 2725 lecto,
602 2660 668 2711 ut
692 2654 1278 2725 occidatur.Cumque
1299 2652 1591 2709 venissent
1615 2672 1763 2709 nun-
1874 2654 2032 2709 soleo
2057 2655 2228 2724 juxta
2259 2670 2454 2724 regem
2477 2654 2549 2709 ad
2574 2656 2960 2711 vescendum:
2987 2658 3218 2715 dimitte
3249 2677 3386 2733 ergo
3419 2680 3531 2735 me,

148 2744 215 2812 tii,
233 2744 526 2802 inventum
547 2749 637 2800 est
656 2743 1035 2800 simulacrum
1070 2760 1249 2815 super
1276 2742 1574 2813 lectum,et
1596 2743 1764 2815 pellis
1876 2746 1939 2797 ut
1970 2743 2297 2797 abscondar
2319 2742 2375 2796 in
2396 2758 2533 2813 agro
2563 2759 2747 2815 usque
2770 2745 2840 2799 ad
2870 2761 3168 2816 vesperam
3203 2749 3315 2804 diei
3348 2753 3531 2807 tertiae

147 2848 410 2902 caprarum
443 2834 525 2891 ad
556 2838 732 2904 caput
760 2834 909 2903 ejus.
944 2832 1216 2903 Dixitque
1247 2831 1384 2887 Saul
1420 2833 1491 2887 ad
1524 2833 1760 2888 Michol:
1873 2831 1927 2886 Si
1990 2831 2325 2902 requisierit
2381 2830 2557 2902 [Vulg
2612 2832 2841 2887 addunt
2896 2834 3213 2905 respiciens]
3246 2854 3337 2893 me
3368 2845 3533 2911 pater

146 2921 1197 2988 Quaresicillusistimihi,etdimisisti
1220 2922 1527 2977 inimicum
1546 2939 1763 2989 meum,
1874 2924 2034 2987 tuus,
2062 2918 2442 2991 respondebis
2467 2919 2517 2973 ei
2546 2936 2558 2974 :
2590 2919 2835 2991 Rogavit
2861 2938 2951 2977 me
2975 2924 3175 2990 David,
3203 2928 3266 2980 ut
3295 2925 3405 2982 iret
3436 2944 3530 2984 ce-

148 3016 198 3065 ut
220 3012 472 3084 fugeret?
507 3012 581 3067 Et
610 3012 908 3083 respondit
941 3010 1149 3066 Michol
1175 3010 1244 3065 ad
1270 3011 1437 3067 Saul:
1463 3011 1609 3075 Quia
1642 3012 1765 3083 ipse
1874 3008 2147 3065 leriterin
2176 3007 2522 3064 Beth-Leem
2556 3008 2846 3065 civitatem
2886 3028 3078 3081 suam,
3112 3014 3251 3084 quia
3282 3016 3531 3073 victima:

146 3098 339 3157 locutus
360 3106 445 3158 est
468 3100 644 3157 mihi:
677 3101 912 3155 Dimitte
937 3100 1123 3171 me[h.
1152 3098 1363 3166 mitte],
1386 3100 1645 3173 alioquin
1672 3104 1763 3156 in-
1804 3171 1834 3176 _
1875 3097 2169 3153 solemnes
2216 3097 2295 3152 ibi
2338 3102 2477 3152 sunt
2509 3098 2800 3154 universis
2827 3101 3256 3158 contribulibus
3286 3106 3433 3176 ejus.
3469 3107 3530 3162 Si

147 3189 391 3245 terﬁciam
424 3196 506 3246 te,
545 3190 721 3246 David
757 3194 951 3245 autem
986 3189 1239 3261 fugiens,
1273 3171 1536 3245 salvatus
1563 3194 1674 3259 est,
1706 3196 1763 3245 et
1792 3171 1834 3238 (ἶ
1873 3186 2102 3255 dixerit,
2138 3187 2325 3241 Bene:
2379 3202 2489 3256 pax
2537 3186 2649 3242 erit
2688 3203 2853 3244 servo
2885 3194 3004 3246 tuo.
3038 3190 3094 3244 Si
3129 3171 3331 3249 autem
3356 3195 3532 3253 fuerit

147 3278 274 3333 venit
300 3280 364 3334 ad
395 3278 638 3335 Samuel
675 3279 731 3334 in
762 3278 1139 3346 Ramatha,et
1165 3278 1456 3334 nuntiavit
1486 3279 1536 3334 ei
1567 3280 1763 3335 omnia
1870 3273 2079 3343 iratus,
2111 3275 2256 3331 scito
2296 3275 2435 3347 quia
2478 3275 2767 3348 completa
2815 3287 2904 3333 est
2949 3279 3175 3337 malitia
3225 3284 3377 3352 ejus.
3414 3288 3523 3343 Fac

151 3381 254 3435 quae
280 3368 483 3425 fecerat
522 3367 633 3423 sibi
663 3368 798 3422 Saul
825 3384 839 3422 :
890 3372 947 3423 et
974 3366 1241 3423 abierunt
1268 3369 1395 3439 ipse
1426 3372 1481 3423 et
1504 3369 1760 3437 Samuel,
1870 3382 2006 3438 ergo
2034 3364 2497 3420 misericordiam
2523 3365 2581 3419 in
2605 3372 3193 3440 servumtuumzquia
3216 3371 3400 3429 fcedus
3424 3374 3535 3431 Do-

154 3459 195 3509 et
210 3458 395 3513 morati
419 3462 568 3513 sunt
586 3456 646 3512 in
669 3456 877 3527 Najoth
902 3457 1038 3527 ima.
1057 3456 1387 3527 Nachjoth].
1414 3457 1762 3515 Nuntiatum
1874 3454 2018 3511 mini
2038 3470 2131 3509 me
2155 3452 2442 3507 famulum
2466 3456 2637 3507 tuum
2660 3458 2853 3511 tecum
2873 3456 3019 3513 inire
3043 3459 3231 3515 fecisti
3249 3462 3318 3515 .Si
3336 3468 3534 3521 autem

155 3548 224 3599 est
242 3552 421 3602 autem
443 3546 609 3601 Sauli
633 3564 665 3601 a
689 3545 1053 3601 dicentibus:
1090 3550 1228 3601 Ecce
1251 3545 1429 3601 David
1462 3547 1520 3602 in
1554 3547 1764 3619 Najoth
1874 3548 1965 3600 est
1994 3543 2053 3598 in
2088 3558 2180 3597 me
2209 3541 2406 3613 aliqua
2446 3540 2531 3610 [h.
2567 3559 2679 3598 non
2734 3544 2907 3599 habet
2953 3544 3173 3618 aliqua]
3225 3548 3533 3623 iniquitas,

156 3630 201 3685 in
220 3633 399 3692 Rama.
425 3636 524 3708 [T.
547 3634 737 3700 LVII.]
756 3634 912 3690 Misit
936 3651 1072 3707 ergo
1103 3634 1241 3690 Saul
1271 3634 1501 3692 lictores
1523 3636 1603 3707 [h.
1631 3640 1770 3693 mis-
1878 3639 1938 3689 tu
1956 3648 2047 3687 me
2065 3630 2347 3697 interﬁce,
2371 3634 2428 3686 et
2449 3632 2520 3686 ad
2541 3636 2767 3703 patrem
2790 3640 2951 3689 tuum
2968 3636 3394 3695 neintroducas
3419 3657 3534 3697 me.

160 3724 359 3789 sos,hic
386 3731 443 3781 et
472 3742 683 3797 supra,
716 3724 930 3795 habet],
966 3729 1030 3779 ut
1083 3729 1353 3796 raperent
1382 3726 1562 3781 David
1600 3744 1613 3782 :
1667 3727 1769 3799 qui
1878 3723 1948 3778 Et
1976 3721 2057 3777 ait
2083 3721 2374 3776 Jonatban
2410 3736 2424 3774 :
2461 3720 2627 3776 Absit
2658 3720 2767 3777 hoc
2801 3738 2834 3776 a
2864 3728 2917 3777 te
2955 3740 2967 3779 :
3003 3740 3188 3794 neque
3214 3728 3370 3783 enim
3406 3729 3530 3784 ﬁeri

162 3825 265 3867 cum
284 3812 569 3870 vidissent
589 3829 841 3869 cuneum
866 3812 1278 3885 prophetarum
1302 3814 1770 3885 vaticinantium,
1882 3815 2073 3885 potest
2104 3814 2187 3875 ut,
2210 3808 2259 3864 si
2292 3813 2444 3863 certe
2476 3824 2800 3881 cognovero
2823 3811 3174 3884 completam
3202 3818 3390 3887 patris
3416 3818 3529 3873 mei

161 3903 203 3953 et
218 3904 427 3959 Samuel
450 3907 711 3960 stantem
736 3918 913 3974 super
936 3918 1057 3969 eos,
1082 3903 1384 3974 factus-est
1424 3920 1599 3974 super
1621 3922 1774 3960 nun-
1881 3919 2009 3959 esse
2041 3900 2321 3955 malitiam
2356 3907 2558 3955 contra
2607 3905 2684 3969 te,
2720 3918 2834 3957 non
2884 3904 3228 3960 annuntiem
3266 3907 3396 3963 tibi.
3429 3911 3535 3964 Re-

162 3988 1265 4065 tios‘SaulSpiritusDei,etprophetare
1281 3994 1771 4063 coeperuntetiam
1884 3990 2240 4063 sponditque
2267 3987 2442 4043 David
2466 3988 2537 4043 ad
2557 3988 2851 4045 Jonathan
2871 3992 3039 4058 :Quis
3058 3993 3538 4066 nuntiabitmibi,

163 4076 267 4147 ipsi.
290 4080 442 4144 Quod
468 4096 607 4136 cum
625 4080 959 4135 nuntiatum
984 4084 1141 4136 esset
1160 4078 1344 4150 Sauli,
1371 4080 1535 4135 misit
1555 4085 1611 4137 et
1632 4081 1777 4138 alios
1887 4080 1937 4136 si
1961 4078 2100 4149 quid
2127 4078 2271 4132 forte
2295 4077 2665 4147 responderit
2688 4079 2791 4133 tibi
2823 4084 2990 4151 pater
3016 4084 3155 4137 tuus
3179 4083 3321 4139 dure
3343 4084 3536 4157 (Vulg.

164 4168 400 4226 nuntios:
433 4169 935 4242 prophetaverunt
963 4172 1154 4224 autem
1201 4173 1256 4223 et
1301 4168 1407 4224 illi.
1441 4170 1509 4224 Et
1542 4187 1777 4226 rursum
1890 4169 2113 4225 addunt
2158 4166 2223 4222 de
2270 4167 2376 4236 me]
2402 4166 2429 4220 ?
2462 4166 2526 4220 Et
2553 4166 2638 4221 ait
2667 4166 2957 4224 Jonathan
2996 4170 3066 4224 ad
3100 4170 3277 4226 David
3310 4191 3323 4228 :
3373 4174 3539 4246 Veni,

164 4254 270 4310 Saul
293 4256 1781 4330 misittertiosnuntios,quietipsiprophetaverunt.
1890 4256 2260 4328 egrediamur
2280 4255 2339 4309 in
2364 4271 2570 4326 agrum
2592 4254 2782 4329 [Vulg.
2808 4258 3034 4312 addunt
3060 4261 3252 4330 foras].
3280 4262 3541 4335 Cumque

168 4344 293 4401 Abiit
319 4354 507 4405 autem
540 4348 722 4404 etiam
752 4346 879 4420 ipse
913 4346 972 4401 in
1006 4346 1565 4418 Ramatba,etvenit
1598 4365 1785 4421 usque
1894 4347 2153 4404 exissent
2185 4345 2357 4400 ambo
2390 4344 2445 4398 in
2480 4360 2709 4416 agrum,
2745 4345 2824 4400 ait
2855 4346 3148 4403 Jonathan
3192 4352 3260 4406 ad
3310 4353 3490 4407 David
3526 4369 3539 4408 :

169 4432 224 4485 ad
249 4436 548 4494 cisternam
583 4451 856 4508 magnam
893 4452 1019 4507 quas
1051 4439 1141 4491 est
1171 4436 1228 4490 in
1260 4437 1502 4503 Soccho,
1529 4442 1587 4493 et
1616 4438 1787 4493 inter-
1898 4435 2142 4492 Domine
2164 4438 2315 4489 Deus
2340 4432 2536 4500 Israel,
2562 4434 2607 4488 si
2635 4434 3053 4506 investigavero
3077 4441 3423 4496 sententiam
3450 4459 3545 4514 pa-

170 4526 376 4597 rogavit,
399 4528 603 4582 dicens
629 4542 641 4581 :
672 4527 729 4580 in
750 4525 1008 4597 quoloco
1041 4529 1180 4581 sunt
1208 4525 1446 4581 Samuel
1478 4530 1534 4581 et
1564 4527 1784 4582 David?
1814 4544 1860 4608 D
1891 4526 2001 4582 tris
2029 4524 2140 4579 mei
2172 4522 2430 4577 crastino
2448 4520 2534 4576 vel
2563 4522 2826 4593 perindie
2850 4540 2862 4578 :
2889 4533 2941 4579 el
2964 4524 3186 4597 aliquid
3212 4529 3346 4583 boni
3370 4530 3547 4587 fuerit

174 4608 483 4685 Dictumque
506 4619 599 4671 est
620 4614 709 4670 ei:
744 4615 883 4671 Ecce
906 4614 966 4668 in
989 4613 1200 4685 Najoth
1234 4620 1372 4668 sunt
1396 4613 1454 4668 in
1487 4618 1688 4670 Rama.
1718 4616 1786 4669 Et
1896 4630 2077 4685 super
2106 4611 2311 4681 David,
2338 4615 2396 4665 et
2424 4627 2535 4665 non
2570 4611 2770 4666 statim
2808 4613 3021 4669 misero
3054 4616 3124 4670 ad
3158 4621 3232 4682 te,
3257 4624 3313 4672 et
3340 4625 3544 4675 notum

174 4698 290 4755 abiit
316 4702 370 4757 in
399 4703 614 4775 Najoth
646 4704 703 4758 in
735 4702 938 4770 Rama,
971 4705 1027 4757 et
1058 4702 1248 4757 factus
1281 4706 1370 4759 est
1401 4703 1575 4759 etiam
1610 4719 1787 4776 super
1895 4704 2003 4761 tibi
2032 4702 2239 4769 fecero,
2263 4699 2385 4754 haec
2417 4698 2591 4754 faciat
2625 4700 2908 4757 Dominus
2931 4702 2987 4757 in
3012 4703 3326 4775 Jonathan,
3347 4713 3405 4763 et
3425 4707 3548 4764 haec

232 4860 625 4934 ‘Cnpitulares
672 4863 1046 4930 Membranas,
1096 4864 1265 4934 Plaga
1328 4880 1536 4933 magna
1592 4865 1785 4935 nimis,
1896 4856 2317 4935 ptores,Sau_lis
2342 4857 2706 4935 prophetiam
2738 4860 2795 4914 in
2830 4863 3109 4935 canendis
3145 4866 3239 4919 Dei
3273 4865 3550 4923 laudibus

181 4935 266 4983 etc.
346 4930 363 4934 -
1197 4930 1212 4934 '
1429 4930 1442 4933 '
1770 4930 1780 4935 ’
1897 4930 2080 4989 fuisse
2130 4930 2381 5002 positam
2418 4946 2431 4983 :
2485 4930 2640 5002 unde
2671 4947 2832 4987 error
2861 4933 3102 4991 inolevit
3133 4944 3197 4993 ut
3228 4940 3554 4993 scriberent

234 5001 330 5057 ’In
370 5005 591 5062 eisdem
648 5006 1028 5074 Membranis,
1087 5008 1151 5061 Et
1210 5007 1583 5076 interﬁcerent
1637 5024 1786 5075 eum,
1901 5000 2344 5082 chigit'nudus,
2378 5006 2486 5055 etc.
2522 5001 2732 5082 Maura

183 5086 336 5144 mane,
366 5082 471 5131 etc,
1016 5072 1022 5074 ⁷
1356 5072 1364 5076 ’
1772 5072 1779 5075 ⁷
1969 5076 1990 5110 ⁸
2019 5074 2362 5144 Veronens.,
2401 5088 2508 5126 ms.
2544 5072 2752 5128 Calavii
2785 5090 2819 5129 a
2850 5091 2955 5144 me,
2988 5080 3409 5136 contentiosius
3446 5080 3556 5133 for-

237 5142 255 5175 ³
279 5147 503 5203 Addunt
537 5149 749 5203 eisdem
784 5147 1139 5203 membranae
1168 5150 1307 5204 suis.
1902 5154 2061 5204 tasse
2089 5143 2265 5198 nimis
2297 5143 2368 5196 ab
2402 5144 2569 5198 llebr.
2605 5155 2783 5205 una.

237 5216 580 5291 ‘Proverbis
610 5220 786 5291 Super
816 5221 1039 5276 nuntios
1069 5220 1224 5289 Saul,
1260 5236 1373 5275 ms.
1402 5222 1620 5275 Veron.
1654 5236 1791 5275 cum
1910 5290 1913 5291 ν
1956 5220 1992 5291 7⁷
2025 5215 2571 5291 Occuruntpassim
2600 5216 2939 5291 hujusmodi
2994 5220 3258 5275 minutias
3292 5220 3349 5275 in
3381 5221 3554 5274 scho-

190 5284 420 5364 \_'.ulgatis
458 5291 633 5348 habet
660 5284 841 5348 Etiam
872 5291 935 5345 in
964 5292 1103 5364 illis,
1138 5284 1372 5349 Hebraeo
1408 5295 1597 5347 tamen
1631 5296 1793 5348 textu
1905 5290 1998 5364 liis
2030 5284 2458 5364 marginalibus
2489 5284 2740 5364 Canonis
2775 5291 2996 5364 nostri:
3030 5291 3129 5346 sed
3164 5307 3291 5345 mos
3324 5292 3440 5364 iste
3463 5292 3556 5364 in—

190 5353 555 5430 dissentiente.
1086 5353 1100 5364 ’
1904 5361 2089 5417 valuit
2120 5353 2270 5430 apud
2296 5358 2656 5429 criticos,qui
2680 5360 2985 5415 verborum
3013 5366 3153 5416 sunt
3173 5363 3557 5429 tenacissimi,

245 5428 263 5461 ⁸
288 5434 385 5503 Pro
410 5435 600 5489 ceciJit
627 5434 901 5490 undecim
936 5452 1077 5490 mss.
1113 5436 1297 5491 nostri
1328 5434 1615 5498 scribunt,
1647 5434 1793 5488 ccci-
1905 5440 1971 5488 ut
2005 5428 2219 5503 Latinis
2254 5434 2556 5503 uterentur
2574 5428 2827 5503 vocibus,
2851 5449 2977 5500 qua:
3002 5434 3241 5503 propius
3275 5428 3560 5489 accedunt

194 5499 429 5575 nit._Quod
444 5506 641 5561 vitium
667 5506 1166 5575 irrepsiteliamin
1188 5512 1476 5562 Canonem
1498 5505 1794 5561 Hebraicis
1906 5506 1978 5561 ad
2012 5502 2275 5575 phrasim
2311 5502 2675 5575 Hebraicam.
2708 5499 2897 5575 Mani.

195 5572 438 5655 veritatis,
466 5594 533 5655 ac
561 5571 1064 5655 emendatoris,_ut
1093 5584 1149 5633 et
1178 5577 1797 5655 scholiastisndiligen-
2076 5578 2217 5655 cum
2254 5572 2570 5630 scholiaste
2601 5574 2673 5629 ad
2708 5573 2965 5630 litteram
2998 5571 3317 5636 Veronens.
3352 5592 3465 5632 ms.
3497 5577 3561 5633 In

198 5641 315 5699 tiam
341 5646 555 5720 effugit.
586 5649 935 5708 Persuarum
962 5641 1126 5706 forte
1177 5651 1474 5708 habebant
1514 5648 1603 5707 illi
1648 5641 1798 5707 Ecri-
1905 5647 2079 5706 oculis
2111 5644 2243 5702 tuis.
