  <div class='ocr_page' id='page_1' title='image "/cluster/home/n/w/nwhite01/storage/ocr_20150623/28/hvd.32044052824265/367.png"; bbox 0 0 3982 6178; ppageno 0'>
   <div class='ocr_carea' id='block_1_1' title="bbox 456 279 562 332">
    <p class='ocr_par' dir='ltr' id='par_1_1' title="bbox 456 279 562 332">
     <span class='ocr_line' id='line_1_1' title="bbox 456 279 562 332; baseline -0.019 0"><span class='ocrx_word' id='word_1_1' title='bbox 456 279 562 332; x_wconf 79' lang='grc'><strong>647</strong></span> 
     </span>
    </p>
   </div>
   <div class='ocr_carea' id='block_1_2' title="bbox 1494 275 2819 350">
    <p class='ocr_par' dir='ltr' id='par_1_2' title="bbox 1494 275 2819 350">
     <span class='ocr_line' id='line_1_2' title="bbox 1494 275 2819 350; baseline -0.004 -15"><span class='ocrx_word' id='word_1_2' title='bbox 1494 282 1552 336; x_wconf 82' lang='lat' dir='ltr'><strong>S.</strong></span> <span class='ocrx_word' id='word_1_3' title='bbox 1595 278 2000 338; x_wconf 76' lang='lat' dir='ltr'><strong>BIERONYMI</strong></span> <span class='ocrx_word' id='word_1_4' title='bbox 2037 276 2289 331; x_wconf 83' lang='lat' dir='ltr'><strong>DIVINA</strong></span> <span class='ocrx_word' id='word_1_5' title='bbox 2332 275 2819 350; x_wconf 67' lang='lat' dir='ltr'><strong>BIBLIOTHECA.</strong></span> 
     </span>
    </p>
   </div>
   <div class='ocr_carea' id='block_1_3' title="bbox 3687 281 3773 338">
    <p class='ocr_par' dir='ltr' id='par_1_3' title="bbox 3687 281 3773 338">
     <span class='ocr_line' id='line_1_3' title="bbox 3687 281 3773 338; baseline 0 0"><span class='ocrx_word' id='word_1_6' title='bbox 3687 281 3773 338; x_wconf 75' lang='grc'><strong>648</strong></span> 
     </span>
    </p>
   </div>
   <div class='ocr_carea' id='block_1_4' title="bbox 460 397 3776 475">
    <p class='ocr_par' dir='ltr' id='par_1_4' title="bbox 460 397 3776 475">
     <span class='ocr_line' id='line_1_4' title="bbox 460 397 3776 475; baseline 0.002 -17"><span class='ocrx_word' id='word_1_7' title='bbox 460 403 656 459; x_wconf 82' lang='lat' dir='ltr'><strong>addat.</strong></span> <span class='ocrx_word' id='word_1_8' title='bbox 691 403 748 458; x_wconf 87' lang='lat' dir='ltr'><strong>Si</strong></span> <span class='ocrx_word' id='word_1_9' title='bbox 781 406 972 459; x_wconf 84' lang='lat' dir='ltr'><strong>autem</strong></span> <span class='ocrx_word' id='word_1_10' title='bbox 1006 403 1457 475; x_wconf 79' lang='lat' dir='ltr'><strong>perseveraverit</strong></span> <span class='ocrx_word' id='word_1_11' title='bbox 1482 401 1666 475; x_wconf 80' lang='lat' dir='ltr'><strong>patris</strong></span> <span class='ocrx_word' id='word_1_12' title='bbox 1697 401 1809 456; x_wconf 88' lang='lat' dir='ltr'><strong>mei</strong></span> <span class='ocrx_word' id='word_1_13' title='bbox 1845 399 2099 456; x_wconf 70' lang='lat' dir='ltr'><strong>malilia‘</strong></span> <span class='ocrx_word' id='word_1_14' title='bbox 2133 401 2182 466; x_wconf 79' lang='grc' dir='ltr'>Α</span> <span class='ocrx_word' id='word_1_15' title='bbox 2216 415 2319 454; x_wconf 86' lang='lat' dir='ltr'><strong>sus</strong></span> <span class='ocrx_word' id='word_1_16' title='bbox 2347 397 2662 467; x_wconf 86' lang='lat' dir='ltr'><strong>Jonathan,</strong></span> <span class='ocrx_word' id='word_1_17' title='bbox 2689 399 2835 454; x_wconf 81' lang='lat' dir='ltr'><strong>dixit</strong></span> <span class='ocrx_word' id='word_1_18' title='bbox 2864 400 2954 458; x_wconf 89' lang='lat' dir='ltr'><strong>ei:</strong></span> <span class='ocrx_word' id='word_1_19' title='bbox 2989 400 3094 456; x_wconf 85' lang='lat' dir='ltr'><strong>Fili</strong></span> <span class='ocrx_word' id='word_1_20' title='bbox 3127 402 3251 473; x_wconf 85' lang='lat' dir='ltr'><strong>[ms.</strong></span> <span class='ocrx_word' id='word_1_21' title='bbox 3274 401 3439 473; x_wconf 76' lang='lat' dir='ltr'><strong>illius]</strong></span> <span class='ocrx_word' id='word_1_22' title='bbox 3467 404 3690 462; x_wconf 82' lang='lat' dir='ltr'><strong>mulieris</strong></span> <span class='ocrx_word' id='word_1_23' title='bbox 3710 408 3776 464; x_wconf 88' lang='lat' dir='ltr'><strong>vi-</strong></span> 
     </span>
    </p>
   </div>
   <div class='ocr_carea' id='block_1_5' title="bbox 462 491 2096 562">
    <p class='ocr_par' dir='ltr' id='par_1_5' title="bbox 462 491 2096 562">
     <span class='ocr_line' id='line_1_5' title="bbox 462 491 2096 562; baseline -0.002 -14"><span class='ocrx_word' id='word_1_24' title='bbox 462 494 769 549; x_wconf 90' lang='lat' dir='ltr'><strong>adversum</strong></span> <span class='ocrx_word' id='word_1_25' title='bbox 795 496 876 560; x_wconf 90' lang='lat' dir='ltr'><strong>te,</strong></span> <span class='ocrx_word' id='word_1_26' title='bbox 900 491 1165 548; x_wconf 89' lang='lat' dir='ltr'><strong>revelabo</strong></span> <span class='ocrx_word' id='word_1_27' title='bbox 1189 509 1389 548; x_wconf 88' lang='lat' dir='ltr'><strong>aurem</strong></span> <span class='ocrx_word' id='word_1_28' title='bbox 1413 497 1597 562; x_wconf 90' lang='lat' dir='ltr'><strong>tuam,</strong></span> <span class='ocrx_word' id='word_1_29' title='bbox 1617 495 1673 547; x_wconf 90' lang='lat' dir='ltr'><strong>et</strong></span> <span class='ocrx_word' id='word_1_30' title='bbox 1693 491 1984 546; x_wconf 83' lang='lat' dir='ltr'><strong>dimittam</strong></span> <span class='ocrx_word' id='word_1_31' title='bbox 2020 493 2096 559; x_wconf 89' lang='lat' dir='ltr'><strong>te,</strong></span> 
     </span>
    </p>
   </div>
   <div class='ocr_carea' id='block_1_6' title="bbox 465 578 2098 654">
    <p class='ocr_par' dir='ltr' id='par_1_6' title="bbox 465 578 2098 654">
     <span class='ocr_line' id='line_1_6' title="bbox 465 578 2098 654; baseline -0.002 -16"><span class='ocrx_word' id='word_1_32' title='bbox 465 587 528 638; x_wconf 89' lang='lat' dir='ltr'><strong>ut</strong></span> <span class='ocrx_word' id='word_1_33' title='bbox 556 583 733 638; x_wconf 88' lang='lat' dir='ltr'><strong>vadas</strong></span> <span class='ocrx_word' id='word_1_34' title='bbox 764 583 824 637; x_wconf 89' lang='lat' dir='ltr'><strong>in</strong></span> <span class='ocrx_word' id='word_1_35' title='bbox 856 599 1017 654; x_wconf 83' lang='lat' dir='ltr'><strong>pace,</strong></span> <span class='ocrx_word' id='word_1_36' title='bbox 1048 585 1104 637; x_wconf 91' lang='lat' dir='ltr'><strong>et</strong></span> <span class='ocrx_word' id='word_1_37' title='bbox 1134 581 1213 638; x_wconf 89' lang='lat' dir='ltr'><strong>sit</strong></span> <span class='ocrx_word' id='word_1_38' title='bbox 1245 582 1526 638; x_wconf 85' lang='lat' dir='ltr'><strong>Dominus</strong></span> <span class='ocrx_word' id='word_1_39' title='bbox 1556 587 1774 647; x_wconf 86' lang='lat' dir='ltr'><strong>tecum,</strong></span> <span class='ocrx_word' id='word_1_40' title='bbox 1805 580 1958 636; x_wconf 85' lang='lat' dir='ltr'><strong>sicut</strong></span> <span class='ocrx_word' id='word_1_41' title='bbox 1991 578 2098 634; x_wconf 86' lang='lat' dir='ltr'><strong>fuit</strong></span> 
     </span>
    </p>
   </div>
   <div class='ocr_carea' id='block_1_7' title="bbox 460 667 2096 740">
    <p class='ocr_par' dir='ltr' id='par_1_7' title="bbox 460 667 2096 740">
     <span class='ocr_line' id='line_1_7' title="bbox 460 667 2096 740; baseline -0.002 -15"><span class='ocrx_word' id='word_1_42' title='bbox 460 687 595 726; x_wconf 91' lang='lat' dir='ltr'><strong>cum</strong></span> <span class='ocrx_word' id='word_1_43' title='bbox 622 675 780 740; x_wconf 84' lang='lat' dir='ltr'><strong>patre</strong></span> <span class='ocrx_word' id='word_1_44' title='bbox 802 687 950 726; x_wconf 89' lang='lat' dir='ltr'><strong>meo.</strong></span> <span class='ocrx_word' id='word_1_45' title='bbox 974 671 1042 726; x_wconf 86' lang='lat' dir='ltr'><strong>Et</strong></span> <span class='ocrx_word' id='word_1_46' title='bbox 1063 671 1112 725; x_wconf 87' lang='lat' dir='ltr'><strong>si</strong></span> <span class='ocrx_word' id='word_1_47' title='bbox 1137 670 1351 739; x_wconf 84' lang='lat' dir='ltr'><strong>vixero,</strong></span> <span class='ocrx_word' id='word_1_48' title='bbox 1376 670 1552 726; x_wconf 82' lang='lat' dir='ltr'><strong>facies</strong></span> <span class='ocrx_word' id='word_1_49' title='bbox 1590 668 1734 723; x_wconf 90' lang='lat' dir='ltr'><strong>mihi</strong></span> <span class='ocrx_word' id='word_1_50' title='bbox 1769 667 2096 724; x_wconf 89' lang='lat' dir='ltr'><strong>misericor-</strong></span> 
     </span>
    </p>
   </div>
   <div class='ocr_carea' id='block_1_8' title="bbox 457 757 2097 823">
    <p class='ocr_par' dir='ltr' id='par_1_8' title="bbox 457 757 2097 823">
     <span class='ocr_line' id='line_1_8' title="bbox 457 757 2097 823; baseline -0.001 -9"><span class='ocrx_word' id='word_1_51' title='bbox 457 759 614 814; x_wconf 85' lang='lat' dir='ltr'><strong>diam</strong></span> <span class='ocrx_word' id='word_1_52' title='bbox 647 759 871 815; x_wconf 86' lang='lat' dir='ltr'><strong>Domini</strong></span> <span class='ocrx_word' id='word_1_53' title='bbox 907 775 919 814; x_wconf 92' lang='lat'><strong>:</strong></span> <span class='ocrx_word' id='word_1_54' title='bbox 953 758 998 813; x_wconf 91' lang='lat' dir='ltr'><strong>si</strong></span> <span class='ocrx_word' id='word_1_55' title='bbox 1029 775 1160 814; x_wconf 88' lang='lat' dir='ltr'><strong>vero</strong></span> <span class='ocrx_word' id='word_1_56' title='bbox 1193 763 1462 814; x_wconf 89' lang='lat' dir='ltr'><strong>mortuus</strong></span> <span class='ocrx_word' id='word_1_57' title='bbox 1493 758 1673 823; x_wconf 89' lang='lat' dir='ltr'><strong>fuero,</strong></span> <span class='ocrx_word' id='word_1_58' title='bbox 1707 774 1822 813; x_wconf 90' lang='lat' dir='ltr'><strong>non</strong></span> <span class='ocrx_word' id='word_1_59' title='bbox 1870 757 2097 812; x_wconf 83' lang='lat' dir='ltr'><strong>auferes</strong></span> 
     </span>
    </p>
   </div>
   <div class='ocr_carea' id='block_1_9' title="bbox 456 845 2098 917">
    <p class='ocr_par' dir='ltr' id='par_1_9' title="bbox 456 845 2098 917">
     <span class='ocr_line' id='line_1_9' title="bbox 456 845 2098 917; baseline -0.002 -14"><span class='ocrx_word' id='word_1_60' title='bbox 456 847 917 904; x_wconf 86' lang='lat' dir='ltr'><strong>misericordiam</strong></span> <span class='ocrx_word' id='word_1_61' title='bbox 942 848 1338 903; x_wconf 90' lang='lat' dir='ltr'><strong>tuamadomo</strong></span> <span class='ocrx_word' id='word_1_62' title='bbox 1363 863 1488 902; x_wconf 90' lang='lat' dir='ltr'><strong>mea</strong></span> <span class='ocrx_word' id='word_1_63' title='bbox 1514 845 1767 916; x_wconf 84' lang='lat' dir='ltr'><strong>usquein</strong></span> <span class='ocrx_word' id='word_1_64' title='bbox 1791 845 2098 917; x_wconf 82' lang='lat' dir='ltr'><strong>sempiter—</strong></span> 
     </span>
    </p>
   </div>
   <div class='ocr_carea' id='block_1_10' title="bbox 454 933 2092 1008">
    <p class='ocr_par' dir='ltr' id='par_1_10' title="bbox 454 933 2092 1008">
     <span class='ocr_line' id='line_1_10' title="bbox 454 933 2092 1008; baseline -0.002 -16"><span class='ocrx_word' id='word_1_65' title='bbox 454 954 618 1008; x_wconf 89' lang='lat' dir='ltr'><strong>num,</strong></span> <span class='ocrx_word' id='word_1_66' title='bbox 643 937 878 1008; x_wconf 85' lang='lat' dir='ltr'><strong>quando</strong></span> <span class='ocrx_word' id='word_1_67' title='bbox 910 935 1288 991; x_wconf 88' lang='lat' dir='ltr'><strong>eradicaverit</strong></span> <span class='ocrx_word' id='word_1_68' title='bbox 1308 935 1587 990; x_wconf 88' lang='lat' dir='ltr'><strong>Dominus</strong></span> <span class='ocrx_word' id='word_1_69' title='bbox 1605 934 1871 989; x_wconf 84' lang='lat' dir='ltr'><strong>inimicos</strong></span> <span class='ocrx_word' id='word_1_70' title='bbox 1895 933 2092 1000; x_wconf 83' lang='lat' dir='ltr'><strong>David,</strong></span> 
     </span>
    </p>
   </div>
   <div class='ocr_carea' id='block_1_11' title="bbox 453 1023 2095 1098">
    <p class='ocr_par' dir='ltr' id='par_1_11' title="bbox 453 1023 2095 1098">
     <span class='ocr_line' id='line_1_11' title="bbox 453 1023 2095 1098; baseline -0.002 -16"><span class='ocrx_word' id='word_1_71' title='bbox 453 1042 938 1098; x_wconf 87' lang='lat' dir='ltr'><strong>unumquemque</strong></span> <span class='ocrx_word' id='word_1_72' title='bbox 968 1026 1040 1081; x_wconf 92' lang='lat' dir='ltr'><strong>de</strong></span> <span class='ocrx_word' id='word_1_73' title='bbox 1072 1030 1245 1081; x_wconf 90' lang='lat' dir='ltr'><strong>terra.</strong></span> <span class='ocrx_word' id='word_1_74' title='bbox 1278 1024 1504 1097; x_wconf 90' lang='lat' dir='ltr'><strong>Pepigit</strong></span> <span class='ocrx_word' id='word_1_75' title='bbox 1533 1040 1671 1096; x_wconf 89' lang='lat' dir='ltr'><strong>ergo</strong></span> <span class='ocrx_word' id='word_1_76' title='bbox 1704 1025 1890 1080; x_wconf 88' lang='lat' dir='ltr'><strong>foedus</strong></span> <span class='ocrx_word' id='word_1_77' title='bbox 1918 1023 2095 1079; x_wconf 88' lang='lat' dir='ltr'><strong>Jona-</strong></span> 
     </span>
    </p>
   </div>
   <div class='ocr_carea' id='block_1_12' title="bbox 453 1112 2097 1185">
    <p class='ocr_par' dir='ltr' id='par_1_12' title="bbox 453 1112 2097 1185">
     <span class='ocr_line' id='line_1_12' title="bbox 453 1112 2097 1185; baseline -0.002 -14"><span class='ocrx_word' id='word_1_78' title='bbox 453 1116 596 1171; x_wconf 89' lang='lat' dir='ltr'><strong>than</strong></span> <span class='ocrx_word' id='word_1_79' title='bbox 630 1132 762 1171; x_wconf 91' lang='lat' dir='ltr'><strong>cum</strong></span> <span class='ocrx_word' id='word_1_80' title='bbox 804 1116 977 1170; x_wconf 89' lang='lat' dir='ltr'><strong>domo</strong></span> <span class='ocrx_word' id='word_1_81' title='bbox 1029 1114 1200 1171; x_wconf 86' lang='lat' dir='ltr'><strong>David</strong></span> <span class='ocrx_word' id='word_1_82' title='bbox 1232 1116 1297 1168; x_wconf 75' lang='grc' dir='ltr'>ἐ</span> <span class='ocrx_word' id='word_1_83' title='bbox 1350 1119 1407 1169; x_wconf 90' lang='lat' dir='ltr'><strong>et</strong></span> <span class='ocrx_word' id='word_1_84' title='bbox 1455 1114 1758 1185; x_wconf 88' lang='lat' dir='ltr'><strong>requisivit</strong></span> <span class='ocrx_word' id='word_1_85' title='bbox 1815 1112 2097 1168; x_wconf 87' lang='lat' dir='ltr'><strong>Dominus</strong></span> 
     </span>
    </p>
   </div>
   <div class='ocr_carea' id='block_1_13' title="bbox 453 1202 2094 1261">
    <p class='ocr_par' dir='ltr' id='par_1_13' title="bbox 453 1202 2094 1261">
     <span class='ocr_line' id='line_1_13' title="bbox 453 1202 2094 1261; baseline -0.002 0"><span class='ocrx_word' id='word_1_86' title='bbox 453 1207 523 1261; x_wconf 92' lang='lat' dir='ltr'><strong>de</strong></span> <span class='ocrx_word' id='word_1_87' title='bbox 559 1222 734 1260; x_wconf 90' lang='lat' dir='ltr'><strong>manu</strong></span> <span class='ocrx_word' id='word_1_88' title='bbox 765 1204 1136 1260; x_wconf 87' lang='lat' dir='ltr'><strong>inimicorum</strong></span> <span class='ocrx_word' id='word_1_89' title='bbox 1188 1202 1386 1259; x_wconf 89' lang='lat' dir='ltr'><strong>David.</strong></span> <span class='ocrx_word' id='word_1_90' title='bbox 1421 1203 1490 1258; x_wconf 90' lang='lat' dir='ltr'><strong>Et</strong></span> <span class='ocrx_word' id='word_1_91' title='bbox 1535 1202 1760 1258; x_wconf 87' lang='lat' dir='ltr'><strong>addidit</strong></span> <span class='ocrx_word' id='word_1_92' title='bbox 1802 1202 2094 1258; x_wconf 89' lang='lat' dir='ltr'><strong>Jonathan</strong></span> 
     </span>
    </p>
   </div>
   <div class='ocr_carea' id='block_1_14' title="bbox 454 1290 2097 1365">
    <p class='ocr_par' dir='ltr' id='par_1_14' title="bbox 454 1290 2097 1365">
     <span class='ocr_line' id='line_1_14' title="bbox 454 1290 2097 1365; baseline -0.001 -17"><span class='ocrx_word' id='word_1_93' title='bbox 454 1294 714 1365; x_wconf 88' lang='lat' dir='ltr'><strong>dejerare</strong></span> <span class='ocrx_word' id='word_1_94' title='bbox 770 1293 975 1359; x_wconf 89' lang='lat' dir='ltr'><strong>David,</strong></span> <span class='ocrx_word' id='word_1_95' title='bbox 1020 1308 1086 1347; x_wconf 91' lang='lat' dir='ltr'><strong>eo</strong></span> <span class='ocrx_word' id='word_1_96' title='bbox 1135 1292 1289 1364; x_wconf 90' lang='lat' dir='ltr'><strong>quod</strong></span> <span class='ocrx_word' id='word_1_97' title='bbox 1351 1290 1618 1363; x_wconf 89' lang='lat' dir='ltr'><strong>diligeret</strong></span> <span class='ocrx_word' id='word_1_98' title='bbox 1672 1290 1888 1346; x_wconf 88' lang='lat' dir='ltr'><strong>illum:</strong></span> <span class='ocrx_word' id='word_1_99' title='bbox 1943 1292 2097 1348; x_wconf 83' lang='lat' dir='ltr'><strong>sicut</strong></span> 
     </span>
    </p>
   </div>
   <div class='ocr_carea' id='block_1_15' title="bbox 451 1379 2095 1454">
    <p class='ocr_par' dir='ltr' id='par_1_15' title="bbox 451 1379 2095 1454">
     <span class='ocr_line' id='line_1_15' title="bbox 451 1379 2095 1454; baseline 0 -16"><span class='ocrx_word' id='word_1_100' title='bbox 451 1383 712 1438; x_wconf 90' lang='lat' dir='ltr'><strong>animam</strong></span> <span class='ocrx_word' id='word_1_101' title='bbox 761 1383 915 1437; x_wconf 90' lang='lat' dir='ltr'><strong>enim</strong></span> <span class='ocrx_word' id='word_1_102' title='bbox 969 1398 1161 1447; x_wconf 88' lang='lat' dir='ltr'><strong>suam,</strong></span> <span class='ocrx_word' id='word_1_103' title='bbox 1196 1379 1276 1436; x_wconf 87' lang='lat' dir='ltr'><strong>ila</strong></span> <span class='ocrx_word' id='word_1_104' title='bbox 1307 1379 1586 1452; x_wconf 83' lang='lat' dir='ltr'><strong>diligebat</strong></span> <span class='ocrx_word' id='word_1_105' title='bbox 1633 1396 1786 1436; x_wconf 92' lang='lat' dir='ltr'><strong>eum.</strong></span> <span class='ocrx_word' id='word_1_106' title='bbox 1824 1380 2095 1454; x_wconf 86' lang='lat' dir='ltr'><strong>Dixitque</strong></span> 
     </span>
    </p>
   </div>
   <div class='ocr_carea' id='block_1_16' title="bbox 448 1467 2090 1542">
    <p class='ocr_par' dir='ltr' id='par_1_16' title="bbox 448 1467 2090 1542">
     <span class='ocr_line' id='line_1_16' title="bbox 448 1467 2090 1542; baseline -0.002 -15"><span class='ocrx_word' id='word_1_107' title='bbox 448 1472 518 1527; x_wconf 90' lang='lat' dir='ltr'><strong>ad</strong></span> <span class='ocrx_word' id='word_1_108' title='bbox 554 1487 688 1527; x_wconf 91' lang='lat' dir='ltr'><strong>eum</strong></span> <span class='ocrx_word' id='word_1_109' title='bbox 717 1471 1010 1526; x_wconf 90' lang='lat' dir='ltr'><strong>Jonathan</strong></span> <span class='ocrx_word' id='word_1_110' title='bbox 1046 1487 1059 1525; x_wconf 91' lang='lat'><strong>:</strong></span> <span class='ocrx_word' id='word_1_111' title='bbox 1110 1471 1244 1525; x_wconf 87' lang='lat' dir='ltr'><strong>Cras</strong></span> <span class='ocrx_word' id='word_1_112' title='bbox 1295 1467 1554 1524; x_wconf 65' lang='lat' dir='ltr'><strong>kalendae</strong></span> <span class='ocrx_word' id='word_1_113' title='bbox 1603 1473 1760 1535; x_wconf 91' lang='lat' dir='ltr'><strong>sunt,</strong></span> <span class='ocrx_word' id='word_1_114' title='bbox 1793 1475 1850 1524; x_wconf 90' lang='lat' dir='ltr'><strong>et</strong></span> <span class='ocrx_word' id='word_1_115' title='bbox 1895 1470 2090 1542; x_wconf 89' lang='lat' dir='ltr'><strong>requi-</strong></span> 
     </span>
    </p>
   </div>
   <div class='ocr_carea' id='block_1_17' title="bbox 446 1559 2091 1630">
    <p class='ocr_par' dir='ltr' id='par_1_17' title="bbox 446 1559 2091 1630">
     <span class='ocr_line' id='line_1_17' title="bbox 446 1559 2091 1630; baseline -0.001 -14"><span class='ocrx_word' id='word_1_116' title='bbox 446 1561 592 1617; x_wconf 86' lang='lat' dir='ltr'><strong>reris</strong></span> <span class='ocrx_word' id='word_1_117' title='bbox 625 1577 636 1617; x_wconf 94' lang='lat'><strong>:</strong></span> <span class='ocrx_word' id='word_1_118' title='bbox 688 1560 1020 1630; x_wconf 87' lang='lat' dir='ltr'><strong>requiretur</strong></span> <span class='ocrx_word' id='word_1_119' title='bbox 1057 1560 1213 1615; x_wconf 90' lang='lat' dir='ltr'><strong>enim</strong></span> <span class='ocrx_word' id='word_1_120' title='bbox 1245 1559 1430 1614; x_wconf 85' lang='lat' dir='ltr'><strong>sessio</strong></span> <span class='ocrx_word' id='word_1_121' title='bbox 1461 1563 1563 1613; x_wconf 89' lang='lat' dir='ltr'><strong>tua</strong></span> <span class='ocrx_word' id='word_1_122' title='bbox 1589 1575 1777 1630; x_wconf 90' lang='lat' dir='ltr'><strong>usque</strong></span> <span class='ocrx_word' id='word_1_123' title='bbox 1808 1559 2091 1627; x_wconf 88' lang='lat' dir='ltr'><strong>perindiei</strong></span> 
     </span>
    </p>
   </div>
   <div class='ocr_carea' id='block_1_18' title="bbox 445 1646 2085 1720">
    <p class='ocr_par' dir='ltr' id='par_1_18' title="bbox 445 1646 2085 1720">
     <span class='ocr_line' id='line_1_18' title="bbox 445 1646 2085 1720; baseline -0.001 -14"><span class='ocrx_word' id='word_1_124' title='bbox 445 1650 771 1706; x_wconf 86' lang='lat' dir='ltr'><strong>Descendes</strong></span> <span class='ocrx_word' id='word_1_125' title='bbox 813 1665 951 1720; x_wconf 88' lang='lat' dir='ltr'><strong>ergo</strong></span> <span class='ocrx_word' id='word_1_126' title='bbox 1002 1648 1268 1718; x_wconf 82' lang='lat' dir='ltr'><strong>festinus,</strong></span> <span class='ocrx_word' id='word_1_127' title='bbox 1301 1652 1357 1703; x_wconf 91' lang='lat' dir='ltr'><strong>et</strong></span> <span class='ocrx_word' id='word_1_128' title='bbox 1387 1649 1584 1704; x_wconf 89' lang='lat' dir='ltr'><strong>venies</strong></span> <span class='ocrx_word' id='word_1_129' title='bbox 1633 1649 1692 1702; x_wconf 91' lang='lat' dir='ltr'><strong>in</strong></span> <span class='ocrx_word' id='word_1_130' title='bbox 1742 1646 1934 1704; x_wconf 88' lang='lat' dir='ltr'><strong>locum</strong></span> <span class='ocrx_word' id='word_1_131' title='bbox 1986 1649 2085 1704; x_wconf 90' lang='lat' dir='ltr'><strong>ub.</strong></span> 
     </span>
    </p>
   </div>
   <div class='ocr_carea' id='block_1_19' title="bbox 2206 486 3776 567">
    <p class='ocr_par' dir='ltr' id='par_1_19' title="bbox 2206 486 3776 567">
     <span class='ocr_line' id='line_1_19' title="bbox 2206 486 3776 567; baseline 0.004 -23"><span class='ocrx_word' id='word_1_132' title='bbox 2206 505 2337 544; x_wconf 90' lang='lat' dir='ltr'><strong>rum</strong></span> <span class='ocrx_word' id='word_1_133' title='bbox 2369 488 2652 560; x_wconf 88' lang='lat' dir='ltr'><strong>rapientis</strong></span> <span class='ocrx_word' id='word_1_134' title='bbox 2698 486 2872 560; x_wconf 90' lang='lat' dir='ltr'><strong>ultro,</strong></span> <span class='ocrx_word' id='word_1_135' title='bbox 2904 489 3172 563; x_wconf 86' lang='lat' dir='ltr'><strong>nunquid</strong></span> <span class='ocrx_word' id='word_1_136' title='bbox 3205 490 3401 564; x_wconf 89' lang='lat' dir='ltr'><strong>ignoro</strong></span> <span class='ocrx_word' id='word_1_137' title='bbox 3450 493 3574 564; x_wconf 90' lang='lat' dir='ltr'><strong>quia</strong></span> <span class='ocrx_word' id='word_1_138' title='bbox 3621 494 3776 567; x_wconf 83' lang='lat' dir='ltr'><strong>diligis</strong></span> 
     </span>
    </p>
   </div>
   <div class='ocr_carea' id='block_1_20' title="bbox 2207 577 3771 648">
    <p class='ocr_par' dir='ltr' id='par_1_20' title="bbox 2207 577 3771 648">
     <span class='ocr_line' id='line_1_20' title="bbox 2207 577 3771 648; baseline 0.006 -17"><span class='ocrx_word' id='word_1_139' title='bbox 2207 577 2390 632; x_wconf 84' lang='lat' dir='ltr'><strong>filium</strong></span> <span class='ocrx_word' id='word_1_140' title='bbox 2416 579 2550 643; x_wconf 82' lang='lat' dir='ltr'><strong>Isai,</strong></span> <span class='ocrx_word' id='word_1_141' title='bbox 2574 577 2634 634; x_wconf 89' lang='lat' dir='ltr'><strong>in</strong></span> <span class='ocrx_word' id='word_1_142' title='bbox 2655 578 3058 635; x_wconf 88' lang='lat' dir='ltr'><strong>confusionem</strong></span> <span class='ocrx_word' id='word_1_143' title='bbox 3082 584 3266 648; x_wconf 90' lang='lat' dir='ltr'><strong>tuam,</strong></span> <span class='ocrx_word' id='word_1_144' title='bbox 3291 585 3344 635; x_wconf 91' lang='lat' dir='ltr'><strong>et</strong></span> <span class='ocrx_word' id='word_1_145' title='bbox 3362 580 3415 635; x_wconf 91' lang='lat' dir='ltr'><strong>iu</strong></span> <span class='ocrx_word' id='word_1_146' title='bbox 3437 581 3771 640; x_wconf 84' lang='lat' dir='ltr'><strong>confusionem</strong></span> 
     </span>
    </p>
   </div>
   <div class='ocr_carea' id='block_1_21' title="bbox 2207 665 3776 744">
    <p class='ocr_par' dir='ltr' id='par_1_21' title="bbox 2207 665 3776 744">
     <span class='ocr_line' id='line_1_21' title="bbox 2207 665 3776 744; baseline 0.005 -24"><span class='ocrx_word' id='word_1_147' title='bbox 2207 666 2609 739; x_wconf 72' lang='lat' dir='ltr'><strong>ignominiosae</strong></span> <span class='ocrx_word' id='word_1_148' title='bbox 2629 665 3297 724; x_wconf 74' lang='lat' dir='ltr'><strong>matristuae?0mnibus</strong></span> <span class='ocrx_word' id='word_1_149' title='bbox 3310 668 3457 724; x_wconf 90' lang='lat' dir='ltr'><strong>enim</strong></span> <span class='ocrx_word' id='word_1_150' title='bbox 3471 669 3776 744; x_wconf 84' lang='lat' dir='ltr'><strong>diebus,qui-</strong></span> 
     </span>
    </p>
   </div>
   <div class='ocr_carea' id='block_1_22' title="bbox 2207 755 3776 829">
    <p class='ocr_par' dir='ltr' id='par_1_22' title="bbox 2207 755 3776 829">
     <span class='ocr_line' id='line_1_22' title="bbox 2207 755 3776 829; baseline 0.004 -18"><span class='ocrx_word' id='word_1_151' title='bbox 2207 757 2318 812; x_wconf 88' lang='lat' dir='ltr'><strong>bus</strong></span> <span class='ocrx_word' id='word_1_152' title='bbox 2347 755 2503 811; x_wconf 82' lang='lat' dir='ltr'><strong>ﬁlius</strong></span> <span class='ocrx_word' id='word_1_153' title='bbox 2533 756 2641 812; x_wconf 89' lang='lat' dir='ltr'><strong>lsai</strong></span> <span class='ocrx_word' id='word_1_154' title='bbox 2674 756 2878 812; x_wconf 85' lang='lat' dir='ltr'><strong>vixerit</strong></span> <span class='ocrx_word' id='word_1_155' title='bbox 2909 773 3086 829; x_wconf 88' lang='lat' dir='ltr'><strong>super</strong></span> <span class='ocrx_word' id='word_1_156' title='bbox 3116 761 3352 827; x_wconf 90' lang='lat' dir='ltr'><strong>terram,</strong></span> <span class='ocrx_word' id='word_1_157' title='bbox 3381 775 3487 815; x_wconf 90' lang='lat' dir='ltr'><strong>non</strong></span> <span class='ocrx_word' id='word_1_158' title='bbox 3517 760 3776 818; x_wconf 84' lang='lat' dir='ltr'><strong>stabilieris</strong></span> 
     </span>
    </p>
   </div>
   <div class='ocr_carea' id='block_1_23' title="bbox 2205 845 3780 919">
    <p class='ocr_par' dir='ltr' id='par_1_23' title="bbox 2205 845 3780 919">
     <span class='ocr_line' id='line_1_23' title="bbox 2205 845 3780 919; baseline 0.004 -19"><span class='ocrx_word' id='word_1_159' title='bbox 2205 849 2291 913; x_wconf 90' lang='lat' dir='ltr'><strong>tu,</strong></span> <span class='ocrx_word' id='word_1_160' title='bbox 2327 861 2514 917; x_wconf 90' lang='lat' dir='ltr'><strong>neque</strong></span> <span class='ocrx_word' id='word_1_161' title='bbox 2543 859 2786 918; x_wconf 85' lang='lat' dir='ltr'><strong>regnum</strong></span> <span class='ocrx_word' id='word_1_162' title='bbox 2820 849 3007 902; x_wconf 89' lang='lat' dir='ltr'><strong>tuum.</strong></span> <span class='ocrx_word' id='word_1_163' title='bbox 3031 845 3232 918; x_wconf 90' lang='lat' dir='ltr'><strong>Itaque</strong></span> <span class='ocrx_word' id='word_1_164' title='bbox 3261 846 3375 918; x_wconf 81' lang='lat' dir='ltr'><strong>iam</strong></span> <span class='ocrx_word' id='word_1_165' title='bbox 3407 863 3550 903; x_wconf 90' lang='lat' dir='ltr'><strong>nunc</strong></span> <span class='ocrx_word' id='word_1_166' title='bbox 3578 849 3780 919; x_wconf 86' lang='lat' dir='ltr'><strong>mitte,et</strong></span> 
     </span>
    </p>
   </div>
   <div class='ocr_carea' id='block_1_24' title="bbox 2207 930 3776 1007">
    <p class='ocr_par' dir='ltr' id='par_1_24' title="bbox 2207 930 3776 1007">
     <span class='ocr_line' id='line_1_24' title="bbox 2207 930 3776 1007; baseline 0.003 -17"><span class='ocrx_word' id='word_1_167' title='bbox 2207 934 2400 990; x_wconf 89' lang='lat' dir='ltr'><strong>adhuc</strong></span> <span class='ocrx_word' id='word_1_168' title='bbox 2432 930 2512 998; x_wconf 93' lang='lat' dir='ltr'><strong>[h.</strong></span> <span class='ocrx_word' id='word_1_169' title='bbox 2537 935 2685 1006; x_wconf 80' lang='lat' dir='ltr'><strong>cape]</strong></span> <span class='ocrx_word' id='word_1_170' title='bbox 2710 951 2844 990; x_wconf 91' lang='lat' dir='ltr'><strong>eum</strong></span> <span class='ocrx_word' id='word_1_171' title='bbox 2879 935 2949 990; x_wconf 91' lang='lat' dir='ltr'><strong>ad</strong></span> <span class='ocrx_word' id='word_1_172' title='bbox 2993 950 3123 991; x_wconf 90' lang='lat' dir='ltr'><strong>me:</strong></span> <span class='ocrx_word' id='word_1_173' title='bbox 3157 935 3294 1007; x_wconf 87' lang='lat' dir='ltr'><strong>quia</strong></span> <span class='ocrx_word' id='word_1_174' title='bbox 3322 935 3474 992; x_wconf 83' lang='lat' dir='ltr'><strong>ﬁlius</strong></span> <span class='ocrx_word' id='word_1_175' title='bbox 3495 938 3674 993; x_wconf 87' lang='lat' dir='ltr'><strong>mortis</strong></span> <span class='ocrx_word' id='word_1_176' title='bbox 3695 943 3776 994; x_wconf 86' lang='lat' dir='ltr'><strong>est.</strong></span> 
     </span>
    </p>
   </div>
   <div class='ocr_carea' id='block_1_25' title="bbox 2206 1023 3779 1096">
    <p class='ocr_par' dir='ltr' id='par_1_25' title="bbox 2206 1023 3779 1096">
     <span class='ocr_line' id='line_1_25' title="bbox 2206 1023 3779 1096; baseline 0.003 -19"><span class='ocrx_word' id='word_1_177' title='bbox 2206 1023 2585 1094; x_wconf 84' lang='lat' dir='ltr'><strong>Respondeas</strong></span> <span class='ocrx_word' id='word_1_178' title='bbox 2644 1027 2839 1080; x_wconf 87' lang='lat' dir='ltr'><strong>autem</strong></span> <span class='ocrx_word' id='word_1_179' title='bbox 2870 1023 3165 1080; x_wconf 86' lang='lat' dir='ltr'><strong>Jonathan</strong></span> <span class='ocrx_word' id='word_1_180' title='bbox 3194 1023 3348 1079; x_wconf 85' lang='lat' dir='ltr'><strong>Sauli</strong></span> <span class='ocrx_word' id='word_1_181' title='bbox 3379 1025 3518 1096; x_wconf 86' lang='lat' dir='ltr'><strong>patri</strong></span> <span class='ocrx_word' id='word_1_182' title='bbox 3547 1041 3658 1095; x_wconf 91' lang='lat' dir='ltr'><strong>suo,</strong></span> <span class='ocrx_word' id='word_1_183' title='bbox 3683 1027 3779 1082; x_wconf 85' lang='lat' dir='ltr'><strong>ait:</strong></span> 
     </span>
    </p>
   </div>
   <div class='ocr_carea' id='block_1_26' title="bbox 2205 1112 3779 1185">
    <p class='ocr_par' dir='ltr' id='par_1_26' title="bbox 2205 1112 3779 1185">
     <span class='ocr_line' id='line_1_26' title="bbox 2205 1112 3779 1185; baseline 0.003 -19"><span class='ocrx_word' id='word_1_184' title='bbox 2205 1112 2392 1176; x_wconf 87' lang='lat' dir='ltr'><strong>Quare</strong></span> <span class='ocrx_word' id='word_1_185' title='bbox 2423 1112 2750 1169; x_wconf 85' lang='lat' dir='ltr'><strong>morietur?</strong></span> <span class='ocrx_word' id='word_1_186' title='bbox 2779 1113 2923 1185; x_wconf 92' lang='lat' dir='ltr'><strong>quid</strong></span> <span class='ocrx_word' id='word_1_187' title='bbox 2953 1113 3131 1168; x_wconf 83' lang='lat' dir='ltr'><strong>fecit?</strong></span> <span class='ocrx_word' id='word_1_188' title='bbox 3179 1113 3250 1169; x_wconf 87' lang='lat' dir='ltr'><strong>Et</strong></span> <span class='ocrx_word' id='word_1_189' title='bbox 3279 1113 3514 1185; x_wconf 85' lang='lat' dir='ltr'><strong>arripuit</strong></span> <span class='ocrx_word' id='word_1_190' title='bbox 3539 1113 3656 1169; x_wconf 88' lang='lat' dir='ltr'><strong>Saul</strong></span> <span class='ocrx_word' id='word_1_191' title='bbox 3682 1113 3779 1170; x_wconf 85' lang='lat' dir='ltr'><strong>Ian-</strong></span> 
     </span>
    </p>
   </div>
   <div class='ocr_carea' id='block_1_27' title="bbox 2205 1201 3782 1274">
    <p class='ocr_par' dir='ltr' id='par_1_27' title="bbox 2205 1201 3782 1274">
     <span class='ocr_line' id='line_1_27' title="bbox 2205 1201 3782 1274; baseline 0.001 -17"><span class='ocrx_word' id='word_1_192' title='bbox 2205 1218 2392 1269; x_wconf 87' lang='lat' dir='ltr'><strong>ceam,</strong></span> <span class='ocrx_word' id='word_1_193' title='bbox 2425 1207 2491 1257; x_wconf 91' lang='lat' dir='ltr'><strong>ut</strong></span> <span class='ocrx_word' id='word_1_194' title='bbox 2539 1207 2867 1274; x_wconf 90' lang='lat' dir='ltr'><strong>percuteret</strong></span> <span class='ocrx_word' id='word_1_195' title='bbox 2913 1219 3068 1258; x_wconf 91' lang='lat' dir='ltr'><strong>eum.</strong></span> <span class='ocrx_word' id='word_1_196' title='bbox 3119 1203 3186 1258; x_wconf 91' lang='lat' dir='ltr'><strong>Et</strong></span> <span class='ocrx_word' id='word_1_197' title='bbox 3226 1201 3502 1258; x_wconf 87' lang='lat' dir='ltr'><strong>intellexit</strong></span> <span class='ocrx_word' id='word_1_198' title='bbox 3541 1203 3782 1259; x_wconf 78' lang='lat' dir='ltr'><strong>Jonathan</strong></span> 
     </span>
    </p>
   </div>
   <div class='ocr_carea' id='block_1_28' title="bbox 2205 1291 3781 1364">
    <p class='ocr_par' dir='ltr' id='par_1_28' title="bbox 2205 1291 3781 1364">
     <span class='ocr_line' id='line_1_28' title="bbox 2205 1291 3781 1364; baseline 0.002 -18"><span class='ocrx_word' id='word_1_199' title='bbox 2205 1292 2360 1364; x_wconf 90' lang='lat' dir='ltr'><strong>quod</strong></span> <span class='ocrx_word' id='word_1_200' title='bbox 2391 1291 2694 1347; x_wconf 83' lang='lat' dir='ltr'><strong>definitum</strong></span> <span class='ocrx_word' id='word_1_201' title='bbox 2720 1297 2873 1348; x_wconf 89' lang='lat' dir='ltr'><strong>esset</strong></span> <span class='ocrx_word' id='word_1_202' title='bbox 2895 1293 3042 1364; x_wconf 90' lang='lat' dir='ltr'><strong>patri</strong></span> <span class='ocrx_word' id='word_1_203' title='bbox 3067 1296 3257 1360; x_wconf 87' lang='lat' dir='ltr'><strong>suo,et</strong></span> <span class='ocrx_word' id='word_1_204' title='bbox 3276 1291 3781 1348; x_wconf 87' lang='lat' dir='ltr'><strong>interficeretDavid.</strong></span> 
     </span>
    </p>
   </div>
   <div class='ocr_carea' id='block_1_29' title="bbox 2203 1381 3786 1454">
    <p class='ocr_par' dir='ltr' id='par_1_29' title="bbox 2203 1381 3786 1454">
     <span class='ocr_line' id='line_1_29' title="bbox 2203 1381 3786 1454; baseline -0.001 -16"><span class='ocrx_word' id='word_1_205' title='bbox 2203 1381 2465 1438; x_wconf 86' lang='lat' dir='ltr'><strong>Surrexit</strong></span> <span class='ocrx_word' id='word_1_206' title='bbox 2493 1397 2630 1454; x_wconf 87' lang='lat' dir='ltr'><strong>ergo</strong></span> <span class='ocrx_word' id='word_1_207' title='bbox 2658 1381 2946 1439; x_wconf 88' lang='lat' dir='ltr'><strong>Jonathan</strong></span> <span class='ocrx_word' id='word_1_208' title='bbox 2978 1399 3011 1437; x_wconf 89' lang='lat' dir='ltr'><strong>a</strong></span> <span class='ocrx_word' id='word_1_209' title='bbox 3043 1397 3248 1438; x_wconf 89' lang='lat' dir='ltr'><strong>mensa</strong></span> <span class='ocrx_word' id='word_1_210' title='bbox 3280 1381 3338 1436; x_wconf 88' lang='lat' dir='ltr'><strong>in</strong></span> <span class='ocrx_word' id='word_1_211' title='bbox 3386 1382 3472 1437; x_wconf 88' lang='lat' dir='ltr'><strong>ira</strong></span> <span class='ocrx_word' id='word_1_212' title='bbox 3513 1381 3719 1452; x_wconf 87' lang='lat' dir='ltr'><strong>furoris,</strong></span> <span class='ocrx_word' id='word_1_213' title='bbox 3742 1387 3786 1438; x_wconf 89' lang='lat' dir='ltr'><strong>et</strong></span> 
     </span>
    </p>
   </div>
   <div class='ocr_carea' id='block_1_30' title="bbox 2202 1470 3782 1542">
    <p class='ocr_par' dir='ltr' id='par_1_30' title="bbox 2202 1470 3782 1542">
     <span class='ocr_line' id='line_1_30' title="bbox 2202 1470 3782 1542; baseline -0.002 -16"><span class='ocrx_word' id='word_1_214' title='bbox 2202 1487 2319 1527; x_wconf 90' lang='lat' dir='ltr'><strong>non</strong></span> <span class='ocrx_word' id='word_1_215' title='bbox 2367 1470 2623 1527; x_wconf 89' lang='lat' dir='ltr'><strong>comedit</strong></span> <span class='ocrx_word' id='word_1_216' title='bbox 2651 1471 2708 1525; x_wconf 91' lang='lat' dir='ltr'><strong>in</strong></span> <span class='ocrx_word' id='word_1_217' title='bbox 2744 1471 2836 1526; x_wconf 90' lang='lat' dir='ltr'><strong>die</strong></span> <span class='ocrx_word' id='word_1_218' title='bbox 2868 1470 3253 1527; x_wconf 83' lang='lat' dir='ltr'><strong>kalendarum</strong></span> <span class='ocrx_word' id='word_1_219' title='bbox 3303 1470 3554 1527; x_wconf 81' lang='lat' dir='ltr'><strong>secunda</strong></span> <span class='ocrx_word' id='word_1_220' title='bbox 3592 1485 3782 1542; x_wconf 87' lang='lat' dir='ltr'><strong>panem.</strong></span> 
     </span>
    </p>
   </div>
   <div class='ocr_carea' id='block_1_31' title="bbox 2199 1557 3787 1629">
    <p class='ocr_par' dir='ltr' id='par_1_31' title="bbox 2199 1557 3787 1629">
     <span class='ocr_line' id='line_1_31' title="bbox 2199 1557 3787 1629; baseline 0 -17"><span class='ocrx_word' id='word_1_221' title='bbox 2199 1557 2590 1614; x_wconf 88' lang='lat' dir='ltr'><strong>Contristatus</strong></span> <span class='ocrx_word' id='word_1_222' title='bbox 2621 1561 2710 1614; x_wconf 91' lang='lat' dir='ltr'><strong>est</strong></span> <span class='ocrx_word' id='word_1_223' title='bbox 2738 1557 2894 1613; x_wconf 89' lang='lat' dir='ltr'><strong>enim</strong></span> <span class='ocrx_word' id='word_1_224' title='bbox 2925 1574 3104 1629; x_wconf 87' lang='lat' dir='ltr'><strong>super</strong></span> <span class='ocrx_word' id='word_1_225' title='bbox 3131 1557 3335 1628; x_wconf 89' lang='lat' dir='ltr'><strong>David,</strong></span> <span class='ocrx_word' id='word_1_226' title='bbox 3356 1572 3422 1614; x_wconf 92' lang='lat' dir='ltr'><strong>eo</strong></span> <span class='ocrx_word' id='word_1_227' title='bbox 3451 1557 3594 1629; x_wconf 90' lang='lat' dir='ltr'><strong>quod</strong></span> <span class='ocrx_word' id='word_1_228' title='bbox 3621 1557 3787 1613; x_wconf 84' lang='lat' dir='ltr'><strong>confu-</strong></span> 
     </span>
    </p>
   </div>
   <div class='ocr_carea' id='block_1_32' title="bbox 2199 1646 3787 1721">
    <p class='ocr_par' dir='ltr' id='par_1_32' title="bbox 2199 1646 3787 1721">
     <span class='ocr_line' id='line_1_32' title="bbox 2199 1646 3787 1721; baseline 0.001 -20"><span class='ocrx_word' id='word_1_229' title='bbox 2199 1647 2382 1702; x_wconf 89' lang='lat' dir='ltr'><strong>disset</strong></span> <span class='ocrx_word' id='word_1_230' title='bbox 2411 1662 2544 1703; x_wconf 89' lang='lat' dir='ltr'><strong>eum</strong></span> <span class='ocrx_word' id='word_1_231' title='bbox 2578 1651 2741 1718; x_wconf 90' lang='lat' dir='ltr'><strong>pater</strong></span> <span class='ocrx_word' id='word_1_232' title='bbox 2773 1664 2936 1704; x_wconf 89' lang='lat' dir='ltr'><strong>suus.</strong></span> <span class='ocrx_word' id='word_1_233' title='bbox 2965 1648 3054 1719; x_wconf 89' lang='lat' dir='ltr'><strong>[T.</strong></span> <span class='ocrx_word' id='word_1_234' title='bbox 3080 1647 3240 1720; x_wconf 90' lang='lat' dir='ltr'><strong>LIX.]</strong></span> <span class='ocrx_word' id='word_1_235' title='bbox 3264 1647 3519 1721; x_wconf 88' lang='lat' dir='ltr'><strong>Cumque</strong></span> <span class='ocrx_word' id='word_1_236' title='bbox 3544 1646 3787 1704; x_wconf 81' lang='lat' dir='ltr'><strong>illuxisset</strong></span> 
     </span>
    </p>
   </div>
   <div class='ocr_carea' id='block_1_33' title="bbox 445 1736 3785 1839">
    <p class='ocr_par' dir='ltr' id='par_1_33' title="bbox 445 1736 3785 1839">
     <span class='ocr_line' id='line_1_33' title="bbox 445 1736 3785 1839; baseline -0.001 -44"><span class='ocrx_word' id='word_1_237' title='bbox 445 1738 724 1796; x_wconf 87' lang='lat' dir='ltr'><strong>celandus</strong></span> <span class='ocrx_word' id='word_1_238' title='bbox 763 1755 825 1794; x_wconf 90' lang='lat' dir='ltr'><strong>es</strong></span> <span class='ocrx_word' id='word_1_239' title='bbox 873 1739 931 1793; x_wconf 93' lang='lat' dir='ltr'><strong>in</strong></span> <span class='ocrx_word' id='word_1_240' title='bbox 981 1737 1092 1805; x_wconf 90' lang='lat' dir='ltr'><strong>die,</strong></span> <span class='ocrx_word' id='word_1_241' title='bbox 1122 1753 1237 1809; x_wconf 88' lang='lat' dir='ltr'><strong>qua</strong></span> <span class='ocrx_word' id='word_1_242' title='bbox 1283 1736 1509 1808; x_wconf 89' lang='lat' dir='ltr'><strong>operari</strong></span> <span class='ocrx_word' id='word_1_243' title='bbox 1565 1736 1720 1804; x_wconf 89' lang='lat' dir='ltr'><strong>licet,</strong></span> <span class='ocrx_word' id='word_1_244' title='bbox 1753 1741 1811 1792; x_wconf 91' lang='lat' dir='ltr'><strong>et</strong></span> <span class='ocrx_word' id='word_1_245' title='bbox 1857 1737 2086 1794; x_wconf 89' lang='lat' dir='ltr'><strong>sedebis</strong></span> <span class='ocrx_word' id='word_1_246' title='bbox 2120 1773 2166 1839; x_wconf 82' lang='grc' dir='ltr'>Β</span> <span class='ocrx_word' id='word_1_247' title='bbox 2199 1751 2393 1806; x_wconf 87' lang='lat' dir='ltr'><strong>mane,</strong></span> <span class='ocrx_word' id='word_1_248' title='bbox 2414 1737 2574 1793; x_wconf 86' lang='lat' dir='ltr'><strong>venit</strong></span> <span class='ocrx_word' id='word_1_249' title='bbox 2599 1736 2890 1792; x_wconf 84' lang='lat' dir='ltr'><strong>Jonathan</strong></span> <span class='ocrx_word' id='word_1_250' title='bbox 2913 1737 2973 1793; x_wconf 88' lang='lat' dir='ltr'><strong>in</strong></span> <span class='ocrx_word' id='word_1_251' title='bbox 2993 1753 3197 1809; x_wconf 83' lang='lat' dir='ltr'><strong>agrum</strong></span> <span class='ocrx_word' id='word_1_252' title='bbox 3220 1738 3390 1809; x_wconf 83' lang='lat' dir='ltr'><strong>juxta</strong></span> <span class='ocrx_word' id='word_1_253' title='bbox 3417 1736 3672 1809; x_wconf 85' lang='lat' dir='ltr'><strong>placitum</strong></span> <span class='ocrx_word' id='word_1_254' title='bbox 3701 1741 3785 1792; x_wconf 84' lang='lat' dir='ltr'><strong>Da-</strong></span> 
     </span>
    </p>
   </div>
   <div class='ocr_carea' id='block_1_34' title="bbox 437 1825 2086 1900">
    <p class='ocr_par' dir='ltr' id='par_1_34' title="bbox 437 1825 2086 1900">
     <span class='ocr_line' id='line_1_34' title="bbox 437 1825 2086 1900; baseline -0.001 -16"><span class='ocrx_word' id='word_1_255' title='bbox 437 1829 603 1900; x_wconf 87' lang='lat' dir='ltr'><strong>juxta</strong></span> <span class='ocrx_word' id='word_1_256' title='bbox 634 1827 886 1900; x_wconf 89' lang='lat' dir='ltr'><strong>lapidem</strong></span> <span class='ocrx_word' id='word_1_257' title='bbox 915 1827 1008 1882; x_wconf 91' lang='lat' dir='ltr'><strong>cui</strong></span> <span class='ocrx_word' id='word_1_258' title='bbox 1038 1830 1127 1883; x_wconf 84' lang='lat' dir='ltr'><strong>est</strong></span> <span class='ocrx_word' id='word_1_259' title='bbox 1158 1842 1364 1882; x_wconf 90' lang='lat' dir='ltr'><strong>nomen</strong></span> <span class='ocrx_word' id='word_1_260' title='bbox 1396 1827 1474 1897; x_wconf 89' lang='lat' dir='ltr'><strong>[h.</strong></span> <span class='ocrx_word' id='word_1_261' title='bbox 1506 1843 1619 1882; x_wconf 90' lang='lat' dir='ltr'><strong>non</strong></span> <span class='ocrx_word' id='word_1_262' title='bbox 1652 1825 1846 1897; x_wconf 89' lang='lat' dir='ltr'><strong>habet,</strong></span> <span class='ocrx_word' id='word_1_263' title='bbox 1870 1828 1964 1883; x_wconf 92' lang='lat' dir='ltr'><strong>cui</strong></span> <span class='ocrx_word' id='word_1_264' title='bbox 1997 1831 2086 1883; x_wconf 82' lang='lat' dir='ltr'><strong>est</strong></span> 
     </span>
    </p>
   </div>
   <div class='ocr_carea' id='block_1_35' title="bbox 445 1913 2082 1991">
    <p class='ocr_par' dir='ltr' id='par_1_35' title="bbox 445 1913 2082 1991">
     <span class='ocr_line' id='line_1_35' title="bbox 445 1913 2082 1991; baseline 0 -19"><span class='ocrx_word' id='word_1_265' title='bbox 445 1924 676 1991; x_wconf 91' lang='lat' dir='ltr'><strong>nomen]</strong></span> <span class='ocrx_word' id='word_1_266' title='bbox 700 1915 925 1972; x_wconf 86' lang='lat' dir='ltr'><strong>Ezel.Et</strong></span> <span class='ocrx_word' id='word_1_267' title='bbox 947 1931 1050 1986; x_wconf 90' lang='lat' dir='ltr'><strong>ego</strong></span> <span class='ocrx_word' id='word_1_268' title='bbox 1082 1919 1201 1971; x_wconf 91' lang='lat' dir='ltr'><strong>tres</strong></span> <span class='ocrx_word' id='word_1_269' title='bbox 1232 1913 1468 1984; x_wconf 83' lang='lat' dir='ltr'><strong>sagittas</strong></span> <span class='ocrx_word' id='word_1_270' title='bbox 1492 1915 1721 1970; x_wconf 88' lang='lat' dir='ltr'><strong>mittam</strong></span> <span class='ocrx_word' id='word_1_271' title='bbox 1738 1915 1906 1985; x_wconf 84' lang='lat' dir='ltr'><strong>juxta</strong></span> <span class='ocrx_word' id='word_1_272' title='bbox 1927 1931 2082 1986; x_wconf 75' lang='lat' dir='ltr'><strong>eum,</strong></span> 
     </span>
    </p>
   </div>
   <div class='ocr_carea' id='block_1_36' title="bbox 442 2003 2084 2077">
    <p class='ocr_par' dir='ltr' id='par_1_36' title="bbox 442 2003 2084 2077">
     <span class='ocr_line' id='line_1_36' title="bbox 442 2003 2084 2077; baseline -0.001 -16"><span class='ocrx_word' id='word_1_273' title='bbox 442 2010 499 2061; x_wconf 92' lang='lat' dir='ltr'><strong>et</strong></span> <span class='ocrx_word' id='word_1_274' title='bbox 520 2005 736 2077; x_wconf 87' lang='lat' dir='ltr'><strong>jaciam</strong></span> <span class='ocrx_word' id='word_1_275' title='bbox 769 2005 935 2076; x_wconf 89' lang='lat' dir='ltr'><strong>quasi</strong></span> <span class='ocrx_word' id='word_1_276' title='bbox 968 2020 1241 2058; x_wconf 90' lang='lat' dir='ltr'><strong>exercens</strong></span> <span class='ocrx_word' id='word_1_277' title='bbox 1292 2019 1384 2058; x_wconf 87' lang='lat' dir='ltr'><strong>me</strong></span> <span class='ocrx_word' id='word_1_278' title='bbox 1432 2004 1500 2058; x_wconf 89' lang='lat' dir='ltr'><strong>ad</strong></span> <span class='ocrx_word' id='word_1_279' title='bbox 1555 2003 1812 2075; x_wconf 88' lang='lat' dir='ltr'><strong>signum.</strong></span> <span class='ocrx_word' id='word_1_280' title='bbox 1859 2004 2084 2060; x_wconf 89' lang='lat' dir='ltr'><strong>Mittam</strong></span> 
     </span>
    </p>
   </div>
   <div class='ocr_carea' id='block_1_37' title="bbox 443 2091 2086 2169">
    <p class='ocr_par' dir='ltr' id='par_1_37' title="bbox 443 2091 2086 2169">
     <span class='ocr_line' id='line_1_37' title="bbox 443 2091 2086 2169; baseline -0.001 -19"><span class='ocrx_word' id='word_1_281' title='bbox 443 2110 677 2166; x_wconf 89' lang='lat' dir='ltr'><strong>quoque</strong></span> <span class='ocrx_word' id='word_1_282' title='bbox 707 2098 763 2149; x_wconf 89' lang='lat' dir='ltr'><strong>et</strong></span> <span class='ocrx_word' id='word_1_283' title='bbox 796 2110 1065 2166; x_wconf 86' lang='lat' dir='ltr'><strong>puerum,</strong></span> <span class='ocrx_word' id='word_1_284' title='bbox 1101 2093 1298 2169; x_wconf 70' lang='lat' dir='ltr'><strong>dicens</strong></span> <span class='ocrx_word' id='word_1_285' title='bbox 1329 2091 1380 2147; x_wconf 89' lang='lat' dir='ltr'><strong>ei</strong></span> <span class='ocrx_word' id='word_1_286' title='bbox 1415 2109 1428 2147; x_wconf 93' lang='lat'><strong>:</strong></span> <span class='ocrx_word' id='word_1_287' title='bbox 1482 2093 1660 2163; x_wconf 92' lang='lat' dir='ltr'><strong>Vade,</strong></span> <span class='ocrx_word' id='word_1_288' title='bbox 1694 2097 1750 2147; x_wconf 87' lang='lat' dir='ltr'><strong>et</strong></span> <span class='ocrx_word' id='word_1_289' title='bbox 1775 2095 1912 2149; x_wconf 79' lang='lat' dir='ltr'><strong>ati‘er</strong></span> <span class='ocrx_word' id='word_1_290' title='bbox 1943 2094 2086 2149; x_wconf 89' lang='lat' dir='ltr'><strong>mihi</strong></span> 
     </span>
    </p>
   </div>
   <div class='ocr_carea' id='block_1_38' title="bbox 445 2181 2088 2255">
    <p class='ocr_par' dir='ltr' id='par_1_38' title="bbox 445 2181 2088 2255">
     <span class='ocr_line' id='line_1_38' title="bbox 445 2181 2088 2255; baseline -0.001 -17"><span class='ocrx_word' id='word_1_291' title='bbox 445 2184 711 2255; x_wconf 85' lang='lat' dir='ltr'><strong>sagittas.</strong></span> <span class='ocrx_word' id='word_1_292' title='bbox 737 2182 793 2236; x_wconf 86' lang='lat' dir='ltr'><strong>Si</strong></span> <span class='ocrx_word' id='word_1_293' title='bbox 827 2181 1022 2236; x_wconf 87' lang='lat' dir='ltr'><strong>dixero</strong></span> <span class='ocrx_word' id='word_1_294' title='bbox 1068 2196 1246 2252; x_wconf 90' lang='lat' dir='ltr'><strong>puero</strong></span> <span class='ocrx_word' id='word_1_295' title='bbox 1283 2197 1296 2234; x_wconf 90' lang='lat'><strong>:</strong></span> <span class='ocrx_word' id='word_1_296' title='bbox 1354 2181 1496 2236; x_wconf 89' lang='lat' dir='ltr'><strong>Ecce</strong></span> <span class='ocrx_word' id='word_1_297' title='bbox 1553 2181 1778 2252; x_wconf 81' lang='lat' dir='ltr'><strong>sagittae</strong></span> <span class='ocrx_word' id='word_1_298' title='bbox 1834 2182 1988 2237; x_wconf 88' lang='lat' dir='ltr'><strong>intra</strong></span> <span class='ocrx_word' id='word_1_299' title='bbox 2031 2186 2088 2238; x_wconf 92' lang='lat' dir='ltr'><strong>te</strong></span> 
     </span>
    </p>
   </div>
   <div class='ocr_carea' id='block_1_39' title="bbox 445 2267 2092 2339">
    <p class='ocr_par' dir='ltr' id='par_1_39' title="bbox 445 2267 2092 2339">
     <span class='ocr_line' id='line_1_39' title="bbox 445 2267 2092 2339; baseline 0 -15"><span class='ocrx_word' id='word_1_300' title='bbox 445 2273 604 2334; x_wconf 89' lang='lat' dir='ltr'><strong>sunt,</strong></span> <span class='ocrx_word' id='word_1_301' title='bbox 630 2267 765 2323; x_wconf 84' lang='lat' dir='ltr'><strong>tolle</strong></span> <span class='ocrx_word' id='word_1_302' title='bbox 794 2283 932 2323; x_wconf 89' lang='lat' dir='ltr'><strong>eas:</strong></span> <span class='ocrx_word' id='word_1_303' title='bbox 968 2273 1027 2323; x_wconf 86' lang='lat' dir='ltr'><strong>tu</strong></span> <span class='ocrx_word' id='word_1_304' title='bbox 1051 2267 1179 2322; x_wconf 89' lang='lat' dir='ltr'><strong>veni</strong></span> <span class='ocrx_word' id='word_1_305' title='bbox 1215 2268 1282 2322; x_wconf 92' lang='lat' dir='ltr'><strong>ad</strong></span> <span class='ocrx_word' id='word_1_306' title='bbox 1333 2284 1444 2334; x_wconf 89' lang='lat' dir='ltr'><strong>me,</strong></span> <span class='ocrx_word' id='word_1_307' title='bbox 1470 2267 1606 2338; x_wconf 88' lang='lat' dir='ltr'><strong>quia</strong></span> <span class='ocrx_word' id='word_1_308' title='bbox 1633 2285 1741 2339; x_wconf 89' lang='lat' dir='ltr'><strong>pax</strong></span> <span class='ocrx_word' id='word_1_309' title='bbox 1768 2269 1870 2323; x_wconf 91' lang='lat' dir='ltr'><strong>tibi</strong></span> <span class='ocrx_word' id='word_1_310' title='bbox 1906 2275 2014 2338; x_wconf 90' lang='lat' dir='ltr'><strong>est,</strong></span> <span class='ocrx_word' id='word_1_311' title='bbox 2034 2274 2092 2324; x_wconf 91' lang='lat' dir='ltr'><strong>et</strong></span> 
     </span>
    </p>
   </div>
   <div class='ocr_carea' id='block_1_40' title="bbox 446 2356 2090 2417">
    <p class='ocr_par' dir='ltr' id='par_1_40' title="bbox 446 2356 2090 2417">
     <span class='ocr_line' id='line_1_40' title="bbox 446 2356 2090 2417; baseline 0.001 -5"><span class='ocrx_word' id='word_1_312' title='bbox 446 2357 591 2412; x_wconf 88' lang='lat' dir='ltr'><strong>nihil</strong></span> <span class='ocrx_word' id='word_1_313' title='bbox 624 2363 706 2413; x_wconf 86' lang='lat' dir='ltr'><strong>est</strong></span> <span class='ocrx_word' id='word_1_314' title='bbox 743 2357 901 2417; x_wconf 87' lang='lat' dir='ltr'><strong>mali,</strong></span> <span class='ocrx_word' id='word_1_315' title='bbox 935 2357 1075 2412; x_wconf 89' lang='lat' dir='ltr'><strong>vivit</strong></span> <span class='ocrx_word' id='word_1_316' title='bbox 1105 2356 1410 2412; x_wconf 88' lang='lat' dir='ltr'><strong>Dominus.</strong></span> <span class='ocrx_word' id='word_1_317' title='bbox 1435 2356 1493 2412; x_wconf 91' lang='lat' dir='ltr'><strong>Si</strong></span> <span class='ocrx_word' id='word_1_318' title='bbox 1527 2362 1720 2412; x_wconf 90' lang='lat' dir='ltr'><strong>autem</strong></span> <span class='ocrx_word' id='word_1_319' title='bbox 1755 2357 1836 2412; x_wconf 92' lang='lat' dir='ltr'><strong>sic</strong></span> <span class='ocrx_word' id='word_1_320' title='bbox 1861 2357 2090 2414; x_wconf 87' lang='lat' dir='ltr'><strong>loculus</strong></span> 
     </span>
    </p>
   </div>
   <div class='ocr_carea' id='block_1_41' title="bbox 445 2446 2085 2520">
    <p class='ocr_par' dir='ltr' id='par_1_41' title="bbox 445 2446 2085 2520">
     <span class='ocr_line' id='line_1_41' title="bbox 445 2446 2085 2520; baseline 0.001 -19"><span class='ocrx_word' id='word_1_321' title='bbox 445 2447 606 2502; x_wconf 83' lang='lat' dir='ltr'><strong>fuero</strong></span> <span class='ocrx_word' id='word_1_322' title='bbox 631 2461 809 2517; x_wconf 88' lang='lat' dir='ltr'><strong>puero</strong></span> <span class='ocrx_word' id='word_1_323' title='bbox 834 2463 846 2501; x_wconf 92' lang='lat'><strong>:</strong></span> <span class='ocrx_word' id='word_1_324' title='bbox 873 2446 1014 2500; x_wconf 87' lang='lat' dir='ltr'><strong>Ecce</strong></span> <span class='ocrx_word' id='word_1_325' title='bbox 1030 2446 1253 2516; x_wconf 57' lang='lat' dir='ltr'><strong>sagittae</strong></span> <span class='ocrx_word' id='word_1_326' title='bbox 1270 2447 1418 2501; x_wconf 89' lang='lat' dir='ltr'><strong>ultra</strong></span> <span class='ocrx_word' id='word_1_327' title='bbox 1440 2450 1494 2501; x_wconf 91' lang='lat' dir='ltr'><strong>te</strong></span> <span class='ocrx_word' id='word_1_328' title='bbox 1517 2451 1693 2501; x_wconf 91' lang='lat' dir='ltr'><strong>sunt:</strong></span> <span class='ocrx_word' id='word_1_329' title='bbox 1719 2447 1862 2502; x_wconf 87' lang='lat' dir='ltr'><strong>vade</strong></span> <span class='ocrx_word' id='word_1_330' title='bbox 1888 2447 2085 2520; x_wconf 66' lang='grc' dir='ltr'><strong>[ναις.</strong></span> 
     </span>
    </p>
   </div>
   <div class='ocr_carea' id='block_1_42' title="bbox 442 2533 2084 2606">
    <p class='ocr_par' dir='ltr' id='par_1_42' title="bbox 442 2533 2084 2606">
     <span class='ocr_line' id='line_1_42' title="bbox 442 2533 2084 2606; baseline 0.001 -15"><span class='ocrx_word' id='word_1_331' title='bbox 442 2535 651 2591; x_wconf 83' lang='lat' dir='ltr'><strong>addunt</strong></span> <span class='ocrx_word' id='word_1_332' title='bbox 682 2533 740 2588; x_wconf 90' lang='lat' dir='ltr'><strong>in</strong></span> <span class='ocrx_word' id='word_1_333' title='bbox 775 2534 958 2606; x_wconf 79' lang='lat' dir='ltr'><strong>pace],</strong></span> <span class='ocrx_word' id='word_1_334' title='bbox 982 2534 1121 2604; x_wconf 84' lang='lat' dir='ltr'><strong>quia</strong></span> <span class='ocrx_word' id='word_1_335' title='bbox 1145 2533 1371 2589; x_wconf 90' lang='lat' dir='ltr'><strong>dimisit</strong></span> <span class='ocrx_word' id='word_1_336' title='bbox 1394 2533 1476 2605; x_wconf 94' lang='lat' dir='ltr'><strong>[h.</strong></span> <span class='ocrx_word' id='word_1_337' title='bbox 1502 2534 1685 2606; x_wconf 86' lang='lat' dir='ltr'><strong>misit]</strong></span> <span class='ocrx_word' id='word_1_338' title='bbox 1707 2539 1762 2591; x_wconf 85' lang='lat' dir='ltr'><strong>te</strong></span> <span class='ocrx_word' id='word_1_339' title='bbox 1783 2535 2084 2593; x_wconf 89' lang='lat' dir='ltr'><strong>Dominus.</strong></span> 
     </span>
    </p>
   </div>
   <div class='ocr_carea' id='block_1_43' title="bbox 442 2621 2088 2696">
    <p class='ocr_par' dir='ltr' id='par_1_43' title="bbox 442 2621 2088 2696">
     <span class='ocr_line' id='line_1_43' title="bbox 442 2621 2088 2696; baseline 0 -14"><span class='ocrx_word' id='word_1_340' title='bbox 442 2627 518 2684; x_wconf 90' lang='lat' dir='ltr'><strong>De</strong></span> <span class='ocrx_word' id='word_1_341' title='bbox 549 2625 722 2680; x_wconf 89' lang='lat' dir='ltr'><strong>verbo</strong></span> <span class='ocrx_word' id='word_1_342' title='bbox 745 2627 938 2679; x_wconf 89' lang='lat' dir='ltr'><strong>autem</strong></span> <span class='ocrx_word' id='word_1_343' title='bbox 970 2623 1120 2692; x_wconf 91' lang='lat' dir='ltr'><strong>quod</strong></span> <span class='ocrx_word' id='word_1_344' title='bbox 1150 2621 1327 2678; x_wconf 91' lang='lat' dir='ltr'><strong>locuti</strong></span> <span class='ocrx_word' id='word_1_345' title='bbox 1381 2639 1592 2678; x_wconf 90' lang='lat' dir='ltr'><strong>sumus</strong></span> <span class='ocrx_word' id='word_1_346' title='bbox 1641 2640 1746 2696; x_wconf 87' lang='lat' dir='ltr'><strong>ego</strong></span> <span class='ocrx_word' id='word_1_347' title='bbox 1793 2630 1850 2679; x_wconf 89' lang='lat' dir='ltr'><strong>et</strong></span> <span class='ocrx_word' id='word_1_348' title='bbox 1894 2630 1979 2692; x_wconf 91' lang='lat' dir='ltr'><strong>tu,</strong></span> <span class='ocrx_word' id='word_1_349' title='bbox 2013 2627 2088 2682; x_wconf 91' lang='lat' dir='ltr'><strong>sit</strong></span> 
     </span>
    </p>
   </div>
   <div class='ocr_carea' id='block_1_44' title="bbox 438 2711 2088 2783">
    <p class='ocr_par' dir='ltr' id='par_1_44' title="bbox 438 2711 2088 2783">
     <span class='ocr_line' id='line_1_44' title="bbox 438 2711 2088 2783; baseline -0.001 -12"><span class='ocrx_word' id='word_1_350' title='bbox 438 2714 725 2772; x_wconf 90' lang='lat' dir='ltr'><strong>Dominus</strong></span> <span class='ocrx_word' id='word_1_351' title='bbox 745 2711 898 2768; x_wconf 85' lang='lat' dir='ltr'><strong>inter</strong></span> <span class='ocrx_word' id='word_1_352' title='bbox 920 2727 1010 2767; x_wconf 89' lang='lat' dir='ltr'><strong>me</strong></span> <span class='ocrx_word' id='word_1_353' title='bbox 1033 2716 1090 2767; x_wconf 90' lang='lat' dir='ltr'><strong>et</strong></span> <span class='ocrx_word' id='word_1_354' title='bbox 1115 2716 1170 2767; x_wconf 91' lang='lat' dir='ltr'><strong>te</strong></span> <span class='ocrx_word' id='word_1_355' title='bbox 1195 2711 1458 2783; x_wconf 89' lang='lat' dir='ltr'><strong>usquein</strong></span> <span class='ocrx_word' id='word_1_356' title='bbox 1489 2712 2088 2782; x_wconf 87' lang='lat' dir='ltr'><strong>sempiternum.Abs-</strong></span> 
     </span>
    </p>
   </div>
   <div class='ocr_carea' id='block_1_45' title="bbox 437 2799 2090 2872">
    <p class='ocr_par' dir='ltr' id='par_1_45' title="bbox 437 2799 2090 2872">
     <span class='ocr_line' id='line_1_45' title="bbox 437 2799 2090 2872; baseline -0.004 -13"><span class='ocrx_word' id='word_1_357' title='bbox 437 2804 713 2859; x_wconf 86' lang='lat' dir='ltr'><strong>conditus</strong></span> <span class='ocrx_word' id='word_1_358' title='bbox 743 2805 834 2858; x_wconf 89' lang='lat' dir='ltr'><strong>est</strong></span> <span class='ocrx_word' id='word_1_359' title='bbox 863 2811 999 2872; x_wconf 81' lang='lat' dir='ltr'><strong>ergo</strong></span> <span class='ocrx_word' id='word_1_360' title='bbox 1032 2801 1210 2856; x_wconf 90' lang='lat' dir='ltr'><strong>David</strong></span> <span class='ocrx_word' id='word_1_361' title='bbox 1232 2799 1291 2856; x_wconf 92' lang='lat' dir='ltr'><strong>in</strong></span> <span class='ocrx_word' id='word_1_362' title='bbox 1317 2817 1478 2872; x_wconf 87' lang='lat' dir='ltr'><strong>agro,</strong></span> <span class='ocrx_word' id='word_1_363' title='bbox 1503 2806 1560 2857; x_wconf 93' lang='lat' dir='ltr'><strong>et</strong></span> <span class='ocrx_word' id='word_1_364' title='bbox 1583 2808 1863 2858; x_wconf 83' lang='lat' dir='ltr'><strong>venerunt</strong></span> <span class='ocrx_word' id='word_1_365' title='bbox 1893 2803 2090 2860; x_wconf 82' lang='lat' dir='ltr'><strong>kalen.</strong></span> 
     </span>
    </p>
   </div>
   <div class='ocr_carea' id='block_1_46' title="bbox 441 2891 2088 2965">
    <p class='ocr_par' dir='ltr' id='par_1_46' title="bbox 441 2891 2088 2965">
     <span class='ocr_line' id='line_1_46' title="bbox 441 2891 2088 2965; baseline 0.001 -16"><span class='ocrx_word' id='word_1_366' title='bbox 441 2894 549 2958; x_wconf 69' lang='lat' dir='ltr'><strong>die,</strong></span> <span class='ocrx_word' id='word_1_367' title='bbox 581 2897 638 2948; x_wconf 89' lang='lat' dir='ltr'><strong>et</strong></span> <span class='ocrx_word' id='word_1_368' title='bbox 668 2891 820 2948; x_wconf 82' lang='lat' dir='ltr'><strong>sedit</strong></span> <span class='ocrx_word' id='word_1_369' title='bbox 852 2907 948 2946; x_wconf 86' lang='lat' dir='ltr'><strong>rex</strong></span> <span class='ocrx_word' id='word_1_370' title='bbox 977 2891 1047 2945; x_wconf 91' lang='lat' dir='ltr'><strong>ad</strong></span> <span class='ocrx_word' id='word_1_371' title='bbox 1080 2891 1505 2946; x_wconf 90' lang='lat' dir='ltr'><strong>comedendum</strong></span> <span class='ocrx_word' id='word_1_372' title='bbox 1566 2907 1796 2962; x_wconf 91' lang='lat' dir='ltr'><strong>panem.</strong></span> <span class='ocrx_word' id='word_1_373' title='bbox 1830 2894 2088 2965; x_wconf 89' lang='lat' dir='ltr'><strong>Cumque</strong></span> 
     </span>
    </p>
   </div>
   <div class='ocr_carea' id='block_1_47' title="bbox 439 2981 2089 3052">
    <p class='ocr_par' dir='ltr' id='par_1_47' title="bbox 439 2981 2089 3052">
     <span class='ocr_line' id='line_1_47' title="bbox 439 2981 2089 3052; baseline 0.001 -14"><span class='ocrx_word' id='word_1_374' title='bbox 439 2982 692 3039; x_wconf 82' lang='lat' dir='ltr'><strong>s-:disset</strong></span> <span class='ocrx_word' id='word_1_375' title='bbox 723 2997 820 3036; x_wconf 88' lang='lat' dir='ltr'><strong>rex</strong></span> <span class='ocrx_word' id='word_1_376' title='bbox 837 2995 1016 3052; x_wconf 90' lang='lat' dir='ltr'><strong>super</strong></span> <span class='ocrx_word' id='word_1_377' title='bbox 1036 2981 1372 3036; x_wconf 86' lang='lat' dir='ltr'><strong>cathedram</strong></span> <span class='ocrx_word' id='word_1_378' title='bbox 1403 2997 1571 3035; x_wconf 90' lang='lat' dir='ltr'><strong>suam</strong></span> <span class='ocrx_word' id='word_1_379' title='bbox 1591 2981 1932 3052; x_wconf 88' lang='lat' dir='ltr'><strong>(secundum</strong></span> <span class='ocrx_word' id='word_1_380' title='bbox 1957 2999 2089 3039; x_wconf 91' lang='lat' dir='ltr'><strong>con-</strong></span> 
     </span>
    </p>
   </div>
   <div class='ocr_carea' id='block_1_48' title="bbox 441 3068 2088 3142">
    <p class='ocr_par' dir='ltr' id='par_1_48' title="bbox 441 3068 2088 3142">
     <span class='ocr_line' id='line_1_48' title="bbox 441 3068 2088 3142; baseline 0.001 -15"><span class='ocrx_word' id='word_1_381' title='bbox 441 3070 840 3142; x_wconf 87' lang='lat' dir='ltr'><strong>suetudinem)</strong></span> <span class='ocrx_word' id='word_1_382' title='bbox 863 3086 990 3138; x_wconf 66' lang='lat' dir='ltr'><strong>que</strong></span> <span class='ocrx_word' id='word_1_383' title='bbox 1013 3075 1134 3125; x_wconf 86' lang='lat' dir='ltr'><strong>crat</strong></span> <span class='ocrx_word' id='word_1_384' title='bbox 1151 3070 1319 3140; x_wconf 84' lang='lat' dir='ltr'><strong>juxta</strong></span> <span class='ocrx_word' id='word_1_385' title='bbox 1342 3068 1900 3142; x_wconf 87' lang='lat' dir='ltr'><strong>parietem,surrexit</strong></span> <span class='ocrx_word' id='word_1_386' title='bbox 1919 3073 2088 3128; x_wconf 88' lang='lat' dir='ltr'><strong>Jona-</strong></span> 
     </span>
    </p>
   </div>
   <div class='ocr_carea' id='block_1_49' title="bbox 2193 1825 3786 1898">
    <p class='ocr_par' dir='ltr' id='par_1_49' title="bbox 2193 1825 3786 1898">
     <span class='ocr_line' id='line_1_49' title="bbox 2193 1825 3786 1898; baseline -0.001 -18"><span class='ocrx_word' id='word_1_387' title='bbox 2193 1825 2313 1891; x_wconf 89' lang='lat' dir='ltr'><strong>vid,</strong></span> <span class='ocrx_word' id='word_1_388' title='bbox 2345 1827 2401 1881; x_wconf 91' lang='lat' dir='ltr'><strong>et</strong></span> <span class='ocrx_word' id='word_1_389' title='bbox 2432 1841 2577 1898; x_wconf 91' lang='lat' dir='ltr'><strong>puer</strong></span> <span class='ocrx_word' id='word_1_390' title='bbox 2607 1825 2885 1898; x_wconf 90' lang='lat' dir='ltr'><strong>parvulus</strong></span> <span class='ocrx_word' id='word_1_391' title='bbox 2941 1841 3077 1882; x_wconf 90' lang='lat' dir='ltr'><strong>cum</strong></span> <span class='ocrx_word' id='word_1_392' title='bbox 3120 1843 3211 1892; x_wconf 92' lang='lat' dir='ltr'><strong>eo,</strong></span> <span class='ocrx_word' id='word_1_393' title='bbox 3241 1830 3301 1882; x_wconf 91' lang='lat' dir='ltr'><strong>et</strong></span> <span class='ocrx_word' id='word_1_394' title='bbox 3343 1826 3425 1882; x_wconf 84' lang='lat' dir='ltr'><strong>ait</strong></span> <span class='ocrx_word' id='word_1_395' title='bbox 3469 1825 3537 1882; x_wconf 91' lang='lat' dir='ltr'><strong>ad</strong></span> <span class='ocrx_word' id='word_1_396' title='bbox 3582 1839 3786 1898; x_wconf 89' lang='lat' dir='ltr'><strong>puerum</strong></span> 
     </span>
    </p>
   </div>
   <div class='ocr_carea' id='block_1_50' title="bbox 2193 1912 3785 1988">
    <p class='ocr_par' dir='ltr' id='par_1_50' title="bbox 2193 1912 3785 1988">
     <span class='ocr_line' id='line_1_50' title="bbox 2193 1912 3785 1988; baseline -0.001 -20"><span class='ocrx_word' id='word_1_397' title='bbox 2193 1929 2369 1968; x_wconf 91' lang='lat' dir='ltr'><strong>suum</strong></span> <span class='ocrx_word' id='word_1_398' title='bbox 2394 1930 2406 1969; x_wconf 88' lang='lat'><strong>:</strong></span> <span class='ocrx_word' id='word_1_399' title='bbox 2432 1912 2609 1983; x_wconf 83' lang='lat' dir='ltr'><strong>Vade,</strong></span> <span class='ocrx_word' id='word_1_400' title='bbox 2633 1919 2689 1969; x_wconf 89' lang='lat' dir='ltr'><strong>et</strong></span> <span class='ocrx_word' id='word_1_401' title='bbox 2713 1914 2854 1970; x_wconf 61' lang='lat' dir='ltr'><strong>alter</strong></span> <span class='ocrx_word' id='word_1_402' title='bbox 2885 1913 3029 1969; x_wconf 91' lang='lat' dir='ltr'><strong>mihi</strong></span> <span class='ocrx_word' id='word_1_403' title='bbox 3062 1915 3333 1988; x_wconf 84' lang='lat' dir='ltr'><strong>sagittas,</strong></span> <span class='ocrx_word' id='word_1_404' title='bbox 3355 1930 3500 1986; x_wconf 90' lang='lat' dir='ltr'><strong>quas</strong></span> <span class='ocrx_word' id='word_1_405' title='bbox 3527 1929 3622 1987; x_wconf 85' lang='lat' dir='ltr'><strong>ego</strong></span> <span class='ocrx_word' id='word_1_406' title='bbox 3646 1913 3785 1984; x_wconf 81' lang='lat' dir='ltr'><strong>jacio.</strong></span> 
     </span>
    </p>
   </div>
   <div class='ocr_carea' id='block_1_51' title="bbox 2193 2003 3791 2076">
    <p class='ocr_par' dir='ltr' id='par_1_51' title="bbox 2193 2003 3791 2076">
     <span class='ocr_line' id='line_1_51' title="bbox 2193 2003 3791 2076; baseline -0.001 -19"><span class='ocrx_word' id='word_1_407' title='bbox 2193 2003 2454 2074; x_wconf 86' lang='lat' dir='ltr'><strong>Cumque</strong></span> <span class='ocrx_word' id='word_1_408' title='bbox 2473 2019 2616 2074; x_wconf 92' lang='lat' dir='ltr'><strong>puer</strong></span> <span class='ocrx_word' id='word_1_409' title='bbox 2637 2003 3158 2074; x_wconf 87' lang='lat' dir='ltr'><strong>cucurrisset,jecit</strong></span> <span class='ocrx_word' id='word_1_410' title='bbox 3178 2004 3356 2060; x_wconf 89' lang='lat' dir='ltr'><strong>aliam</strong></span> <span class='ocrx_word' id='word_1_411' title='bbox 3380 2003 3638 2076; x_wconf 78' lang='lat' dir='ltr'><strong>sagittam</strong></span> <span class='ocrx_word' id='word_1_412' title='bbox 3658 2007 3791 2058; x_wconf 86' lang='lat' dir='ltr'><strong>trans</strong></span> 
     </span>
    </p>
   </div>
   <div class='ocr_carea' id='block_1_52' title="bbox 2193 2089 3790 2164">
    <p class='ocr_par' dir='ltr' id='par_1_52' title="bbox 2193 2089 3790 2164">
     <span class='ocr_line' id='line_1_52' title="bbox 2193 2089 3790 2164; baseline -0.001 -19"><span class='ocrx_word' id='word_1_413' title='bbox 2193 2107 2463 2162; x_wconf 90' lang='lat' dir='ltr'><strong>puerum.</strong></span> <span class='ocrx_word' id='word_1_414' title='bbox 2497 2091 2666 2147; x_wconf 90' lang='lat' dir='ltr'><strong>Venit</strong></span> <span class='ocrx_word' id='word_1_415' title='bbox 2697 2091 2896 2162; x_wconf 89' lang='lat' dir='ltr'><strong>itaque</strong></span> <span class='ocrx_word' id='word_1_416' title='bbox 2925 2109 3070 2164; x_wconf 91' lang='lat' dir='ltr'><strong>puer</strong></span> <span class='ocrx_word' id='word_1_417' title='bbox 3097 2093 3170 2148; x_wconf 91' lang='lat' dir='ltr'><strong>ad</strong></span> <span class='ocrx_word' id='word_1_418' title='bbox 3204 2092 3402 2150; x_wconf 90' lang='lat' dir='ltr'><strong>locum</strong></span> <span class='ocrx_word' id='word_1_419' title='bbox 3443 2090 3636 2163; x_wconf 90' lang='lat' dir='ltr'><strong>jaculi,</strong></span> <span class='ocrx_word' id='word_1_420' title='bbox 3665 2089 3790 2163; x_wconf 85' lang='lat' dir='ltr'><strong>quod</strong></span> 
     </span>
    </p>
   </div>
   <div class='ocr_carea' id='block_1_53' title="bbox 2193 2179 3793 2253">
    <p class='ocr_par' dir='ltr' id='par_1_53' title="bbox 2193 2179 3793 2253">
     <span class='ocr_line' id='line_1_53' title="bbox 2193 2179 3793 2253; baseline 0 -19"><span class='ocrx_word' id='word_1_421' title='bbox 2193 2179 2433 2234; x_wconf 86' lang='lat' dir='ltr'><strong>miserat</strong></span> <span class='ocrx_word' id='word_1_422' title='bbox 2453 2179 2763 2237; x_wconf 89' lang='lat' dir='ltr'><strong>Jonathan:</strong></span> <span class='ocrx_word' id='word_1_423' title='bbox 2778 2184 2836 2235; x_wconf 91' lang='lat' dir='ltr'><strong>et</strong></span> <span class='ocrx_word' id='word_1_424' title='bbox 2853 2179 3126 2237; x_wconf 85' lang='lat' dir='ltr'><strong>clamavit</strong></span> <span class='ocrx_word' id='word_1_425' title='bbox 3144 2181 3443 2237; x_wconf 89' lang='lat' dir='ltr'><strong>Jonathan</strong></span> <span class='ocrx_word' id='word_1_426' title='bbox 3467 2185 3589 2253; x_wconf 90' lang='lat' dir='ltr'><strong>post</strong></span> <span class='ocrx_word' id='word_1_427' title='bbox 3607 2185 3793 2249; x_wconf 79' lang='lat' dir='ltr'><strong>tergum</strong></span> 
     </span>
    </p>
   </div>
   <div class='ocr_carea' id='block_1_54' title="bbox 2194 2268 3792 2343">
    <p class='ocr_par' dir='ltr' id='par_1_54' title="bbox 2194 2268 3792 2343">
     <span class='ocr_line' id='line_1_54' title="bbox 2194 2268 3792 2343; baseline -0.001 -20"><span class='ocrx_word' id='word_1_428' title='bbox 2194 2269 2382 2340; x_wconf 90' lang='lat' dir='ltr'><strong>pueri,</strong></span> <span class='ocrx_word' id='word_1_429' title='bbox 2414 2272 2472 2324; x_wconf 90' lang='lat' dir='ltr'><strong>et</strong></span> <span class='ocrx_word' id='word_1_430' title='bbox 2502 2268 2584 2323; x_wconf 89' lang='lat' dir='ltr'><strong>ait</strong></span> <span class='ocrx_word' id='word_1_431' title='bbox 2616 2286 2629 2324; x_wconf 91' lang='lat'><strong>:</strong></span> <span class='ocrx_word' id='word_1_432' title='bbox 2682 2269 2822 2324; x_wconf 85' lang='lat' dir='ltr'><strong>Ecce</strong></span> <span class='ocrx_word' id='word_1_433' title='bbox 2869 2268 2951 2324; x_wconf 91' lang='lat' dir='ltr'><strong>ibi</strong></span> <span class='ocrx_word' id='word_1_434' title='bbox 2995 2273 3086 2326; x_wconf 92' lang='lat' dir='ltr'><strong>est</strong></span> <span class='ocrx_word' id='word_1_435' title='bbox 3133 2271 3350 2343; x_wconf 87' lang='lat' dir='ltr'><strong>sagitta</strong></span> <span class='ocrx_word' id='word_1_436' title='bbox 3379 2286 3545 2342; x_wconf 89' lang='lat' dir='ltr'><strong>porro</strong></span> <span class='ocrx_word' id='word_1_437' title='bbox 3575 2270 3708 2325; x_wconf 86' lang='lat' dir='ltr'><strong>ultra</strong></span> <span class='ocrx_word' id='word_1_438' title='bbox 3731 2272 3792 2323; x_wconf 89' lang='lat' dir='ltr'><strong>te.</strong></span> 
     </span>
    </p>
   </div>
   <div class='ocr_carea' id='block_1_55' title="bbox 2195 2355 3796 2431">
    <p class='ocr_par' dir='ltr' id='par_1_55' title="bbox 2195 2355 3796 2431">
     <span class='ocr_line' id='line_1_55' title="bbox 2195 2355 3796 2431; baseline -0.001 -20"><span class='ocrx_word' id='word_1_439' title='bbox 2195 2355 2591 2428; x_wconf 87' lang='lat' dir='ltr'><strong>Clamavitque</strong></span> <span class='ocrx_word' id='word_1_440' title='bbox 2645 2358 2821 2429; x_wconf 83' lang='lat' dir='ltr'><strong>(Vulg.</strong></span> <span class='ocrx_word' id='word_1_441' title='bbox 2871 2357 2998 2414; x_wconf 87' lang='lat' dir='ltr'><strong>add.</strong></span> <span class='ocrx_word' id='word_1_442' title='bbox 3061 2358 3298 2431; x_wconf 89' lang='lat' dir='ltr'><strong>iterum)</strong></span> <span class='ocrx_word' id='word_1_443' title='bbox 3355 2357 3636 2415; x_wconf 86' lang='lat' dir='ltr'><strong>Jonathan</strong></span> <span class='ocrx_word' id='word_1_444' title='bbox 3690 2360 3796 2429; x_wconf 88' lang='lat' dir='ltr'><strong>post</strong></span> 
     </span>
    </p>
   </div>
   <div class='ocr_carea' id='block_1_56' title="bbox 2194 2446 3796 2518">
    <p class='ocr_par' dir='ltr' id='par_1_56' title="bbox 2194 2446 3796 2518">
     <span class='ocr_line' id='line_1_56' title="bbox 2194 2446 3796 2518; baseline -0.002 -16"><span class='ocrx_word' id='word_1_445' title='bbox 2194 2450 2416 2517; x_wconf 83' lang='lat' dir='ltr'><strong>tergum</strong></span> <span class='ocrx_word' id='word_1_446' title='bbox 2449 2446 2633 2518; x_wconf 91' lang='lat' dir='ltr'><strong>pueri,</strong></span> <span class='ocrx_word' id='word_1_447' title='bbox 2658 2447 2856 2502; x_wconf 90' lang='lat' dir='ltr'><strong>dicens</strong></span> <span class='ocrx_word' id='word_1_448' title='bbox 2879 2449 2900 2482; x_wconf 77' lang='grc'><strong>³</strong></span> <span class='ocrx_word' id='word_1_449' title='bbox 2925 2463 2939 2503; x_wconf 93' lang='lat'><strong>:</strong></span> <span class='ocrx_word' id='word_1_450' title='bbox 2970 2448 3202 2503; x_wconf 85' lang='lat' dir='ltr'><strong>Feslina</strong></span> <span class='ocrx_word' id='word_1_451' title='bbox 3228 2447 3522 2516; x_wconf 79' lang='lat' dir='ltr'><strong>velociter,</strong></span> <span class='ocrx_word' id='word_1_452' title='bbox 3556 2463 3621 2502; x_wconf 90' lang='lat' dir='ltr'><strong>ne</strong></span> <span class='ocrx_word' id='word_1_453' title='bbox 3647 2450 3796 2501; x_wconf 84' lang='lat' dir='ltr'><strong>stete-</strong></span> 
     </span>
    </p>
   </div>
   <div class='ocr_carea' id='block_1_57' title="bbox 2194 2533 3802 2610">
    <p class='ocr_par' dir='ltr' id='par_1_57' title="bbox 2194 2533 3802 2610">
     <span class='ocr_line' id='line_1_57' title="bbox 2194 2533 3802 2610; baseline -0.001 -20"><span class='ocrx_word' id='word_1_454' title='bbox 2194 2534 2292 2590; x_wconf 89' lang='lat' dir='ltr'><strong>ris.</strong></span> <span class='ocrx_word' id='word_1_455' title='bbox 2323 2533 2563 2605; x_wconf 83' lang='lat' dir='ltr'><strong>Collegit</strong></span> <span class='ocrx_word' id='word_1_456' title='bbox 2592 2540 2784 2590; x_wconf 88' lang='lat' dir='ltr'><strong>autem</strong></span> <span class='ocrx_word' id='word_1_457' title='bbox 2819 2553 2964 2608; x_wconf 90' lang='lat' dir='ltr'><strong>puer</strong></span> <span class='ocrx_word' id='word_1_458' title='bbox 2991 2536 3260 2592; x_wconf 71' lang='lat' dir='ltr'><strong>Jonathaa</strong></span> <span class='ocrx_word' id='word_1_459' title='bbox 3295 2537 3615 2610; x_wconf 86' lang='lat' dir='ltr'><strong>sagittas,et</strong></span> <span class='ocrx_word' id='word_1_460' title='bbox 3641 2533 3802 2590; x_wconf 86' lang='lat' dir='ltr'><strong>attulit</strong></span> 
     </span>
    </p>
   </div>
   <div class='ocr_carea' id='block_1_58' title="bbox 2195 2623 3800 2699">
    <p class='ocr_par' dir='ltr' id='par_1_58' title="bbox 2195 2623 3800 2699">
     <span class='ocr_line' id='line_1_58' title="bbox 2195 2623 3800 2699; baseline -0.001 -21"><span class='ocrx_word' id='word_1_461' title='bbox 2195 2624 2266 2679; x_wconf 90' lang='lat' dir='ltr'><strong>ad</strong></span> <span class='ocrx_word' id='word_1_462' title='bbox 2316 2624 2620 2679; x_wconf 89' lang='lat' dir='ltr'><strong>dominum</strong></span> <span class='ocrx_word' id='word_1_463' title='bbox 2675 2641 2901 2680; x_wconf 90' lang='lat' dir='ltr'><strong>suum:</strong></span> <span class='ocrx_word' id='word_1_464' title='bbox 2955 2630 3014 2682; x_wconf 90' lang='lat' dir='ltr'><strong>et</strong></span> <span class='ocrx_word' id='word_1_465' title='bbox 3064 2625 3206 2697; x_wconf 91' lang='lat' dir='ltr'><strong>quid</strong></span> <span class='ocrx_word' id='word_1_466' title='bbox 3269 2631 3555 2699; x_wconf 88' lang='lat' dir='ltr'><strong>ageretur,</strong></span> <span class='ocrx_word' id='word_1_467' title='bbox 3603 2623 3800 2697; x_wconf 87' lang='lat' dir='ltr'><strong>penitus</strong></span> 
     </span>
    </p>
   </div>
   <div class='ocr_carea' id='block_1_59' title="bbox 2194 2709 3802 2785">
    <p class='ocr_par' dir='ltr' id='par_1_59' title="bbox 2194 2709 3802 2785">
     <span class='ocr_line' id='line_1_59' title="bbox 2194 2709 3802 2785; baseline -0.002 -17"><span class='ocrx_word' id='word_1_468' title='bbox 2194 2712 2548 2785; x_wconf 85' lang='lat' dir='ltr'><strong>ignorabat:</strong></span> <span class='ocrx_word' id='word_1_469' title='bbox 2600 2715 3012 2770; x_wconf 88' lang='lat' dir='ltr'><strong>tantummodo</strong></span> <span class='ocrx_word' id='word_1_470' title='bbox 3053 2715 3209 2769; x_wconf 89' lang='lat' dir='ltr'><strong>enim</strong></span> <span class='ocrx_word' id='word_1_471' title='bbox 3257 2713 3549 2771; x_wconf 87' lang='lat' dir='ltr'><strong>Jonathan</strong></span> <span class='ocrx_word' id='word_1_472' title='bbox 3578 2720 3629 2769; x_wconf 87' lang='lat' dir='ltr'><strong>et</strong></span> <span class='ocrx_word' id='word_1_473' title='bbox 3651 2709 3802 2768; x_wconf 86' lang='lat' dir='ltr'><strong>David</strong></span> 
     </span>
    </p>
   </div>
   <div class='ocr_carea' id='block_1_60' title="bbox 2195 2802 3805 2875">
    <p class='ocr_par' dir='ltr' id='par_1_60' title="bbox 2195 2802 3805 2875">
     <span class='ocr_line' id='line_1_60' title="bbox 2195 2802 3805 2875; baseline -0.003 -18"><span class='ocrx_word' id='word_1_474' title='bbox 2195 2818 2317 2857; x_wconf 91' lang='lat' dir='ltr'><strong>rem</strong></span> <span class='ocrx_word' id='word_1_475' title='bbox 2365 2806 2661 2858; x_wconf 86' lang='lat' dir='ltr'><strong>noverant.</strong></span> <span class='ocrx_word' id='word_1_476' title='bbox 2725 2802 2892 2857; x_wconf 89' lang='lat' dir='ltr'><strong>Dedit</strong></span> <span class='ocrx_word' id='word_1_477' title='bbox 2941 2802 3124 2875; x_wconf 88' lang='lat' dir='ltr'><strong>igitur</strong></span> <span class='ocrx_word' id='word_1_478' title='bbox 3176 2803 3470 2860; x_wconf 79' lang='lat' dir='ltr'><strong>Jonathan</strong></span> <span class='ocrx_word' id='word_1_479' title='bbox 3524 2817 3672 2857; x_wconf 84' lang='lat' dir='ltr'><strong>arma</strong></span> <span class='ocrx_word' id='word_1_480' title='bbox 3720 2813 3805 2854; x_wconf 81' lang='lat' dir='ltr'><strong>sua</strong></span> 
     </span>
    </p>
   </div>
   <div class='ocr_carea' id='block_1_61' title="bbox 2194 2892 3806 2963">
    <p class='ocr_par' dir='ltr' id='par_1_61' title="bbox 2194 2892 3806 2963">
     <span class='ocr_line' id='line_1_61' title="bbox 2194 2892 3806 2963; baseline -0.003 -17"><span class='ocrx_word' id='word_1_481' title='bbox 2194 2908 2398 2963; x_wconf 85' lang='lat' dir='ltr'><strong>puero,</strong></span> <span class='ocrx_word' id='word_1_482' title='bbox 2429 2895 2488 2947; x_wconf 91' lang='lat' dir='ltr'><strong>et</strong></span> <span class='ocrx_word' id='word_1_483' title='bbox 2522 2892 2668 2946; x_wconf 83' lang='lat' dir='ltr'><strong>dixit</strong></span> <span class='ocrx_word' id='word_1_484' title='bbox 2715 2892 2764 2946; x_wconf 87' lang='lat' dir='ltr'><strong>ei</strong></span> <span class='ocrx_word' id='word_1_485' title='bbox 2795 2907 2809 2945; x_wconf 90' lang='lat'><strong>:</strong></span> <span class='ocrx_word' id='word_1_486' title='bbox 2863 2892 3037 2962; x_wconf 85' lang='lat' dir='ltr'><strong>Vade,</strong></span> <span class='ocrx_word' id='word_1_487' title='bbox 3065 2892 3224 2948; x_wconf 79' lang='lat' dir='ltr'><strong>defer</strong></span> <span class='ocrx_word' id='word_1_488' title='bbox 3259 2893 3318 2948; x_wconf 90' lang='lat' dir='ltr'><strong>in</strong></span> <span class='ocrx_word' id='word_1_489' title='bbox 3352 2892 3658 2948; x_wconf 88' lang='lat' dir='ltr'><strong>civitatem.</strong></span> <span class='ocrx_word' id='word_1_490' title='bbox 3684 2892 3806 2945; x_wconf 86' lang='lat' dir='ltr'><strong>Cum</strong></span> 
     </span>
    </p>
   </div>
   <div class='ocr_carea' id='block_1_62' title="bbox 2195 2976 3811 3053">
    <p class='ocr_par' dir='ltr' id='par_1_62' title="bbox 2195 2976 3811 3053">
     <span class='ocr_line' id='line_1_62' title="bbox 2195 2976 3811 3053; baseline -0.004 -17"><span class='ocrx_word' id='word_1_491' title='bbox 2195 2980 2415 3036; x_wconf 90' lang='lat' dir='ltr'><strong>abisset</strong></span> <span class='ocrx_word' id='word_1_492' title='bbox 2445 2996 2610 3053; x_wconf 89' lang='lat' dir='ltr'><strong>puer,</strong></span> <span class='ocrx_word' id='word_1_493' title='bbox 2641 2980 2895 3036; x_wconf 87' lang='lat' dir='ltr'><strong>surrexit</strong></span> <span class='ocrx_word' id='word_1_494' title='bbox 2925 2980 3101 3036; x_wconf 92' lang='lat' dir='ltr'><strong>David</strong></span> <span class='ocrx_word' id='word_1_495' title='bbox 3133 2983 3202 3037; x_wconf 88' lang='lat' dir='ltr'><strong>de</strong></span> <span class='ocrx_word' id='word_1_496' title='bbox 3235 2980 3389 3053; x_wconf 89' lang='lat' dir='ltr'><strong>loco,</strong></span> <span class='ocrx_word' id='word_1_497' title='bbox 3423 2981 3524 3053; x_wconf 91' lang='lat' dir='ltr'><strong>qui</strong></span> <span class='ocrx_word' id='word_1_498' title='bbox 3575 2976 3811 3050; x_wconf 80' lang='lat' dir='ltr'><strong>vergebat</strong></span> 
     </span>
    </p>
   </div>
   <div class='ocr_carea' id='block_1_63' title="bbox 2195 3063 3811 3141">
    <p class='ocr_par' dir='ltr' id='par_1_63' title="bbox 2195 3063 3811 3141">
     <span class='ocr_line' id='line_1_63' title="bbox 2195 3063 3811 3141; baseline -0.004 -17"><span class='ocrx_word' id='word_1_499' title='bbox 2195 3070 2266 3125; x_wconf 92' lang='lat' dir='ltr'><strong>ad</strong></span> <span class='ocrx_word' id='word_1_500' title='bbox 2300 3074 2588 3136; x_wconf 89' lang='lat' dir='ltr'><strong>austrum,</strong></span> <span class='ocrx_word' id='word_1_501' title='bbox 2611 3073 2666 3125; x_wconf 92' lang='lat' dir='ltr'><strong>et</strong></span> <span class='ocrx_word' id='word_1_502' title='bbox 2695 3070 2907 3126; x_wconf 88' lang='lat' dir='ltr'><strong>cadens</strong></span> <span class='ocrx_word' id='word_1_503' title='bbox 2932 3087 3153 3141; x_wconf 92' lang='lat' dir='ltr'><strong>pronus</strong></span> <span class='ocrx_word' id='word_1_504' title='bbox 3196 3070 3259 3126; x_wconf 89' lang='lat' dir='ltr'><strong>in</strong></span> <span class='ocrx_word' id='word_1_505' title='bbox 3311 3077 3551 3138; x_wconf 89' lang='lat' dir='ltr'><strong>terram,</strong></span> <span class='ocrx_word' id='word_1_506' title='bbox 3584 3063 3811 3125; x_wconf 86' lang='lat' dir='ltr'><strong>adoravit</strong></span> 
     </span>
    </p>
   </div>
   <div class='ocr_carea' id='block_1_64' title="bbox 441 3146 3806 3232">
    <p class='ocr_par' dir='ltr' id='par_1_64' title="bbox 441 3146 3806 3232">
     <span class='ocr_line' id='line_1_64' title="bbox 441 3146 3806 3232; baseline -0.002 -17"><span class='ocrx_word' id='word_1_507' title='bbox 441 3160 608 3226; x_wconf 90' lang='lat' dir='ltr'><strong>than,</strong></span> <span class='ocrx_word' id='word_1_508' title='bbox 633 3163 690 3214; x_wconf 89' lang='lat' dir='ltr'><strong>et</strong></span> <span class='ocrx_word' id='word_1_509' title='bbox 718 3160 870 3215; x_wconf 90' lang='lat' dir='ltr'><strong>sedit</strong></span> <span class='ocrx_word' id='word_1_510' title='bbox 889 3159 1083 3214; x_wconf 87' lang='lat' dir='ltr'><strong>Abner</strong></span> <span class='ocrx_word' id='word_1_511' title='bbox 1113 3174 1181 3214; x_wconf 89' lang='lat' dir='ltr'><strong>ex</strong></span> <span class='ocrx_word' id='word_1_512' title='bbox 1211 3157 1394 3214; x_wconf 88' lang='lat' dir='ltr'><strong>latere</strong></span> <span class='ocrx_word' id='word_1_513' title='bbox 1424 3157 1584 3226; x_wconf 91' lang='lat' dir='ltr'><strong>Saul,</strong></span> <span class='ocrx_word' id='word_1_514' title='bbox 1612 3174 1947 3232; x_wconf 80' lang='lat' dir='ltr'><strong>vacuasque</strong></span> <span class='ocrx_word' id='word_1_515' title='bbox 1977 3177 2081 3232; x_wconf 64' lang='lat' dir='ltr'><strong>apo</strong></span> <span class='ocrx_word' id='word_1_516' title='bbox 2115 3146 2158 3214; x_wconf 86' lang='lat' dir='ltr'><strong>C</strong></span> <span class='ocrx_word' id='word_1_517' title='bbox 2195 3157 2365 3214; x_wconf 91' lang='lat' dir='ltr'><strong>tertio</strong></span> <span class='ocrx_word' id='word_1_518' title='bbox 2391 3174 2404 3213; x_wconf 94' lang='lat'><strong>:</strong></span> <span class='ocrx_word' id='word_1_519' title='bbox 2454 3163 2511 3214; x_wconf 92' lang='lat' dir='ltr'><strong>et</strong></span> <span class='ocrx_word' id='word_1_520' title='bbox 2565 3158 2901 3216; x_wconf 85' lang='lat' dir='ltr'><strong>osculantes</strong></span> <span class='ocrx_word' id='word_1_521' title='bbox 2930 3175 2992 3214; x_wconf 90' lang='lat' dir='ltr'><strong>se</strong></span> <span class='ocrx_word' id='word_1_522' title='bbox 3021 3159 3146 3231; x_wconf 91' lang='lat' dir='ltr'><strong>(ms.</strong></span> <span class='ocrx_word' id='word_1_523' title='bbox 3178 3162 3328 3215; x_wconf 83' lang='lat' dir='ltr'><strong>tacet</strong></span> <span class='ocrx_word' id='word_1_524' title='bbox 3359 3160 3446 3231; x_wconf 91' lang='lat' dir='ltr'><strong>se)</strong></span> <span class='ocrx_word' id='word_1_525' title='bbox 3474 3159 3806 3220; x_wconf 86' lang='lat' dir='ltr'><strong>alterutrum,</strong></span> 
     </span>
    </p>
   </div>
   <div class='ocr_carea' id='block_1_65' title="bbox 442 3247 2079 3322">
    <p class='ocr_par' dir='ltr' id='par_1_65' title="bbox 442 3247 2079 3322">
     <span class='ocr_line' id='line_1_65' title="bbox 442 3247 2079 3322; baseline 0.002 -19"><span class='ocrx_word' id='word_1_526' title='bbox 442 3247 637 3320; x_wconf 88' lang='lat' dir='ltr'><strong>paruit</strong></span> <span class='ocrx_word' id='word_1_527' title='bbox 685 3247 846 3303; x_wconf 84' lang='lat' dir='ltr'><strong>locus</strong></span> <span class='ocrx_word' id='word_1_528' title='bbox 891 3247 1088 3303; x_wconf 84' lang='lat' dir='ltr'><strong>David.</strong></span> <span class='ocrx_word' id='word_1_529' title='bbox 1124 3248 1189 3302; x_wconf 91' lang='lat' dir='ltr'><strong>Et</strong></span> <span class='ocrx_word' id='word_1_530' title='bbox 1230 3264 1347 3302; x_wconf 89' lang='lat' dir='ltr'><strong>non</strong></span> <span class='ocrx_word' id='word_1_531' title='bbox 1378 3253 1463 3303; x_wconf 90' lang='lat' dir='ltr'><strong>est</strong></span> <span class='ocrx_word' id='word_1_532' title='bbox 1496 3247 1725 3302; x_wconf 89' lang='lat' dir='ltr'><strong>locutus</strong></span> <span class='ocrx_word' id='word_1_533' title='bbox 1757 3248 2079 3322; x_wconf 90' lang='lat' dir='ltr'><strong>quidquam</strong></span> 
     </span>
    </p>
   </div>
   <div class='ocr_carea' id='block_1_66' title="bbox 439 3334 2080 3408">
    <p class='ocr_par' dir='ltr' id='par_1_66' title="bbox 439 3334 2080 3408">
     <span class='ocr_line' id='line_1_66' title="bbox 439 3334 2080 3408; baseline 0.001 -14"><span class='ocrx_word' id='word_1_534' title='bbox 439 3337 578 3394; x_wconf 90' lang='lat' dir='ltr'><strong>Saul</strong></span> <span class='ocrx_word' id='word_1_535' title='bbox 609 3337 668 3391; x_wconf 90' lang='lat' dir='ltr'><strong>in</strong></span> <span class='ocrx_word' id='word_1_536' title='bbox 695 3337 786 3392; x_wconf 91' lang='lat' dir='ltr'><strong>die</strong></span> <span class='ocrx_word' id='word_1_537' title='bbox 816 3334 914 3393; x_wconf 87' lang='lat' dir='ltr'><strong>illa</strong></span> <span class='ocrx_word' id='word_1_538' title='bbox 945 3353 958 3390; x_wconf 91' lang='lat'><strong>:</strong></span> <span class='ocrx_word' id='word_1_539' title='bbox 991 3336 1282 3408; x_wconf 87' lang='lat' dir='ltr'><strong>cogitabat</strong></span> <span class='ocrx_word' id='word_1_540' title='bbox 1308 3337 1463 3392; x_wconf 90' lang='lat' dir='ltr'><strong>enim</strong></span> <span class='ocrx_word' id='word_1_541' title='bbox 1493 3337 1646 3407; x_wconf 89' lang='lat' dir='ltr'><strong>quod</strong></span> <span class='ocrx_word' id='word_1_542' title='bbox 1682 3339 1827 3394; x_wconf 81' lang='lat' dir='ltr'><strong>forte</strong></span> <span class='ocrx_word' id='word_1_543' title='bbox 1855 3340 2080 3396; x_wconf 89' lang='lat' dir='ltr'><strong>evenis-</strong></span> 
     </span>
    </p>
   </div>
   <div class='ocr_carea' id='block_1_67' title="bbox 438 3424 2082 3496">
    <p class='ocr_par' dir='ltr' id='par_1_67' title="bbox 438 3424 2082 3496">
     <span class='ocr_line' id='line_1_67' title="bbox 438 3424 2082 3496; baseline 0 -14"><span class='ocrx_word' id='word_1_544' title='bbox 438 3430 527 3482; x_wconf 89' lang='lat' dir='ltr'><strong>set</strong></span> <span class='ocrx_word' id='word_1_545' title='bbox 551 3425 623 3493; x_wconf 90' lang='lat' dir='ltr'><strong>ei,</strong></span> <span class='ocrx_word' id='word_1_546' title='bbox 659 3428 722 3480; x_wconf 94' lang='lat' dir='ltr'><strong>ut</strong></span> <span class='ocrx_word' id='word_1_547' title='bbox 747 3441 860 3480; x_wconf 90' lang='lat' dir='ltr'><strong>non</strong></span> <span class='ocrx_word' id='word_1_548' title='bbox 893 3429 1044 3480; x_wconf 89' lang='lat' dir='ltr'><strong>esset</strong></span> <span class='ocrx_word' id='word_1_549' title='bbox 1076 3425 1353 3495; x_wconf 87' lang='lat' dir='ltr'><strong>mundus,</strong></span> <span class='ocrx_word' id='word_1_550' title='bbox 1388 3440 1492 3481; x_wconf 91' lang='lat' dir='ltr'><strong>nec</strong></span> <span class='ocrx_word' id='word_1_551' title='bbox 1525 3424 2082 3496; x_wconf 83' lang='lat' dir='ltr'><strong>purificatus.Cum-</strong></span> 
     </span>
    </p>
   </div>
   <div class='ocr_carea' id='block_1_68' title="bbox 439 3514 2082 3586">
    <p class='ocr_par' dir='ltr' id='par_1_68' title="bbox 439 3514 2082 3586">
     <span class='ocr_line' id='line_1_68' title="bbox 439 3514 2082 3586; baseline 0 -16"><span class='ocrx_word' id='word_1_552' title='bbox 439 3531 549 3586; x_wconf 91' lang='lat' dir='ltr'><strong>que</strong></span> <span class='ocrx_word' id='word_1_553' title='bbox 581 3514 871 3570; x_wconf 87' lang='lat' dir='ltr'><strong>illuxisset</strong></span> <span class='ocrx_word' id='word_1_554' title='bbox 901 3514 1025 3570; x_wconf 89' lang='lat' dir='ltr'><strong>dies</strong></span> <span class='ocrx_word' id='word_1_555' title='bbox 1056 3514 1315 3569; x_wconf 88' lang='lat' dir='ltr'><strong>secunda</strong></span> <span class='ocrx_word' id='word_1_556' title='bbox 1346 3518 1477 3585; x_wconf 90' lang='lat' dir='ltr'><strong>post</strong></span> <span class='ocrx_word' id='word_1_557' title='bbox 1505 3514 1793 3569; x_wconf 57' lang='lat' dir='ltr'><strong>Kalendas</strong></span> <span class='ocrx_word' id='word_1_558' title='bbox 1823 3514 1904 3586; x_wconf 94' lang='lat' dir='ltr'><strong>[h.</strong></span> <span class='ocrx_word' id='word_1_559' title='bbox 1937 3515 2082 3571; x_wconf 79' lang='lat' dir='ltr'><strong>diem</strong></span> 
     </span>
    </p>
   </div>
   <div class='ocr_carea' id='block_1_69' title="bbox 436 3600 2076 3673">
    <p class='ocr_par' dir='ltr' id='par_1_69' title="bbox 436 3600 2076 3673">
     <span class='ocr_line' id='line_1_69' title="bbox 436 3600 2076 3673; baseline -0.001 -15"><span class='ocrx_word' id='word_1_560' title='bbox 436 3602 855 3673; x_wconf 83' lang='lat' dir='ltr'><strong>Kalendarum],</strong></span> <span class='ocrx_word' id='word_1_561' title='bbox 880 3618 1117 3657; x_wconf 87' lang='lat' dir='ltr'><strong>rursum</strong></span> <span class='ocrx_word' id='word_1_562' title='bbox 1139 3617 1358 3656; x_wconf 89' lang='lat' dir='ltr'><strong>vacuus</strong></span> <span class='ocrx_word' id='word_1_563' title='bbox 1381 3601 1650 3672; x_wconf 86' lang='lat' dir='ltr'><strong>apparuit</strong></span> <span class='ocrx_word' id='word_1_564' title='bbox 1680 3600 1844 3656; x_wconf 89' lang='lat' dir='ltr'><strong>Iocus</strong></span> <span class='ocrx_word' id='word_1_565' title='bbox 1874 3601 2076 3658; x_wconf 90' lang='lat' dir='ltr'><strong>David.</strong></span> 
     </span>
    </p>
   </div>
   <div class='ocr_carea' id='block_1_70' title="bbox 437 3689 2078 3764">
    <p class='ocr_par' dir='ltr' id='par_1_70' title="bbox 437 3689 2078 3764">
     <span class='ocr_line' id='line_1_70' title="bbox 437 3689 2078 3764; baseline -0.001 -16"><span class='ocrx_word' id='word_1_566' title='bbox 437 3692 707 3764; x_wconf 89' lang='lat' dir='ltr'><strong>Dixitque</strong></span> <span class='ocrx_word' id='word_1_567' title='bbox 736 3690 869 3748; x_wconf 91' lang='lat' dir='ltr'><strong>Saul</strong></span> <span class='ocrx_word' id='word_1_568' title='bbox 903 3692 973 3746; x_wconf 89' lang='lat' dir='ltr'><strong>ad</strong></span> <span class='ocrx_word' id='word_1_569' title='bbox 1004 3690 1295 3746; x_wconf 86' lang='lat' dir='ltr'><strong>Jonathan</strong></span> <span class='ocrx_word' id='word_1_570' title='bbox 1328 3689 1514 3745; x_wconf 82' lang='lat' dir='ltr'><strong>tilium</strong></span> <span class='ocrx_word' id='word_1_571' title='bbox 1546 3706 1720 3745; x_wconf 89' lang='lat' dir='ltr'><strong>suum</strong></span> <span class='ocrx_word' id='word_1_572' title='bbox 1757 3706 1770 3746; x_wconf 92' lang='lat'><strong>:</strong></span> <span class='ocrx_word' id='word_1_573' title='bbox 1817 3690 1932 3745; x_wconf 90' lang='lat' dir='ltr'><strong>Cur</strong></span> <span class='ocrx_word' id='word_1_574' title='bbox 1963 3708 2078 3746; x_wconf 92' lang='lat' dir='ltr'><strong>non</strong></span> 
     </span>
    </p>
   </div>
   <div class='ocr_carea' id='block_1_71' title="bbox 431 3777 2079 3848">
    <p class='ocr_par' dir='ltr' id='par_1_71' title="bbox 431 3777 2079 3848">
     <span class='ocr_line' id='line_1_71' title="bbox 431 3777 2079 3848; baseline -0.001 -12"><span class='ocrx_word' id='word_1_575' title='bbox 431 3779 590 3837; x_wconf 85' lang='lat' dir='ltr'><strong>venit</strong></span> <span class='ocrx_word' id='word_1_576' title='bbox 611 3779 767 3836; x_wconf 80' lang='lat' dir='ltr'><strong>{ilius</strong></span> <span class='ocrx_word' id='word_1_577' title='bbox 793 3778 926 3848; x_wconf 88' lang='lat' dir='ltr'><strong>lsai,</strong></span> <span class='ocrx_word' id='word_1_578' title='bbox 951 3795 1054 3834; x_wconf 91' lang='lat' dir='ltr'><strong>nec</strong></span> <span class='ocrx_word' id='word_1_579' title='bbox 1077 3779 1222 3844; x_wconf 91' lang='lat' dir='ltr'><strong>heri,</strong></span> <span class='ocrx_word' id='word_1_580' title='bbox 1247 3795 1351 3834; x_wconf 90' lang='lat' dir='ltr'><strong>nec</strong></span> <span class='ocrx_word' id='word_1_581' title='bbox 1372 3777 1564 3848; x_wconf 93' lang='lat' dir='ltr'><strong>hodie,</strong></span> <span class='ocrx_word' id='word_1_582' title='bbox 1585 3779 1654 3833; x_wconf 92' lang='lat' dir='ltr'><strong>ad</strong></span> <span class='ocrx_word' id='word_1_583' title='bbox 1679 3779 2031 3835; x_wconf 85' lang='lat' dir='ltr'><strong>vescendum</strong></span> <span class='ocrx_word' id='word_1_584' title='bbox 2055 3778 2079 3834; x_wconf 84' lang='lat'><strong><em>?</em></strong></span> 
     </span>
    </p>
   </div>
   <div class='ocr_carea' id='block_1_72' title="bbox 433 3865 2080 3942">
    <p class='ocr_par' dir='ltr' id='par_1_72' title="bbox 433 3865 2080 3942">
     <span class='ocr_line' id='line_1_72' title="bbox 433 3865 2080 3942; baseline 0 -18"><span class='ocrx_word' id='word_1_585' title='bbox 433 3868 499 3924; x_wconf 78' lang='lat' dir='ltr'><strong>Et</strong></span> <span class='ocrx_word' id='word_1_586' title='bbox 521 3869 820 3942; x_wconf 89' lang='lat' dir='ltr'><strong>respondit</strong></span> <span class='ocrx_word' id='word_1_587' title='bbox 837 3867 1129 3924; x_wconf 89' lang='lat' dir='ltr'><strong>Jonathan</strong></span> <span class='ocrx_word' id='word_1_588' title='bbox 1151 3865 1312 3923; x_wconf 91' lang='lat' dir='ltr'><strong>Sauli</strong></span> <span class='ocrx_word' id='word_1_589' title='bbox 1337 3883 1351 3922; x_wconf 89' lang='lat'><strong>:</strong></span> <span class='ocrx_word' id='word_1_590' title='bbox 1387 3866 1626 3939; x_wconf 76' lang='lat' dir='ltr'><strong>Rogavit</strong></span> <span class='ocrx_word' id='word_1_591' title='bbox 1648 3883 1740 3922; x_wconf 91' lang='lat' dir='ltr'><strong>me</strong></span> <span class='ocrx_word' id='word_1_592' title='bbox 1765 3867 1994 3934; x_wconf 87' lang='lat' dir='ltr'><strong>obnixe,</strong></span> <span class='ocrx_word' id='word_1_593' title='bbox 2015 3873 2080 3924; x_wconf 90' lang='lat' dir='ltr'><strong>ut</strong></span> 
     </span>
    </p>
   </div>
   <div class='ocr_carea' id='block_1_73' title="bbox 430 3957 2079 4028">
    <p class='ocr_par' dir='ltr' id='par_1_73' title="bbox 430 3957 2079 4028">
     <span class='ocr_line' id='line_1_73' title="bbox 430 3957 2079 4028; baseline 0.001 -15"><span class='ocrx_word' id='word_1_594' title='bbox 430 3957 541 4013; x_wconf 84' lang='lat' dir='ltr'><strong>iret</strong></span> <span class='ocrx_word' id='word_1_595' title='bbox 573 3959 629 4013; x_wconf 90' lang='lat' dir='ltr'><strong>in</strong></span> <span class='ocrx_word' id='word_1_596' title='bbox 657 3959 1026 4025; x_wconf 89' lang='lat' dir='ltr'><strong>Beth-Leem,</strong></span> <span class='ocrx_word' id='word_1_597' title='bbox 1048 3961 1105 4013; x_wconf 92' lang='lat' dir='ltr'><strong>et</strong></span> <span class='ocrx_word' id='word_1_598' title='bbox 1130 3957 1246 4012; x_wconf 91' lang='lat' dir='ltr'><strong>ait:</strong></span> <span class='ocrx_word' id='word_1_599' title='bbox 1282 3957 1519 4011; x_wconf 89' lang='lat' dir='ltr'><strong>Dimitte</strong></span> <span class='ocrx_word' id='word_1_600' title='bbox 1551 3957 1954 4028; x_wconf 85' lang='lat' dir='ltr'><strong>me,quoniam</strong></span> <span class='ocrx_word' id='word_1_601' title='bbox 1989 3975 2079 4014; x_wconf 88' lang='lat' dir='ltr'><strong>sa-</strong></span> 
     </span>
    </p>
   </div>
   <div class='ocr_carea' id='block_1_74' title="bbox 431 4045 2075 4118">
    <p class='ocr_par' dir='ltr' id='par_1_74' title="bbox 431 4045 2075 4118">
     <span class='ocr_line' id='line_1_74' title="bbox 431 4045 2075 4118; baseline -0.001 -14"><span class='ocrx_word' id='word_1_602' title='bbox 431 4049 716 4104; x_wconf 83' lang='lat' dir='ltr'><strong>criﬁcium</strong></span> <span class='ocrx_word' id='word_1_603' title='bbox 749 4047 1007 4104; x_wconf 89' lang='lat' dir='ltr'><strong>solemne</strong></span> <span class='ocrx_word' id='word_1_604' title='bbox 1036 4051 1127 4102; x_wconf 90' lang='lat' dir='ltr'><strong>est</strong></span> <span class='ocrx_word' id='word_1_605' title='bbox 1156 4047 1214 4100; x_wconf 90' lang='lat' dir='ltr'><strong>in</strong></span> <span class='ocrx_word' id='word_1_606' title='bbox 1247 4045 1478 4102; x_wconf 90' lang='lat' dir='ltr'><strong>civitate</strong></span> <span class='ocrx_word' id='word_1_607' title='bbox 1509 4045 1590 4118; x_wconf 79' lang='lat' dir='ltr'><strong>[h.</strong></span> <span class='ocrx_word' id='word_1_608' title='bbox 1621 4046 1848 4116; x_wconf 77' lang='lat' dir='ltr'><strong>familia</strong></span> <span class='ocrx_word' id='word_1_609' title='bbox 1891 4055 1968 4102; x_wconf 84' lang='lat' dir='ltr'><strong>est</strong></span> <span class='ocrx_word' id='word_1_610' title='bbox 2016 4046 2075 4102; x_wconf 88' lang='lat' dir='ltr'><strong>in</strong></span> 
     </span>
    </p>
   </div>
   <div class='ocr_carea' id='block_1_75' title="bbox 429 4134 2072 4209">
    <p class='ocr_par' dir='ltr' id='par_1_75' title="bbox 429 4134 2072 4209">
     <span class='ocr_line' id='line_1_75' title="bbox 429 4134 2072 4209; baseline -0.001 -16"><span class='ocrx_word' id='word_1_611' title='bbox 429 4137 682 4209; x_wconf 78' lang='lat' dir='ltr'><strong>civitate]</strong></span> <span class='ocrx_word' id='word_1_612' title='bbox 708 4153 860 4192; x_wconf 90' lang='lat' dir='ltr'><strong>unus</strong></span> <span class='ocrx_word' id='word_1_613' title='bbox 882 4137 955 4192; x_wconf 89' lang='lat' dir='ltr'><strong>de</strong></span> <span class='ocrx_word' id='word_1_614' title='bbox 974 4135 1256 4191; x_wconf 85' lang='lat' dir='ltr'><strong>fratribus</strong></span> <span class='ocrx_word' id='word_1_615' title='bbox 1279 4134 1425 4190; x_wconf 91' lang='lat' dir='ltr'><strong>meis</strong></span> <span class='ocrx_word' id='word_1_616' title='bbox 1447 4134 1752 4190; x_wconf 86' lang='lat' dir='ltr'><strong>accersivit</strong></span> <span class='ocrx_word' id='word_1_617' title='bbox 1775 4150 1866 4190; x_wconf 90' lang='lat' dir='ltr'><strong>me</strong></span> <span class='ocrx_word' id='word_1_618' title='bbox 1889 4152 2072 4192; x_wconf 91' lang='lat' dir='ltr'><strong>nunc:</strong></span> 
     </span>
    </p>
   </div>
   <div class='ocr_carea' id='block_1_76' title="bbox 431 4223 2078 4298">
    <p class='ocr_par' dir='ltr' id='par_1_76' title="bbox 431 4223 2078 4298">
     <span class='ocr_line' id='line_1_76' title="bbox 431 4223 2078 4298; baseline 0 -16"><span class='ocrx_word' id='word_1_619' title='bbox 431 4242 590 4298; x_wconf 84' lang='lat' dir='ltr'><strong>ergo,</strong></span> <span class='ocrx_word' id='word_1_620' title='bbox 616 4227 664 4282; x_wconf 93' lang='lat' dir='ltr'><strong>si</strong></span> <span class='ocrx_word' id='word_1_621' title='bbox 685 4225 879 4282; x_wconf 87' lang='lat' dir='ltr'><strong>inveni</strong></span> <span class='ocrx_word' id='word_1_622' title='bbox 903 4225 1146 4298; x_wconf 76' lang='lat' dir='ltr'><strong>gratiam</strong></span> <span class='ocrx_word' id='word_1_623' title='bbox 1172 4224 1231 4279; x_wconf 90' lang='lat' dir='ltr'><strong>in</strong></span> <span class='ocrx_word' id='word_1_624' title='bbox 1254 4223 1440 4280; x_wconf 92' lang='lat' dir='ltr'><strong>oculis</strong></span> <span class='ocrx_word' id='word_1_625' title='bbox 1461 4223 1603 4294; x_wconf 91' lang='lat' dir='ltr'><strong>tuis,</strong></span> <span class='ocrx_word' id='word_1_626' title='bbox 1626 4225 1834 4280; x_wconf 90' lang='lat' dir='ltr'><strong>vadam</strong></span> <span class='ocrx_word' id='word_1_627' title='bbox 1862 4225 1996 4295; x_wconf 90' lang='lat' dir='ltr'><strong>cito,</strong></span> <span class='ocrx_word' id='word_1_628' title='bbox 2021 4231 2078 4282; x_wconf 89' lang='lat' dir='ltr'><strong>et</strong></span> 
     </span>
    </p>
   </div>
   <div class='ocr_carea' id='block_1_77' title="bbox 429 4313 2075 4371">
    <p class='ocr_par' dir='ltr' id='par_1_77' title="bbox 429 4313 2075 4371">
     <span class='ocr_line' id='line_1_77' title="bbox 429 4313 2075 4371; baseline 0.001 -2"><span class='ocrx_word' id='word_1_629' title='bbox 429 4314 636 4370; x_wconf 89' lang='lat' dir='ltr'><strong>videbo</strong></span> <span class='ocrx_word' id='word_1_630' title='bbox 665 4316 872 4371; x_wconf 82' lang='lat' dir='ltr'><strong>fratres</strong></span> <span class='ocrx_word' id='word_1_631' title='bbox 905 4331 1084 4370; x_wconf 89' lang='lat' dir='ltr'><strong>meos.</strong></span> <span class='ocrx_word' id='word_1_632' title='bbox 1109 4313 1194 4370; x_wconf 92' lang='lat' dir='ltr'><strong>Ob</strong></span> <span class='ocrx_word' id='word_1_633' title='bbox 1224 4313 1374 4368; x_wconf 90' lang='lat' dir='ltr'><strong>hanc</strong></span> <span class='ocrx_word' id='word_1_634' title='bbox 1403 4330 1641 4369; x_wconf 89' lang='lat' dir='ltr'><strong>causam</strong></span> <span class='ocrx_word' id='word_1_635' title='bbox 1675 4330 1789 4369; x_wconf 89' lang='lat' dir='ltr'><strong>non</strong></span> <span class='ocrx_word' id='word_1_636' title='bbox 1816 4314 1974 4370; x_wconf 90' lang='lat' dir='ltr'><strong>venit</strong></span> <span class='ocrx_word' id='word_1_637' title='bbox 2002 4316 2075 4371; x_wconf 88' lang='lat' dir='ltr'><strong>ad</strong></span> 
     </span>
    </p>
   </div>
   <div class='ocr_carea' id='block_1_78' title="bbox 432 4402 2075 4476">
    <p class='ocr_par' dir='ltr' id='par_1_78' title="bbox 432 4402 2075 4476">
     <span class='ocr_line' id='line_1_78' title="bbox 432 4402 2075 4476; baseline 0 -16"><span class='ocrx_word' id='word_1_638' title='bbox 432 4419 698 4461; x_wconf 87' lang='lat' dir='ltr'><strong>mensam</strong></span> <span class='ocrx_word' id='word_1_639' title='bbox 722 4403 897 4476; x_wconf 90' lang='lat' dir='ltr'><strong>regis.</strong></span> <span class='ocrx_word' id='word_1_640' title='bbox 922 4403 1002 4475; x_wconf 89' lang='lat' dir='ltr'><strong>[T.</strong></span> <span class='ocrx_word' id='word_1_641' title='bbox 1029 4402 1244 4474; x_wconf 83' lang='lat' dir='ltr'><strong>LVIII].</strong></span> <span class='ocrx_word' id='word_1_642' title='bbox 1265 4403 1452 4459; x_wconf 90' lang='lat' dir='ltr'><strong>[ratus</strong></span> <span class='ocrx_word' id='word_1_643' title='bbox 1482 4405 1676 4458; x_wconf 89' lang='lat' dir='ltr'><strong>autem</strong></span> <span class='ocrx_word' id='word_1_644' title='bbox 1711 4402 1847 4458; x_wconf 87' lang='lat' dir='ltr'><strong>Saul</strong></span> <span class='ocrx_word' id='word_1_645' title='bbox 1873 4403 2075 4460; x_wconf 87' lang='lat' dir='ltr'><strong>adver-</strong></span> 
     </span>
    </p>
   </div>
   <div class='ocr_carea' id='block_1_79' title="bbox 504 4560 2071 4632">
    <p class='ocr_par' dir='ltr' id='par_1_79' title="bbox 504 4560 2071 4632">
     <span class='ocr_line' id='line_1_79' title="bbox 504 4560 2071 4632; baseline 0 -14"><span class='ocrx_word' id='word_1_646' title='bbox 504 4563 699 4618; x_wconf 71' lang='lat' dir='ltr'><strong>‘Cum</strong></span> <span class='ocrx_word' id='word_1_647' title='bbox 758 4561 1076 4620; x_wconf 86' lang='lat' dir='ltr'><strong>Veronensi</strong></span> <span class='ocrx_word' id='word_1_648' title='bbox 1137 4578 1248 4618; x_wconf 92' lang='lat' dir='ltr'><strong>ms.</strong></span> <span class='ocrx_word' id='word_1_649' title='bbox 1290 4561 1641 4616; x_wconf 81' lang='lat' dir='ltr'><strong>Membranae</strong></span> <span class='ocrx_word' id='word_1_650' title='bbox 1699 4560 2071 4632; x_wconf 89' lang='lat' dir='ltr'><strong>capitulares,</strong></span> 
     </span>
    </p>
   </div>
   <div class='ocr_carea' id='block_1_80' title="bbox 2191 3247 3809 3321">
    <p class='ocr_par' dir='ltr' id='par_1_80' title="bbox 2191 3247 3809 3321">
     <span class='ocr_line' id='line_1_80' title="bbox 2191 3247 3809 3321; baseline -0.003 -18"><span class='ocrx_word' id='word_1_651' title='bbox 2191 3248 2471 3304; x_wconf 87' lang='lat' dir='ltr'><strong>ﬂeverunt</strong></span> <span class='ocrx_word' id='word_1_652' title='bbox 2504 3249 2926 3320; x_wconf 87' lang='lat' dir='ltr'><strong>pariter,David</strong></span> <span class='ocrx_word' id='word_1_653' title='bbox 2958 3252 3152 3304; x_wconf 88' lang='lat' dir='ltr'><strong>autem</strong></span> <span class='ocrx_word' id='word_1_654' title='bbox 3185 3247 3627 3321; x_wconf 84' lang='lat' dir='ltr'><strong>amplius.Dixit</strong></span> <span class='ocrx_word' id='word_1_655' title='bbox 3648 3248 3809 3302; x_wconf 75' lang='lat' dir='ltr'><strong>autem</strong></span> 
     </span>
    </p>
   </div>
   <div class='ocr_carea' id='block_1_81' title="bbox 2187 3337 3812 3409">
    <p class='ocr_par' dir='ltr' id='par_1_81' title="bbox 2187 3337 3812 3409">
     <span class='ocr_line' id='line_1_81' title="bbox 2187 3337 3812 3409; baseline -0.004 -17"><span class='ocrx_word' id='word_1_656' title='bbox 2187 3337 2479 3393; x_wconf 82' lang='lat' dir='ltr'><strong>Jonathan</strong></span> <span class='ocrx_word' id='word_1_657' title='bbox 2512 3340 2581 3392; x_wconf 91' lang='lat' dir='ltr'><strong>ad</strong></span> <span class='ocrx_word' id='word_1_658' title='bbox 2640 3338 2862 3393; x_wconf 88' lang='lat' dir='ltr'><strong>David:</strong></span> <span class='ocrx_word' id='word_1_659' title='bbox 2925 3337 3075 3395; x_wconf 89' lang='lat' dir='ltr'><strong>Vade</strong></span> <span class='ocrx_word' id='word_1_660' title='bbox 3121 3337 3182 3392; x_wconf 91' lang='lat' dir='ltr'><strong>in</strong></span> <span class='ocrx_word' id='word_1_661' title='bbox 3235 3353 3432 3409; x_wconf 89' lang='lat' dir='ltr'><strong>pace:</strong></span> <span class='ocrx_word' id='word_1_662' title='bbox 3487 3345 3812 3408; x_wconf 64' lang='lat' dir='ltr'><strong>quaecunque</strong></span> 
     </span>
    </p>
   </div>
   <div class='ocr_carea' id='block_1_82' title="bbox 2181 3422 3813 3499">
    <p class='ocr_par' dir='ltr' id='par_1_82' title="bbox 2181 3422 3813 3499">
     <span class='ocr_line' id='line_1_82' title="bbox 2181 3422 3813 3499; baseline -0.005 -17"><span class='ocrx_word' id='word_1_663' title='bbox 2181 3427 2513 3499; x_wconf 85' lang='lat' dir='ltr'><strong>juravimus</strong></span> <span class='ocrx_word' id='word_1_664' title='bbox 2543 3427 2716 3482; x_wconf 88' lang='lat' dir='ltr'><strong>ambo</strong></span> <span class='ocrx_word' id='word_1_665' title='bbox 2744 3427 2801 3481; x_wconf 92' lang='lat' dir='ltr'><strong>in</strong></span> <span class='ocrx_word' id='word_1_666' title='bbox 2836 3426 3071 3482; x_wconf 88' lang='lat' dir='ltr'><strong>nomine</strong></span> <span class='ocrx_word' id='word_1_667' title='bbox 3089 3427 3359 3494; x_wconf 90' lang='lat' dir='ltr'><strong>Domini,</strong></span> <span class='ocrx_word' id='word_1_668' title='bbox 3392 3426 3649 3482; x_wconf 84' lang='lat' dir='ltr'><strong>dicentes</strong></span> <span class='ocrx_word' id='word_1_669' title='bbox 3679 3438 3694 3480; x_wconf 89' lang='lat'><strong>:</strong></span> <span class='ocrx_word' id='word_1_670' title='bbox 3723 3422 3813 3477; x_wconf 85' lang='lat' dir='ltr'><strong>Do-</strong></span> 
     </span>
    </p>
   </div>
   <div class='ocr_carea' id='block_1_83' title="bbox 2190 3515 3811 3581">
    <p class='ocr_par' dir='ltr' id='par_1_83' title="bbox 2190 3515 3811 3581">
     <span class='ocr_line' id='line_1_83' title="bbox 2190 3515 3811 3581; baseline -0.006 -10"><span class='ocrx_word' id='word_1_671' title='bbox 2190 3517 2386 3571; x_wconf 89' lang='lat' dir='ltr'><strong>minus</strong></span> <span class='ocrx_word' id='word_1_672' title='bbox 2417 3515 2676 3571; x_wconf 91' lang='lat' dir='ltr'><strong>sitinter</strong></span> <span class='ocrx_word' id='word_1_673' title='bbox 2723 3531 2815 3571; x_wconf 90' lang='lat' dir='ltr'><strong>me</strong></span> <span class='ocrx_word' id='word_1_674' title='bbox 2864 3519 2922 3569; x_wconf 91' lang='lat' dir='ltr'><strong>et</strong></span> <span class='ocrx_word' id='word_1_675' title='bbox 2969 3521 3044 3581; x_wconf 90' lang='lat' dir='ltr'><strong>te,</strong></span> <span class='ocrx_word' id='word_1_676' title='bbox 3077 3519 3135 3570; x_wconf 89' lang='lat' dir='ltr'><strong>et</strong></span> <span class='ocrx_word' id='word_1_677' title='bbox 3183 3515 3347 3571; x_wconf 89' lang='lat' dir='ltr'><strong>inter</strong></span> <span class='ocrx_word' id='word_1_678' title='bbox 3395 3531 3594 3571; x_wconf 88' lang='lat' dir='ltr'><strong>semen</strong></span> <span class='ocrx_word' id='word_1_679' title='bbox 3644 3524 3811 3567; x_wconf 87' lang='lat' dir='ltr'><strong>meum</strong></span> 
     </span>
    </p>
   </div>
   <div class='ocr_carea' id='block_1_84' title="bbox 2187 3602 3812 3676">
    <p class='ocr_par' dir='ltr' id='par_1_84' title="bbox 2187 3602 3812 3676">
     <span class='ocr_line' id='line_1_84' title="bbox 2187 3602 3812 3676; baseline -0.004 -16"><span class='ocrx_word' id='word_1_680' title='bbox 2187 3609 2244 3661; x_wconf 89' lang='lat' dir='ltr'><strong>et</strong></span> <span class='ocrx_word' id='word_1_681' title='bbox 2291 3621 2488 3660; x_wconf 91' lang='lat' dir='ltr'><strong>semen</strong></span> <span class='ocrx_word' id='word_1_682' title='bbox 2539 3608 2708 3660; x_wconf 91' lang='lat' dir='ltr'><strong>tuum</strong></span> <span class='ocrx_word' id='word_1_683' title='bbox 2762 3621 2948 3675; x_wconf 82' lang='lat' dir='ltr'><strong>usque</strong></span> <span class='ocrx_word' id='word_1_684' title='bbox 2995 3605 3053 3659; x_wconf 91' lang='lat' dir='ltr'><strong>in</strong></span> <span class='ocrx_word' id='word_1_685' title='bbox 3108 3605 3564 3676; x_wconf 87' lang='lat' dir='ltr'><strong>sempiternum.</strong></span> <span class='ocrx_word' id='word_1_686' title='bbox 3595 3602 3662 3657; x_wconf 83' lang='lat' dir='ltr'><strong>Et</strong></span> <span class='ocrx_word' id='word_1_687' title='bbox 3703 3613 3812 3656; x_wconf 88' lang='lat' dir='ltr'><strong>sur-</strong></span> 
     </span>
    </p>
   </div>
   <div class='ocr_carea' id='block_1_85' title="bbox 2187 3690 3815 3766">
    <p class='ocr_par' dir='ltr' id='par_1_85' title="bbox 2187 3690 3815 3766">
     <span class='ocr_line' id='line_1_85' title="bbox 2187 3690 3815 3766; baseline -0.004 -18"><span class='ocrx_word' id='word_1_688' title='bbox 2187 3693 2355 3760; x_wconf 89' lang='lat' dir='ltr'><strong>rexit,</strong></span> <span class='ocrx_word' id='word_1_689' title='bbox 2415 3697 2474 3749; x_wconf 90' lang='lat' dir='ltr'><strong>et</strong></span> <span class='ocrx_word' id='word_1_690' title='bbox 2522 3692 2712 3763; x_wconf 88' lang='lat' dir='ltr'><strong>abiit;</strong></span> <span class='ocrx_word' id='word_1_691' title='bbox 2765 3695 2863 3747; x_wconf 90' lang='lat' dir='ltr'><strong>sed</strong></span> <span class='ocrx_word' id='word_1_692' title='bbox 2923 3696 2980 3748; x_wconf 90' lang='lat' dir='ltr'><strong>et</strong></span> <span class='ocrx_word' id='word_1_693' title='bbox 3035 3693 3338 3750; x_wconf 87' lang='lat' dir='ltr'><strong>Jonathan</strong></span> <span class='ocrx_word' id='word_1_694' title='bbox 3399 3693 3699 3766; x_wconf 87' lang='lat' dir='ltr'><strong>ingressus</strong></span> <span class='ocrx_word' id='word_1_695' title='bbox 3745 3690 3815 3742; x_wconf 81' lang='lat' dir='ltr'><strong>est</strong></span> 
     </span>
    </p>
   </div>
   <div class='ocr_carea' id='block_1_86' title="bbox 2186 3782 2497 3839">
    <p class='ocr_par' dir='ltr' id='par_1_86' title="bbox 2186 3782 2497 3839">
     <span class='ocr_line' id='line_1_86' title="bbox 2186 3782 2497 3839; baseline -0.006 0"><span class='ocrx_word' id='word_1_696' title='bbox 2186 3782 2497 3839; x_wconf 88' lang='lat' dir='ltr'><strong>civitatem.</strong></span> 
     </span>
    </p>
   </div>
   <div class='ocr_carea' id='block_1_87' title="bbox 2260 3862 3815 3943">
    <p class='ocr_par' dir='ltr' id='par_1_87' title="bbox 2260 3862 3815 3943">
     <span class='ocr_line' id='line_1_87' title="bbox 2260 3862 3815 3943; baseline -0.006 -16"><span class='ocrx_word' id='word_1_697' title='bbox 2260 3872 2345 3943; x_wconf 85' lang='lat'><strong>(&#39;1‘.</strong></span> <span class='ocrx_word' id='word_1_698' title='bbox 2374 3871 2492 3926; x_wconf 84' lang='lat' dir='ltr'><strong>LX.</strong></span> <span class='ocrx_word' id='word_1_699' title='bbox 2521 3870 2650 3943; x_wconf 87' lang='lat' dir='ltr'><strong>Cap.</strong></span> <span class='ocrx_word' id='word_1_700' title='bbox 2676 3869 2840 3942; x_wconf 88' lang='lat' dir='ltr'><strong>XXI).</strong></span> <span class='ocrx_word' id='word_1_701' title='bbox 2863 3870 3033 3926; x_wconf 90' lang='lat' dir='ltr'><strong>Venit</strong></span> <span class='ocrx_word' id='word_1_702' title='bbox 3062 3875 3264 3926; x_wconf 88' lang='lat' dir='ltr'><strong>autem</strong></span> <span class='ocrx_word' id='word_1_703' title='bbox 3298 3871 3488 3927; x_wconf 82' lang='lat' dir='ltr'><strong>David</strong></span> <span class='ocrx_word' id='word_1_704' title='bbox 3511 3871 3569 3926; x_wconf 89' lang='lat' dir='ltr'><strong>in</strong></span> <span class='ocrx_word' id='word_1_705' title='bbox 3593 3869 3738 3926; x_wconf 87' lang='lat' dir='ltr'><strong>Nobe</strong></span> <span class='ocrx_word' id='word_1_706' title='bbox 3757 3862 3815 3920; x_wconf 87' lang='lat' dir='ltr'><strong>ad</strong></span> 
     </span>
    </p>
   </div>
   <div class='ocr_carea' id='block_1_88' title="bbox 2183 3954 3816 4034">
    <p class='ocr_par' dir='ltr' id='par_1_88' title="bbox 2183 3954 3816 4034">
     <span class='ocr_line' id='line_1_88' title="bbox 2183 3954 3816 4034; baseline -0.006 -16"><span class='ocrx_word' id='word_1_707' title='bbox 2183 3961 2557 4018; x_wconf 83' lang='lat' dir='ltr'><strong>Achimelech</strong></span> <span class='ocrx_word' id='word_1_708' title='bbox 2589 3961 2986 4017; x_wconf 86' lang='lat' dir='ltr'><strong>sacerdotem:</strong></span> <span class='ocrx_word' id='word_1_709' title='bbox 3021 3967 3078 4017; x_wconf 92' lang='lat' dir='ltr'><strong>et</strong></span> <span class='ocrx_word' id='word_1_710' title='bbox 3108 3954 3816 4034; x_wconf 80' lang='lat' dir='ltr'><strong>obstupuitAchimeIech,</strong></span> 
     </span>
    </p>
   </div>
   <div class='ocr_carea' id='block_1_89' title="bbox 2184 4046 3822 4121">
    <p class='ocr_par' dir='ltr' id='par_1_89' title="bbox 2184 4046 3822 4121">
     <span class='ocr_line' id='line_1_89' title="bbox 2184 4046 3822 4121; baseline -0.005 -15"><span class='ocrx_word' id='word_1_711' title='bbox 2184 4066 2250 4106; x_wconf 90' lang='lat' dir='ltr'><strong>eo</strong></span> <span class='ocrx_word' id='word_1_712' title='bbox 2282 4050 2435 4121; x_wconf 91' lang='lat' dir='ltr'><strong>quod</strong></span> <span class='ocrx_word' id='word_1_713' title='bbox 2477 4049 2754 4118; x_wconf 85' lang='lat' dir='ltr'><strong>venisset,</strong></span> <span class='ocrx_word' id='word_1_714' title='bbox 2805 4053 2863 4106; x_wconf 92' lang='lat' dir='ltr'><strong>et</strong></span> <span class='ocrx_word' id='word_1_715' title='bbox 2911 4049 3166 4105; x_wconf 87' lang='lat' dir='ltr'><strong>surrexit</strong></span> <span class='ocrx_word' id='word_1_716' title='bbox 3212 4051 3458 4106; x_wconf 87' lang='lat' dir='ltr'><strong>obviam</strong></span> <span class='ocrx_word' id='word_1_717' title='bbox 3511 4047 3687 4105; x_wconf 86' lang='lat' dir='ltr'><strong>David</strong></span> <span class='ocrx_word' id='word_1_718' title='bbox 3714 4046 3751 4112; x_wconf 74' lang='grc'><strong>⁸,</strong></span> <span class='ocrx_word' id='word_1_719' title='bbox 3777 4046 3822 4098; x_wconf 84' lang='lat' dir='ltr'><strong>et</strong></span> 
     </span>
    </p>
   </div>
   <div class='ocr_carea' id='block_1_90' title="bbox 2186 4130 3824 4208">
    <p class='ocr_par' dir='ltr' id='par_1_90' title="bbox 2186 4130 3824 4208">
     <span class='ocr_line' id='line_1_90' title="bbox 2186 4130 3824 4208; baseline -0.006 -13"><span class='ocrx_word' id='word_1_720' title='bbox 2186 4139 2332 4195; x_wconf 89' lang='lat' dir='ltr'><strong>dixit</strong></span> <span class='ocrx_word' id='word_1_721' title='bbox 2352 4140 2442 4195; x_wconf 91' lang='lat' dir='ltr'><strong>ei:</strong></span> <span class='ocrx_word' id='word_1_722' title='bbox 2480 4139 2668 4203; x_wconf 88' lang='lat' dir='ltr'><strong>Quare</strong></span> <span class='ocrx_word' id='word_1_723' title='bbox 2697 4143 2760 4194; x_wconf 91' lang='lat' dir='ltr'><strong>tu</strong></span> <span class='ocrx_word' id='word_1_724' title='bbox 2794 4137 2978 4208; x_wconf 89' lang='lat' dir='ltr'><strong>solus,</strong></span> <span class='ocrx_word' id='word_1_725' title='bbox 3005 4143 3063 4194; x_wconf 88' lang='lat' dir='ltr'><strong>et</strong></span> <span class='ocrx_word' id='word_1_726' title='bbox 3085 4137 3295 4195; x_wconf 91' lang='lat' dir='ltr'><strong>nullus</strong></span> <span class='ocrx_word' id='word_1_727' title='bbox 3316 4144 3414 4196; x_wconf 87' lang='lat' dir='ltr'><strong>est</strong></span> <span class='ocrx_word' id='word_1_728' title='bbox 3431 4136 3656 4196; x_wconf 84' lang='lat' dir='ltr'><strong>tecum?</strong></span> <span class='ocrx_word' id='word_1_729' title='bbox 3675 4135 3738 4190; x_wconf 90' lang='lat' dir='ltr'><strong>Et</strong></span> <span class='ocrx_word' id='word_1_730' title='bbox 3756 4130 3824 4188; x_wconf 88' lang='lat' dir='ltr'><strong>ait</strong></span> 
     </span>
    </p>
   </div>
   <div class='ocr_carea' id='block_1_91' title="bbox 2186 4219 3822 4299">
    <p class='ocr_par' dir='ltr' id='par_1_91' title="bbox 2186 4219 3822 4299">
     <span class='ocr_line' id='line_1_91' title="bbox 2186 4219 3822 4299; baseline -0.006 -16"><span class='ocrx_word' id='word_1_731' title='bbox 2186 4228 2360 4283; x_wconf 89' lang='lat' dir='ltr'><strong>David</strong></span> <span class='ocrx_word' id='word_1_732' title='bbox 2394 4227 2467 4282; x_wconf 91' lang='lat' dir='ltr'><strong>ad</strong></span> <span class='ocrx_word' id='word_1_733' title='bbox 2494 4226 2866 4284; x_wconf 87' lang='lat' dir='ltr'><strong>Achimelech</strong></span> <span class='ocrx_word' id='word_1_734' title='bbox 2926 4227 3299 4284; x_wconf 88' lang='lat' dir='ltr'><strong>sacerdotem</strong></span> <span class='ocrx_word' id='word_1_735' title='bbox 3337 4246 3351 4284; x_wconf 92' lang='lat'><strong>:</strong></span> <span class='ocrx_word' id='word_1_736' title='bbox 3411 4229 3528 4285; x_wconf 78' lang='lat' dir='ltr'><strong>Rex</strong></span> <span class='ocrx_word' id='word_1_737' title='bbox 3575 4219 3822 4299; x_wconf 72' lang='lat' dir='ltr'><strong>praecepit</strong></span> 
     </span>
    </p>
   </div>
   <div class='ocr_carea' id='block_1_92' title="bbox 2185 4315 3824 4388">
    <p class='ocr_par' dir='ltr' id='par_1_92' title="bbox 2185 4315 3824 4388">
     <span class='ocr_line' id='line_1_92' title="bbox 2185 4315 3824 4388; baseline -0.004 -17"><span class='ocrx_word' id='word_1_738' title='bbox 2185 4315 2330 4372; x_wconf 90' lang='lat' dir='ltr'><strong>mihi</strong></span> <span class='ocrx_word' id='word_1_739' title='bbox 2362 4331 2714 4383; x_wconf 91' lang='lat' dir='ltr'><strong>sermonem,</strong></span> <span class='ocrx_word' id='word_1_740' title='bbox 2735 4320 2795 4371; x_wconf 92' lang='lat' dir='ltr'><strong>et</strong></span> <span class='ocrx_word' id='word_1_741' title='bbox 2821 4315 3005 4371; x_wconf 89' lang='lat' dir='ltr'><strong>dixit:</strong></span> <span class='ocrx_word' id='word_1_742' title='bbox 3035 4315 3216 4372; x_wconf 85' lang='lat' dir='ltr'><strong>Nemo</strong></span> <span class='ocrx_word' id='word_1_743' title='bbox 3251 4317 3412 4373; x_wconf 90' lang='lat' dir='ltr'><strong>sciat</strong></span> <span class='ocrx_word' id='word_1_744' title='bbox 3442 4332 3592 4385; x_wconf 86' lang='lat' dir='ltr'><strong>rem,</strong></span> <span class='ocrx_word' id='word_1_745' title='bbox 3614 4316 3824 4388; x_wconf 86' lang='lat' dir='ltr'><strong>propter</strong></span> 
     </span>
    </p>
   </div>
   <div class='ocr_carea' id='block_1_93' title="bbox 2185 4397 3824 4478">
    <p class='ocr_par' dir='ltr' id='par_1_93' title="bbox 2185 4397 3824 4478">
     <span class='ocr_line' id='line_1_93' title="bbox 2185 4397 3824 4478; baseline -0.005 -17"><span class='ocrx_word' id='word_1_746' title='bbox 2185 4420 2362 4478; x_wconf 90' lang='lat' dir='ltr'><strong>quam</strong></span> <span class='ocrx_word' id='word_1_747' title='bbox 2382 4419 2519 4462; x_wconf 87' lang='lat' dir='ltr'><strong>ams</strong></span> <span class='ocrx_word' id='word_1_748' title='bbox 2534 4403 2754 4461; x_wconf 87' lang='lat' dir='ltr'><strong>missus</strong></span> <span class='ocrx_word' id='word_1_749' title='bbox 2775 4420 2835 4461; x_wconf 91' lang='lat' dir='ltr'><strong>es</strong></span> <span class='ocrx_word' id='word_1_750' title='bbox 2855 4404 3272 4478; x_wconf 82' lang='lat' dir='ltr'><strong>(Vulg.mss.ea</strong></span> <span class='ocrx_word' id='word_1_751' title='bbox 3296 4423 3330 4462; x_wconf 80' lang='grc' dir='ltr'><strong>θ,</strong></span> <span class='ocrx_word' id='word_1_752' title='bbox 3355 4406 3498 4477; x_wconf 91' lang='lat' dir='ltr'><strong>me),</strong></span> <span class='ocrx_word' id='word_1_753' title='bbox 3514 4397 3824 4476; x_wconf 83' lang='lat' dir='ltr'><strong>cuiusmodi</strong></span> 
     </span>
    </p>
   </div>
   <div class='ocr_carea' id='block_1_94' title="bbox 2187 4558 3830 4636">
    <p class='ocr_par' dir='ltr' id='par_1_94' title="bbox 2187 4558 3830 4636">
     <span class='ocr_line' id='line_1_94' title="bbox 2187 4558 3830 4636; baseline 0.001 -17"><span class='ocrx_word' id='word_1_754' title='bbox 2187 4564 2322 4630; x_wconf 70' lang='lat' dir='ltr'><strong>(ach,</strong></span> <span class='ocrx_word' id='word_1_755' title='bbox 2353 4579 2418 4636; x_wconf 79' lang='lat' dir='ltr'><strong>eo</strong></span> <span class='ocrx_word' id='word_1_756' title='bbox 2455 4563 2596 4636; x_wconf 75' lang='lat' dir='ltr'><strong>quod</strong></span> <span class='ocrx_word' id='word_1_757' title='bbox 2642 4563 2873 4621; x_wconf 79' lang='lat' dir='ltr'><strong>venisset</strong></span> <span class='ocrx_word' id='word_1_758' title='bbox 2922 4564 3112 4634; x_wconf 78' lang='lat' dir='ltr'><strong>David,</strong></span> <span class='ocrx_word' id='word_1_759' title='bbox 3146 4568 3200 4620; x_wconf 86' lang='lat' dir='ltr'><strong>et</strong></span> <span class='ocrx_word' id='word_1_760' title='bbox 3239 4565 3507 4623; x_wconf 74' lang='lat' dir='ltr'><strong>surrexit</strong></span> <span class='ocrx_word' id='word_1_761' title='bbox 3536 4565 3762 4628; x_wconf 83' lang='lat' dir='ltr'><strong>obviam,</strong></span> <span class='ocrx_word' id='word_1_762' title='bbox 3789 4558 3830 4614; x_wconf 67' lang='grc' dir='ltr'><strong>ει</strong></span> 
     </span>
    </p>
   </div>
   <div class='ocr_carea' id='block_1_95' title="bbox 432 4623 2800 4707">
    <p class='ocr_par' dir='ltr' id='par_1_95' title="bbox 432 4623 2800 4707">
     <span class='ocr_line' id='line_1_95' title="bbox 432 4623 2800 4707; baseline 0 -17"><span class='ocrx_word' id='word_1_763' title='bbox 432 4644 626 4706; x_wconf 80' lang='lat' dir='ltr'><strong>augeat</strong></span> <span class='ocrx_word' id='word_1_764' title='bbox 657 4652 674 4689; x_wconf 88' lang='lat'><strong>:</strong></span> <span class='ocrx_word' id='word_1_765' title='bbox 709 4635 880 4707; x_wconf 90' lang='lat' dir='ltr'><strong>paulo</strong></span> <span class='ocrx_word' id='word_1_766' title='bbox 913 4649 1148 4707; x_wconf 85' lang='lat' dir='ltr'><strong>quoque</strong></span> <span class='ocrx_word' id='word_1_767' title='bbox 1178 4638 1332 4705; x_wconf 89' lang='lat' dir='ltr'><strong>post,</strong></span> <span class='ocrx_word' id='word_1_768' title='bbox 1364 4634 1554 4689; x_wconf 85' lang='lat' dir='ltr'><strong>Facias</strong></span> <span class='ocrx_word' id='word_1_769' title='bbox 1592 4623 1805 4689; x_wconf 65' lang='lat' dir='ltr'><strong>mecum</strong></span> <span class='ocrx_word' id='word_1_770' title='bbox 1855 4623 2078 4690; x_wconf 55' lang='lat' dir='ltr'><strong>miseri;</strong></span> <span class='ocrx_word' id='word_1_771' title='bbox 2108 4623 2155 4689; x_wconf 85' lang='grc' dir='ltr'><strong>Ι)</strong></span> <span class='ocrx_word' id='word_1_772' title='bbox 2187 4623 2340 4693; x_wconf 73' lang='lat' dir='ltr'><strong>dixit</strong></span> <span class='ocrx_word' id='word_1_773' title='bbox 2367 4635 2440 4702; x_wconf 86' lang='lat' dir='ltr'><strong>ei,</strong></span> <span class='ocrx_word' id='word_1_774' title='bbox 2463 4623 2582 4692; x_wconf 66' lang='lat' dir='ltr'><strong>etc.</strong></span> <span class='ocrx_word' id='word_1_775' title='bbox 2615 4639 2800 4690; x_wconf 72' lang='lat' dir='ltr'><strong>Mam.</strong></span> 
     </span>
    </p>
   </div>
   <div class='ocr_carea' id='block_1_96' title="bbox 429 4705 1024 4778">
    <p class='ocr_par' dir='ltr' id='par_1_96' title="bbox 429 4705 1024 4778">
     <span class='ocr_line' id='line_1_96' title="bbox 429 4705 1024 4778; baseline -0.003 -17"><span class='ocrx_word' id='word_1_776' title='bbox 429 4705 833 4778; x_wconf 57' lang='lat' dir='ltr'><strong>cordiam,&#39;pro</strong></span> <span class='ocrx_word' id='word_1_777' title='bbox 863 4705 1024 4761; x_wconf 84' lang='lat' dir='ltr'><strong>mihi.</strong></span> 
     </span>
    </p>
   </div>
   <div class='ocr_carea' id='block_1_97' title="bbox 505 4791 2076 4866">
    <p class='ocr_par' dir='ltr' id='par_1_97' title="bbox 505 4791 2076 4866">
     <span class='ocr_line' id='line_1_97' title="bbox 505 4791 2076 4866; baseline 0 -16"><span class='ocrx_word' id='word_1_778' title='bbox 505 4797 526 4829; x_wconf 77' lang='grc'>²</span> <span class='ocrx_word' id='word_1_779' title='bbox 556 4795 794 4850; x_wconf 90' lang='lat' dir='ltr'><strong>Addunt</strong></span> <span class='ocrx_word' id='word_1_780' title='bbox 825 4791 1636 4866; x_wconf 75' lang='lat' dir='ltr'><strong>Vulgati,AuferatJonathan</strong></span> <span class='ocrx_word' id='word_1_781' title='bbox 1667 4794 1737 4866; x_wconf 10' lang='lat' dir='ltr'><strong>de,</strong></span> <span class='ocrx_word' id='word_1_782' title='bbox 1765 4793 1923 4866; x_wconf 84' lang='lat' dir='ltr'><strong>domo</strong></span> <span class='ocrx_word' id='word_1_783' title='bbox 1951 4811 2076 4863; x_wconf 85' lang='lat' dir='ltr'><strong>sua,</strong></span> 
     </span>
    </p>
   </div>
   <div class='ocr_carea' id='block_1_98' title="bbox 433 4863 2078 4938">
    <p class='ocr_par' dir='ltr' id='par_1_98' title="bbox 433 4863 2078 4938">
     <span class='ocr_line' id='line_1_98' title="bbox 433 4863 2078 4938; baseline 0 -16"><span class='ocrx_word' id='word_1_784' title='bbox 433 4874 484 4922; x_wconf 82' lang='lat' dir='ltr'><strong>et</strong></span> <span class='ocrx_word' id='word_1_785' title='bbox 506 4865 752 4938; x_wconf 76' lang='lat' dir='ltr'><strong>requirat</strong></span> <span class='ocrx_word' id='word_1_786' title='bbox 776 4863 1043 4922; x_wconf 65' lang='lat' dir='ltr'><strong>Domiaus</strong></span> <span class='ocrx_word' id='word_1_787' title='bbox 1065 4865 1129 4921; x_wconf 87' lang='lat' dir='ltr'><strong>de</strong></span> <span class='ocrx_word' id='word_1_788' title='bbox 1149 4863 1320 4938; x_wconf 85' lang='lat' dir='ltr'><strong>manu</strong></span> <span class='ocrx_word' id='word_1_789' title='bbox 1338 4863 1694 4921; x_wconf 79' lang='lat' dir='ltr'><strong>inimicorum</strong></span> <span class='ocrx_word' id='word_1_790' title='bbox 1722 4865 1896 4921; x_wconf 85' lang='lat' dir='ltr'><strong>David</strong></span> <span class='ocrx_word' id='word_1_791' title='bbox 1949 4882 2078 4937; x_wconf 70' lang='lat' dir='ltr'><strong>quae</strong></span> 
     </span>
    </p>
   </div>
   <div class='ocr_carea' id='block_1_99' title="bbox 436 4937 2077 5009">
    <p class='ocr_par' dir='ltr' id='par_1_99' title="bbox 436 4937 2077 5009">
     <span class='ocr_line' id='line_1_99' title="bbox 436 4937 2077 5009; baseline -0.001 -15"><span class='ocrx_word' id='word_1_792' title='bbox 436 4937 874 4994; x_wconf 26' lang='lat' dir='ltr'><strong>tum’Hebraaus</strong></span> <span class='ocrx_word' id='word_1_793' title='bbox 923 4941 1117 4993; x_wconf 85' lang='lat' dir='ltr'><strong>textus</strong></span> <span class='ocrx_word' id='word_1_794' title='bbox 1167 4937 1419 5009; x_wconf 89' lang='lat' dir='ltr'><strong>ignorat,</strong></span> <span class='ocrx_word' id='word_1_795' title='bbox 1448 4954 1580 4992; x_wconf 90' lang='lat' dir='ltr'><strong>cum</strong></span> <span class='ocrx_word' id='word_1_796' title='bbox 1613 4938 2077 5009; x_wconf 71' lang='lat' dir='ltr'><strong>Hieronymianaa</strong></span> 
     </span>
    </p>
   </div>
   <div class='ocr_carea' id='block_1_100' title="bbox 429 5009 2078 5083">
    <p class='ocr_par' dir='ltr' id='par_1_100' title="bbox 429 5009 2078 5083">
     <span class='ocr_line' id='line_1_100' title="bbox 429 5009 2078 5083; baseline -0.002 -16"><span class='ocrx_word' id='word_1_797' title='bbox 429 5010 717 5067; x_wconf 89' lang='lat' dir='ltr'><strong>versionis</strong></span> <span class='ocrx_word' id='word_1_798' title='bbox 741 5010 1004 5083; x_wconf 87' lang='lat' dir='ltr'><strong>plerique</strong></span> <span class='ocrx_word' id='word_1_799' title='bbox 1029 5025 1229 5066; x_wconf 89' lang='lat' dir='ltr'><strong>omnes</strong></span> <span class='ocrx_word' id='word_1_800' title='bbox 1253 5026 1420 5079; x_wconf 90' lang='lat' dir='ltr'><strong>mss.,</strong></span> <span class='ocrx_word' id='word_1_801' title='bbox 1437 5011 1689 5080; x_wconf 90' lang='lat' dir='ltr'><strong>denique</strong></span> <span class='ocrx_word' id='word_1_802' title='bbox 1711 5014 1767 5064; x_wconf 89' lang='lat' dir='ltr'><strong>et</strong></span> <span class='ocrx_word' id='word_1_803' title='bbox 1788 5009 2078 5065; x_wconf 65' lang='lat' dir='ltr'><strong>nonnullae</strong></span> 
     </span>
    </p>
   </div>
   <div class='ocr_carea' id='block_1_101' title="bbox 433 5082 976 5138">
    <p class='ocr_par' dir='ltr' id='par_1_101' title="bbox 433 5082 976 5138">
     <span class='ocr_line' id='line_1_101' title="bbox 433 5082 976 5138; baseline 0 0"><span class='ocrx_word' id='word_1_804' title='bbox 433 5087 640 5138; x_wconf 62' lang='lat' dir='ltr'><strong>Graeca</strong></span> <span class='ocrx_word' id='word_1_805' title='bbox 670 5082 976 5138; x_wconf 87' lang='lat' dir='ltr'><strong>editiones.</strong></span> 
     </span>
    </p>
   </div>
   <div class='ocr_carea' id='block_1_102' title="bbox 503 5167 2074 5240">
    <p class='ocr_par' dir='ltr' id='par_1_102' title="bbox 503 5167 2074 5240">
     <span class='ocr_line' id='line_1_102' title="bbox 503 5167 2074 5240; baseline -0.001 -14"><span class='ocrx_word' id='word_1_806' title='bbox 503 5171 523 5205; x_wconf 80' lang='grc'><strong>³</strong></span> <span class='ocrx_word' id='word_1_807' title='bbox 549 5171 727 5226; x_wconf 88' lang='lat' dir='ltr'><strong>Vacat</strong></span> <span class='ocrx_word' id='word_1_808' title='bbox 759 5172 816 5226; x_wconf 91' lang='lat' dir='ltr'><strong>in</strong></span> <span class='ocrx_word' id='word_1_809' title='bbox 848 5167 1170 5225; x_wconf 88' lang='lat' dir='ltr'><strong>Veronensi</strong></span> <span class='ocrx_word' id='word_1_810' title='bbox 1202 5185 1310 5225; x_wconf 85' lang='lat' dir='ltr'><strong>n;s.</strong></span> <span class='ocrx_word' id='word_1_811' title='bbox 1342 5168 1698 5240; x_wconf 82' lang='lat' dir='ltr'><strong>Hebraeoque</strong></span> <span class='ocrx_word' id='word_1_812' title='bbox 1728 5167 1857 5239; x_wconf 91' lang='lat' dir='ltr'><strong>ipso</strong></span> <span class='ocrx_word' id='word_1_813' title='bbox 1886 5185 2074 5225; x_wconf 86' lang='lat' dir='ltr'><strong>exem-</strong></span> 
     </span>
    </p>
   </div>
   <div class='ocr_carea' id='block_1_103' title="bbox 432 5241 1108 5316">
    <p class='ocr_par' dir='ltr' id='par_1_103' title="bbox 432 5241 1108 5316">
     <span class='ocr_line' id='line_1_103' title="bbox 432 5241 1108 5316; baseline -0.003 -19"><span class='ocrx_word' id='word_1_814' title='bbox 432 5241 579 5316; x_wconf 87' lang='lat' dir='ltr'><strong>plari</strong></span> <span class='ocrx_word' id='word_1_815' title='bbox 608 5243 873 5310; x_wconf 89' lang='lat' dir='ltr'><strong>verbum,</strong></span> <span class='ocrx_word' id='word_1_816' title='bbox 904 5241 1108 5297; x_wconf 81' lang='lat' dir='ltr'><strong>dicens.</strong></span> 
     </span>
    </p>
   </div>
   <div class='ocr_carea' id='block_1_104' title="bbox 503 5327 2078 5399">
    <p class='ocr_par' dir='ltr' id='par_1_104' title="bbox 503 5327 2078 5399">
     <span class='ocr_line' id='line_1_104' title="bbox 503 5327 2078 5399; baseline 0 -13"><span class='ocrx_word' id='word_1_817' title='bbox 503 5332 524 5365; x_wconf 77' lang='grc'><strong><em>⁴</em></strong></span> <span class='ocrx_word' id='word_1_818' title='bbox 560 5331 647 5387; x_wconf 85' lang='lat' dir='ltr'><strong>Ita</strong></span> <span class='ocrx_word' id='word_1_819' title='bbox 677 5331 875 5388; x_wconf 89' lang='lat' dir='ltr'><strong>Canon</strong></span> <span class='ocrx_word' id='word_1_820' title='bbox 907 5327 1200 5386; x_wconf 65' lang='lat' dir='ltr'><strong>Hebraicm</strong></span> <span class='ocrx_word' id='word_1_821' title='bbox 1229 5328 1495 5384; x_wconf 88' lang='lat' dir='ltr'><strong>veritatis</strong></span> <span class='ocrx_word' id='word_1_822' title='bbox 1523 5345 1656 5383; x_wconf 89' lang='lat' dir='ltr'><strong>cum</strong></span> <span class='ocrx_word' id='word_1_823' title='bbox 1689 5327 1913 5399; x_wconf 87' lang='lat' dir='ltr'><strong>aliquot</strong></span> <span class='ocrx_word' id='word_1_824' title='bbox 1935 5345 2078 5386; x_wconf 90' lang='lat' dir='ltr'><strong>mss.</strong></span> 
     </span>
    </p>
   </div>
   <div class='ocr_carea' id='block_1_105' title="bbox 433 5399 2078 5475">
    <p class='ocr_par' dir='ltr' id='par_1_105' title="bbox 433 5399 2078 5475">
     <span class='ocr_line' id='line_1_105' title="bbox 433 5399 2078 5475; baseline -0.001 -17"><span class='ocrx_word' id='word_1_825' title='bbox 433 5402 737 5460; x_wconf 89' lang='lat' dir='ltr'><strong>codicibus</strong></span> <span class='ocrx_word' id='word_1_826' title='bbox 769 5402 1015 5475; x_wconf 49' lang='lat' dir='ltr'><strong>optimae</strong></span> <span class='ocrx_word' id='word_1_827' title='bbox 1046 5405 1212 5475; x_wconf 52' lang='lat' dir='ltr'><strong>notae:</strong></span> <span class='ocrx_word' id='word_1_828' title='bbox 1242 5401 1480 5475; x_wconf 79' lang='lat' dir='ltr'><strong>Regius,</strong></span> <span class='ocrx_word' id='word_1_829' title='bbox 1513 5399 1875 5475; x_wconf 64' lang='lat' dir='ltr'><strong>Corbciensis</strong></span> <span class='ocrx_word' id='word_1_830' title='bbox 1905 5417 2078 5475; x_wconf 88' lang='lat' dir='ltr'><strong>unus,</strong></span> 
     </span>
    </p>
   </div>
   <div class='ocr_carea' id='block_1_106' title="bbox 433 5471 2081 5540">
    <p class='ocr_par' dir='ltr' id='par_1_106' title="bbox 433 5471 2081 5540">
     <span class='ocr_line' id='line_1_106' title="bbox 433 5471 2081 5540; baseline -0.001 -10"><span class='ocrx_word' id='word_1_831' title='bbox 433 5481 490 5530; x_wconf 89' lang='lat' dir='ltr'><strong>et</strong></span> <span class='ocrx_word' id='word_1_832' title='bbox 522 5475 620 5530; x_wconf 89' lang='lat' dir='ltr'><strong>alii</strong></span> <span class='ocrx_word' id='word_1_833' title='bbox 654 5481 772 5531; x_wconf 89' lang='lat' dir='ltr'><strong>tres</strong></span> <span class='ocrx_word' id='word_1_834' title='bbox 805 5471 1155 5531; x_wconf 72' lang='lat' dir='ltr'><strong>recentiores</strong></span> <span class='ocrx_word' id='word_1_835' title='bbox 1188 5473 1244 5528; x_wconf 92' lang='lat' dir='ltr'><strong>S.</strong></span> <span class='ocrx_word' id='word_1_836' title='bbox 1281 5471 1556 5528; x_wconf 76' lang='lat' dir='ltr'><strong>Germani</strong></span> <span class='ocrx_word' id='word_1_837' title='bbox 1586 5489 1620 5527; x_wconf 90' lang='lat' dir='ltr'><strong>a</strong></span> <span class='ocrx_word' id='word_1_838' title='bbox 1649 5472 1858 5540; x_wconf 89' lang='lat' dir='ltr'><strong>Pratis,</strong></span> <span class='ocrx_word' id='word_1_839' title='bbox 1883 5474 2081 5528; x_wconf 87' lang='lat' dir='ltr'><strong>eadem</strong></span> 
     </span>
    </p>
   </div>
   <div class='ocr_carea' id='block_1_107' title="bbox 434 5543 2083 5618">
    <p class='ocr_par' dir='ltr' id='par_1_107' title="bbox 434 5543 2083 5618">
     <span class='ocr_line' id='line_1_107' title="bbox 434 5543 2083 5618; baseline -0.002 -16"><span class='ocrx_word' id='word_1_840' title='bbox 434 5561 672 5618; x_wconf 82' lang='lat' dir='ltr'><strong>quoque</strong></span> <span class='ocrx_word' id='word_1_841' title='bbox 702 5547 957 5618; x_wconf 89' lang='lat' dir='ltr'><strong>retinent</strong></span> <span class='ocrx_word' id='word_1_842' title='bbox 985 5544 1180 5618; x_wconf 82' lang='lat' dir='ltr'><strong>verba,</strong></span> <span class='ocrx_word' id='word_1_843' title='bbox 1213 5543 1350 5618; x_wconf 81' lang='lat' dir='ltr'><strong>licet</strong></span> <span class='ocrx_word' id='word_1_844' title='bbox 1380 5548 1604 5618; x_wconf 63' lang='lat' dir='ltr'><strong>mutato</strong></span> <span class='ocrx_word' id='word_1_845' title='bbox 1663 5544 2083 5618; x_wconf 86' lang='lat' dir='ltr'><strong>paulisper_or-</strong></span> 
     </span>
    </p>
   </div>
   <div class='ocr_carea' id='block_1_108' title="bbox 436 5614 2084 5692">
    <p class='ocr_par' dir='ltr' id='par_1_108' title="bbox 436 5614 2084 5692">
     <span class='ocr_line' id='line_1_108' title="bbox 436 5614 2084 5692; baseline 0.001 -20"><span class='ocrx_word' id='word_1_846' title='bbox 436 5614 595 5673; x_wconf 52' lang='lat' dir='ltr'><strong>dine:</strong></span> <span class='ocrx_word' id='word_1_847' title='bbox 621 5618 849 5692; x_wconf 90' lang='lat' dir='ltr'><strong>Legunt</strong></span> <span class='ocrx_word' id='word_1_848' title='bbox 879 5617 1058 5690; x_wconf 88' lang='lat' dir='ltr'><strong>igitur</strong></span> <span class='ocrx_word' id='word_1_849' title='bbox 1081 5615 1190 5673; x_wconf 90' lang='lat' dir='ltr'><strong>hoc</strong></span> <span class='ocrx_word' id='word_1_850' title='bbox 1214 5615 1386 5673; x_wconf 92' lang='lat' dir='ltr'><strong>modo</strong></span> <span class='ocrx_word' id='word_1_851' title='bbox 1414 5632 1426 5672; x_wconf 92' lang='lat'><strong>:</strong></span> <span class='ocrx_word' id='word_1_852' title='bbox 1462 5616 1527 5671; x_wconf 83' lang='lat' dir='ltr'><strong>Et</strong></span> <span class='ocrx_word' id='word_1_853' title='bbox 1550 5614 1830 5688; x_wconf 78' lang='lat' dir='ltr'><strong>obstupuit</strong></span> <span class='ocrx_word' id='word_1_854' title='bbox 1857 5614 2084 5673; x_wconf 57' lang='lat' dir='ltr'><strong>lbims-</strong></span> 
     </span>
    </p>
   </div>
   <div class='ocr_carea' id='block_1_109' title="bbox 2256 4693 3832 4796">
    <p class='ocr_par' dir='ltr' id='par_1_109' title="bbox 2256 4693 3832 4796">
     <span class='ocr_line' id='line_1_109' title="bbox 2256 4693 3832 4796; baseline 0.001 -34"><span class='ocrx_word' id='word_1_855' title='bbox 2256 4737 2326 4749; x_wconf 91' lang='lat'><strong>-—</strong></span> <span class='ocrx_word' id='word_1_856' title='bbox 2356 4693 2542 4796; x_wconf 76' lang='lat' dir='ltr'><strong>Habet</strong></span> <span class='ocrx_word' id='word_1_857' title='bbox 2570 4707 2692 4762; x_wconf 68' lang='lat' dir='ltr'><strong>haec</strong></span> <span class='ocrx_word' id='word_1_858' title='bbox 2724 4706 2892 4763; x_wconf 91' lang='lat' dir='ltr'><strong>modo</strong></span> <span class='ocrx_word' id='word_1_859' title='bbox 2923 4707 3093 4763; x_wconf 88' lang='lat' dir='ltr'><strong>Hebr.</strong></span> <span class='ocrx_word' id='word_1_860' title='bbox 3129 4711 3356 4764; x_wconf 89' lang='lat' dir='ltr'><strong>textus.</strong></span> <span class='ocrx_word' id='word_1_861' title='bbox 3390 4693 3639 4796; x_wconf 53' lang='lat' dir='ltr'><strong>15mins:</strong></span> <span class='ocrx_word' id='word_1_862' title='bbox 3691 4708 3832 4766; x_wconf 59' lang='lat' dir='ltr'><strong>mnu</strong></span> 
     </span>
    </p>
   </div>
   <div class='ocr_carea' id='block_1_110' title="bbox 2188 4783 3836 4883">
    <p class='ocr_par' dir='ltr' id='par_1_110' title="bbox 2188 4783 3836 4883">
     <span class='ocr_line' id='line_1_110' title="bbox 2188 4783 3836 4883; baseline -0.009 -23"><span class='ocrx_word' id='word_1_863' title='bbox 2188 4807 2287 4860; x_wconf 76' lang='lat' dir='ltr'><strong>&#39;m</strong></span> <span class='ocrx_word' id='word_1_864' title='bbox 2333 4783 2532 4883; x_wconf 66' lang='lat' dir='ltr'><strong>nmp‘a</strong></span> <span class='ocrx_word' id='word_1_865' title='bbox 2581 4805 2632 4854; x_wconf 84' lang='lat' dir='ltr'><strong>et</strong></span> <span class='ocrx_word' id='word_1_866' title='bbox 2669 4798 3000 4854; x_wconf 79' lang='lat' dir='ltr'><strong>contremuit</strong></span> <span class='ocrx_word' id='word_1_867' title='bbox 3055 4783 3434 4855; x_wconf 61' lang='lat' dir='ltr'><strong>Achimelech&#39;</strong></span> <span class='ocrx_word' id='word_1_868' title='bbox 3460 4799 3526 4854; x_wconf 83' lang='lat' dir='ltr'><strong>in</strong></span> <span class='ocrx_word' id='word_1_869' title='bbox 3569 4808 3836 4856; x_wconf 81' lang='lat' dir='ltr'><strong>occursum</strong></span> 
     </span>
    </p>
   </div>
   <div class='ocr_carea' id='block_1_111' title="bbox 2190 4883 3841 4960">
    <p class='ocr_par' dir='ltr' id='par_1_111' title="bbox 2190 4883 3841 4960">
     <span class='ocr_line' id='line_1_111' title="bbox 2190 4883 3841 4960; baseline -0.004 -18"><span class='ocrx_word' id='word_1_870' title='bbox 2190 4887 2384 4960; x_wconf 77' lang='lat' dir='ltr'><strong>David,</strong></span> <span class='ocrx_word' id='word_1_871' title='bbox 2416 4885 2790 4960; x_wconf 12' lang='lat' dir='ltr'><strong>cuiiconcinit</strong></span> <span class='ocrx_word' id='word_1_872' title='bbox 2821 4884 2872 4940; x_wconf 88' lang='lat' dir='ltr'><strong>ei</strong></span> <span class='ocrx_word' id='word_1_873' title='bbox 2895 4885 3127 4960; x_wconf 66' lang='lat' dir='ltr'><strong>Graecus</strong></span> <span class='ocrx_word' id='word_1_874' title='bbox 3179 4886 3434 4942; x_wconf 87' lang='lat' dir='ltr'><strong>demum</strong></span> <span class='ocrx_word' id='word_1_875' title='bbox 3467 4888 3598 4960; x_wconf 88' lang='lat' dir='ltr'><strong>ipsa</strong></span> <span class='ocrx_word' id='word_1_876' title='bbox 3617 4883 3841 4960; x_wconf 81' lang='lat' dir='ltr'><strong>Vulgata</strong></span> 
     </span>
    </p>
   </div>
   <div class='ocr_carea' id='block_1_112' title="bbox 2189 4899 3841 5029">
    <p class='ocr_par' dir='ltr' id='par_1_112' title="bbox 2189 4899 3841 5029">
     <span class='ocr_line' id='line_1_112' title="bbox 2190 4899 3841 4960; baseline -0.002 -18"><span class='ocrx_word' id='word_1_877' title='bbox 2190 4899 2384 4954; x_wconf 77' lang='lat' dir='ltr'><strong>David,</strong></span> <span class='ocrx_word' id='word_1_878' title='bbox 2416 4902 2506 4942; x_wconf 79' lang='lat' dir='ltr'><strong>cui</strong></span> <span class='ocrx_word' id='word_1_879' title='bbox 2535 4899 2790 4942; x_wconf 78' lang='lat' dir='ltr'><strong>concmit</strong></span> <span class='ocrx_word' id='word_1_880' title='bbox 2821 4902 2872 4940; x_wconf 79' lang='lat' dir='ltr'><strong>ei</strong></span> <span class='ocrx_word' id='word_1_881' title='bbox 2895 4899 3127 4943; x_wconf 67' lang='lat' dir='ltr'><strong>Urecus</strong></span> <span class='ocrx_word' id='word_1_882' title='bbox 3179 4899 3434 4942; x_wconf 85' lang='lat' dir='ltr'><strong>demum</strong></span> <span class='ocrx_word' id='word_1_883' title='bbox 3467 4904 3598 4960; x_wconf 81' lang='lat' dir='ltr'><strong>ipsa</strong></span> <span class='ocrx_word' id='word_1_884' title='bbox 3624 4899 3719 4942; x_wconf 88' lang='lat' dir='ltr'><strong>vul</strong></span> <span class='ocrx_word' id='word_1_885' title='bbox 3791 4899 3841 4936; x_wconf 71' lang='lat' dir='ltr'><strong>ta</strong></span> 
     </span>
     <span class='ocr_line' id='line_1_113' title="bbox 2189 4899 3841 5029; baseline 0.004 -16"><span class='ocrx_word' id='word_1_886' title='bbox 2189 4957 2362 5014; x_wconf 90' lang='lat' dir='ltr'><strong>lectio</strong></span> <span class='ocrx_word' id='word_1_887' title='bbox 2414 4959 2611 5027; x_wconf 79' lang='lat' dir='ltr'><strong>verba,</strong></span> <span class='ocrx_word' id='word_1_888' title='bbox 2643 4961 2698 5012; x_wconf 82' lang='lat' dir='ltr'><strong>et</strong></span> <span class='ocrx_word' id='word_1_889' title='bbox 2744 4960 2990 5014; x_wconf 73' lang='lat' dir='ltr'><strong>surrexit</strong></span> <span class='ocrx_word' id='word_1_890' title='bbox 3037 4958 3284 5029; x_wconf 81' lang='lat' dir='ltr'><strong>obviam,</strong></span> <span class='ocrx_word' id='word_1_891' title='bbox 3320 4976 3445 5015; x_wconf 88' lang='lat' dir='ltr'><strong>non</strong></span> <span class='ocrx_word' id='word_1_892' title='bbox 3501 4960 3694 5017; x_wconf 89' lang='lat' dir='ltr'><strong>habet.</strong></span> <span class='ocrx_word' id='word_1_893' title='bbox 3725 4899 3841 5019; x_wconf 48' lang='grc' dir='ltr'><strong>ὄζω</strong></span> 
     </span>
    </p>
   </div>
   <div class='ocr_carea' id='block_1_113' title="bbox 2192 5028 3836 5101">
    <p class='ocr_par' dir='ltr' id='par_1_113' title="bbox 2192 5028 3836 5101">
     <span class='ocr_line' id='line_1_114' title="bbox 2192 5028 3836 5101; baseline -0.003 -16"><span class='ocrx_word' id='word_1_894' title='bbox 2192 5047 2327 5085; x_wconf 88' lang='lat' dir='ltr'><strong>cum</strong></span> <span class='ocrx_word' id='word_1_895' title='bbox 2385 5045 2576 5101; x_wconf 91' lang='lat' dir='ltr'><strong>neque</strong></span> <span class='ocrx_word' id='word_1_896' title='bbox 2626 5029 2684 5084; x_wconf 86' lang='lat' dir='ltr'><strong>in</strong></span> <span class='ocrx_word' id='word_1_897' title='bbox 2731 5029 3131 5085; x_wconf 85' lang='lat' dir='ltr'><strong>vetustissimo</strong></span> <span class='ocrx_word' id='word_1_898' title='bbox 3163 5028 3530 5101; x_wconf 10' lang='lat' dir='ltr'><strong>,Veronensi</strong></span> <span class='ocrx_word' id='word_1_899' title='bbox 3577 5046 3683 5086; x_wconf 92' lang='lat' dir='ltr'><strong>ms.</strong></span> <span class='ocrx_word' id='word_1_900' title='bbox 3714 5029 3836 5101; x_wconf 82' lang='lat' dir='ltr'><strong>sint,</strong></span> 
     </span>
    </p>
   </div>
   <div class='ocr_carea' id='block_1_114' title="bbox 2192 5098 3846 5170">
    <p class='ocr_par' dir='ltr' id='par_1_114' title="bbox 2192 5098 3846 5170">
     <span class='ocr_line' id='line_1_115' title="bbox 2192 5098 3846 5170; baseline -0.004 -14"><span class='ocrx_word' id='word_1_901' title='bbox 2192 5101 2394 5156; x_wconf 89' lang='lat' dir='ltr'><strong>malim</strong></span> <span class='ocrx_word' id='word_1_902' title='bbox 2428 5098 2740 5167; x_wconf 66' lang='lat' dir='ltr'><strong>aestimare,</strong></span> <span class='ocrx_word' id='word_1_903' title='bbox 2766 5117 2832 5156; x_wconf 87' lang='lat' dir='ltr'><strong>ea</strong></span> <span class='ocrx_word' id='word_1_904' title='bbox 2854 5117 2886 5156; x_wconf 90' lang='lat' dir='ltr'><strong>e</strong></span> <span class='ocrx_word' id='word_1_905' title='bbox 2916 5101 3129 5170; x_wconf 90' lang='lat' dir='ltr'><strong>quibus</strong></span> <span class='ocrx_word' id='word_1_906' title='bbox 3159 5100 3557 5159; x_wconf 72' lang='lat' dir='ltr'><strong>Martianaaus</strong></span> <span class='ocrx_word' id='word_1_907' title='bbox 3577 5098 3846 5158; x_wconf 75' lang='lat' dir='ltr'><strong>illaverba</strong></span> 
     </span>
    </p>
   </div>
   <div class='ocr_carea' id='block_1_115' title="bbox 2192 5171 3837 5250">
    <p class='ocr_par' dir='ltr' id='par_1_115' title="bbox 2192 5171 3837 5250">
     <span class='ocr_line' id='line_1_116' title="bbox 2192 5171 3837 5250; baseline -0.002 -21"><span class='ocrx_word' id='word_1_908' title='bbox 2192 5172 2832 5250; x_wconf 81' lang='lat' dir='ltr'><strong>excu_ssit,interpolata</strong></span> <span class='ocrx_word' id='word_1_909' title='bbox 2855 5189 3016 5250; x_wconf 84' lang='lat' dir='ltr'><strong>exem</strong></span> <span class='ocrx_word' id='word_1_910' title='bbox 3028 5171 3378 5250; x_wconf 55' lang='lat' dir='ltr'><strong>plagis,un</strong></span> <span class='ocrx_word' id='word_1_911' title='bbox 3410 5173 3837 5250; x_wconf 84' lang='lat' dir='ltr'><strong>scholion_mar_-</strong></span> 
     </span>
    </p>
   </div>
   <div class='ocr_carea' id='block_1_116' title="bbox 2191 5243 3843 5318">
    <p class='ocr_par' dir='ltr' id='par_1_116' title="bbox 2191 5243 3843 5318">
     <span class='ocr_line' id='line_1_117' title="bbox 2191 5243 3843 5318; baseline 0.005 -20"><span class='ocrx_word' id='word_1_912' title='bbox 2191 5243 2385 5318; x_wconf 76' lang='lat' dir='ltr'><strong>ginale</strong></span> <span class='ocrx_word' id='word_1_913' title='bbox 2407 5244 2481 5318; x_wconf 91' lang='lat' dir='ltr'><strong>in_</strong></span> <span class='ocrx_word' id='word_1_914' title='bbox 2499 5243 2722 5318; x_wconf 84' lang='lat' dir='ltr'><strong>textum</strong></span> <span class='ocrx_word' id='word_1_915' title='bbox 2751 5243 3210 5318; x_wconf 78' lang='lat' dir='ltr'><strong>receperint.Par</strong></span> <span class='ocrx_word' id='word_1_916' title='bbox 3231 5243 3466 5318; x_wconf 82' lang='lat' dir='ltr'><strong>quippe</strong></span> <span class='ocrx_word' id='word_1_917' title='bbox 3495 5249 3590 5302; x_wconf 89' lang='lat' dir='ltr'><strong>est</strong></span> <span class='ocrx_word' id='word_1_918' title='bbox 3614 5243 3843 5316; x_wconf 61' lang='lat' dir='ltr'><strong>opinari,</strong></span> 
     </span>
    </p>
   </div>
   <div class='ocr_carea' id='block_1_117' title="bbox 2189 5314 3850 5387">
    <p class='ocr_par' dir='ltr' id='par_1_117' title="bbox 2189 5314 3850 5387">
     <span class='ocr_line' id='line_1_118' title="bbox 2189 5314 3850 5387; baseline -0.003 -16"><span class='ocrx_word' id='word_1_919' title='bbox 2189 5314 2324 5372; x_wconf 78' lang='lat' dir='ltr'><strong>cum</strong></span> <span class='ocrx_word' id='word_1_920' title='bbox 2360 5315 2563 5371; x_wconf 88' lang='lat' dir='ltr'><strong>Latina</strong></span> <span class='ocrx_word' id='word_1_921' title='bbox 2596 5315 2793 5386; x_wconf 84' lang='lat' dir='ltr'><strong>verba,</strong></span> <span class='ocrx_word' id='word_1_922' title='bbox 2819 5314 3055 5386; x_wconf 46' lang='lat' dir='ltr'><strong>eo‘quod</strong></span> <span class='ocrx_word' id='word_1_923' title='bbox 3079 5314 3498 5387; x_wconf 50' lang='lat' dir='ltr'><strong>venissetfnon</strong></span> <span class='ocrx_word' id='word_1_924' title='bbox 3530 5314 3850 5374; x_wconf 76' lang='lat' dir='ltr'><strong>viderentur</strong></span> 
     </span>
    </p>
   </div>
   <div class='ocr_carea' id='block_1_118' title="bbox 2191 5387 3846 5492">
    <p class='ocr_par' dir='ltr' id='par_1_118' title="bbox 2191 5387 3846 5492">
     <span class='ocr_line' id='line_1_119' title="bbox 2191 5387 3846 5492; baseline -0.002 -34"><span class='ocrx_word' id='word_1_925' title='bbox 2191 5387 3114 5492; x_wconf 47' lang='lat' dir='ltr'><strong>Hebrmoﬁaﬁpbjreslpqndere,</strong></span> <span class='ocrx_word' id='word_1_926' title='bbox 3173 5405 3568 5492; x_wconf 40' lang='lat' dir='ltr'><strong>studiosum“</strong></span> <span class='ocrx_word' id='word_1_927' title='bbox 3609 5404 3846 5492; x_wconf 68' lang='lat' dir='ltr'><strong>aliquem</strong></span> 
     </span>
    </p>
   </div>
   <div class='ocr_carea' id='block_1_119' title="bbox 2190 5474 3845 5546">
    <p class='ocr_par' dir='ltr' id='par_1_119' title="bbox 2190 5474 3845 5546">
     <span class='ocr_line' id='line_1_120' title="bbox 2190 5474 3845 5546; baseline 0 -16"><span class='ocrx_word' id='word_1_928' title='bbox 2190 5474 2574 5546; x_wconf 90' lang='lat' dir='ltr'><strong>rescripsisse</strong></span> <span class='ocrx_word' id='word_1_929' title='bbox 2616 5474 2722 5546; x_wconf 43' lang='lat' dir='ltr'><strong>lad</strong></span> <span class='ocrx_word' id='word_1_930' title='bbox 2778 5474 2912 5546; x_wconf 88' lang='lat' dir='ltr'><strong>libri</strong></span> <span class='ocrx_word' id='word_1_931' title='bbox 2970 5474 3239 5546; x_wconf 60' lang='lat' dir='ltr'><strong>oram,“</strong></span> <span class='ocrx_word' id='word_1_932' title='bbox 3297 5479 3570 5535; x_wconf 66' lang='lat' dir='ltr'><strong>surrexit</strong></span> <span class='ocrx_word' id='word_1_933' title='bbox 3621 5474 3845 5539; x_wconf 77' lang='lat' dir='ltr'><strong>obviam,</strong></span> 
     </span>
    </p>
   </div>
   <div class='ocr_carea' id='block_1_120' title="bbox 2192 5545 3850 5693">
    <p class='ocr_par' dir='ltr' id='par_1_120' title="bbox 2192 5545 3850 5693">
     <span class='ocr_line' id='line_1_121' title="bbox 2193 5545 3850 5674; baseline -0.001 -71"><span class='ocrx_word' id='word_1_934' title='bbox 2193 5564 2323 5674; x_wconf 56' lang='lat' dir='ltr'><strong>qu:</strong></span> <span class='ocrx_word' id='word_1_935' title='bbox 2355 5545 2737 5674; x_wconf 58' lang='lat' dir='ltr'><strong>postmodum</strong></span> <span class='ocrx_word' id='word_1_936' title='bbox 2769 5563 2804 5604; x_wconf 90' lang='lat' dir='ltr'><strong>a</strong></span> <span class='ocrx_word' id='word_1_937' title='bbox 2831 5545 3090 5604; x_wconf 89' lang='lat' dir='ltr'><strong>librariis</strong></span> <span class='ocrx_word' id='word_1_938' title='bbox 3133 5545 3366 5605; x_wconf 78' lang='lat' dir='ltr'><strong>iuerint</strong></span> <span class='ocrx_word' id='word_1_939' title='bbox 3397 5550 3461 5606; x_wconf 88' lang='lat' dir='ltr'><strong>in</strong></span> <span class='ocrx_word' id='word_1_940' title='bbox 3493 5553 3717 5607; x_wconf 86' lang='lat' dir='ltr'><strong>textum</strong></span> <span class='ocrx_word' id='word_1_941' title='bbox 3748 5547 3850 5603; x_wconf 81' lang='lat' dir='ltr'><strong>im-</strong></span> 
     </span>
     <span class='ocr_line' id='line_1_122' title="bbox 2192 5636 2440 5693; baseline -0.012 -16"><span class='ocrx_word' id='word_1_942' title='bbox 2192 5636 2264 5693; x_wconf 87' lang='lat' dir='ltr'><strong>po</strong></span> <span class='ocrx_word' id='word_1_943' title='bbox 2323 5636 2355 5676; x_wconf 88' lang='lat' dir='ltr'><strong>a</strong></span> <span class='ocrx_word' id='word_1_944' title='bbox 2387 5637 2440 5676; x_wconf 86' lang='lat' dir='ltr'><strong>a.</strong></span> 
     </span>
    </p>
   </div>
  </div>
