3982 6178
170 389 258 443 649
1484 389 1695 442 LIBER
1733 391 1756 442 Ι

1877 391 2176 446 .MUELIS.

3423 401 3530 456 650

170 517 418 588 praecepta
439 510 543 567 tibi
575 511 700 583 [ηις.
724 515 864 566 tacet
884 509 1012 580 tibi]
1033 510 1316 568 dederim:
1344 529 1476 568 nam
1501 517 1558 569 et
1580 513 1776 584 pueris
1807 516 1858 583 Α
1891 515 1958 570 Et
1994 517 2232 588 reliquit
2282 535 2382 575 eos
2441 525 2574 577 ante
2631 523 2837 579 faciem
2872 525 3020 594 regis
3051 527 3220 583 Moab
3253 545 3267 584 :
3304 545 3530 586 manse-

174 603 369 660 condixi
390 603 443 656 in
466 600 634 657 illum
660 604 716 656 et
737 599 905 655 illum
929 599 1144 655 locum.
1169 600 1335 657 Nunc
1361 601 1541 673 igitur
1561 603 1610 658 si
1636 603 1775 674 quid

170 694 325 750 habes
353 691 420 746 ad
452 705 717 756 manum,
740 688 827 744 vel
859 689 1121 761 quinque
1145 706 1343 759 panes,
1376 691 1450 745 da
1480 690 1646 747 mihi.
1677 698 1778 747 aut

172 780 419 855 quidquid
444 778 760 834 inveneris.
791 778 860 833 Et
892 779 1252 850 respondens
1283 781 1773 851 sacerdoszbavid,

169 874 236 927 ait
259 889 269 926 :
291 869 406 925 Non
432 869 612 924 habeo
636 885 814 940 panes
837 867 1016 923 laicos
1031 869 1101 923 ad
1127 885 1392 934 manum,
1418 870 1517 924 sed
1546 875 1774 925 tantum

166 977 345 1033 panem
375 963 643 1014 sanctum
681 973 693 1011 :
728 957 778 1012 si
810 957 1014 1011 mundi
1055 962 1194 1012 sunt
1240 958 1426 1029 pueri,
1461 959 1713 1014 maxime
1745 976 1778 1014 a

164 1047 481 1106 mulieribus
497 1051 617 1113 (me.
654 1045 957 1114 muliere)?
979 1045 1046 1101 Et
1061 1047 1363 1118 respondit
1385 1047 1562 1103 David
1579 1064 1775 1103 sacer-

162 1141 282 1208 doti,
311 1143 364 1194 et
407 1137 554 1192 dixit
583 1136 636 1192 ei
667 1152 678 1190 :
716 1135 1000 1206 Equidem
1026 1135 1072 1190 si
1098 1137 1168 1190 de
1189 1136 1536 1193 mulieribus
1558 1137 1776 1209 agitur,

160 1227 531 1285 continuimus
564 1242 671 1280 nos
703 1225 774 1280 ab
806 1223 930 1280 heri
963 1233 1016 1278 et
1058 1225 1514 1295 nudiustertius,
1540 1227 1775 1296 quando

159 1317 598 1390 egrediebamur,
621 1319 678 1369 et
708 1314 944 1368 fuerunt
977 1330 1125 1377 vasa
1177 1329 1494 1385 puerorum
1547 1321 1772 1371 sancta.

158 1406 308 1463 Porro
336 1406 424 1461 via
458 1405 576 1460 haec
609 1403 830 1475 polluta
888 1408 977 1459 est
1005 1402 1084 1473 [b.
1121 1403 1213 1458 via
1242 1403 1390 1459 laica
1434 1409 1557 1476 est],
1593 1406 1691 1460 sed
1722 1410 1779 1460 et

158 1499 264 1569 ipsa
285 1496 450 1552 hodie
492 1493 1041 1550 sanctiﬁcabiturin
1089 1492 1267 1548 vasis.
1305 1493 1474 1548 Dedit
1533 1511 1669 1565 ergo
1722 1495 1772 1550 ei

155 1585 398 1642 sacerdos
415 1582 848 1639 sanctiﬁcatum
867 1597 1099 1654 panem.
1117 1585 1315 1655 Neque
1331 1583 1487 1638 enim
1514 1583 1595 1654 [b.
1615 1585 1778 1640 Dedit

156 1693 268 1746 ergo
297 1676 343 1730 ei
377 1674 653 1729 secerdos
676 1671 1062 1727 sanctitatem.
1106 1671 1303 1742 Neque
1333 1671 1512 1742 enim]
1542 1678 1665 1728 erat
1696 1673 1772 1728 ibi

155 1765 319 1838 panis,
352 1763 471 1818 nisi
499 1766 726 1816 tantum
753 1776 930 1831 panes
964 1759 1401 1832 propositionis,
1436 1762 1534 1832 qui
1559 1761 1774 1817 sublati

152 1857 356 1910 fuerant
386 1870 417 1907 a
453 1852 598 1907 facie
633 1851 880 1914 Domini,
915 1856 978 1904 ut
1008 1854 1364 1921 ponerentur
1392 1867 1572 1921 panes
1602 1851 1772 1906 calidi

150 1944 265 1998 Erat
291 1949 489 1997 autem
522 1941 601 1994 ibi
631 1939 865 2011 quidem
890 1945 1014 2012 [γης.
1048 1942 1183 1994 tacet
1233 1939 1559 2012 quidpiam]
1591 1939 1677 1995 vir
1698 1941 1768 1995 de

149 2033 308 2088 servis
335 2030 556 2086 Saulin
588 2030 680 2084 die
712 2029 832 2094 illa,
867 2029 1024 2083 intus
1046 2026 1104 2081 in
1136 2028 1513 2084 tabernaculo
1536 2029 1766 2084 Domini

150 2122 429 2192 (obligatus
471 2120 529 2174 in
546 2121 858 2190 conspectu
875 2117 1105 2172 Domini
1131 2135 1143 2172 :
1161 2123 1216 2172 et
1230 2133 1438 2172 nomen
1455 2119 1583 2188 ejus
1616 2123 1770 2190 Doeg

147 2213 433 2275 ldumzeus,
447 2208 900 2280 potentissimus
914 2211 1208 2277 pastorum
1227 2206 1386 2260 Saul.
1405 2206 1765 2262 Dixitautem

144 2300 292 2354 David
324 2299 390 2354 ad
464 2295 833 2352 Achimeleoh
868 2295 964 2350 :Si
1014 2295 1194 2350 habes
1252 2294 1346 2350 hic
1394 2297 1464 2350 ad
1523 2312 1763 2352 manum

142 2389 365 2453 hastam,
398 2392 512 2442 aut
541 2384 987 2457 gladium?quia
1004 2382 1266 2454 gladium
1287 2399 1484 2438 meum
1517 2387 1572 2438 et
1601 2401 1766 2439 arma

141 2494 248 2532 mea
268 2494 374 2532 non
391 2474 808 2542 tulitmecum,
832 2487 1024 2527 sermo
1046 2472 1200 2527 enim
1227 2472 1380 2542 regis
1405 2474 1664 2542 urgebat.
1698 2473 1766 2528 Et

137 2566 260 2621 dixit
287 2564 572 2622 sacerdos
603 2580 617 2618 :
643 2563 785 2617 Ecce
817 2563 832 2596 ¹
865 2560 1096 2631 gladius
1133 2559 1363 2616 Goliath
1423 2561 1763 2630 Philisthaei,

137 2671 286 2725 quem
320 2651 669 2726 percussisti
701 2651 760 2706 iu
792 2649 936 2705 vallo
967 2650 1326 2718 Terehinthi,
1350 2653 1439 2706 est
1467 2650 1765 2706 involutus

131 2743 281 2815 pallio
313 2749 448 2814 post
486 2740 708 2812 ephod:
742 2738 983 2794 siistum
1016 2738 1102 2793 vis
1126 2738 1350 2805 tollere,
1377 2738 1533 2794 tolle.
1559 2738 1756 2810 Neque

133 2834 264 2889 enim
293 2837 380 2888 est
409 2832 513 2886 hic
548 2829 698 2888 alius
745 2830 968 2900 absque
1025 2844 1111 2883 eo.
1148 2829 1215 2882 Et
1245 2828 1324 2883 ait
1355 2829 1573 2884 David:
1638 2829 1762 2884 Non

129 2934 197 2977 est
224 2921 351 2977 huic
377 2921 532 2976 alter
563 2918 804 2984 similis,
849 2918 923 2972 da
955 2917 1100 2971 mihi
1147 2934 1304 2973 eum.
1347 2919 1606 2973 Surrexit
1653 2919 1760 2974 ita-

131 3027 226 3080 que
253 3011 452 3075 David,
488 3014 552 3065 et
581 3007 728 3079 fugit
758 3007 814 3060 in
849 3006 942 3062 die
973 3004 1121 3061 illaa
1143 3007 1287 3062 facie
1307 3006 1469 3074 Saul,
1499 3013 1557 3062 et
1585 3009 1762 3079 venit,

128 3101 185 3154 ad
238 3099 402 3156 Achis
463 3113 666 3168 regem
725 3096 926 3154 Geth:
978 3095 1361 3166 dixeruntque
1447 3097 1499 3152 ei
1539 3097 1559 3131 ²
1613 3096 1764 3152 servi

1889 610 2143 678 runtque
2166 609 2319 678 apud
2352 626 2485 664 eum
2547 613 2774 668 cunctis
2804 614 3035 681 diebus,
3084 617 3301 688 quibus
3350 618 3530 674 David

1885 693 1996 748 fuit
2027 695 2084 750 in
2121 697 2415 767 praesidio,
2443 699 2714 771 Dixitque
2744 701 2864 758 Gad
2897 705 3180 777 propheta
3208 707 3279 762 ad
3315 707 3488 764 David
3516 726 3530 764 :

1886 783 2013 839 Noli
2047 801 2278 841 manere
2310 786 2366 840 in
2428 789 2718 859 praesidio.
2765 792 3156 863 proficiscere,
3188 801 3245 850 et
3297 798 3439 852 vade
3471 797 3530 852 in

1882 877 2100 928 terram
2132 873 2304 928 Juda.
2338 876 2408 930 Et
2465 877 2756 948 profectus
2804 880 2980 936 David
3013 883 3170 938 venit
3199 883 3255 938 in
3314 885 3531 940 saltum

1886 961 2121 1017 Hareth.
2157 964 2225 1018 Et
2255 965 2479 1020 audivit
2506 967 2643 1022 Saul
2677 970 2831 1038 quod
2864 972 3228 1041 apparuisset
3247 974 3449 1043 David,
3477 981 3534 1030 et

1883 1050 1989 1106 viri
2014 1052 2114 1123 qui
2147 1059 2314 1109 erant
2344 1070 2476 1110 cum
2507 1071 2595 1112 eo.
2628 1057 2767 1112 Saul
2791 1062 2988 1114 autem
3013 1076 3144 1116 cum
3170 1067 3433 1118 maneret
3469 1065 3530 1119 in

1885 1140 2101 1209 Gabaa,
2158 1147 2215 1196 et
2266 1149 2422 1198 esset
2471 1143 2529 1199 in
2589 1161 2827 1201 nemore
2886 1149 3042 1218 quod
3091 1153 3182 1204 est
3237 1150 3293 1204 in
3328 1155 3511 1208 Rama

1889 1228 2116 1284 hastam
2153 1248 2330 1286 manu
2366 1237 2595 1298 tenens,
2657 1236 2970 1307 cunctique
3000 1240 3151 1292 servi
3181 1238 3202 1273 ³
3231 1239 3360 1310 ejus
3417 1241 3532 1296 cir-

1885 1324 2249 1374 cumstarent
2273 1337 2431 1389 eum,
2456 1322 2538 1376 ait
2581 1325 2652 1378 ad
2687 1339 2884 1380 servos
2930 1341 3090 1382 suos.
3143 1326 3239 1396 qui
3299 1328 3536 1384 assiste-

1885 1407 2026 1461 bant
2055 1407 2105 1462 ei
2141 1424 2154 1463 :
2188 1409 2400 1464 Audite
2436 1411 2594 1482 (Vulg
2653 1413 2796 1468 add.
2860 1419 3055 1484 nunc),
3112 1414 3216 1469 filii
3265 1418 3482 1472 Jemini
3518 1436 3532 1474 :

1886 1497 2151 1567 nunquid
2187 1499 2463 1554 omnibus
2496 1501 2661 1557 vobis
2709 1503 2870 1557 dabit
2915 1496 3073 1560 filius
3132 1505 3243 1559 lsai
3275 1521 3447 1578 agros
3478 1511 3535 1562 et

1883 1585 2107 1651 vineas,
2141 1591 2198 1640 et
2230 1588 2530 1643 universos
2562 1606 2661 1645 vos
2725 1591 2894 1646 faciet
2923 1592 3190 1649 tribunos
3218 1599 3276 1649 et
3332 1601 3534 1650 centu-

1888 1675 2103 1741 riones,
2137 1676 2416 1747 quoniam
2439 1678 2796 1749 conjurastis
2827 1697 3032 1737 omnes
3072 1683 3382 1739 adversum
3418 1701 3532 1752 me,

1884 1770 1940 1820 et
1971 1781 2083 1818 non
2118 1766 2333 1837 estqui
2362 1765 2503 1821 mihi
2529 1769 2843 1834 renuntiet,
2870 1772 3120 1827 maxime
3143 1788 3272 1828 cum
3293 1781 3344 1828 et
3375 1772 3534 1830 filius

1887 1869 2054 1908 meus
2087 1853 2274 1908 fmdus
2332 1854 2582 1909 inierit‘
2611 1873 2744 1911 cum
2799 1857 2915 1914 lilio
2942 1859 3051 1914 [sai
3078 1863 3100 1914 P
3125 1864 3248 1916 Non
3283 1865 3374 1916 est
3429 1863 3530 1934 qui

1883 1942 2066 1996 vicem
2104 1959 2292 1997 meam
2343 1942 2534 1998 doleat
2566 1961 2634 2000 ex
2681 1947 2870 2014 vobis,
2921 1964 3024 2004 nec
3069 1950 3167 2020 qui
3219 1952 3531 2006 annuntiat

1879 2029 2046 2085 mihi:
2065 2047 2131 2086 eo
2155 2033 2310 2102 quod
2329 2032 2696 2089 suscitaverit
2714 2033 2874 2091 ﬁlius
2898 2053 3060 2093 meus
3079 2053 3312 2093 servum
3329 2055 3528 2095 meum

1876 2119 2187 2175 adversum
2212 2121 2711 2188 me,insidiantem
2729 2124 2874 2179 mihi
2890 2142 3077 2196 usque
3093 2126 3264 2182 hodie
3279 2128 3524 2200 (h.sicut

1876 2206 2094 2278 hodie).
2129 2208 2509 2278 Respondeas
2527 2215 2721 2266 autem
2749 2217 2901 2284 Doeg
2924 2215 3345 2287 Idumisus,qui
3375 2218 3520 2273 assi-

1875 2297 2086 2361 stebat,
2118 2301 2175 2351 et
2205 2307 2326 2352 erat
2385 2297 2613 2369 primus
2668 2299 2818 2355 inter
2867 2318 3064 2357 servos
3093 2303 3226 2358 Saul
3277 2304 3358 2375 (h.
3423 2306 3526 2376 qui

1876 2385 2195 2440 assistebat
2226 2401 2362 2440 cum
2379 2386 2560 2442 servis
2579 2387 2742 2458 Saul)
2766 2405 2784 2442 :
2799 2390 2952 2458 Vidi,
2971 2390 3186 2462 inquit,
3203 2391 3391 2448 filium
3415 2394 3529 2449 Isai

1876 2474 1936 2528 In
1969 2474 2150 2543 Nobe,
2182 2476 2333 2545 apud
2362 2475 2735 2532 Achimelech
2763 2478 2947 2534 filium
2981 2479 3358 2554 Ahitob(l’ulg
3388 2482 3526 2540 add.

1877 2563 2283 2634 sacerdotem).
2329 2564 2435 2628 Qui
2495 2567 2751 2621 consulit
2798 2585 2901 2638 pro
2961 2586 3026 2624 eo
3086 2571 3421 2637 Dominum,
3471 2576 3528 2628 et

1873 2650 2094 2706 cibaria
2127 2653 2287 2706 dedit
2317 2652 2405 2708 ei:
2431 2655 2532 2708 sed
2564 2660 2621 2709 et
2650 2655 2913 2726 gladium
2946 2657 3174 2713 Goliath
3196 2659 3521 2716 Philistbrei

1873 2739 2319 2796 deditilli.Misit
2340 2758 2476 2813 ergo
2501 2759 2598 2798 rex
2619 2745 2689 2798 ad
2715 2749 3129 2801 accersendum
3152 2747 3520 2804 Acbimelecb

1874 2827 2065 2882 filium
2097 2828 2310 2884 Ahitob
2337 2832 2792 2898 sacerdotem,et
2821 2850 3051 2890 omnem
3078 2836 3317 2890 domum
3344 2838 3530 2908 patris

1873 2918 2002 2987 ejus
2035 2919 2428 2989 sacerdotum,
2460 2921 2560 2991 qui
2592 2927 2758 2976 erant
2787 2923 2846 2977 in
2879 2923 3055 2990 Nobe,
3107 2923 3202 2994 qui
3234 2931 3534 2980 venerunt

1876 3006 2132 3061 universi
2167 3009 2236 3062 ad
2271 3025 2486 3080 regem.
2520 3013 2584 3063 Et
2619 3010 2700 3064 ait
2727 3011 2864 3065 Saul
2895 3012 3052 3082 (Vulg
3075 3012 3199 3067 add.
3243 3014 3314 3068 ad
3346 3013 3519 3069 Achi-

1875 3094 2160 3166 melech):
2219 3095 2384 3165 Audi,
2419 3097 2768 3154 ﬁliiAhitob.
2801 3099 2907 3162 Qui
2933 3102 3235 3172 respondit
3260 3118 3271 3156 :
3299 3106 3518 3159 Praesto

128 3189 273 3245 Achis
303 3207 320 3244 :
351 3187 642 3259 Nunquid
700 3201 813 3240 non
875 3185 980 3240 iste
1037 3189 1125 3239 est
1182 3184 1362 3240 David
1396 3201 1494 3240 rex
1543 3190 1708 3240 terra:
1738 3186 1765 3240 ?
1798 3253 1830 3259 _
1876 3200 2033 3254 sum,
2067 3185 2319 3240 domine.
2356 3185 2624 3257 Dixitque
2657 3188 2726 3243 ad
2763 3205 2897 3244 eum
2930 3189 3106 3245 Saul:
3143 3192 3331 3256 Quare
3379 3208 3524 3247 con-

127 3294 294 3334 nonne
324 3277 464 3332 huic
498 3253 821 3330 cantabant
852 3290 954 3346 per
1011 3273 1239 3340 choros,
1273 3273 1534 3330 dicentes
1571 3292 1584 3330 :
1621 3275 1748 3330 Per-
1787 3253 1831 3320 α
1863 3253 2214 3343 jurastis(b.
2269 3253 2618 3348 rebellastis)
2674 3278 2983 3334 adversum
3020 3296 3132 3347 me,
3165 3253 3226 3335 tu
3281 3287 3338 3336 et
3358 3280 3518 3338 filius

125 3368 288 3422 cussit
315 3366 458 3422 Saul
495 3363 684 3432 mille,
714 3368 771 3418 et
791 3361 970 3418 David
996 3363 1193 3450 decem
1219 3361 1406 3417 millia
1430 3363 1456 3416 ?
1481 3363 1568 3434 [T.
1603 3363 1757 3434 l.Xl.]

128 3458 302 3510 Posuit
333 3460 540 3510 autem
573 3451 748 3507 David
773 3467 1072 3506 sermones
1105 3451 1258 3506 istus
1292 3451 1350 3506 in
1383 3452 1555 3507 corde
1580 3469 1685 3507 suo
1708 3458 1763 3509 et

125 3546 367 3601 extimuit
398 3543 576 3599 valde
603 3559 636 3596 a
668 3540 812 3596 facie
840 3539 1014 3595 Achis
1048 3541 1202 3611 regis
1240 3540 1404 3595 Geth.
1441 3542 1510 3596 Et
1537 3541 1758 3596 immu-

131 3633 247 3688 tavit
273 3652 336 3689 os
377 3648 565 3688 suum
598 3646 791 3685 coram
814 3629 918 3698 eis,
952 3634 1008 3684 et
1039 3628 1608 3685 collabebaturinter
1639 3647 1760 3685 ma-

129 3739 219 3776 nus
247 3739 478 3792 eorum,
515 3726 575 3776 et
607 3719 969 3790 impingebat
998 3718 1056 3772 in
1103 3719 1255 3773 ostia
1311 3723 1508 3789 portas,
1544 3719 1763 3775 deﬂue-

129 3810 362 3883 bantque
393 3811 598 3866 saliva
647 3809 776 3879 ejus
808 3812 866 3863 in
893 3807 1157 3861 barbam.
1207 3807 1277 3862 Et
1329 3808 1411 3862 ait
1465 3807 1635 3863 Acbis
1687 3810 1758 3864 ad

123 3916 293 3956 servos
314 3916 503 3954 suos:
569 3897 802 3952 Vidistis
859 3894 1157 3950 hominem
1216 3895 1532 3951 insanum:
1581 3914 1760 3968 quare

125 3989 436 4044 adduxistis
470 4003 612 4043 eum
645 3987 716 4040 ad
769 4001 861 4040 me
890 3987 918 4038 Ἰ
948 3992 1035 4038 An
1087 3985 1301 4040 desunt
1332 3985 1500 4040 nobis
1533 3985 1758 4054 furiosi,

124 4079 254 4146 quod
287 4074 710 4133 introduxistis
740 4073 940 4138 istum,
975 4077 1038 4128 ut
1070 4073 1284 4128 fureret
1314 4089 1407 4128 me
1433 4074 1762 4145 praesente?

124 4164 323 4221 hiccine
350 4164 730 4236 ingredietur
757 4161 998 4216 domum
1024 4177 1213 4216 meam
1238 4161 1265 4215 ‘2

179 4255 255 4327 [Τ.
279 4255 451 4324 LXII,
489 4253 622 4321 Cap.
655 4251 854 4319 XXll.]
913 4250 1069 4305 Abiit
1109 4266 1244 4321 ergo
1272 4249 1408 4305 inde
1466 4251 1666 4318 David,
1702 4257 1759 4308 et

119 4343 247 4414 fugit
272 4346 349 4417 [b.
377 4342 596 4413 evasit]
615 4341 672 4395 in
690 4340 1030 4413 speluncam
1051 4338 1314 4394 Odollam
1341 4339 1414 4406 [b.
1437 4340 1754 4415 Adullam].

114 4434 252 4495 Quod
285 4450 421 4489 cum
459 4431 773 4487 audissent
815 4430 1020 4484 fratres
1051 4429 1200 4499 ejus,
1233 4433 1289 4484 et
1319 4428 1513 4484 omnis
1543 4429 1756 4488 domus

116 4522 272 4587 patris
303 4523 464 4592 ejus,
504 4518 936 4573 descenderunt
965 4517 1035 4572 ad
1061 4532 1194 4572 eum
1223 4515 1381 4571 illuc.
1409 4517 1473 4572 Et
1504 4534 1755 4575 conven-

1871 3363 2006 3426 Isai,
2038 3368 2094 3417 et
2125 3363 2339 3419 dedisti
2371 3364 2422 3420 ei
2457 3381 2635 3436 panes
2667 3371 2725 3421 et
2753 3366 3039 3438 gladium,
3081 3374 3138 3423 et
3167 3369 3517 3426 consuluisti

1871 3468 1974 3524 pro
2006 3468 2071 3506 eo
2103 3451 2310 3522 Deum,
2341 3458 2403 3506 ut
2454 3460 2836 3526 consurgeret
2857 3457 3165 3512 adversum
3198 3476 3323 3526 me,
3379 3459 3522 3516 insi-

1870 3542 2064 3596 diator
2094 3559 2280 3613 usque
2306 3542 2480 3598 hodie
2510 3543 2588 3613 (h.
2624 3543 2934 3600 insidiator
2974 3545 3130 3600 sicut
3159 3546 3357 3618 hodie)
3390 3565 3522 3620 per-

1870 3630 2164 3686 manens?
2197 3631 2695 3703 Respondensque
2724 3633 3094 3689 Achimelech
3114 3635 3258 3706 regi,
3290 3636 3370 3692 ait
3403 3653 3416 3691 :
3453 3639 3522 3693 Et

1870 3718 2004 3790 quis
2035 3719 2092 3772 in
2119 3720 2395 3775 omnibus
2427 3721 2610 3775 servis
2639 3722 2780 3788 tuis,
2815 3723 2968 3777 sicut
2999 3723 3182 3778 David
3217 3723 3430 3795 fidelis,
3463 3730 3520 3780 et

1867 3821 2046 3877 gener
2060 3805 2233 3876 regis,
2261 3814 2312 3860 et
2332 3822 2578 3878 pergens
2601 3808 2998 3880 adimperiurn
3023 3815 3285 3879 tuum,et
3303 3810 3516 3882 glorio-

1868 3893 2041 3948 susin
2062 3894 2232 3949 domo
2250 3895 2392 3949 tua?
2418 3895 2568 3952 Num
2614 3895 2786 3951 hodie
2807 3897 2951 3968 coepi
2975 3899 3281 3954 consulere
3327 3916 3429 3970 pro
3452 3917 3519 3956 eo

1870 3981 2088 4037 Deum?
2118 3983 2271 4037 absit
2303 3983 2409 4038 hoc
2433 4001 2466 4038 a
2497 4001 2610 4053 me,
2641 4001 2712 4039 ne
2741 3985 3074 4056 suspicetur
3108 4003 3208 4040 rex
3238 3987 3517 4044 adversus

1867 4087 2098 4126 servum
2131 4087 2304 4127 suum
2335 4088 2457 4127 rem
2481 4073 2912 4143 hujuscemodi,
2949 4074 3008 4129 in
3041 4075 3313 4130 universa
3343 4077 3516 4132 domo

1867 4160 2050 4232 patris
2084 4161 2194 4214 mei
2223 4179 2236 4227 ;
2273 4178 2385 4215 non
2418 4161 2572 4216 enim
2607 4163 2774 4216 scivit
2804 4178 3008 4218 servus
3049 4169 3186 4219 tuus
3212 4165 3514 4236 quidpiam

1865 4266 2042 4321 super
2074 4249 2182 4304 hoc
2215 4251 2467 4320 negotio,
2500 4249 2586 4305 vel
2619 4251 2915 4306 modicum
2940 4251 3025 4307 vel
3057 4255 3295 4323 grande.
3332 4254 3511 4310 Dixit-

1865 4354 1978 4409 que
2009 4354 2144 4392 rex:
2171 4338 2350 4393 Morte
2373 4338 2663 4406 morieris,
2708 4338 3106 4411 Achimelecb,
3131 4345 3214 4409 tu,
3245 4346 3301 4398 et
3323 4344 3513 4398 omnis

1866 4428 2075 4482 domus
2111 4427 2293 4497 patris
2324 4427 2430 4482 tui.
2451 4428 2520 4482 Et
2541 4427 2621 4483 ait
2650 4445 2749 4483 rex
2770 4429 3110 4497 emissariis,
3141 4431 3238 4502 qui
3266 4431 3514 4487 circum-

1865 4516 2273 4571 stabanteum:
2292 4517 2733 4588 Convertimini,
2757 4523 2814 4573 et
2849 4518 3158 4575 interﬁcite
3181 4521 3513 4576 sacerdotes

114 4616 306 4665 nerunt
334 4610 408 4665 ad
445 4623 589 4663 eum
635 4623 840 4661 omnes
873 4605 970 4677 qui
1003 4608 1168 4660 erant
1200 4606 1257 4660 in
1318 4607 1586 4678 angustia
1617 4625 1754 4664 con-
1787 4633 1836 4695 Ι)
1868 4605 2134 4673 Domini;
2171 4621 2304 4660 nam
2331 4623 2543 4661 manus
2565 4622 2764 4662 eorum
2789 4623 2920 4662 cum
2951 4609 3131 4663 David
3155 4613 3246 4664 est
3277 4625 3292 4664 :
3325 4609 3518 4665 scien-

118 4697 313 4766 stituti,
347 4705 407 4753 et
441 4695 715 4769 oppressi
747 4711 856 4750 aere
885 4693 1096 4760 alieno,
1119 4699 1176 4749 et
1222 4711 1416 4751 amaro
1453 4698 1671 4767 animo,
1703 4706 1760 4754 et
1789 4693 1817 4695 i
1868 4700 1957 4752 tes
1981 4695 2135 4766 quod
2165 4695 2426 4766 fugisset,
2454 4693 3166 4753 nonindicaveruntmihi.
3191 4698 3520 4754 Noluerunt

113 4783 283 4844 factus
313 4794 405 4844 est
427 4803 638 4843 eorum
668 4785 957 4856 princeps,
977 4785 1330 4856 fueruntque
1352 4801 1482 4840 eum
1499 4803 1564 4841 eo
1588 4788 1756 4858 quasi

115 4875 518 4950 quadringenti
545 4873 671 4928 viri.
721 4877 790 4928 Et
819 4873 1114 4944 profectus
1159 4879 1248 4928 est
1297 4873 1479 4930 David
1531 4875 1667 4932 inde
1698 4879 1756 4932 in

117 4964 357 5038 Maspha,
394 4978 530 5036 qua?
551 4967 630 5018 est
662 4961 738 5029 (h.
803 4978 917 5016 non
950 4961 1148 5032 habet)
1177 4963 1368 5030 Moab,
1421 4969 1478 5019 et
1509 4965 1653 5020 dixit
1686 4967 1755 5021 ad

116 5066 285 5120 regem
313 5054 494 5110 Moab
531 5051 820 5119 :Maneat,
853 5065 977 5116 oro,
1034 5059 1196 5121 pater
1251 5067 1416 5107 meus
1461 5058 1518 5109 et
1575 5059 1760 5111 mater

117 5153 229 5196 mea
257 5141 600 5210 vobiscum,
624 5141 807 5195 donec
829 5138 1010 5194 sciam
1045 5138 1188 5210 quid
1212 5139 1388 5197 faciat
1410 5141 1558 5198 mihi
1578 5149 1756 5200 Deus.

173 5302 198 5375 ¹Α
220 5301 327 5356 Ms.
362 5305 846 5375 Veronens.non_
878 5299 1058 5375 habet
1087 5301 1240 5375 Ecce,
1275 5302 1428 5372 quod
1481 5320 1668 5375 neque
1697 5304 1756 5360 in

116 5369 336 5429 Hebraeo
412 5377 568 5444 est.“
616 5373 848 5444 Vulgati
910 5371 1084 5444 plus
1134 5369 1372 5444 habent,
1449 5369 1589 5430 Ecce
1650 5377 1758 5431 hic.

170 5443 189 5476 ³
230 5446 478 5499 Addunt
525 5443 755 5514 Vulgati
791 5443 941 5498 libri
975 5443 1168 5506 verba,
1206 5443 1277 5498 ad
1297 5461 1420 5500 eum
1450 5464 1572 5502 cum
1596 5447 1764 5502 vidis-

114 5521 218 5591 sent
248 5516 449 5585 David,
481 5531 607 5591 quae
639 5531 828 5586 neque
861 5514 1037 5569 Hebr.
1071 5519 1288 5580 textus,
1348 5534 1452 5572 nec
1479 5519 1762 5591 Hierony-

117 5588 304 5658 mianize
333 5587 633 5643 versionis
665 5603 811 5642 mss.
847 5596 1197 5658 agnoscunt.

174 5658 194 5689 ⁸
221 5657 550 5729 Veronens.
579 5659 706 5714 cod.
731 5657 988 5728 ipsaeque
1020 5657 1384 5729 Capitulares
1403 5659 1757 5727 menbranae,

118 5730 236 5782 socii
273 5728 488 5801 legunt
523 5746 624 5799 pao
675 5729 838 5797 servi,
879 5728 1120 5785 Hebraeo
1172 5736 1369 5786 tamen
1419 5737 1575 5786 textu
1600 5741 1761 5799 1H2?

422 5848 684 5911 Paraoa.
733 5844 1002 5909 XXVIll.

1870 4789 2063 4840 autem
2096 4783 2244 4839 servi
2277 4783 2430 4855 regis
2451 4784 2758 4840 extendere
2776 4801 3017 4841 manum
3039 4802 3207 4842 suam
3232 4787 3290 4842 in
3322 4803 3518 4844 sacer-

1872 4873 2035 4928 dotes
2066 4871 2322 4927 Domini.
2384 4875 2451 4926 Et
2481 4872 2564 4927 ait
2615 4889 2714 4928 rex
2745 4877 2897 4945 Doeg
2929 4889 2942 4927 :
3004 4874 3282 4931 Converte
3313 4881 3398 4944 tu,
3458 4881 3514 4932 et

1871 4961 2028 5016 irrue
2050 4961 2108 5016 in
2125 4961 2480 5016 sacerdotes.
2507 4962 2596 5022 (Τ.
2623 4962 2842 5028 LXIII.)
2889 4963 3329 5037 Conversusque
3359 4971 3514 5034 Doeg

1868 5051 2157 5106 Idumaeas
2181 5051 2224 5119 ⁸,
2246 5049 2487 5105 irruitin
2511 5052 2862 5122 sacerdotes,
2891 5057 2950 5108 et
2974 5053 3288 5110 trucidavit
3330 5054 3389 5108 in
3420 5053 3516 5108 die

1869 5139 1970 5196 illa
1997 5138 2562 5210 octogintaquinque
2588 5139 2746 5196 viros
2775 5140 3015 5198 vestitos
3066 5142 3254 5215 ephod
3294 5141 3447 5197 lineo
3496 5141 3517 5175 θ

1870 5319 1985 5357 non
2011 5298 2386 5355 assentiente.

1940 5373 2143 5427 ‘lidem
2175 5387 2344 5436 mas.,
2375 5370 2566 5426 Fwdu:
2585 5371 2876 5443 junxeril,
2913 5377 3021 5428 etc.

1942 5446 1963 5479 ⁸
1995 5445 2054 5498 In
2076 5460 2185 5498 ms.
2211 5442 2554 5499 Veronensi.
2604 5445 2760 5499 υσεδ.
2785 5445 2939 5499 quod
2973 5441 3150 5498 Graeci
3175 5441 3489 5499 praeferunt

1942 5446 1963 5479 ⁸
1995 5445 2054 5498 In
2076 5460 2185 5498 ms.
2211 5445 2554 5512 Veronensi,
2604 5445 2760 5514 Doec,
2785 5445 2939 5514 quod
2973 5445 3150 5498 Graeci
3175 5445 3510 5513 praeferunt,

1871 5533 1938 5570 ex
1971 5515 2158 5595 iisque
2183 5519 2411 5595 veteres
2450 5515 2833 5595 Latipi,_quin
2861 5521 2930 5595 et‘
2958 5515 3082 5595 ipse
3114 5513 3518 5595 Hieronymus,

1873 5588 2041 5660 epist.
2069 5584 2146 5641 ad
2175 5586 2490 5641 Marcellam
2521 5587 2612 5654 29,
2643 5584 2720 5641 de
2745 5584 2931 5656 ephod
2966 5590 3022 5638 et
3069 5584 3380 5666 teraphim.

1939 5661 1961 5693 ³
1996 5663 2055 5710 In
2089 5656 2332 5710 epistola
2373 5657 2710 5710 Hieronvmi
2743 5673 2898 5710 nunc
2950 5656 3071 5710 130.
3097 5671 3225 5710 quae
3256 5672 3312 5710 in
3374 5672 3522 5709 nova

1909 5656 1961 5693 ’³
1994 5663 2055 5715 Ῐῐὶ
2089 5656 2332 5729 epistola
2373 5657 2710 5728 Hieronymi
2743 5673 2898 5710 nunc
2950 5656 3071 5721 130,
3097 5671 3225 5725 quae
3256 5656 3312 5710 in
3374 5672 3517 5709 nova

1870 5731 2126 5787 editione
2158 5745 2270 5783 non
2313 5729 2429 5796 130,
2464 5728 2562 5781 sed
2595 5731 2648 5792 8,
2681 5732 2950 5799 ponetur,
3013 5727 3279 5782 eamdem
3339 5727 3517 5781 habes

3119 5848 3189 5906 2i
