3982 6178
388 364 490 418 651

1427 359 1486 410 8.
1525 350 1934 410 HIERONYMI
1971 346 2231 401 DIVINA
2267 344 2764 399 BIBLIOTHECA.

3691 338 3798 394 652

387 487 782 559 (b.portantes
815 483 1004 557 epbod
1027 481 1474 553 1ineum).Nobe
1504 475 1702 536 autem
1733 474 2027 532 civitatem
2061 472 2114 537 Α
2144 469 2438 559 quaerebat
2471 473 2666 525 tamen
2690 483 2826 559 eum
2859 466 2998 524 Saul
3056 467 3284 524 cunctis
3308 466 3634 559 diebus,‘et
3688 483 3798 522 non

394 576 764 632 sacerdotum
791 571 1080 645 percussit
1107 573 1166 627 in
1198 587 1296 626 ore
1323 569 1528 643 gladii,
1562 567 1718 622 viros
1749 568 1805 619 et
1832 561 2042 617 mulie-

386 657 510 732 res,
542 662 818 734 parvulos
875 667 933 716 et
962 661 1268 730 lactentes,
1331 661 1533 714 bovem
1586 661 1644 711 et
1698 653 1956 715 asinum,
1989 651 2046 703 et

397 769 560 808 ovem
581 753 751 807 inore
773 749 974 823 gladii.
1009 750 1270 804 Evadens
1302 753 1494 803 autem
1520 761 1677 800 unus
1702 742 1857 797 ﬁlius
1880 737 2046 794 Achi-

396 841 641 912 melech,
677 840 782 896 ﬁlii
839 839 1073 908 Abitob,
1107 840 1277 908 cujus
1308 852 1519 892 nomen
1550 838 1679 890 erat
1737 828 2043 894 Abiathar,

397 931 548 1002 fugit
578 930 650 985 ad
720 928 989 997 David,et
1031 926 1401 983 annuntiavit
1449 925 1499 979 ei
1528 921 1683 994 quod
1733 917 2048 975 occidisset

395 1020 534 1076 Saul
565 1019 898 1075 sacerdotes
931 1017 1185 1074 Domini.
1212 1017 1278 1071 Et
1299 1016 1380 1070 ait
1411 1013 1585 1069 David
1619 1012 1690 1067 ad
1721 1007 2042 1065 Abiatbar:

397 1109 664 1165 Sciebam
698 1109 756 1162 in
789 1108 882 1162 die
912 1106 1033 1178 illa,
1067 1123 1201 1162 cum
1234 1105 1313 1161 ibi
1344 1107 1500 1160 esset
1530 1107 1683 1172 Doeg
1729 1099 2044 1164 Idumzsus,

401 1199 554 1270 quod
572 1195 970 1268 proculdubio
994 1195 1376 1250 annuntiaret
1397 1191 1555 1248 Sauli
1583 1209 1595 1245 :
1621 1193 1737 1260 Ego
1757 1203 1886 1241 sum
1911 1199 2047 1239 reus

401 1286 667 1343 omnium
699 1287 1028 1341 animarum
1062 1286 1276 1340 domus
1302 1283 1482 1354 patris
1532 1280 1617 1336 tui
1650 1283 1689 1334 ι.
1724 1277 1893 1331 Mane
1927 1288 2045 1328 me-

403 1393 560 1446 cum,
584 1392 656 1430 ne
685 1375 896 1429 timeas
925 1390 945 1435 ;
969 1374 1018 1428 si
1050 1373 1185 1444 quis
1216 1371 1510 1443 quaesierit
1539 1368 1797 1424 animam
1833 1378 2047 1427 meam,

403 1469 623 1536 quaeret
653 1469 708 1518 et
765 1461 1023 1518 animam
1083 1467 1270 1531 tuam,
1303 1473 1654 1528 mecumque
1699 1450 2046 1511 servaberis.

476 1553 560 1614 (T.
595 1550 797 1616 LXVI,
827 1550 961 1619 Cap.
995 1549 1242 1621 XXIII.)
1275 1549 1342 1603 Et
1392 1546 1812 1602 nuntiaverunt
1842 1539 2046 1605 David,

406 1642 704 1708 dicentes;
733 1641 876 1695 Ecce
916 1638 1250 1694 Pbilistbim
1270 1638 1615 1710 oppugnant
1635 1632 1809 1701 Ceila,
1832 1635 1889 1686 et
1909 1627 2050 1684 diri-

403 1731 574 1803 piunt
599 1746 787 1786 areas.
811 1728 1121 1785 Consuluit
1149 1727 1332 1799 igitur
1361 1727 1542 1781 David
1578 1722 1913 1788 Dominum,
1957 1717 2049 1773 di-

405 1836 540 1876 cens
576 1836 588 1874 :
622 1819 774 1874 Num
797 1818 1034 1886 vadam,
1058 1820 1114 1872 et
1130 1816 1453 1887 percutiam
1481 1805 2053 1909 Pbilisthaaosistqs?
2081 1843 2130 1909 B

403 1909 476 1965 Et
505 1907 583 1962 ait
611 1908 900 1963 Dominus
929 1907 1002 1961 ad
1021 1905 1195 1960 David
1222 1922 1234 1960 :
1258 1905 1436 1970 Vade,
1460 1907 1516 1958 et
1542 1900 1830 1974 percuties
1862 1894 2044 1950 Phili-

407 1998 640 2065 stbacos,
665 2000 725 2052 et
745 1994 1008 2051 Salvabis
1023 1993 1197 2049 Ceila.
1222 1993 1580 2048 Etdixerunt
1598 1989 1728 2059 viri,
1757 1987 1856 2058 qui
1880 1986 2048 2041 erant

405 2085 770 2154 cum'David,
817 2084 889 2138 ad
953 2098 1126 2138 eum:
1189 2083 1335 2137 Ecce
1394 2096 1498 2135 nos
1529 2079 1589 2133 in
1643 2077 1846 2133 Judaaa
1907 2089 2046 2128 con-

408 2175 684 2231 sistentes
708 2174 1026 2238 timemus;
1065 2174 1286 2241 quanta
1345 2168 1532 2241 magis
1581 2167 1629 2223 si
1692 2165 1935 2222 ierimus
1986 2161 2044 2216 in

407 2263 562 2320 Ceila
591 2262 901 2318 adversum
933 2259 1173 2332 agmina
1215 2256 1707 2312 Pbilistbinorum
1741 2255 1754 2309 l
1791 2253 2046 2308 Rursum

408 2368 545 2424 ergo
566 2349 748 2406 David
781 2348 1079 2406 consuluit
1137 2346 1466 2403 Dominum.
1500 2344 1607 2410 Qui
1663 2341 2046 2414 respondens,

410 2441 493 2498 ait
539 2442 590 2496 ei
623 2459 637 2509 ;
669 2440 874 2510 Surge,
898 2444 954 2494 et
981 2437 1125 2493 vade
1145 2436 1228 2506 (b.
1279 2435 1588 2506 descende)
1628 2433 1686 2487 in
1717 2431 1909 2488 Ceila:
1942 2445 2048 2501 ego

408 2533 563 2589 enim
614 2531 843 2586 tradam
900 2528 1268 2585 Philistbaaos
1321 2527 1382 2581 in
1416 2543 1592 2582 manu
1639 2529 1759 2579 tua.
1786 2525 1853 2576 Et
1909 2520 2051 2576 abiit

403 2619 609 2686 David,
637 2623 694 2674 et
723 2617 828 2672 viri
859 2619 1008 2688 ejus,
1043 2616 1101 2670 in
1152 2614 1326 2684 Ceila,
1359 2617 1416 2669 et
1436 2611 1720 2684 pugnavit
1741 2611 2048 2665 adversum

407 2708 752 2774 Pbilistacos,
787 2709 844 2762 et
897 2704 1091 2776 abegit
1113 2705 1385 2774 jumenta
1425 2717 1651 2767 eorum,
1679 2703 1735 2754 et
1765 2694 2054 2769 percussit

405 2815 506 2855 eos
539 2797 710 2870 plaga
753 2811 965 2864 magna
1001 2810 1014 2848 :
1050 2797 1107 2848 et
1165 2791 1410 2847 salvavit
1458 2789 1636 2844 David
1690 2786 2055 2842 habitatores

405 2886 574 2943 Ceilm
624 2886 800 2940 Porro
843 2899 910 2939 eo
969 2886 1250 2953 tempore,
1310 2895 1426 2950 quo
1459 2877 1718 2948 fugiebat
1774 2871 2057 2928 Abiathar

406 2972 566 3028 filius
595 2968 967 3026 Acbimelech
1002 2969 1074 3023 ad
1127 2967 1306 3022 David
1341 2966 1400 3020 in
1433 2963 1610 3034 Ceila,
1642 2963 1830 3034 ephod
1856 2975 2056 3016 secum

407 3061 630 3117 habens
661 3058 1060 3115 descenderat.
1110 3055 1454 3112 Nuntiatum
1510 3058 1599 3108 est
1627 3059 1825 3107 autem
1866 3047 2056 3115 Sauli,

408 3149 564 3221 quod
597 3147 852 3203 venisset
873 3145 1052 3202 David
1079 3144 1138 3198 in
1163 3142 1318 3199 Ceila
1343 3159 1355 3198 :
1395 3147 1452 3196 et
1481 3141 1564 3197 ait
1593 3140 1730 3196 Saul
1755 3157 1767 3195 :
1793 3137 2058 3194 Tradidit

2151 557 2396 613 tradidit
2423 573 2558 613 eum
2593 562 2744 613 Deus
2773 557 2829 612 in
2868 573 3080 612 manus
3125 557 3273 628 ejus.
3327 556 3393 610 Et
3442 555 3592 614 vidit
3621 555 3799 611 David

2153 647 2307 718 quod
2330 662 2603 719 egressus
2625 645 2952 715 essetSaul,
2970 649 3034 700 ut
3064 649 3348 716 quaereret
3365 645 3627 700 animam
3652 646 3799 715 ejus.

2155 739 2329 791 Porro
2360 735 2542 791 David
2574 740 2698 791 erat
2723 735 2782 790 in
2825 736 3055 790 deserto
3095 734 3235 807 Ziph
3270 735 3330 789 in
3361 733 3526 790 silva.
3561 734 3630 788 Et
3670 751 3803 789 sur-

2154 824 2300 879 rexit
2329 824 2624 880 Jonathan
2677 823 2834 880 ﬁlius
2892 823 3053 891 Saul,
3087 829 3144 879 et
3175 824 3321 879 abiit
3370 824 3441 878 ad
3499 823 3683 878 David
3743 825 3799 880 in

2154 912 2381 980 silvam,
2414 917 2471 968 et
2501 913 2848 968 confortavit
2879 929 3090 968 manus
3107 913 3236 983 ejus
3267 911 3327 966 in
3350 913 3460 968 Deo
3489 927 3502 965 :
3537 913 3799 983 dixitque

2153 1002 2206 1057 ei
2235 1018 2247 1058 :
2283 1001 2363 1058 Ne
2393 1004 2598 1057 timeas
2631 1017 2854 1073 :neque
2876 1003 3030 1058 enim
3052 1001 3307 1058 inveniet
3336 1006 3391 1056 te
3422 1017 3634 1056 manus
3667 1001 3802 1057 Saul

2155 1091 2339 1163 patris
2372 1091 2508 1159 mei,
2540 1096 2598 1146 et
2626 1097 2690 1146 tu
2723 1091 2997 1164 regnabis
3029 1107 3207 1162 super
3238 1089 3439 1161 Israel,
3471 1095 3527 1146 et
3554 1106 3664 1162 ego
3705 1107 3801 1146 ero

2155 1179 2256 1234 tibi
2281 1179 2573 1235 secundus
2608 1195 2620 1236 :
2653 1180 2753 1236 sed
2813 1183 2871 1234 et
2895 1178 3031 1235 Saul
3089 1183 3255 1251 pater
3286 1194 3453 1233 meus
3503 1178 3614 1234 scit
3672 1177 3803 1234 hoc.

2156 1268 2451 1323 Percussit
2495 1266 2675 1338 igitur
2733 1272 2978 1338 uterque
3025 1267 3215 1322 fmdus
3253 1283 3450 1323 coram
3505 1266 3803 1324 Domino:

2157 1357 2496 1428 mansitque
2513 1357 2685 1411 David
2707 1357 2765 1412 in
2785 1356 2932 1412 silva
2963 1373 2974 1410 :
2997 1355 3289 1411 Jonathan
3317 1361 3514 1412 autem
3537 1373 3809 1412 reversus

2157 1451 2246 1501 est
2276 1446 2336 1500 in
2357 1448 2596 1500 domum
2619 1446 2733 1517 '(b.
2753 1445 2929 1516 viam)
2949 1461 3140 1500 suam.
3174 1446 3578 1501 Ascenderunt
3607 1450 3809 1503 autem

2159 1533 2375 1606 Zipbazi
2422 1535 2496 1590 ad
2542 1534 2679 1590 Saul
2732 1535 2792 1590 in
2850 1535 3068 1602 Gabaa,
3128 1535 3426 1590 dicentes:
3459 1533 3545 1606 (T.
3609 1534 3808 1590 LXVI.

2159 1623 2362 1678 Nonne
2383 1639 2514 1680 ecce
2535 1624 2710 1679 David
2745 1623 2936 1680 latitat
2954 1624 3109 1696 apud
3135 1624 3316 1680 nosin
3335 1623 3816 1680 locistutissimis

2161 1712 2345 1781 silva,
2383 1713 2442 1768 in
2490 1713 2635 1770 colle
2701 1713 2934 1782 Acbilas,
3019 1731 3147 1786 quae
3195 1719 3287 1770 est
3347 1715 3647 1770 dexteram
3708 1715 3811 1770 de-

2161 1804 2348 1859 serti?
2378 1803 2543 1859 Nunc
2573 1820 2730 1876 ergo,
2764 1803 2919 1860 sicut
2974 1803 3326 1859 desideravit
3366 1803 3564 1858 anima
3594 1807 3699 1858 tua
3730 1803 3795 1865 (h

2159 1894 2358 1950 anima
2387 1900 2510 1964 tua,
2542 1911 2573 1950 o
2606 1893 2724 1965 rex]
2767 1899 2832 1948 ut
2877 1893 3279 1961 descenderes,
3313 1893 3601 1948 descende
3635 1908 3650 1947 :
3703 1909 3812 1947 no-

2159 1988 2347 2040 strum
2372 1989 2567 2038 antem
2592 1983 2721 2051 erit,
2743 1988 2807 2038 ut
2828 1983 3132 2048 tradamus
3155 1981 3213 2038 in
3236 1999 3446 2038 manus
3463 1986 3578 2049 [ma
3604 1985 3820 2053 manu]

2159 2074 2336 2144 regis.
2391 2072 2656 2144 Dixitque
2713 2071 2851 2128 Saul
2885 2088 2899 2127 :
2933 2072 3230 2128 Benedicti
3279 2088 3381 2127 vos
3439 2089 3472 2126 a
3537 2072 3818 2140 Domino,

2158 2161 2296 2234 quia
2308 2161 2582 2217 doluistis
2602 2162 2788 2216 vicem
2807 2175 2996 2216 meam
3012 2160 3091 2231 [b.
3110 2161 3452 2232 pepercistis
3473 2177 3651 2232 super
3673 2161 3824 2233 me].

2157 2253 2344 2320 Abite,
2379 2256 2435 2306 et
2466 2268 2565 2306 oro
2612 2251 2731 2322 (ms.
2766 2251 2948 2321 ergo),
2982 2255 3040 2303 et
3093 2248 3436 2321 diligentius
3465 2262 3823 2324 praeparate,

2159 2347 2214 2399 et
2245 2341 2539 2398 curiosius
2569 2339 2742 2412 agite,
2766 2343 2822 2392 et
2867 2337 3232 2393 ccnsiderate
3253 2337 3444 2394 locum
3479 2341 3575 2396 ubi
3609 2343 3689 2398 sit
3715 2361 3827 2416 pes

2161 2432 2311 2503 ejus,
2331 2429 2421 2485 vel
2445 2428 2581 2501 quis
2597 2428 2806 2484 viderit
2826 2445 2957 2483 eum
2983 2427 3092 2484 ibi:
3116 2428 3566 2499 recogitatenim
3593 2431 3669 2486 de
3703 2450 3827 2499 me,

2165 2521 2319 2592 quod
2336 2519 2544 2575 callide
2559 2518 2805 2574 insidier
2817 2518 2890 2572 ei.
2913 2518 3309 2590 Considerate,
3331 2525 3389 2574 et
3403 2519 3593 2576 videte
3615 2524 3832 2579 omnia

2165 2608 2410 2666 latibula
2436 2609 2588 2679 ejus,
2622 2608 2681 2662 in
2705 2607 3334 2678 quibusabsconditur,
3367 2613 3424 2664 et
3454 2613 3829 2669 revertimini

2165 2699 2236 2756 ad
2274 2696 2465 2766 me,ad
2494 2713 2613 2752 rem
2637 2702 2879 2766 certam,
2908 2701 2973 2752 ut
2993 2698 3200 2753 vadam
3226 2698 3740 2766 vobiscquuod
3781 2704 3832 2760 si

2165 2788 2342 2845 etiam
2367 2787 2424 2841 in
2441 2792 2654 2842 terram
2682 2803 2742 2842 se
2765 2786 3134 2856 abstruserit,
3158 2789 3565 2858 perscrutabor
3586 2807 3735 2848 eum
3771 2794 3833 2849 in

2167 2876 2395 2933 eunetis
2426 2875 2690 2930 millibus
2707 2875 2968 2930 Juda.At
2998 2875 3079 2930 illi
3115 2882 3421 2948 surgentes
3449 2879 3734 2937 abierunt
3771 2884 3833 2938 in

2165 2966 2306 3038 Ziph
2339 2971 2473 3020 ante
2505 2963 2638 3019 Saul
2668 2981 2687 3018 :
2721 2965 2899 3020 David
2945 2969 3140 3021 autem
3172 2971 3228 3020 et
3257 2967 3363 3020 viri
3395 2968 3522 3038 ejus
3553 2977 3737 3026 erant
3771 2971 3833 3027 in

2167 3057 2396 3111 deserto
2425 3059 2612 3123 Maon,
2639 3055 2698 3108 in
2741 3054 3192 3126 campestribus,
3223 3057 3294 3110 ad
3341 3057 3638 3115 dexteram
3670 3062 3840 3117 Jesi-

2169 3143 2358 3199 muth.
2391 3145 2498 3203 (At.
2530 3142 2972 3210 Jesimon).1vit
3001 3159 3139 3215 ergo
3170 3143 3309 3199 Saul
3341 3150 3397 3199 et
3428 3145 3568 3201 socii
3587 3149 3731 3217 ejus
3765 3151 3840 3204 ad

409 3253 544 3293 eum
574 3241 730 3292 Deus
753 3235 813 3290 in
841 3251 1053 3290 manus
1077 3249 1273 3288 meas:
1309 3229 1741 3300 conclususque
1771 3232 1860 3284 est
1879 3227 2054 3281 intPO-
2085 3208 2128 3274 (ἶ
2169 3232 2548 3305 quaerendum
2571 3231 3150 3297 eum,etnuntiatuni
3167 3238 3255 3287 est
3274 3232 3476 3300 David,
3497 3236 3846 3309 statimque

409 3341 644 3397 gressus
677 3325 905 3390 urbem,
938 3321 997 3377 in
1028 3338 1145 3393 qua
1169 3323 1349 3392 porta)
1396 3325 1452 3374 et
1481 3334 1644 3374 serie.
1677 3317 1746 3371 Et
1787 3314 2058 3388 praecepit

410 3412 550 3469 Saul
574 3413 733 3468 omni
765 3410 1002 3482 pepulo,
1037 3415 1102 3465 ut
1131 3410 1202 3464 ad
1261 3423 1514 3479 pugnam
1547 3405 1967 3461 descenderent
1995 3403 2054 3457 in

411 3501 588 3571 Ceila,
621 3505 679 3556 et
725 3500 1060 3556 obsiderent
1083 3497 1286 3565 David,
1320 3502 1376 3552 et
1404 3497 1558 3550 viros
1579 3497 1728 3565 ejus.
1750 3495 1836 3564 (Τ.
1869 3491 2053 3561 LXV.)

413 3591 584 3658 Quod
616 3606 750 3646 cum
785 3588 1058 3644 rescisset
1091 3586 1432 3658 David,quia
1463 3587 1814 3657 praepararet
1841 3581 1891 3635 ei
1922 3580 2058 3636 Saul

411 3681 560 3736 clam
579 3677 826 3745 malum,
845 3677 991 3732 dixit
1006 3677 1076 3733 ad
1098 3675 1381 3730 Abiathar
1403 3673 1759 3729 sacerdotem
1789 3669 2059 3743 :Applica

410 3767 620 3839 ephod.
673 3771 742 3820 Et
775 3767 858 3821 ait
878 3765 1056 3822 David
1095 3783 1107 3821 :
1139 3763 1385 3820 Domine
1415 3763 1571 3818 Deus
1603 3759 1801 3830 Israel,
1835 3758 2059 3814 audivit

411 3871 629 3925 famam
664 3871 866 3911 servus
899 3860 1056 3921 tuus,
1093 3855 1247 3924 quod
1280 3853 1554 3924 disponat
1581 3847 1716 3905 Saul
1748 3847 1943 3904 venire
1998 3847 2058 3903 in

409 3945 716 4010 Ceilan,ut
771 3947 992 4000 evertat
1021 3942 1226 3997 urbem
1273 3945 1510 4011 propter
1557 3955 1687 3994 me:
1722 3939 1769 3992 si
1828 3937 2062 3993 tradent

411 4051 505 4090 me
534 4033 640 4088 viri
672 4033 839 4088 Ceilaa
868 4032 929 4087 in
961 4047 1176 4087 manus
1207 4031 1336 4101 ejus
1366 4030 1470 4084 ‘Iet
1491 4029 1541 4084 si
1559 4027 1870 4083 descendet
1899 4025 2058 4093 Saul,

413 4124 569 4179 sicut
612 4123 833 4178 audivit
889 4137 1090 4176 servus
1121 4121 1308 4175 tuus?
1355 4118 1601 4173 Domine
1652 4122 1807 4172 Deus
1856 4113 2056 4183 Israel,

411 4210 608 4264 indica
638 4225 802 4264 servo
824 4213 944 4264 tuo.
970 4207 1040 4262 Et
1067 4207 1149 4262 ait
1170 4206 1452 4261 Dominus
1478 4222 1491 4262 :
1518 4204 1856 4272 Descendet,
1884 4202 2057 4257 Dixit-

411 4314 522 4369 que
551 4298 754 4354 David.
789 4297 848 4353 Si
881 4296 1113 4352 tradent
1171 4311 1262 4350 me
1294 4294 1401 4349 viri
1431 4293 1618 4362 Ceilas,
1661 4298 1718 4348 et
1768 4292 1922 4347 viros
1953 4291 2054 4364 qui

413 4391 555 4442 sunt
582 4401 840 4453 mecum,
871 4385 933 4440 in
978 4401 1192 4440 manus
1223 4383 1360 4439 Saul
1391 4384 1419 4439 ‘?
1445 4384 1514 4439 Et
1544 4383 1690 4438 dixit
1721 4381 2006 4436 Dominus
2039 4397 2053 4436 :

407 4475 674 4531 Tradent.
737 4473 1001 4530 Surrexit
1064 4490 1198 4542 ergo
1247 4473 1427 4528 David
1485 4478 1545 4528 et
1573 4471 1679 4526 viri
1738 4470 1868 4541 ejus
1901 4486 2051 4541 quas

2165 3321 2470 3378 descendit
2491 3320 2559 3374 ad
2587 3323 2832 3391 petram,
2861 3322 2916 3374 et
2931 3319 3278 3375 versabatur
3299 3321 3356 3375 in
3380 3322 3610 3379 deserto
3632 3327 3847 3382 Maon.

2165 3411 2326 3475 Quod
2351 3425 2484 3464 cum
2514 3408 2779 3463 audisset
2826 3406 2988 3476 Saul,
3049 3417 3391 3478 persecutus
3423 3416 3513 3466 est
3542 3412 3740 3468 David
3780 3415 3845 3469 in

2166 3503 2393 3555 deserto
2425 3497 2620 3564 Maon,
2643 3501 2701 3551 et
2725 3497 2849 3551 ibat
2871 3495 3007 3551 Saul
3040 3497 3110 3551 ad
3131 3495 3286 3554 latus
3309 3500 3526 3555 montis
3553 3517 3623 3556 ex
3655 3510 3845 3574 parte

2166 3605 2284 3644 una
2308 3604 2320 3641 :
2346 3587 2525 3642 David
2549 3591 2744 3640 autem
2774 3590 2832 3639 et
2853 3586 2958 3641 viri
2980 3587 3108 3657 ejus
3131 3591 3298 3642 erant
3321 3589 3377 3642 in
3403 3587 3582 3645 latere
3600 3593 3843 3648 montis

2164 3696 2230 3733 ex
2260 3682 2419 3748 parte
2449 3673 2633 3731 altera
2663 3690 2677 3730 :
2711 3691 2883 3747 porro
2933 3674 3111 3730 David
3148 3676 3496 3748 desperabat
3525 3695 3587 3734 se
3613 3697 3840 3752 posse-

2167 3768 2410 3823 evadere
2435 3783 2470 3820 a
2499 3764 2644 3820 facie
2695 3763 2832 3820 Saul
2859 3781 2870 3819 :
2908 3767 3110 3837 Itaque
3167 3765 3307 3820 Saul
3339 3771 3397 3821 et
3427 3767 3532 3821 viri
3564 3769 3731 3840 ejus,
3770 3772 3837 3827 in

2170 3858 2406 3912 modum
2439 3871 2665 3911 coronae
2725 3853 3039 3926 cingebant
3068 3854 3247 3909 David
3283 3863 3336 3910 et
3381 3856 3537 3912 viros
3565 3860 3733 3926 ejus,
3771 3865 3846 3915 ut

2169 3951 2443 4015 caperent
2489 3961 2608 4000 eos.
2642 3944 2709 3998 Et
2739 3946 2988 3999 nuntius
3021 3943 3177 3998 venit
3235 3945 3308 3999 ad
3355 3945 3514 4016 Saul,
3567 3947 3791 4004 dicens
3827 3967 3843 4004 :

2169 4035 2423 4100 Festina,
2455 4039 2511 4088 et
2531 4033 2660 4087 veni
2689 4033 2964 4104 quoniam
2992 4033 3336 4088 infuderunt
3357 4049 3419 4088 se
3472 4033 3842 4093 Pbilistbim

2167 4130 2601 4195 superterram.
2663 4121 2949 4177 Reversus
2997 4126 3086 4176 est
3160 4138 3297 4194 ergo
3329 4122 3466 4178 Saul
3525 4123 3852 4184 desistens

2166 4213 2436 4284 persequi
2471 4211 2670 4277 David,
2701 4215 2758 4266 et
2787 4211 3042 4282 perrexit
3069 4210 3129 4265 in
3160 4227 3468 4268 occursum
3510 4212 3854 4272 Pbilistbi-

2166 4318 2398 4356 norum.
2434 4300 2671 4372 Propter
2711 4301 2818 4355 hoc
2870 4305 3221 4356 vocaverunt
3251 4300 3445 4356 locum
3476 4301 3672 4370 illum,
3716 4309 3852 4362 Pe-

2163 4393 2313 4444 tram
2346 4389 2725 4444 dividentem.

2233 4477 2386 4550 (Cap.
2423 4476 2934 4546 XXIV.)Ascendit
2965 4482 3160 4534 autem
3180 4477 3358 4534 David
3386 4479 3542 4541 inde.
3567 4483 3628 4534 et
3657 4478 3860 4539 habi-

407 4567 698 4634 sexcendi,
723 4571 780 4622 et
805 4565 1027 4638 egressi
1057 4565 1126 4621 de
1157 4563 1332 4629 Ceila,
1357 4563 1470 4619 huc
1502 4569 1675 4634 atque
1708 4562 1846 4617 illuc
1873 4577 2049 4633 vaga-
2083 4575 2129 4639 D
2161 4569 2304 4623 tavit
2325 4568 2381 4622 in
2401 4567 2543 4623 locis
2567 4567 2884 4624 tutissimis
2905 4566 3219 4624 En-Gaddi.
3260 4571 3523 4639 Cumque
3545 4585 3855 4631 reversus

406 4655 625 4712 bantur
654 4655 894 4712 incerti:
931 4654 1390 4726 nuntiatumque
1446 4658 1535 4710 est
1562 4651 1742 4722 Sauli,
1776 4653 1931 4723 quod
1963 4651 2054 4705 fu-

407 4745 591 4818 gisset
620 4745 797 4801 David
833 4745 903 4800 de
934 4743 1087 4799 Ceila
1118 4743 1275 4814 [Vulg
1301 4742 1426 4798 add.
1461 4747 1518 4798 et
1548 4740 1807 4797 salvatus
1837 4741 2010 4812 esset]
2038 4756 2052 4795 :

407 4849 586 4904 quam
616 4848 706 4888 am
739 4833 812 4888 ob
843 4832 1243 4888 dissimulavit
1261 4831 1435 4886 exire.
1482 4831 1820 4886 Morabatur
1859 4835 2054 4886 autem

403 4920 584 4979 David
617 4921 675 4976 in
706 4922 932 4977 deserto
963 4922 1021 4976 in
1045 4919 1189 4976 locis
1221 4919 1604 4988 ﬁrmissimis,
1633 4918 1965 4990 mansitque
1995 4917 2055 4972 in

404 5015 602 5067 monte
621 5009 958 5067 solitudinis
979 5009 1120 5082 Ziph
1141 5008 1340 5081 [Vulg].
1372 5008 1496 5066 add.
1529 5007 1588 5064 in
1617 5013 1812 5064 monte
1833 5013 2056 5081 epaco]:

402 5225 853 5298 adnotationem,
889 5241 1064 5298 quam
1099 5224 1194 5298 hic
1225 5225 1458 5298 exhibet
1485 5223 1839 5298 Scholiastes
1865 5229 2054 5298 Cano-

402 5296 527 5352 nis:
550 5299 819 5354 Ubinunc
841 5296 1094 5367 legimus,
1121 5297 1257 5352 hinc
1275 5298 1331 5352 S.
1360 5296 1572 5351 Doctor
1597 5297 1663 5350 ad
1690 5296 2048 5368 Marcellam,

397 5377 449 5424 et
479 5384 663 5424 omnes
689 5374 970 5440 portantes
999 5368 1194 5440 ephod,
1250 5371 1310 5423 in
1345 5369 1574 5424 Ηθὺνεεο
1602 5367 1795 5440 habet,
1817 5367 2048 5438 portari;

397 5439 829 5511 terephod'bad.
856 5440 1001 5495 Vide
1059 5439 1227 5509 plura
1255 5441 1327 5494 de
1373 5439 1543 5509 ephod
1593 5439 1716 5511 bad,
1752 5439 1874 5494 sive
1909 5443 2052 5500 lineo

400 5510 576 5594 epist:
598 5513 725 5594 jam
754 5512 1012 5576 laudata,
1046 5516 1102 5565 et
1133 5511 1204 5565 ad
1237 5511 1558 5578 Fabiolam,
1590 5510 1660 5566 de
1683 5517 1838 5565 veste
1861 5529 2046 5570 sacer-

398 5581 604 5637 dotali.
637 5589 808 5637 epist.
845 5582 968 5636 128.
992 5585 1178 5636 MART.

441 5597 604 5647 ctan,
637 5597 808 5653 epist.
845 5597 968 5636 1w.
992 5597 1178 5636 MART.

470 5653 486 5685 ί
520 5655 932 5710 Vocemdomus
951 5669 1082 5709 cum
1115 5653 1341 5725 Vulgat.
1386 5657 1702 5710 Veronens.
1732 5669 1845 5708 ms.
1874 5657 2043 5711 tacet.

2163 4663 2318 4712 esset
2347 4656 2509 4721 Saul,
2569 4661 2881 4728 postquam
2914 4663 3255 4728 persecutus
3285 4662 3374 4712 est
3417 4656 3854 4732 Pbilisthmos,

2165 4746 2585 4802 nuntiaverunt
2634 4747 2706 4812 ei,
2749 4746 3006 4802 dicenles
3041 4764 3054 4801 :
3091 4747 3232 4802 Ecce
3262 4745 3441 4801 David
3482 4744 3540 4800 in
3582 4747 3856 4808 deserto

2163 4841 2250 4891 est
2300 4834 2628 4892 En-Gaddi.
2710 4839 3034 4892 Assumens
3089 4851 3226 4908 ergo
3282 4833 3417 4890 Saul
3459 4835 3573 4889 tria
3625 4838 3848 4897 millia

2165 4923 2484 4980 electorum
2539 4925 2796 4980 virorum
2841 4941 2910 4979 ex
2961 4924 3120 4980 omni
3179 4923 3378 4992 Israel,
3423 4925 3683 4995 perrexit
3751 4930 3841 4984 ad

2164 5012 2636 5084 investigandum
2675 5012 2845 5068 David
2889 5017 2947 5068 et
3004 5015 3158 5070 viros
3207 5014 3356 5083 ejus,
3397 5011 3570 5068 etiam
3623 5030 3846 5088 super

2235 5226 2256 5261 ³
2281 5224 2515 5281 Falsum
2547 5230 2636 5281 est
2666 5227 2820 5299 apud
2851 5225 3136 5299 Hebraeos,
3180 5224 3314 5299 legi,
3349 5241 3592 5282 reversus
3621 5238 3718 5285 est
3777 5235 3853 5289 in

2165 5313 2307 5353 vtam
2328 5314 2487 5352 suam
2519 5312 2692 5353 :nam
2725 5297 2784 5351 in
2839 5297 2997 5352 fonte
3041 5297 3322 5354 Hebraico
3375 5300 3665 5370 scriptum
3738 5312 3856 5362 est

2159 5389 2453 5490 amab-15.1
2471 5404 2682 5460 halach
2705 5403 2936 5472 lebetho,
2952 5405 3008 5459 id
3023 5409 3130 5472 est,
3147 5403 3250 5460 ivit
3274 5407 3331 5461 in
3381 5403 3603 5460 domum
3623 5422 3850 5470 suam.

2163 5512 2326 5567 Forte
2353 5512 2422 5567 ad
2449 5527 2688 5566 sensum
2714 5527 2920 5580 unum,
2954 5529 3066 5567 non
3101 5513 3169 5568 ad
3191 5512 3384 5581 verba,
3413 5528 3540 5583 quis
3574 5512 3856 5576 diversa

2159 5589 2318 5666 sunt,
2351 5583 2686 5666 attendebat
2743 5583 3088 5666 scholiastes
3115 5590 3330 5666 noster.
3363 5583 3673 5666 Quidquid
3726 5590 3863 5665 sit,

2164 5655 2309 5710 ﬁdes
2369 5655 2549 5727 hujus
2598 5655 2998 5712 adnotationis
3042 5672 3219 5729 penes
3251 5655 3416 5711 illum
3447 5656 3579 5711 erit.
3618 5655 3852 5721 MART:
