3982 6178
201 339 310 395 653

1556 340 1771 396 LIBER
1806 343 1830 394 Ι
1871 341 2251 398 SAMUELIS.

3510 342 3613 397 654

203 464 666 537 abruptissimas
717 470 934 538 petras,
978 483 1106 538 quas
1159 467 1302 524 solis
1348 467 1604 524 ibicibus
1646 463 1852 538 perviae
1886 465 1939 530 Α
1971 479 2212 520 manum
2248 470 2430 532 tuam,
2465 467 2520 521 et
2552 481 2664 520 non
2692 464 2976 520 occideris
3000 479 3112 520 me.
3135 463 3279 529 Quis
3301 465 3457 521 enim
3477 481 3614 523 cum

205 559 368 610 sunt.
401 554 471 608 Et
502 553 662 609 venit
691 556 764 610 ad
798 555 995 612 caulas
1029 557 1145 626 [Μδ.
1181 558 1304 613 add.
1342 558 1599 630 quoque]
1633 555 1855 622 ovium,

205 659 337 714 quas
369 659 432 698 se
477 643 800 700 offerebant
848 644 1049 700 vianti.
1085 647 1170 717 ['l‘.
1206 646 1447 718 LXVII.]
1483 648 1732 718 Eratque
1779 644 1857 700 ibi

200 731 488 803 spelunca
545 749 722 804 quam
782 733 1084 805 ingressus
1144 740 1232 792 est
1262 736 1420 801 Saul,
1462 741 1526 792 ut
1583 738 1859 808 purgaret

201 827 470 878 ventrem
505 822 586 893 [h.
620 823 694 878 ad
727 825 1043 895 tegendum
1079 827 1252 896 pedes
1286 827 1487 898 suos]:
1518 842 1690 897 porro
1743 824 1856 879 Da-

201 911 295 966 vid
336 916 398 967 et
429 911 532 966 viri
565 913 695 983 ejus
729 912 783 967 in
835 913 1109 971 interiore
1156 920 1320 986 parte
1368 914 1659 986 speluncas
1714 912 1854 968 late-

207 1002 373 1056 bant.
404 1005 481 1057 Et
511 1001 786 1057 dixerunt
815 1002 968 1057 servi
999 1003 1179 1059 David
1214 1004 1283 1060 ad
1316 1020 1448 1060 eum
1475 1021 1488 1058 :
1524 1004 1669 1060 Ecce
1707 1002 1853 1068 dies,

201 1091 273 1144 de
313 1106 435 1162 qua
467 1088 700 1146 locutus
749 1097 839 1146 est
881 1092 1164 1148 Dominus
1207 1094 1278 1149 ad
1333 1098 1424 1150 te:
1459 1093 1576 1165 Ego
1625 1092 1853 1148 tradam

202 1180 311 1236 tibi
344 1179 651 1236 inimicum
687 1184 850 1236 tuum
883 1182 967 1252 [h.
1004 1181 1309 1237 inimicum
1341 1187 1511 1239 tuum
1563 1183 1622 1236 in
1672 1197 1853 1236 manu

198 1268 348 1342 tua],
389 1273 453 1325 ut
482 1269 663 1326 facias
715 1271 767 1326 ei
824 1271 978 1326 sicut
1010 1271 1298 1343 placuerit
1341 1273 1399 1328 in
1462 1271 1648 1327 oculis
1706 1271 1848 1326 tuis.

196 1358 464 1414 Surrexit
491 1375 625 1429 ergo
682 1359 885 1426 David,
919 1365 976 1415 et
1026 1361 1300 1433 priscedit
1329 1379 1490 1418 oram
1523 1360 1851 1433 chlamydis

195 1449 332 1505 Saul
365 1447 631 1504 silenter.
667 1449 805 1504 Post
838 1450 956 1506 hac
991 1451 1284 1522 percussit
1313 1467 1414 1508 cor
1442 1467 1617 1507 suum
1651 1451 1850 1516 David,

197 1553 263 1593 eo
309 1537 469 1608 quod
510 1538 864 1594 abcsidisset
913 1556 1073 1594 oram
1109 1539 1433 1612 chlamydis
1480 1539 1638 1594 Saul.
1668 1538 1847 1596 Dixit-

197 1643 312 1699 que
343 1627 418 1681 ad
450 1626 608 1683 viros
639 1644 818 1682 suos:
845 1628 1142 1701 Pr0pitius
1174 1628 1320 1684 mihi
1353 1630 1429 1684 sit
1453 1629 1739 1684 Dominus
1763 1627 1843 1698 [h.

195 1715 366 1772 Absit
396 1731 430 1769 a
463 1730 554 1769 me
577 1731 610 1769 a
629 1715 924 1787 Domino],
949 1732 1021 1771 ne
1054 1716 1258 1771 faciam
1288 1718 1439 1772 hanc
1462 1733 1582 1770 rem
1607 1713 1846 1770 domino

198 1822 353 1871 meo,
388 1803 610 1860 christo
642 1804 895 1873 Domini,
929 1810 994 1860 ut
1025 1808 1255 1861 mittam
1293 1823 1534 1861 manum
1587 1806 1645 1861 in
1691 1821 1842 1870 eum,
1881 1837 1926 1900 Β

197 1897 489 1966 quoniam
522 1895 781 1949 christus
810 1895 1034 1950 Domini
1067 1899 1175 1951 est.
1201 1895 1286 1966 [Τ.
1323 1895 1587 1966 LXVIll.]
1613 1895 1678 1950 Et
1707 1910 1841 1950 con-

198 1985 377 2055 fregit
408 1983 591 2040 David
625 1985 781 2040 viros
830 2002 970 2041 suos
1021 1985 1418 2051 sermonibus,
1450 1989 1509 2040 et
1557 2001 1672 2039 non
1721 2001 1848 2055 per-

199 2074 366 2130 misit
395 2091 522 2140 eos,
553 2082 617 2130 ut
646 2081 1074 2146 consurgerent
1105 2075 1162 2129 in
1193 2074 1349 2131 Saul.
1377 2075 1548 2130 Porro
1579 2073 1716 2128 Saul
1751 2089 1850 2128 ex-

195 2179 455 2235 surgens
489 2164 560 2218 de
586 2163 887 2234 spelunca,
925 2165 1200 2235 pergebat
1229 2168 1416 2235 cmpto
1448 2161 1672 2218 itinere.
1709 2162 1847 2218 Sur-

193 2253 339 2308 rexit
391 2257 593 2308 autem
644 2258 700 2308 et
752 2253 926 2308 David
979 2258 1111 2324 post
1159 2270 1316 2322 eum,
1349 2260 1405 2309 et
1452 2269 1728 2324 egressus
1776 2254 1847 2309 de

193 2341 507 2414 spelunca,
534 2342 812 2398 clamavit
846 2347 978 2414 post
1007 2348 1237 2414 tergum
1271 2342 1434 2410 Saul,
1457 2343 1659 2400 dicens
1687 2360 1700 2399 :
1737 2348 1846 2399 Do-

195 2431 354 2485 mine
390 2430 477 2484 mi
519 2447 638 2486 rex.
673 2432 741 2486 Et
790 2431 1040 2504 respexit
1087 2432 1224 2486 Saul
1275 2437 1405 2503 post
1453 2449 1535 2498 se,
1567 2437 1624 2488 et
1672 2432 1845 2488 incli-

193 2538 346 2576 nans
380 2537 446 2576 se
481 2520 656 2575 David
683 2537 903 2590 pronus
933 2519 991 2576 in
1017 2526 1256 2589 terram,
1279 2521 1560 2591 adoravit,
1588 2522 1848 2594 dixitque

191 2611 257 2666 ad
293 2611 466 2667 Saul:
501 2612 686 2676 Quare
716 2610 886 2665 audis
916 2610 1091 2666 verba
1124 2610 1430 2666 hominum
1453 2610 1844 2683 loquentium,

195 2701 381 2756 David
408 2699 622 2771 quaerit
645 2699 865 2754 malum
889 2701 1193 2756 adversum
1215 2700 1310 2755 te?
1329 2701 1468 2756 Ecce
1493 2701 1665 2757 hodie
1690 2701 1846 2757 vide-

195 2795 334 2844 runt
368 2787 528 2843 oculi
562 2786 668 2852 tui,
697 2787 853 2858 quod
879 2788 1186 2842 tradiderit
1204 2793 1260 2842 te
1285 2781 1638 2844 Dominusin
1669 2805 1844 2844 manu

193 2895 320 2934 mea
357 2877 419 2932 in
454 2875 758 2948 spelunca,
787 2882 842 2932 et
873 2876 1117 2948 cogitavi
1151 2881 1215 2932 ut
1261 2877 1583 2933 occiderem
1634 2883 1711 2946 te,
1745 2879 1846 2934 sed

193 2968 469 3040 pepercit
522 2967 628 3022 tibi
681 2967 869 3022 oculus
924 2983 1078 3022 meus
1136 2967 1217 3039 [h.
1272 2984 1385 3023 non
1445 2968 1638 3036 habet]
1661 2985 1682 3030 ,·
1732 2969 1848 3023 dixi

191 3058 355 3112 enim
385 3073 399 3110 :
437 3055 562 3111 Non
595 3057 904 3111 extendam
942 3073 1183 3111 manum
1217 3073 1405 3113 meam
1436 3056 1496 3112 in
1541 3058 1848 3114 dominum

191 3162 421 3212 meum,
439 3145 580 3216 quia
601 3145 861 3200 christus
885 3145 1116 3201 Domini
1141 3153 1249 3202 est.
1275 3148 1423 3211 Quin
1449 3147 1664 3219 potius,
1688 3153 1850 3218 pater

191 3237 289 3303 mi,
317 3235 463 3290 vide
495 3240 551 3290 et
574 3250 856 3306 cognesce
889 3252 1049 3290 oram
1081 3235 1409 3308 chlamydis
1432 3241 1545 3292 tuis
1575 3237 1632 3291 in
1668 3254 1845 3293 manu

191 3341 346 3389 mea,
369 3323 650 3395 quoniam
669 3339 802 3378 cum
820 3324 1263 3394 praescinderem
1280 3327 1679 3382 summitatem
1694 3326 1849 3382 chla-

191 3415 391 3486 mydis
429 3419 566 3480 tuae,
592 3412 748 3466 nolui
783 3413 1092 3468 extendere
1115 3430 1354 3468 manum
1380 3431 1567 3470 meam
1593 3416 1649 3470 in
1674 3421 1730 3472 te
1763 3416 1844 3488 [h.

187 3502 353 3559 nolui
387 3502 719 3557 interficere
751 3503 830 3574 te]
855 3518 868 3556 :
893 3503 1290 3558 animadverte
1321 3509 1378 3558 et
1406 3505 1535 3560 vide
1565 3507 1846 3576 quoniam

189 3611 296 3649 non
335 3596 437 3648 est
494 3592 553 3646 in
588 3607 766 3646 manu
823 3609 953 3647 mea
1011 3591 1256 3660 malum,
1294 3610 1480 3665 neque
1540 3594 1845 3667 iniquitas,

192 3697 393 3754 neque
429 3682 660 3752 peccavi
695 3681 753 3735 in
805 3685 900 3735 te:
934 3686 997 3736 tu
1049 3687 1241 3737 autem
1289 3682 1591 3739 insidiaris
1641 3683 1848 3740 animae

193 3787 365 3839 mea,
393 3775 460 3824 ut
493 3771 725 3825 auferas
755 3787 904 3824 eam.
931 3771 1161 3826 Judicet
1187 3771 1465 3828 Dominus
1496 3772 1648 3828 inter
1680 3790 1770 3828 me
1792 3779 1850 3830 et

192 3870 260 3928 Ie,
291 3865 366 3915 et
397 3857 719 3914 ulciscatur
756 3876 847 3914 me
879 3859 1166 3915 Dominus
1194 3877 1262 3915 ex
1292 3865 1347 3916 te
1372 3877 1384 3916 :
1411 3878 1620 3917 manus
1651 3868 1847 3918 autem

201 3967 330 4004 mea
368 3965 491 4004 non
525 3947 603 4002 sit
623 3947 681 4001 in
706 3948 950 4004 te.Sicut
979 3953 1035 4002 et
1063 3947 1121 4002 in
1157 3950 1461 4018 proverbio
1492 3951 1734 4022 antiquo
1763 3952 1852 4006 di-

194 4038 388 4094 citur:
417 4037 508 4092 Ab
541 4036 742 4107 impiis
761 4035 1100 4108 egredietur
1132 4036 1405 4108 impietas
1433 4055 1446 4093 :
1472 4055 1683 4094 manus
1714 4055 1852 4111 ergo

198 4143 322 4182 mea
346 4142 476 4182 non
499 4125 580 4180 sit
600 4125 748 4180 inte.
771 4128 951 4192 Quem
972 4127 1422 4198 sequeris[Vulg.
1441 4129 1852 4200 persequeris],

198 4213 704 4285 rexlsrael?quem
721 4215 1116 4286 persequeris?
1127 4232 1329 4272 canem
1348 4222 1640 4272 mortuum
1655 4235 1856 4289 seque-

200 4306 299 4370 ris,
333 4309 396 4360 et
457 4303 711 4374 pulicem
761 4321 963 4358 unum.
1001 4305 1088 4360 Sit
1138 4307 1419 4362 Dominus
1441 4307 1646 4377 judex,
1681 4312 1738 4362 et
1758 4308 1854 4378 ju-

205 4393 358 4449 dicet
391 4393 554 4447 inter
587 4409 679 4447 me
709 4398 764 4447 et
795 4397 849 4448 te
877 4409 889 4447 :
919 4398 978 4448 et
1006 4394 1218 4459 videat,
1249 4399 1305 4449 et
1344 4395 1574 4465 judicet
1616 4413 1855 4452 causam

203 4497 422 4550 meam,
450 4486 506 4536 et
536 4488 703 4536 eruat
734 4498 826 4536 me
847 4483 919 4537 de
951 4499 1128 4538 manu
1155 4488 1274 4540 tua.
1299 4487 1443 4540 Cum
1469 4489 1666 4540 autem
1687 4502 1856 4541 com-

1972 553 2259 610 invenerit
2278 555 2581 610 inimicum
2608 553 3218 626 suum,dimitteteum
3244 553 3303 608 in
3328 555 3417 610 via
3442 556 3619 612 bona?

1969 643 2077 698 Sed
2113 644 2398 699 Dominus
2431 644 2637 698 reddat
2663 644 2766 698 tibi
2807 644 3280 700 vicissitudinem
3313 644 3487 712 hanc,
3518 663 3620 719 pro

1970 747 2036 786 eo
2070 734 2227 804 quod
2271 733 2444 788 hodie
2475 738 2752 805 Operatus
2802 749 2862 787 es
2913 733 2971 787 in
3029 748 3142 788 me.
3175 733 3243 788 Et
3277 750 3433 788 nunc
3489 736 3628 806 quia

1969 821 2091 876 scio
2125 823 2276 894 quod
2311 821 2640 878 certissime
2668 827 3020 892 regnaturus
3052 821 3134 876 sis
3161 837 3174 878 :
3205 827 3263 877 et
3303 822 3622 880 habiturus

1967 917 2026 972 in
2061 932 2239 971 manu
2274 920 2378 970 tua
2409 929 2654 985 regnum
2688 911 2880 978 lsrael,
2906 913 3046 983 jura
3078 913 3222 968 mihi
3255 913 3312 968 in
3343 913 3617 985 Domino,

1967 1023 2040 1062 ne
2084 1004 2280 1060 deleas
2331 1019 2531 1058 semen
2565 1017 2762 1056 meum
2817 1005 2951 1071 post
3003 1017 3117 1066 me,
3150 1017 3340 1072 neque
3385 1003 3618 1060 auferas

1966 1110 2177 1152 nomen
2233 1107 2430 1147 meum
2493 1091 2563 1146 de
2622 1090 2796 1145 domo
2856 1089 3040 1160 patris
3099 1089 3233 1144 mei.
3278 1091 3345 1145 Et
3396 1090 3622 1161 juravit

1963 1182 2143 1239 David
2175 1181 2356 1238 Sauli.
2394 1178 2556 1234 Abiit
2584 1195 2722 1250 ergo
2751 1177 2890 1233 Saul
2936 1178 2993 1233 in
3044 1178 3287 1233 domum
3338 1196 3530 1247 suam,
3561 1185 3620 1236 et

1966 1272 2142 1327 David
2175 1276 2231 1326 et
2261 1269 2371 1324 viri
2402 1270 2534 1340 ejus
2563 1267 2962 1323 ascenderunt
2991 1267 3063 1323 ad
3097 1269 3317 1324 tutiora
3345 1267 3491 1324 loca.

2034 1361 2198 1432 [Cap.
2232 1358 2425 1428 XXV.]
2452 1358 2719 1412 Mortuus
2751 1361 2840 1412 est
2870 1356 3088 1412 autem.
3114 1355 3373 1426 Samuel,
3404 1363 3462 1413 et
3491 1373 3622 1414 con-

1959 1454 2236 1521 gregatus
2267 1453 2358 1503 est
2399 1447 2710 1502 universus
2745 1445 2944 1516 Israel,
2977 1449 3035 1500 et
3066 1445 3420 1517 planxerunt
3461 1463 3622 1516 eum,

1958 1543 2015 1594 et
2045 1537 2404 1610 sepelierunt
2435 1536 2566 1592 eum
2600 1535 2658 1590 in
2687 1535 2860 1589 domo
2893 1533 3076 1590 suain
3106 1535 3291 1591 Rama
3317 1536 3498 1607 [Vulg.
3518 1537 3622 1592 Ra-

1961 1628 2201 1698 matha].
2237 1626 2730 1696 Consurgensque
2765 1622 2940 1678 David
2974 1623 3276 1679 descendit
3308 1625 3365 1679 in
3413 1626 3615 1681 deser-

1958 1721 2083 1772 tum
2118 1717 2364 1771 Pharan.
2403 1713 2493 1786 [T.
2527 1713 2725 1783 LXX]
2762 1711 2898 1767 Erat
2939 1717 3132 1768 autem
3187 1713 3272 1768 vir
3320 1714 3618 1785 quispiam

1957 1806 2016 1861 in
2051 1805 2371 1860 solitudine
2403 1802 2484 1874 [h.
2518 1801 2578 1856 in
2610 1805 2775 1857 Maon
2828 1801 3008 1869 habet,
3039 1816 3149 1856 non
3179 1800 3238 1855 in
3271 1801 3614 1876 solitudine]

1961 1894 2244 1963 Maon,',et
2274 1891 2570 1964 possessio
2601 1893 2731 1960 ejus
2762 1889 2820 1944 in
2853 1889 3180 1959 Charmelo,
3203 1894 3260 1946 et
3295 1891 3472 1947 homo
3513 1891 3612 1948 ille

1961 2000 2210 2055 magnus
2270 1981 2487 2036 nimis:
2521 1984 2806 2049 erantque
2853 1978 2904 2033 ei
2963 1995 3096 2034 oves
3141 1979 3256 2034 tria
3313 1979 3521 2048 millia,
3555 1986 3618 2037 et

1960 2073 2121 2128 mille
2151 2088 2361 2143 caprae,
2391 2073 2448 2124 et
2478 2067 2708 2138 accidit,
2744 2072 2807 2124 ut
2840 2067 3185 2124 tonderetur
3213 2085 3352 2140 grex
3383 2070 3512 2141 ejus
3543 2070 3602 2126 in

1957 2161 2287 2217 Cbarmelo.
2321 2159 2542 2214 Nomen
2575 2165 2769 2212 autem
2802 2157 2908 2210 viri
2944 2155 3106 2212 illius
3160 2157 3365 2224 Nabal,
3400 2163 3458 2213 et
3507 2175 3613 2214 no-

1959 2267 2092 2306 men
2127 2248 2325 2304 uxoris
2356 2249 2485 2316 ejus
2509 2245 2760 2317 Abigail.
2795 2249 3048 2317 Eratque
3083 2245 3296 2300 mulier
3325 2245 3427 2301 illa
3470 2263 3610 2318 pru-

1958 2337 2340 2394 deutisssima
2370 2340 2427 2391 et
2458 2335 2760 2407 speciosa:
2799 2351 2969 2406 porro
3001 2334 3090 2389 vir
3138 2335 3267 2405 ejus
3315 2335 3534 2403 durus,
3557 2341 3614 2391 et

1957 2427 2249 2499 pessimus
2271 2430 2327 2481 et
2360 2423 2696 2480 malitiosus
2721 2442 2735 2490 ;
2763 2428 2887 2478 erat
2910 2428 3106 2478 autem
3132 2424 3204 2478 de
3233 2440 3440 2494 genere
3461 2424 3611 2480 Cha-

1957 2518 2069 2572 leb.
2105 2517 2248 2572 Cum
2309 2529 2446 2584 ergo
2507 2513 2774 2568 audisset
2836 2512 3009 2567 David
3062 2512 3122 2566 in
3166 2513 3419 2581 deserto,
3451 2515 3609 2585 quod

1955 2605 2224 2661 tonderet
2250 2602 2430 2657 Nabal
2461 2616 2690 2673 gregem
2723 2616 2920 2670 suum,
2948 2601 3111 2656 misit
3131 2601 3331 2656 decem
3357 2604 3606 2673 juvenes

1955 2693 2037 2766 [h.
2064 2692 2322 2765 pueros],
2346 2695 2402 2745 et
2431 2690 2576 2744 dixit
2605 2690 2689 2745 eis
2719 2707 2732 2745 :
2763 2690 3068 2744 Ascendite
3101 2690 3159 2744 iu
3204 2691 3604 2757 Charmelum,

1957 2788 2013 2840 et
2042 2781 2286 2838 venietis
2319 2781 2388 2836 ad
2421 2778 2624 2848 Nabal,
2657 2783 2714 2833 et
2743 2778 3076 2834 salutabitis
3107 2795 3237 2834 cum
3270 2796 3338 2834 ex
3371 2781 3606 2836 nomine

1960 2889 2087 2928 meo
2119 2871 2380 2943 paciﬁca.
2415 2869 2483 2923 Et
2540 2867 2750 2923 dicetis
2809 2866 2892 2921 sic
2934 2867 3234 2922 Fratribus
3283 2869 3432 2922 meis
3467 2869 3484 2903 ί
3515 2869 3600 2937 [h.

1961 2963 2027 3017 Et
2057 2959 2263 3016 dicetis
2295 2959 2418 3013 sic:
2451 2957 2682 3012 Fratres
2715 2956 2876 3027 mei],
2907 2961 2964 3010 et
2993 2954 3122 3024 tibi,
3156 2973 3287 3027 pax,
3319 2961 3374 3012 et
3403 2957 3603 3012 domui

1965 3055 2073 3106 tuae
2107 3066 2236 3121 pax,
2269 3052 2328 3103 et
2365 3045 2666 3113 omnibus,
2700 3060 3065 3117 quaecunque
3117 3045 3318 3113 habes,
3353 3045 3428 3100 sit
3476 3063 3606 3118 pax.

1961 3137 2169 3194 Audivi
2203 3137 2354 3208 quod
2384 3135 2692 3190 tonderent
2737 3138 3000 3206 pastores
3061 3133 3143 3188 tui
3200 3134 3282 3206 [h.
3316 3137 3607 3190 tondentes

1959 3231 2064 3294 tui,
2106 3243 2255 3281 nunc
2294 3229 2543 3297 pastores
2600 3223 2699 3294 qui
2759 3223 2994 3278 fuerunt
3048 3223 3202 3294 tibi],
3238 3223 3339 3294 qui
3396 3225 3602 3280 erant3

1961 3316 2270 3373 nobiscum
2305 3317 2365 3369 in
2393 3315 2601 3368 deserto
2631 3312 2714 3384 [h.
2748 3328 2864 3367 non
2897 3311 3109 3382 habet]
3139 3329 3152 3366 :
3187 3329 3488 3384 nunquam
3528 3313 3611 3369 eis

1959 3404 2190 3462 molesti
2210 3404 2453 3466 fuimus,
2470 3418 2575 3456 nec
2593 3401 2912 3472 aliquando
2935 3401 3122 3456 defuit
3142 3400 3258 3456 illis
3281 3402 3610 3474 quidquam

1957 3496 2028 3550 de
2052 3509 2248 3566 grege,
2281 3491 2441 3548 omni
2473 3495 2738 3560 tempore
2769 3505 2887 3561 quo
2917 3490 3157 3544 fuerunt
3201 3491 3508 3546 nobiscum
3533 3490 3593 3546 in

1954 3582 2285 3641 Cbarmelo.
2323 3583 2622 3652 Interroga
2670 3595 2882 3651 pueros
2937 3584 3094 3647 tuos,
3149 3583 3206 3633 et
3252 3580 3600 3635 iudicabunt

1958 3673 2086 3727 tibi.
2122 3671 2288 3726 Nunc
2344 3686 2481 3740 ergo
2540 3667 2843 3724 inveniant
2902 3668 3067 3739 pueri
3115 3668 3292 3739 [Vulg.
3325 3669 3457 3724 add.
3492 3669 3604 3742 tui]

1957 3761 2202 3834 gratiam
2237 3761 2296 3814 in
2329 3758 2516 3814 oculis
2547 3757 2702 3812 tuis:
2730 3757 2788 3812 in
2823 3757 2918 3812 die
2948 3756 3104 3811 enim
3137 3757 3286 3811 bona
3316 3757 3602 3814 venimus.

1960 3851 2364 3920 Quodcunque
2408 3845 2698 3902 invenerit
2729 3861 2942 3900 manus
2991 3850 3113 3912 tua,
3145 3845 3219 3899 da
3249 3845 3431 3902 servis
3464 3847 3602 3911 tuis,

1961 3945 2017 3994 et
2049 3937 2168 3994 filio
2201 3943 2301 3992 tuo
2354 3935 2560 3992 David.
2593 3949 2605 3990 :
2643 3934 2726 4004 ['l‘.
2751 3932 2964 4003 LXXI.]
3009 3933 3273 4003 Cumque
3305 3935 3604 3990 venissent

1963 4027 2128 4100 pueri
2160 4025 2362 4091 David,
2396 4022 2574 4078 locuti
2608 4026 2748 4077 sunt
2777 4020 2961 4076 Nabal
3013 4021 3213 4076 omnia
3260 4023 3436 4078 verba
3485 4022 3607 4078 hac

1964 4134 2033 4172 ex
2063 4115 2300 4172 nomine
2334 4111 2534 4179 David,
2565 4116 2623 4166 et
2648 4110 2958 4165 siluerunt.
2994 4109 3604 4181 Respondeas-autem

1959 4205 2140 4262 Nabal
2176 4202 2376 4274 pueris
2433 4199 2637 4262 David,
2671 4199 2788 4269 aitj;
2816 4197 2957 4264 Quis
2989 4202 3078 4254 est
3108 4197 3287 4253 David
3324 4199 3352 4254 ?
3385 4204 3442 4255 et
3475 4200 3608 4270 quis

1965 4299 2056 4350 est
2085 4291 2243 4348 filius
2276 4290 2412 4354 issi,
2441 4288 2612 4344 hodie
2644 4287 3017 4343 increverunt
3048 4287 3222 4356 servi,
3245 4287 3345 4359 qui
3378 4288 3612 4361 fugiunt

1967 4382 2239 4440 dominos
2269 4396 2430 4436 suos.
2459 4376 2685 4434 Tollam
2715 4392 2852 4448 ergo
2885 4392 3066 4447 panes
3110 4392 3295 4444 meos,
3325 4381 3382 4432 et
3427 4394 3610 4449 aquas

1971 4488 2154 4541 meas,
2183 4476 2240 4525 et
2287 4484 2492 4524 carnes
2533 4481 2809 4538 pecorum
2860 4480 2986 4535 qua:
3037 4464 3244 4534 occidi,
3277 4466 3614 4522 tonsoribus

205 4570 430 4641 plesset
460 4571 642 4625 David
698 4570 946 4642 loquens
999 4589 1303 4628 sermones
1340 4573 1752 4644 hujuscemodi
1789 4577 1853 4631 ad

1971 4562 2142 4630 meis,
2165 4564 2221 4615 et
2245 4559 2396 4613 dabo
2418 4557 2558 4611 viris
2580 4571 2725 4626 quos
2750 4554 2946 4608 nescio
2973 4554 3128 4608 unde
3153 4553 3316 4608 sint?
3349 4555 3615 4643 Regressi

204 4660 364 4725 Saul,
390 4658 547 4714 dixit
576 4659 713 4714 Saul
743 4677 755 4714 :
782 4660 1060 4732 Nunquid
1091 4660 1210 4717 haec
1232 4679 1337 4718 vox
1381 4665 1485 4718 tua
1515 4668 1624 4730 est,
1660 4663 1739 4717 tili
1781 4665 1858 4719 mi

205 4749 383 4804 David
413 4749 448 4802 τ
497 4749 566 4802 Et
619 4748 830 4804 levavit
880 4750 1014 4804 Saul
1067 4767 1266 4807 vocem
1325 4769 1519 4820 suam,
1565 4758 1622 4808 et
1671 4753 1861 4822 ﬂevit;

211 4836 480 4909 dixitque
512 4837 583 4892 ad
619 4837 796 4892 David
824 4855 836 4892 :
865 4838 949 4909 [T.
978 4839 1200 4910 LXIX].
1234 4839 1461 4896 Justior
1491 4844 1551 4895 tu
1584 4858 1647 4897 es
1687 4859 1864 4913 quam

211 4940 355 4995 ego;
383 4931 449 4980 tu
484 4925 642 4980 enim
677 4925 935 4982 tribuisti
973 4927 1116 4982 mihi
1148 4928 1334 4996 bona;
1364 4944 1470 5001 ego
1503 4935 1700 4985 autem
1734 4931 1865 4986 red-

213 5013 329 5068 didi
366 5015 480 5070 tibi
527 5013 702 5069 maia.
733 5015 802 5070 Et
832 5020 897 5070 tu
947 5015 1222 5072 indicasti
1272 5017 1447 5073 hodie
1491 5034 1618 5090 quin
1666 5019 1869 5075 feceris

216 5103 359 5159 mihi
415 5105 608 5159 bona:
639 5105 936 5175 quomodo
985 5105 1295 5161 tradiderit
1339 5122 1431 5161 me
1478 5107 1760 5163 Dominus
1810 5107 1868 5162 in

288 5285 318 5359 ξ-
341 5286 454 5338 Ms.
487 5283 808 5359 Veronens.
842 5283 987 5340 Cum
1038 5284 1322 5356 Vulgatis,
1355 5285 1592 5342 Dioclis:
1626 5287 1700 5344 sit
1753 5293 1874 5359 [ra-

221 5355 406 5431 tribtts
416 5356 665 5431 meis,_etc
675 5357 1051 5431 Debreeorum
1066 5355 1260 5431 tamen
1276 5359 1308 5412 d
1321 5355 1876 5431 issentiente,in'quo

223 5432 312 5498 est
337 5425 462 5489 Sic,
496 5429 604 5482 sub
626 5427 751 5498 alia
791 5427 1288 5498 interpunctione.

294 5497 316 5530 ²
351 5500 516 5562 Quot
580 5497 766 5574 placet
815 5497 1166 5570 scholiastas,
1199 5505 1449 5572 fuerunt,
1499 5517 1612 5557 ms.
1646 5517 1878 5574 quoque

231 5564 555 5640 Veronens.
580 5564 836 5640 praefert.

295 5639 317 5672 ³
346 5643 485 5693 εἰωο
529 5639 816 5712 pericope,
851 5644 914 5696 Et
960 5643 1195 5698 accincti
1247 5649 1378 5699 sunt
1425 5644 1639 5712 singuli
1692 5645 1880 5712 gladio

1975 4628 2338 4718 suntitaque
2368 4643 2534 4716 pueri
2567 4641 2742 4697 David
2777 4658 2881 4714 per
2909 4641 3064 4697 viam
3096 4658 3289 4712 suam,
3313 4648 3371 4698 et
3401 4628 3627 4700 reversi.

1973 4741 2281 4800 venerunt,
2303 4739 2359 4789 et
2391 4731 2810 4787 nuntiaverunt
2840 4730 2890 4784 ei
2913 4729 3112 4785 omnia
3132 4731 3308 4786 verba
3335 4731 3415 4802 [h.
3442 4733 3617 4788 verba

1978 4828 2120 4898 hazc]
2155 4841 2281 4896 quas
2315 4822 2560 4878 dixerat.
2591 4820 2753 4874 Tunc
2789 4817 2963 4874 David
2995 4819 3076 4873 ait
3124 4819 3266 4874 viris
3313 4819 3477 4876 suis:
3510 4826 3617 4874 Ac-

1981 4921 2250 4989 cingatur
2282 4910 2660 4981 unusquique
2689 4907 2884 4979 gladio
2916 4926 3045 4964 suo.
3078 4909 3148 4964 Et
3179 4909 3421 4965 accincti
3477 4913 3618 4964 sunt

1981 5005 2197 5078 singuli
2230 5001 2425 5076 gladio
2448 5015 2555 5055 suo
2584 4999 2626 5068 ³,
2650 4997 3068 5070 accinctusque
3094 5002 3183 5054 est
3204 5003 3260 5054 et
3286 4999 3456 5054 David
3481 5013 3620 5053 ense

1981 5114 2090 5154 suo
2117 5114 2130 5164 ;
2163 5097 2224 5150 et
2255 5088 2440 5148 secuti
2473 5090 2612 5143 sunt
2641 5085 2822 5142 David
2856 5086 3029 5157 quasi
3063 5087 3400 5158 [Vulgdacet
3431 5084 3622 5158 quasi]

1982 5292 2102 5343 suo,
2137 5285 2267 5344 quae
2298 5264 2541 5344 totidem
2573 5267 2664 5344 est
2711 5263 2784 5344 in_
2819 5262 3058 5317 Hebraeo
3114 5260 3328 5344 verbis,
3360 5259 3420 5314 in
3447 5257 3624 5344 vero-

1986 5329 2292 5405 nensfms.
2321 5336 2712 5396 desideratur;
2737 5337 2794 5389 et
2816 5348 3153 5405 quanquam
3178 5336 3380 5401 putare
3401 5329 3626 5405 malim,

1985 5403 2176 5478 Datini
2208 5407 2529 5484 antiquarii
2562 5422 2758 5462 errore
2777 5403 2860 5484 _ob
2891 5403 3228 5484 earumdem
3261 5417 3468 5484 vocum
3494 5403 3633 5484 ριιξ-

1986 5471 2203 5548 2113’an
2234 5471 2642 5555 repetitionem
2675 5493 2753 5555 ex_
2777 5477 2893 5555 hoc_
2933 5475 3061 5555 ejus
3108 5471 3444 5543 apographo
3477 5473 3632 5555 deci-

1988 5546 2147 5620 disse
2175 5579 2189 5626 ;
2221 5546 2397 5611 velim
2428 5557 2628 5626 tamen
2658 5546 3294 5626 animadveritasJ'eiam
3339 5557 3528 5625 neque
3574 5546 3634 5597 in

1989 5612 2270 5693 {’at—icano
2300 5621 2614 5694 exemplari
2647 5623 2846 5674 Graeco
2875 5619 2982 5669 τῶν
3009 5616 3162 5669 LXX
3194 5612 3415 5678 haberi,
3439 5612 3636 5688 neque
