3982 6178
357 417 466 472 655

1386 411 1444 464 S.
1488 406 1890 462 HIERONYMI
1928 405 2184 458 DIVINA
2228 403 2725 460 BIBLIOTHECA.

3623 409 3712 465 656

350 540 766 617 quadringenti
793 537 941 594 viri:
975 553 1145 609 porro
1182 534 1419 591 ducenti
1467 533 1880 590 remanserunt
1931 529 2001 584 ad
2032 529 2086 596 Α
2118 529 2427 601 sanguine,
2479 533 2536 585 et
2563 527 2810 585 salvavit
2845 545 3088 585 manum
3117 533 3279 585 tuam
3310 531 3412 586 tibi
3442 548 3454 588 :
3485 536 3537 588 et
3581 551 3712 592 nunc

352 637 636 692 sarcinas.
663 629 892 701 Abigail
917 631 1112 684 autem
1138 625 1301 682 uxori
1323 623 1505 680 Nabal
1530 621 1822 678 nuntiavit
1843 637 1999 676 unus

350 726 422 780 de
454 722 673 795 pueris,
708 720 944 775 dicens:
978 717 1120 772 Ecce
1174 715 1336 770 misit
1397 712 1571 768 David
1647 711 1889 766 nuntios
1928 709 1999 763 de

348 814 598 875 deserto,
622 814 687 864 ut
709 806 1117 863 benedicerent
1139 804 1378 859 domino
1406 807 1604 858 nostro
1623 801 1736 867 (Ms.
1765 797 1994 868 vestro);

351 905 410 957 et
440 902 744 956 aversatus
775 899 863 951 est
893 911 1013 950 eos.
1049 892 1326 948 Homines
1358 891 1476 960 isti,
1512 889 1645 945 boni
1679 889 1824 944 satis
1873 888 1998 942 fue-

347 987 752 1051 runtnobis,et
775 1001 890 1040 non
921 981 1184 1038 molesti:
1209 997 1314 1036 nec
1338 980 1660 1052 quidquam
1686 975 2000 1048 aliquando

348 1077 523 1151 periit
554 1075 714 1131 omni
747 1079 1026 1143 tempore,
1061 1087 1176 1142 quo
1226 1085 1434 1126 sumus
1485 1066 1806 1124 conversati
1865 1081 1999 1120 cum

351 1168 437 1224 eis
474 1167 532 1221 in
567 1166 798 1221 deserto
827 1183 841 1232 ;
877 1179 979 1234 pro
1012 1177 1180 1215 muro
1211 1164 1379 1214 erant
1401 1158 1571 1213 nobis
1602 1160 1722 1212 tam
1752 1156 1810 1210 in
1836 1157 2001 1210 nocte

355 1272 535 1330 quam
559 1255 617 1310 in
644 1254 758 1319 die,
783 1251 1060 1308 omnibus
1082 1249 1292 1305 diebus
1320 1247 1538 1320 quibus
1555 1246 1823 1318 pavimus
1846 1243 1999 1315 apud

357 1363 455 1403 eos
487 1359 714 1418 greges.
748 1339 1140 1406 Quamobrem
1201 1337 1529 1402 considera,
1588 1341 1646 1391 et
1695 1334 1950 1404 recogita
1981 1335 1998 1368 ¹

353 1436 493 1506 quid
528 1434 711 1488 facias
741 1448 754 1486 :
796 1430 1075 1502 quoniam
1099 1427 1392 1499 completa
1414 1430 1502 1481 est
1525 1424 1750 1480 malitia
1801 1424 2002 1478 adver-

352 1541 455 1580 sus
485 1523 674 1578 virum
708 1526 903 1588 tuum,
933 1522 990 1574 et
1019 1518 1299 1573 adversus
1332 1516 1572 1570 domum
1606 1519 1765 1568 tuam
1797 1511 1875 1567 (h.
1900 1511 2002 1566 ad-

348 1629 554 1669 versus
572 1611 876 1666 dominum
908 1611 1158 1663 nostr-um
1187 1613 1238 1661 et
1286 1605 1567 1660 adversus
1624 1617 1840 1659 omnem
1898 1602 2002 1656 do-

352 1717 516 1757 mum
547 1698 752 1769 suam),
786 1701 844 1752 et
883 1697 1009 1766 ipse
1056 1693 1215 1748 ﬁlius
1256 1697 1346 1747 est
1375 1691 1574 1759 Belial,
1607 1689 1690 1744 ita
1734 1693 1800 1744 ut
1830 1703 2001 1742 nemo

353 1790 406 1846 ei
439 1788 627 1861 possit
657 1786 834 1856 loqui.
861 1782 1179 1840 Festinavit
1206 1781 1403 1853 agitur
1440 1777 1693 1850 Abigail,
1751 1781 1808 1833 et
1864 1775 2002 1832 tulit

356 1879 640 1934 ducentos
673 1891 877 1948 panes,
909 1877 965 1929 et
1002 1873 1151 1928 duos
1209 1875 1368 1926 utres
1427 1869 1566 1938 vini,
1625 1872 1682 1923 et
1738 1866 2001 1937 quinque
2037 1912 2082 1976 Β

358 1968 572 2023 arietes
604 1969 825 2031 coctos,
857 1967 913 2019 et
943 1962 1206 2034 quinque
1239 1965 1366 2015 sata
1396 1958 1663 2030 polentae,
1687 1960 1744 2011 et
1765 1961 1999 2011 centum

352 2055 639 2126 ligaturas
671 2069 791 2107 uvae
823 2066 1009 2122 passas
1042 2048 1126 2118 (h.
1159 2056 1210 2103 et
1240 2050 1458 2102 (rent-um
1486 2061 1617 2099 uvas
1646 2042 1897 2114 passas),
1952 2047 2010 2097 et

361 2145 644 2200 ducentas
695 2157 923 2196 massas
981 2137 1328 2206 caricarum,
1379 2140 1437 2190 et
1492 2132 1777 2205 imposuit
1833 2147 2008 2203 super

359 2234 595 2299 asinos;
629 2230 887 2300 dixitque
918 2227 1116 2300 pueris
1148 2225 1313 2282 suis:
1339 2223 1652 2280 Przecedite
1685 2237 1814 2288 me;
1877 2237 2006 2276 ecce

361 2337 466 2391 ego
501 2324 631 2390 post
659 2323 890 2390 tergum
924 2333 1138 2388 sequar
1166 2331 1268 2370 vos
1294 2329 1307 2368 :
1335 2313 1456 2368 viro
1472 2316 1670 2368 autem
1694 2327 1799 2366 suo
1823 2309 2006 2365 Nabal

360 2427 485 2465 non
510 2407 806 2463 indicavit.
839 2410 986 2462 Cum
1021 2420 1157 2476 ergo
1214 2401 1577 2458 ascendisset
1633 2399 1890 2468 asinum,
1949 2403 2007 2454 et

359 2498 741 2554 descenderet
770 2496 892 2568 (ms.
926 2491 1346 2562 descendisset)
1381 2490 1452 2546 ad
1484 2487 1709 2545 radices
1765 2486 2003 2552 montis,

360 2585 537 2642 David
569 2593 623 2642 et
649 2585 753 2640 viri
784 2585 912 2655 ejus
941 2581 1374 2637 descendebant
1399 2579 1458 2634 in
1491 2591 1800 2633 occursum
1833 2575 2001 2646 ejus;

359 2674 577 2746 quibus
608 2678 664 2729 et
694 2671 796 2728 illa
825 2670 1098 2728 occurrit.
1133 2670 1200 2724 Et
1233 2668 1314 2723 ait
1346 2667 1520 2723 David
1547 2683 1560 2720 :
1596 2665 1734 2722 Vere
1788 2664 2006 2720 frustra

358 2761 580 2819 servavi
614 2762 831 2828 omnia,
865 2777 992 2832 quas
1035 2758 1217 2828 hujus
1273 2759 1461 2823 erant,
1521 2755 1577 2809 in
1637 2755 1890 2823 deserto,
1949 2757 2006 2809 et

358 2865 472 2904 non
505 2848 678 2920 periit
708 2846 1033 2919 quidquam
1066 2845 1137 2900 de
1169 2843 1398 2899 cunctis
1442 2859 1572 2914 quae
1602 2841 1674 2896 ad
1706 2857 1840 2896 eum
1874 2857 2003 2912 per-

353 2936 641 3003 tinebant,
675 2940 732 2991 et
763 2933 1015 2990 reddidit
1047 2931 1191 2987 mihi
1224 2931 1445 2987 malum
1481 2947 1582 3002 pro
1639 2929 1810 2984 bono.
1871 2933 2005 2984 Haec

354 3025 530 3082 faciat
560 3024 715 3080 Deus
746 3021 1194 3079 inimicisDavid
1227 3040 1241 3089 ;
1277 3025 1334 3076 et
1359 3019 1479 3074 haec
1507 3018 1704 3085 addat,
1756 3017 1806 3073 si
1865 3016 2004 3072 reli-

355 3130 532 3184 quero
565 3113 635 3168 de
668 3113 944 3169 omnibus
975 3129 1098 3181 quae
1149 3111 1220 3165 ad
1276 3125 1409 3164 cum
1474 3109 1770 3180 pertinent
1818 3122 2004 3178 usque

356 3204 584 3272 mane’,
603 3202 964 3273 mingentem
985 3201 1051 3254 ad
1070 3197 1524 3271 parietem.Cum
1549 3201 1742 3252 autem
1762 3197 2005 3252 vidisset

2109 618 2252 672 ﬁant
2283 617 2435 673 sicut
2463 617 2648 675 Nabal
2679 618 2902 674 inimici
2933 618 3040 687 tui,
3075 623 3131 674 et
3169 620 3271 691 qui
3328 626 3579 692 quaerunt
3626 624 3712 678 do-

2109 708 2268 762 mino
2291 723 2419 763 meo
2452 707 2693 764 malum.
2729 707 3094 780 Quapropter
3125 709 3355 780 suscipe
3396 710 3713 768 benedictio-

2109 811 2242 850 nem
2278 794 2449 865 hanc,
2483 812 2660 867 quam
2693 795 2895 852 attulit
2933 795 3147 852 ancilla
3204 801 3306 851 tua
3352 797 3450 852 tibi
3505 799 3712 856 domino

2110 899 2237 938 meo
2264 901 2278 952 ;
2308 889 2364 938 et
2394 885 2468 939 da
2500 885 2697 956 pueris
2727 889 2785 940 et
2813 885 2914 957 qui
2947 889 3282 956 sequuntur
3337 890 3392 940 te
3435 886 3713 944 dominum

2109 988 2329 1027 meum.
2365 973 2539 1029 Aufer
2571 974 2652 1046 (h.
2686 973 3052 1041 obliviscere)
3091 973 3454 1045 iniquitatem
3511 976 3714 1032 famula)

2108 1066 2225 1116 tuas
2253 1079 2264 1116 :
2289 1062 2509 1117 faciens
2541 1062 2697 1117 enim
2729 1062 2904 1118 faciet
2921 1061 3207 1118 Dominus
3233 1061 3338 1117 tibi
3360 1063 3585 1120 domino
3606 1081 3715 1121 meo

2112 1151 2352 1206 domum
2386 1150 2644 1219 ﬁdelem,
2670 1151 2808 1224 quia
2838 1150 3039 1224 praelia
3071 1151 3324 1222 Domini,
3354 1152 3577 1208 domine
3631 1153 3718 1221 mi,

2110 1243 2172 1293 tu
2216 1238 2498 1310 praaliaris
2530 1257 2544 1296 :
2581 1241 2808 1296 malitia
2843 1257 2980 1313 ergo
3023 1257 3140 1296 non
3198 1239 3525 1297 inveniatur
3573 1241 3629 1296 in
3675 1247 3720 1297 te

2111 1328 2388 1384 omnibus
2411 1328 2619 1384 diebus
2649 1329 2778 1385 vitae
2809 1333 2943 1385 tum.
2962 1329 3018 1384 Si
3033 1328 3190 1386 enim
3208 1330 3456 1386 surrexit
3478 1337 3723 1402 (masur-

2112 1416 2669 1489 rexerit)aliquando
2697 1417 2872 1474 homo
2911 1434 3268 1490 persequens
3299 1424 3377 1487 te,
3405 1424 3462 1475 et
3487 1436 3723 1490 quaerens

2112 1507 2371 1564 animam
2402 1513 2587 1575 tuam,
2620 1508 2731 1563 erit
2760 1509 2959 1563 anima
2987 1509 3220 1564 domini
3271 1509 3381 1564 mei
3439 1510 3722 1576 custodita,

2113 1598 2274 1670 quasi
2300 1595 2382 1654 (h.
2417 1613 2531 1652 non
2566 1597 2760 1667 habet)
2792 1597 2851 1652 in
2905 1598 3150 1655 fasiculo
3205 1597 3538 1664 viventium,
3592 1599 3723 1669 apud

2113 1686 2424 1742 Dominum
2459 1693 2639 1744 Deum
2675 1693 2842 1742 tuum
2880 1705 2892 1743 :
2927 1704 3100 1760 porro
3129 1687 3329 1742 anima
3382 1686 3723 1742 inimicorum

2111 1781 2349 1830 tuorum
2380 1775 2863 1846 rotabitur,quasi
2897 1776 3192 1848 inimpetu
3220 1775 3502 1832 etcirculo
3535 1775 3722 1830 fundae.

2113 1864 2256 1919 Cum
2285 1881 2421 1936 ergo
2455 1864 2653 1920 fecerit
2679 1853 2962 1920 Dominus
2986 1863 3092 1919 tibi
3121 1864 3358 1921 domino
3391 1881 3514 1920 meo
3553 1863 3728 1920 omnia

2114 1970 2240 2024 quaa
2271 1951 2502 2008 locutus
2532 1959 2623 2008 est
2643 1954 2796 2009 bona
2826 1953 2896 2008 de
2919 1958 2994 2024 te,
3026 1958 3083 2009 et
3112 1953 3486 2009 constituerit
3530 1959 3583 2008 te
3633 1954 3728 2008 du-

2112 2058 2237 2097 cem
2272 2058 2452 2114 super
2483 2041 2684 2109 Israel,
2709 2058 2823 2098 non
2849 2043 2959 2098 erit
2977 2041 3085 2097 tibi
3114 2041 3224 2098 hoc
3252 2042 3312 2097 in
3339 2041 3730 2114 singultum,et

2114 2133 2172 2188 in
2205 2133 2551 2205 scrupulum
2575 2134 2765 2189 cordis
2797 2135 3035 2190 domino
3070 2151 3220 2201 meo,
3267 2135 3422 2205 quod
3479 2133 3729 2190 etl'uderis

2110 2222 2459 2294 sanguinem
2491 2222 2817 2291 innoxium,
2851 2226 2953 2278 aut
2981 2223 3107 2293 ipse
3139 2227 3195 2278 te
3226 2222 3388 2280 ultus
3436 2223 3642 2278 fueris:
3686 2225 3734 2277 et

2109 2327 2244 2366 cum
2268 2311 2619 2366 benefecerit
2652 2310 2932 2366 Dominus
2958 2311 3196 2367 domino
3247 2328 3398 2382 meo,
3422 2310 3730 2367 recordabe-

2109 2400 2190 2456 ris
2219 2399 2444 2455 ancillaa
2475 2404 2611 2455 tum.
2661 2401 2729 2455 Et
2768 2400 2848 2456 ait
2895 2401 3072 2455 David
3128 2401 3200 2456 ad
3261 2400 3521 2473 Abigail:
3577 2399 3734 2455 Bene-

2109 2489 2302 2544 dictus
2340 2488 2622 2544 Dominus
2652 2493 2802 2544 Deus
2831 2488 3033 2556 Israel,
3067 2489 3170 2561 qui
3201 2489 3364 2544 misit
3397 2494 3450 2545 te
3478 2488 3638 2544 hodie
3679 2488 3731 2541 in

2120 2593 2430 2633 occursum
2465 2593 2682 2644 meum,
2701 2582 2760 2632 et
2787 2577 3157 2633 benedictum
3180 2577 3484 2650 eloquium
3504 2580 3733 2642 tuum,et

2119 2667 2424 2722 benedicta
2453 2673 2538 2735 tu,
2572 2683 2698 2738 quas
2738 2666 3092 2738 prohibuisti
3145 2683 3238 2722 me
3279 2667 3452 2724 hodie
3495 2683 3564 2722 ne
3605 2667 3729 2720 irem

2113 2757 2185 2811 ad
2217 2755 2590 2828 sanguinem,
2621 2759 2688 2810 ut
2721 2755 3081 2812 ulciscerere
3104 2773 3283 2811 manu
3320 2773 3467 2812 mea.
3487 2753 3732 2826 Alioquin

2107 2843 2248 2900 vivit
2282 2845 2563 2900 Dominus
2601 2849 2752 2900 Deus
2805 2847 3004 2915 Israel,
3039 2846 3136 2917 qui
3170 2845 3478 2918 prohibuit
3532 2859 3619 2899 me
3670 2858 3733 2898 ne

2109 2935 2331 2989 malum
2368 2934 2614 2989 facerem
2651 2933 2752 2988 tibi
2784 2935 2805 2968 ‘
2829 2951 2841 2989 :
2867 2934 2980 2989 nisi
3019 2936 3132 2990 cito
3164 2935 3428 2991 venisses
3459 2934 3514 2988 in
3546 2949 3733 2990 occur-

2110 3039 2240 3078 sum
2278 3022 2443 3092 mihi,
2477 3039 2591 3078 non
2627 3023 3006 3078 remansisset
3035 3022 3218 3078 Nabal
3251 3040 3440 3095 usque
3465 3024 3534 3078 ad
3565 3021 3734 3077 lucem

2110 3111 2483 3177 matutinam,
2517 3111 2786 3183 mingens
2817 3112 2888 3166 ad
2927 3112 3230 3183 parietem.
3297 3111 3565 3184 Suscepit
3614 3125 3736 3180 ergo

2107 3199 2287 3255 David
2323 3201 2392 3255 de
2425 3216 2604 3255 manu
2643 3201 2770 3270 ejus
2806 3200 3008 3256 omnia
3039 3200 3119 3269 (h.
3156 3217 3272 3257 non
3307 3201 3504 3271 habet,
3539 3197 3735 3268 omnia)

355 3290 584 3362 Ahigail
615 3289 814 3356 David,
849 3287 1168 3357 festinavit,
1195 3291 1251 3342 et
1271 3285 1572 3342 descendit
1595 3287 1666 3341 de
1704 3285 1892 3352 asino,
1942 3275 2072 3343 etC
2111 3305 2236 3360 quas
2279 3289 2555 3344 attulerat
2597 3289 2664 3360 ei,
2704 3288 2966 3360 dixitque
3023 3289 3111 3345 ei:
3171 3289 3333 3346 Vade
3383 3289 3616 3362 paciﬁca
3641 3289 3659 3322 '
3683 3287 3734 3341 in

355 3379 607 3451 procidit
635 3394 830 3434 coram
862 3378 1043 3433 David
1069 3393 1246 3447 super
1271 3375 1479 3431 faciem
1504 3390 1694 3444 suam,
1719 3378 1775 3429 et
1790 3374 1995 3430 adora-

351 3470 436 3523 vit
466 3485 645 3540 super
672 3472 914 3536 terram,
945 3470 1002 3521 et
1031 3464 1239 3520 cecidit
1259 3465 1330 3519 ad
1364 3464 1540 3536 pedes
1565 3463 1953 3534 ejus,etdixit
1979 3479 1994 3520 :

354 3561 420 3612 In
454 3573 546 3612 me
577 3556 753 3628 sit(h.
782 3555 912 3628 est),
947 3554 1183 3610 domine
1231 3554 1334 3618 mi,
1394 3551 1516 3607 haec
1556 3551 1851 3622 inquitas:
1911 3550 1995 3607 lo-

356 3650 592 3720 quatur,
623 3645 884 3711 obsecro,
914 3642 1128 3700 ancilla
1166 3647 1266 3698 tua
1322 3641 1381 3697 in
1444 3641 1688 3696 auribus
1737 3640 1896 3708 tuis;
1939 3644 1996 3696 et

355 3735 494 3792 audi
524 3734 699 3790 verba
730 3731 962 3789 famula:
989 3736 1123 3787 tua}.
1156 3731 1238 3786 Ne
1286 3736 1486 3802 ponat,
1543 3746 1664 3799 oro,
1719 3728 1996 3784 dominus

354 3841 519 3881 meus
550 3823 759 3896 γραῖα).
793 3838 908 3878 non
940 3821 1137 3892 habet)
1187 3837 1286 3876 cor
1340 3836 1516 3876 suum
1571 3834 1748 3890 super
1801 3817 1992 3874 virum

352 3915 532 3971 istum
563 3911 1009 3984 iniquissimum
1041 3910 1224 3966 Nabal
1257 3910 1335 3980 (h.
1369 3925 1547 3980 super
1573 3909 1764 3963 virum
1816 3907 1993 3964 istum

351 4002 528 4058 Belial
553 3999 758 4073 Nabal)
791 4017 803 4056 :
831 4001 971 4072 quia
992 3999 1314 4055 secundum
1342 4014 1555 4054 nomen
1579 4013 1750 4052 suum
1776 3996 1994 4054 stultus

350 4097 461 4160 est,
493 4095 551 4147 et
579 4095 668 4146 est
697 4088 920 4145 stulitia
950 4104 1080 4144 cum
1111 4103 1178 4143 eo
1202 4087 1284 4159 (h.
1317 4086 1455 4158 quia
1501 4086 1828 4141 secundum
1888 4103 1990 4141 no-

348 4195 480 4236 men
513 4195 686 4235 suum
717 4177 800 4232 ita
826 4181 935 4233 est.
969 4175 1150 4232 Nabal
1182 4192 1402 4231 nomen
1425 4176 1553 4245 ejus
1574 4180 1682 4243 est;
1707 4180 1765 4231 et
1795 4175 1989 4232 stulti-

347 4268 430 4323 tia
457 4283 593 4324 cum
624 4269 751 4339 eo):
785 4282 890 4339 ego
924 4270 1119 4321 autem
1142 4264 1357 4320 ancilla
1387 4269 1489 4320 tua
1521 4280 1632 4320 non
1675 4264 1789 4319 vidi
1852 4281 1988 4336 pue-

347 4373 444 4412 ros
474 4361 608 4412 tuos
639 4355 719 4427 (h.
755 4373 867 4410 non
903 4354 1079 4409 habet
1108 4355 1290 4424 tuos),
1341 4354 1573 4409 domine
1606 4353 1685 4408 mi
1745 4354 1786 4421 ³,
1841 4371 1986 4425 quos

347 4445 577 4502 misisti.
609 4445 776 4500 Nunc
798 4460 952 4513 ergo,
997 4444 1230 4499 domine
1263 4443 1366 4508 mi,
1389 4442 1528 4497 vivit
1577 4442 1886 4510 Dominus,
1929 4449 1987 4499 et

341 4535 483 4591 vivit
513 4534 712 4590 anima
741 4539 866 4601 tua,
901 4533 1000 4604 qui
1046 4532 1347 4605 prohibuit
1406 4536 1458 4587 te
1515 4547 1587 4587 ne
1637 4535 1866 4588 venires
1924 4533 1983 4588 in

340 4681 400 4768 in
433 4711 563 4768 aliis
593 4712 827 4784 optima)
859 4715 1028 4779 notae,
1089 4711 1159 4784 ad
1221 4726 1347 4782 quas
1405 4725 1636 4784 nupera?
1662 4783 1667 4784 γ
1692 4709 1984 4784 editiones

337 4782 658 4855 Lipsiensis
688 4784 824 4839 anni
858 4784 997 4838 1647
1027 4787 1085 4838 et
1121 4783 1592 4855 Franequeriana
1651 4782 1788 4836 1709
1844 4791 1985 4841 sunt

341 4872 952 4983 ϐχέἳᾶἒῗξξῗθτοηθηεε
983 4929 1036 4982 et
1063 4925 1189 4981 vide
1243 4924 1483 4980 Hebrmo
1531 4933 1655 4986 imi
1693 4924 1977 4994 pressius.

406 5016 427 5050 ³
459 5021 568 5072 Pro
596 5014 1241 5086 manelegitVeronens.
1263 5031 1374 5070 ms.
1395 5030 1585 5086 canem
1609 5029 1622 5067 :
1649 5030 1774 5085 quae
1805 5014 1977 5070 lectio

333 5088 568 5142 tametsi
600 5087 670 5142 ab
699 5084 930 5142 Hebriso
961 5099 1074 5149 TD:
1104 5085 1444 5156 czeterisque
1489 5084 1680 5139 libris’
1700 5087 1977 5141 omnibus

331 5158 663 5228 dissentiat,
701 5175 812 5213 non
845 5158 1165 5228 incongrua
1193 5162 1389 5212 tamen
1418 5161 1526 5224 est,
1551 5161 1653 5212 aut
1691 5157 1977 5228 glossato-

331 5244 454 5294 rem
486 5227 788 5286 indoCtum
822 5229 994 5298 sapit.
1029 5227 1247 5297 Nempe
1269 5244 1402 5282 cum
1435 5227 1798 5297 disputatum
1840 5234 1970 5282 tan-

329 5306 528 5369 topere
557 5302 635 5356 sit
665 5301 819 5356 inter
847 5298 1126 5362 eruditos,
1160 5315 1297 5353 num
1316 5300 1507 5354 verbis
1530 5299 1863 5368 mingentem
1902 5300 1972 5354 ad

325 5373 593 5441 parietem
621 5388 814 5427 mares
845 5386 946 5425 seu
999 5369 1145 5441 viri,
1179 5371 1394 5440 quibus
1454 5370 1594 5424 illud
1658 5387 1760 5441 pro
1811 5387 1971 5427 more

328 5440 617 5509 Convenit,
651 5460 724 5498 an
773 5457 946 5497 canes
995 5440 1422 5510 signiﬁcentur,
1483 5459 1610 5510 quae.
1665 5440 1800 5496 trita
1847 5459 1968 5497 ser-

330 5529 499 5568 mone
531 5512 820 5584 proverbii
868 5517 958 5567 est
987 5510 1245 5583 phrasis,
1277 5529 1410 5566 cum
1443 5513 1576 5582 quis
1632 5511 1713 5584 ita
1756 5529 1817 5567 se
1863 5531 1968 5568 ne-

327 5583 466 5654 mini
501 5583 814 5653 parsurum
848 5584 1126 5648 minatur,
1154 5588 1219 5638 ut
1248 5600 1319 5638 ne
1345 5600 1546 5639 canem
1581 5583 1838 5654 quidem,
1871 5587 1965 5641 cui

327 5653 588 5726 mingere
617 5657 688 5710 ad
720 5655 1001 5726 parietem
1035 5654 1279 5726 insitum
1311 5659 1399 5710 est
1429 5671 1463 5710 a
1493 5653 1724 5722 natura,
1767 5656 1961 5713 vivum

325 5723 615 5793 relinquat
648 5741 661 5779 :
698 5723 897 5782 noster
924 5725 1294 5797 antiquarius
1323 5727 1537 5798 (neque
1557 5727 1752 5784 enima
1776 5727 1835 5784 Si
1867 5729 1960 5784 in-

2105 3379 2345 3434 domum
2378 3383 2565 3445 tuam,
2596 3395 2727 3434 ecce
2758 3379 2952 3433 audivi
2984 3394 3179 3434 vocem
3243 3385 3434 3447 tuam,
3466 3385 3525 3434 et
3567 3377 3732 3432 hono-

2106 3467 2222 3521 ravi
2259 3466 2339 3539 (h.
2374 3467 2694 3540 assumpsi)
2727 3467 2938 3523 fuciem
2969 3472 3152 3523 tuam.
3186 3469 3365 3525 Venit
3394 3473 3584 3524 autem
3606 3466 3730 3521 Abi-

2103 3555 2215 3624 gail
2247 3557 2319 3610 ad
2347 3555 2569 3612 Nabal:
2602 3561 2660 3611 et
2687 3572 2819 3612 ecce
2855 3561 2981 3612 erat
3009 3557 3060 3612 ei
3091 3558 3430 3614 convivium
3460 3557 3520 3612 in
3575 3557 3732 3611 domo

2103 3645 2252 3715 ejus,
2285 3645 2455 3716 quasi
2487 3645 2815 3701 convivium
2849 3646 3024 3718 regis,
3062 3650 3118 3702 et
3138 3663 3238 3701 cor
3297 3646 3483 3703 Nabal
3533 3647 3732 3717 jucun-

2103 3735 2280 3790 dum:
2316 3739 2440 3789 erat
2465 3735 2619 3790 enim
2650 3735 2849 3791 ebrius
2876 3736 3054 3790 nimis
3081 3753 3094 3803 ;
3137 3740 3194 3791 et
3225 3753 3342 3793 non
3377 3735 3650 3791 indicavit
3687 3732 3733 3787 ei

2101 3823 2344 3878 verbum
2377 3822 2658 3894 pusillum
2691 3828 2792 3879 aut
2812 3823 3034 3895 grande
3064 3841 3254 3896 usque
3279 3826 3338 3880 in
3365 3840 3557 3880 mane.
3583 3821 3730 3877 Dilu-

2102 3911 2233 3967 culo
2265 3916 2459 3968 autem
2492 3929 2624 3969 cum
2653 3913 2997 3984 digessisset
3020 3912 3214 3969 vinum
3242 3915 3452 3980 Nabal,
3478 3911 3736 3968 indicavit

2101 4002 2151 4056 ei
2184 4018 2329 4057 uxor
2360 4018 2464 4056 sua
2481 4003 2656 4057 verba
2687 4001 2826 4068 haec,
2859 4007 2918 4058 et
2948 4009 3282 4058 emortuum
3339 4009 3430 4059 est
3481 4017 3576 4057 cor
3619 4001 3733 4070 ejus

2100 4089 2482 4159 intrinsecus,
2514 4096 2573 4146 et
2605 4091 2794 4146 factus
2824 4094 2914 4146 est
2946 4091 3115 4162 quasi
3140 4091 3314 4164 lapis.
3351 4093 3438 4165 (T.
3499 4088 3736 4155 LXXII.)

2099 4181 2362 4250 Cumque
2392 4181 2850 4252 pertransissent
2878 4180 3076 4236 decem
3129 4181 3276 4251 dies,
3314 4181 3604 4253 percussit
3637 4177 3734 4232 Do-

2099 4268 2296 4322 minus
2328 4267 2532 4335 Nabal,
2565 4268 2618 4324 el
2649 4276 2917 4324 mortuus
2947 4274 3054 4324 est.
3098 4270 3261 4334 Quod
3296 4287 3436 4326 eum
3488 4268 3736 4325 audisset

2095 4356 2276 4412 David
2299 4362 2596 4411 mortuum
2623 4355 2828 4428 Nabal,
2888 4357 2971 4412 ait
3011 4374 3024 4412 :
3068 4359 3422 4415 Bededictus
3445 4357 3732 4418 Dominus,

2094 4447 2192 4517 qui
2215 4445 2505 4518 judicavit
2537 4463 2775 4502 causam
2809 4448 3102 4519 Opprobrii
3134 4450 3248 4505 mei
3278 4451 3350 4505 de
3371 4466 3548 4504 manu
3565 4442 3732 4504 Nabal

2092 4540 2149 4591 et
2179 4551 2412 4591 servum
2431 4552 2605 4591 suum
2630 4537 3234 4606 custodivitamalo,et
3256 4539 3547 4595 malitiam
3565 4533 3730 4592 Nabal

2091 4715 2352 4793 terprete
2372 4711 2950 4793 contendereausim
2974 4712 3056 4793 ita
3081 4715 3398 4793 scriptum)
3427 4731 3601 4793 suum
3627 4711 3732 4793 _al-

2091 4782 2197 4859 teri
2231 4783 2539 4859 sententias
2561 4782 2850 4859 calculum
2883 4785 3067 4851 addit,
3099 4786 3154 4840 in
3185 4782 3450 4859 quamet
3484 4803 3577 4843 me
3617 4786 3730 4859 jam

2090 4855 2187 4929 diu
2222 4855 2615 4929 concessisse,
2669 4855 2822 4929 ultro
2935 4855 3229 4928 profiteor.
3309 4859 3517 4915 Simile
3598 4855 3728 4929 quid

2089 4925 2378 5000 Vopiscus
2406 4928 2480 5000 de
2512 4925 2824 5000 Aureliano
2855 4925 3051 4993 tradit,
3084 4931 3184 5000 qui
3210 4931 3266 4984 in
3315 4932 3486 4987 urbis
3503 4925 3729 4986 Thianaa

2089 4997 2367 5074 populum
2403 4997 2611 5074 iratus,
2642 4997 2751 5074 hoc
2801 5013 2862 5054 se
2914 4997 3270 5074 obstrinxint
3320 5001 3728 5074 jurejurando,

2089 5067 2290 5146 Quaem
2320 5071 2378 5123 in
2409 5068 2510 5124 hoc
2547 5070 2739 5146 Oppido
2795 5085 2903 5146 non
2938 5071 3298 5146 relinquam,
3320 5067 3481 5146 'quo
3536 5067 3729 5146 omnes

2087 5141 2417 5195 deleturum
2450 5156 2513 5195 se
2565 5141 2733 5208 plane
2795 5142 3062 5198 homines
3111 5141 3487 5201 sacramento
3529 5143 3728 5200 indixit

2085 5217 2288 5283 postea
2317 5216 2485 5266 tanta
2517 5217 2712 5268 motus
2770 5213 3184 5271 internecionis
3215 5217 3620 5283 miseratione,
3662 5214 3727 5270 ad

2081 5283 2387 5361 verberum
2416 5299 2631 5361 sonum
2653 5284 2951 5351 emollivit,
2981 5292 3038 5361 et
3067 5303 3270 5361 omnes
3303 5294 3602 5361 quotquot
3639 5303 3726 5342 oc-

2082 5359 2382 5428 currerent
2414 5355 2471 5409 in
2500 5355 2662 5426 urbe,
2695 5373 2865 5411 Canes
2899 5358 3035 5412 caedi
3059 5359 3262 5428 jussit.

2077 5497 2112 5553 b
2150 5426 2264 5506 {In
2290 5426 2608 5483 Veronens.
2644 5443 2755 5483 ms.
2789 5433 2845 5482 et
2877 5426 3162 5501 Vulgatis,
3190 5431 3422 5487 domine
3482 5430 3565 5485 mi
3631 5429 3728 5484 He-

2120 5514 2257 5552 raic.
2295 5510 2446 5553 αιτιοι.

2120 5514 2257 5552 ralc.
2295 5510 2446 5558 LJ'TN.

2146 5570 2172 5644 ξ
2197 5571 2262 5624 In
2294 5568 2504 5624 Veron.
2533 5585 2628 5644 _ms
2661 5611 2673 5634 ,
2704 5570 2990 5640 prohibuit
3018 5587 3104 5627 me
3131 5573 3346 5627 malum
3390 5575 3577 5644 facere
3627 5569 3728 5625 tibi

2074 5641 2248 5697 Hebr.
2283 5657 2398 5696 uno
2429 5642 2624 5710 verbo,
2647 5652 2812 5705 311D
2841 5659 2875 5697 α
2905 5643 3327 5714 malefaciendn.

2073 5729 2094 5763 ⁸
2126 5728 2286 5785 Idem
2319 5745 2455 5799 ms.,
2488 5729 2547 5785 in
2567 5745 2738 5801 pace:
2772 5746 2907 5786 cum
2934 5731 3117 5788 Hebr.
3143 5717 3364 5795 ωπθώ.
