3982 6178
277 287 365 342 657

1588 287 1800 339 LIBER
1841 286 1861 336 Ι
1899 286 2282 340 SAMUELIS.

3531 288 3636 342 658

277 407 488 465 reddidit
518 407 793 463 Dominus
824 407 884 463 in
915 412 1094 480 caput
1127 408 1275 479 ejus.
1303 406 1680 480 [T.LXXIII].
1713 405 1873 463 Misit
1901 406 1954 474 Α
1984 409 2040 462 et
2071 423 2185 462 non
2216 411 2342 462 erat
2371 407 2688 480 quisquam
2740 407 2842 480 qui
2891 395 3114 463 videret
3159 411 3216 464 et
3258 407 3632 480 intelligeret,

277 514 389 570 ergo
418 497 598 564 David,
629 503 686 552 et
717 497 950 554 locutus
983 503 1074 553 est
1119 499 1190 553 ad
1222 497 1469 569 Abigail,
1506 502 1568 552 ut
1617 501 1876 552 sumeret

274 602 376 642 eam
406 586 501 641 sibi
531 585 589 642 in
623 603 887 643 uxorem.
940 586 1006 642 Et
1043 591 1328 643 venerunt
1376 586 1539 658 pueri
1594 586 1766 640 David
1801 585 1870 640 ad

272 673 463 746 Abigail
493 675 548 730 in
578 675 972 745 Charmelum;
1007 681 1064 732 et
1111 676 1286 732 locuti
1319 682 1460 732 sunt
1486 677 1556 730 ad
1598 692 1749 745 eam,
1783 673 1870 728 di-

270 769 435 821 centes
466 781 479 820 :
509 764 685 820 David
721 766 879 821 misit
909 782 1017 821 nos
1049 766 1117 820 ad
1149 770 1227 831 te,
1255 770 1321 820 ut
1358 764 1606 837 accipiat
1654 769 1709 819 te
1757 762 1870 818 sibi

267 855 313 908 in
344 854 729 918 uxorem.0ua3
761 871 1123 926 consurgens
1153 853 1416 909 adoravit
1447 870 1630 925 prona
1660 853 1717 906 in
1751 857 1866 906 ter-

265 959 385 1008 ram,
413 946 466 998 et
492 943 569 998 ait
604 960 619 999 :
668 947 816 999 Ecce
849 943 1071 999 famula
1117 948 1218 999 tua
1266 943 1344 998 sit
1388 943 1446 997 in
1497 941 1768 997 ancillam
1804 944 1868 995 ut

264 1030 440 1104 [meet]
469 1031 619 1088 lavet
650 1033 827 1105 pedes
861 1049 1164 1089 servorum
1188 1031 1410 1088 domini
1436 1032 1569 1087 mei.
1603 1031 1673 1086 Et
1705 1031 1865 1085 festi-

260 1121 468 1189 navit,et
495 1122 747 1178 surrexit
774 1122 1089 1194 Abigail,et
1118 1121 1380 1178 ascendit
1408 1137 1586 1192 super
1603 1122 1864 1188 asinum,

255 1215 301 1265 et
327 1209 566 1283 quinque
598 1211 802 1282 puellae
833 1211 1028 1267 ierunt
1051 1227 1183 1266 cum
1205 1209 1662 1282 ea,pedissequae
1710 1210 1860 1280 ejus,

254 1303 300 1354 et
323 1304 502 1355 secuta
530 1305 622 1356 est
652 1300 892 1355 nuntios
929 1299 1100 1356 David
1129 1319 1143 1368 ;
1177 1303 1232 1355 et
1264 1300 1416 1355 facta
1448 1303 1546 1354 est
1575 1297 1658 1352 illi
1695 1315 1857 1353 uxor.

250 1387 339 1442 Sed
367 1392 416 1443 et
447 1389 727 1445 Ahinoem
762 1388 985 1460 accepit
1017 1389 1192 1444 David
1245 1389 1316 1443 de
1362 1387 1584 1444 Jezrael
1613 1407 1626 1454 ;
1661 1391 1718 1443 et
1751 1386 1860 1442 fuit

248 1479 458 1547 utraque
502 1494 649 1532 uxor
671 1478 819 1548 ejus.
855 1478 940 1549 [T.
975 1477 1246 1549 LXXIV].
1281 1477 1420 1533 Saul
1470 1481 1663 1533 autem
1697 1476 1858 1532 dedit

244 1563 426 1620 Michol
470 1565 550 1634 [b.
603 1566 838 1638 Michal]
893 1566 1071 1622 ﬁliam
1123 1583 1311 1633 suam,
1363 1581 1601 1621 uxorem
1655 1565 1852 1631 David,

241 1652 400 1709 Phalti
432 1654 542 1710 filio
574 1655 729 1725 Lais,
761 1656 862 1727 qui
893 1661 1018 1712 erat
1047 1657 1118 1711 de
1146 1655 1379 1711 Gallim.

296 1742 455 1856 [Capl
461 1743 688 1816 XXVI].
723 1745 790 1800 Et
812 1743 1443 1856 venerunthiphzsiLad
1468 1742 1603 1856 1Saul
1626 1743 1692 1856 ip‘
1718 1742 1848 1856 [nti
1884 1791 1929 1856 Β

238 1831 322 1897 d.].
349 1833 550 1902 Gabaa,
590 1834 853 1890 dicentes
889 1851 901 1889 :
936 1835 1079 1890 Ecce
1104 1833 1286 1889 David
1325 1833 1406 1905 [b.
1442 1832 1594 1890 Num
1648 1832 1848 1903 David]

236 1919 582 1979 absconditus
615 1931 701 1978 est
728 1924 787 1979 in
819 1922 964 1979 colle
994 1923 1361 1994 Achilre,quae
1392 1927 1483 1979 est
1512 1937 1576 1978 ex
1611 1922 1853 1978 adverso

237 2009 562 2067 soiitudinis.
600 2011 669 2066 Et
699 2013 954 2068 surrexit
980 2011 1202 2081 Saul,et
1231 2010 1534 2067 descendit
1565 2011 1622 2066 in
1655 2011 1852 2066 deser-

236 2100 339 2153 tum
366 2099 520 2172 Zipb,
554 2107 615 2157 et
646 2117 780 2157 cum
809 2118 876 2158 eo
905 2100 1016 2156 tria
1048 2100 1232 2156 millia
1262 2101 1518 2156 virorum
1551 2100 1622 2154 de
1653 2098 1852 2155 electis

237 2186 477 2254 Isaael,ut
499 2195 790 2260 quareret
808 2191 989 2246 David
1025 2190 1083 2245 in
1105 2191 1333 2244 deserto
1355 2188 1520 2260 Zipb.
1544 2188 1614 2243 Et
1630 2192 1850 2243 castra-

235 2281 456 2333 metatus
484 2283 574 2334 est
607 2279 744 2335 Saul
778 2280 838 2334 in
871 2279 1065 2334 Gabaa
1095 2277 1465 2349 Achilzs,qnae
1495 2280 1621 2333 erat
1649 2293 1717 2332 ex
1746 2276 1851 2332 ad-

232 2379 369 2421 verso
398 2365 738 2423 solitudinis
770 2368 828 2422 in
861 2367 954 2423 via
987 2384 999 2421 :
1035 2367 1212 2422 David
1244 2371 1436 2422 autem
1472 2366 1774 2422 habitabat
1789 2364 1849 2420 in

232 2451 450 2509 deserto.
490 2456 582 2526 [T.
617 2455 850 2528 LXXV].
887 2456 1103 2511 Videns
1151 2459 1344 2510 autem
1391 2455 1542 2527 quod
1596 2453 1852 2509 venisset

231 2540 345 2597 Saul
373 2549 498 2614 post
543 2560 610 2601 se
641 2544 700 2600 in
748 2546 1070 2616 desertum,
1121 2545 1282 2600 misit
1329 2543 1745 2616 exploratores,
1795 2547 1852 2598 et

233 2629 408 2687 didicit
436 2635 592 2705 quod
632 2635 888 2690 venisset
917 2634 1098 2705 [Vutg.
1133 2633 1259 2688 add.
1301 2631 1462 2704 illuc]
1498 2632 1847 2688 certissime.

230 2716 282 2772 Et
322 2723 562 2778 surrexit
617 2722 784 2778 Davit
836 2723 1012 2794 [ναις.
1045 2723 1180 2778 add.
1221 2723 1416 2794 clam],
1467 2726 1524 2777 et
1570 2721 1728 2777 venit
1777 2720 1849 2775 ad

229 2803 394 2864 locum
444 2811 541 2866 ubi
601 2816 729 2867 erat
788 2811 928 2868 Saul
979 2811 1193 2890 [ὴμὼί
1250 2814 1697 2866 castrametatus
1727 2813 1852 2865 erat

227 2891 384 2967 Saul]:
415 2913 546 2954 cum
581 2899 830 2954 vidisset
859 2898 1052 2954 locum
1085 2899 1143 2954 in
1179 2915 1293 2970 quo
1324 2898 1653 2954 dormiebat
1685 2897 1848 2965 Saul,

226 2986 272 3036 et
294 2985 473 3042 Abner
503 2987 665 3043 filius
695 2987 834 3054 Ner,
868 2990 1137 3060 princeps
1171 2987 1392 3043 militiae
1431 2989 1580 3059 ejus,
1613 2986 1848 3042 Saulem

226 3070 580 3132 dormientem
617 3076 678 3132 in
728 3076 1006 3146 tentorio,
1038 3081 1096 3133 et
1139 3076 1434 3149 reliquum
1483 3076 1696 3147 vulgus
1747 3092 1850 3147 per

225 3155 500 3217 circuitum
535 3163 782 3235 ejus,ait
810 3163 990 3220 David
1024 3165 1095 3220 ad
1127 3163 1498 3222 Achimelech
1523 3163 1844 3220 Getthaeum
1881 3153 1924 3220 C

223 3247 327 3314 [ma
356 3250 698 3324 Cretheum],
731 3257 788 3308 et
827 3253 1028 3309 Abisai
1082 3254 1269 3309 filium
1316 3253 1549 3324 Sarviaa,
1603 3253 1845 3310 fratrem

219 3333 365 3406 Joab,
394 3340 598 3398 dicens
635 3358 648 3397 :
683 3342 824 3408 Quis
854 3343 1168 3398 descendet
1215 3359 1445 3398 mecum
1497 3343 1569 3398 ad
1617 3343 1755 3398 Saul
1785 3342 1844 3398 in

220 3428 434 3483 castra?
469 3430 752 3503 Dixitque
799 3431 992 3486 Abisai
1029 3448 1043 3485 :
1079 3435 1190 3503 Ego
1240 3432 1591 3487 descendam
1623 3437 1843 3488 tecum.

220 3512 482 3574 Venerunt
510 3536 655 3592 ergo
686 3520 865 3575 David
897 3524 956 3576 et
985 3519 1182 3576 Abisai
1215 3521 1286 3576 ad
1320 3520 1606 3592 p0pu1um
1657 3527 1844 3588 nocte,

217 3606 263 3656 et
289 3603 635 3664 invenerunt
663 3608 794 3665 Saul
809 3611 1103 3680 jacentem
1136 3614 1194 3665 et
1219 3610 1606 3666 dormientem
1636 3609 1694 3665 in
1716 3614 1840 3666 ten-

216 3693 382 3764 torio;
423 3702 481 3754 et
528 3698 762 3754 hastam
797 3699 968 3754 fixam
1019 3699 1078 3753 in
1127 3703 1284 3755 terra
1321 3699 1392 3754 ad
1444 3703 1623 3771 caput
1665 3698 1794 3770 ejus
1829 3716 1841 3755 :

217 3780 388 3838 Abner
431 3791 636 3843 autem
667 3792 726 3842 et
774 3787 1058 3860 populum
1091 3788 1452 3843 dormientes
1487 3788 1544 3842 in
1596 3787 1842 3844 circuitu

220 3870 329 3940 ejus
354 3874 432 3942 [b.
467 3879 536 3932 Et
567 3892 701 3932 ecce
730 3876 865 3932 Saul
893 3877 1128 3947 jacebat
1156 3881 1211 3933 et
1256 3877 1583 3933 dormiebat
1627 3877 1688 3932 in
1717 3882 1847 3934 ten-

217 3960 343 4016 torio
364 3982 378 4030 ;
402 3969 460 4020 et
489 3965 670 4021 hasta
715 3966 829 4020 ﬁxa
858 3964 916 4020 in
967 3970 1120 4020 terra
1152 3966 1222 4021 ad
1256 3969 1432 4037 caput
1471 3967 1620 4037 ejus,
1653 3967 1847 4022 Abner

217 4053 390 4106 autem
435 4059 491 4109 et
538 4053 797 4126 populus
849 4054 1219 4110 dormiebant
1265 4055 1324 4109 in
1375 4055 1622 4111 circuitu
1672 4056 1843 4126 ejus].

215 4133 459 4213 Dixitque
484 4143 688 4199 Abisai
743 4144 814 4200 ad
861 4142 1040 4199 David
1077 4161 1090 4198 :
1123 4143 1424 4200 Conclusit
1469 4145 1624 4200 Deus
1674 4145 1848 4200 hodie

220 4223 507 4288 inimicum
559 4236 735 4287 tuum
765 4233 826 4287 in
879 4249 1091 4288 manus
1142 4237 1274 4288 tuas
1307 4249 1319 4288 :
1366 4249 1521 4289 nunc
1553 4249 1689 4305 ergo
1721 4249 1845 4305 per-

218 4311 408 4374 fodiam
428 4336 565 4375 cum
593 4321 798 4377 lancea
826 4321 884 4376 in
916 4325 1072 4376 terra
1102 4321 1301 4390 semel,
1323 4326 1380 4377 et
1409 4323 1666 4378 secundo
1697 4339 1845 4394 opus

221 4418 316 4460 non
345 4409 471 4464 erit.
507 4410 579 4464 Et
611 4409 759 4464 dixit
801 4410 979 4466 David
1016 4411 1088 4465 ad
1140 4410 1335 4466 Abisai
1365 4428 1377 4466 :
1413 4411 1495 4467 Ne
1527 4410 1846 4466 interﬁcias

216 4505 331 4597 'e‘um
352 4513 364 4550 :
387 4498 517 4569 quis
543 4499 704 4555 enim
729 4499 988 4555 extendit
1010 4517 1248 4555 manum
1273 4517 1440 4556 suam
1463 4499 1523 4555 in
1556 4500 1840 4556 christum
1873 4534 1922 4597 Β

214 4577 446 4655 Domini,
469 4592 527 4643 et
560 4588 842 4644 innocens
872 4588 983 4644 erit
1014 4588 1096 4660 [b.
1130 4588 1259 4660 fuit]
1282 4589 1310 4643 ?
1339 4589 1407 4644 Et
1436 4587 1580 4644 dixit
1609 4588 1788 4644 David
1823 4605 1838 4645 :

213 4665 348 4728 Vivit
373 4676 684 4747 Dominus,
701 4677 840 4748 quia
857 4676 970 4734 nisi
997 4676 1284 4733 Dominus
1306 4678 1664 4749 percusserit
1683 4693 1842 4748 eum,

217 4764 304 4816 aut
329 4763 454 4820 dies
484 4767 620 4837 ejus
649 4765 873 4822 venerit
903 4770 968 4821 ut
998 4767 1302 4834 moriatur,
1336 4771 1438 4822 aut
1467 4767 1528 4822 in
1577 4766 1840 4838 praelium

216 4847 563 4911 descendens
596 4855 837 4927 perierit
871 4871 885 4924 ;
920 4855 1211 4928 propitius
1241 4855 1386 4911 mihi
1436 4857 1513 4912 sit
1557 4856 1842 4912 Dominus

217 4932 288 5004 [b.
334 4940 487 4997 absit
516 4958 552 4996 a
606 4957 700 4996 me
728 4958 760 4998 ει
811 4942 1076 5010 Domino]
1121 4959 1194 4998 ne
1241 4944 1550 4999 extendam
1599 4959 1842 4999 manum

218 5037 389 5083 meam
406 5029 471 5085 in
494 5029 787 5087 christum
801 5031 1052 5089 Domini.
1069 5032 1236 5087 Nunc
1253 5031 1436 5104 igitur
1451 5031 1590 5088 tolle
1610 5031 1842 5088 hastam

219 5126 330 5182 quae
359 5123 448 5172 est
479 5118 556 5173 ad
591 5123 764 5191 caput
792 5120 944 5191 ejus,
967 5123 1024 5175 et
1055 5119 1342 5193 scyphum
1372 5137 1558 5192 aquae,
1583 5125 1640 5176 et
1671 5121 1844 5176 abea-

218 5215 353 5259 mus.
383 5205 546 5263 Tulit
577 5223 712 5281 ergo
743 5208 922 5265 David
955 5209 1213 5276 hastam,
1246 5215 1304 5266 et
1333 5210 1621 5283 scyphum
1654 5227 1840 5282 aquae,

215 5291 303 5359 qui
346 5294 474 5362 [τηε.
509 5297 664 5371 quae]
714 5303 836 5356 erat
884 5298 956 5355 ad
1006 5304 1182 5372 caput
1227 5299 1384 5366 Saul,
1417 5303 1475 5355 et
1532 5298 1841 5368 abierunt;

1985 501 2040 550 et
2068 495 2384 567 evigilaret,
2419 499 2519 552 sed
2572 514 2775 553 omnes
2825 497 3215 565 dormiebant,
3272 500 3411 570 quia
3459 517 3633 572 sopor

1984 583 2215 640 Domini
2249 585 2499 642 irrueret
2529 604 2706 659 super
2730 604 2850 643 eos.
2881 588 3140 658 Cumque
3177 588 3490 644 transisset
3518 596 3630 646 Da-

1980 673 2075 728 vid
2110 691 2177 729 ex
2209 676 2470 746 adverso,
2513 681 2570 730 et
2615 677 2879 733 stetisset
2926 677 2985 731 in
3030 677 3243 733 vertice
3292 680 3510 736 montis
3559 681 3631 734 de
3713 719 3720 735 ,ο

1980 761 2234 834 longe,et
2263 768 2420 819 esset
2439 766 2660 836 grande
2689 764 3064 821 intervallum
3091 767 3421 838 [b.grandis
3441 767 3628 838 locus]

1979 849 2129 906 inter
2159 867 2257 907 eos
2283 869 2296 907 :
2332 851 2604 909 clamavit
2634 855 2808 909 David
2845 857 2917 910 ad
2954 854 3316 926 populum,et
3335 857 3408 911 ad
3432 855 3628 912 Abner

1977 939 2165 996 ﬁlium
2198 941 2331 1012 Ner,
2365 943 2566 998 dicens
2599 960 2612 998 :
2648 949 2845 1000 Nonne
2876 944 3524 1015 respondebis,Abner?
3556 946 3626 1001 Et

1975 1031 2338 1102 respondens
2371 1033 2584 1100 Abner,
2614 1033 2694 1088 ait
2728 1051 2741 1089 :
2774 1034 2914 1100 Quis
2943 1050 3006 1089 es
3031 1038 3116 1104 tu,
3151 1035 3252 1104 qui
3283 1035 3502 1090 clamas
3535 1035 3619 1106 [b.

1973 1119 2072 1190 qui
2099 1119 2323 1175 clamas
2356 1121 2427 1176 ad
2463 1122 2700 1192 regem],
2737 1127 2796 1177 et
2844 1122 3136 1193 inquietas
3168 1138 3361 1194 regem
3387 1123 3413 1177 ‘?
3439 1127 3512 1178 Et
3542 1125 3623 1178 ait

1970 1208 2153 1263 David
2186 1209 2255 1263 ad
2288 1208 2483 1264 Abner
2516 1225 2530 1266 :
2561 1209 2838 1282 Nunquid
2873 1226 2990 1265 non
3021 1209 3110 1264 vir
3147 1215 3209 1264 tu
3259 1226 3320 1265 es
3351 1209 3370 1263 Ρ
3400 1210 3620 1281 etquis

1971 1296 2124 1352 alius
2150 1296 2362 1353 similis
2394 1299 2478 1352 tui
2513 1299 2570 1353 in
2607 1298 2836 1355 Israel?
2865 1315 3045 1370 quare
3087 1315 3224 1370 ergo
3274 1315 3388 1353 non
3421 1304 3620 1353 custo-

1969 1386 2108 1442 disti
2140 1387 2445 1442 dominum
2495 1392 2666 1443 tuum
2719 1403 2915 1460 regem
2939 1387 2967 1441 ‘I
2993 1388 3300 1459 ingressus
3343 1392 3434 1442 est
3459 1387 3616 1442 enim

1968 1491 2121 1530 unus
2136 1476 2209 1532 de
2231 1477 2497 1547 turba,ut
2517 1476 2868 1532 interﬁceret
2889 1493 3083 1550 regem
3099 1475 3403 1532 dominum
3424 1480 3615 1531 tuum.

1964 1563 2088 1619 Non
2122 1569 2212 1620 est
2241 1564 2460 1620 bonum
2494 1565 2626 1635 hoc,
2660 1567 2813 1637 quod
2849 1565 3036 1622 fecisti
3072 1582 3085 1621 :
3120 1564 3259 1620 vivit
3308 1565 3614 1629 Dominus,

1963 1653 2242 1725 quoniam
2297 1653 2402 1708 filii
2434 1655 2642 1711 mortis
2673 1654 2816 1710 estis
2863 1672 2989 1724 vos,
3021 1654 3120 1726 qui
3152 1671 3265 1710 non
3299 1654 3612 1710 custoditis

1962 1743 2263 1799 dominum
2295 1747 2578 1813 vestrum,
2612 1744 2900 1799 christum
2951 1744 3206 1800 Domini.
3258 1747 3423 1798 Nunc
3468 1760 3607 1816 ergo

1959 1831 2088 1886 vide
2119 1831 2216 1886 ubi
2249 1832 2326 1887 sit
2354 1832 2524 1888 hasta
2555 1833 2730 1904 regis,
2766 1837 2822 1888 et
2851 1832 2950 1889 ubi
2996 1833 3254 1906 scyphus
3285 1849 3470 1904 aquas,
3505 1832 3607 1904 qui

1960 1924 2085 1976 erat
2130 1921 2203 1975 ad
2252 1927 2429 1993 caput
2475 1922 2623 1992 ejus.
2656 1923 2741 1994 [T.
2775 1922 3034 1993 LXXVI].
3088 1921 3367 1994 Cognovit
3408 1925 3603 1976 autem

1959 2009 2098 2065 Saul
2132 2025 2331 2064 vocem
2361 2010 2638 2077 David,et
2662 2011 2810 2065 dixit
2841 2026 2854 2064 :
2891 2011 3042 2068 Num
3076 2027 3181 2066 vox
3207 2015 3310 2065 tua
3339 2014 3429 2064 est
3458 2008 3603 2077 haec,

1959 2096 2042 2152 ﬁli
2076 2097 2154 2152 mi
2186 2097 2413 2153 David?
2444 2102 2500 2153 et
2529 2099 2677 2154 dixit
2711 2102 2726 2135 ί
2761 2099 2941 2155 David
2976 2115 2989 2154 :
3024 2099 3148 2154 Vox
3185 2115 3335 2167 mea,
3370 2098 3608 2154 domine

1961 2185 2040 2240 mi
2073 2202 2192 2242 rex.
2224 2191 2296 2242 Et
2330 2188 2410 2242 ait
2443 2203 2458 2243 :
2492 2187 2678 2252 Quam
2727 2188 2800 2244 ob
2831 2204 3071 2244 causam
3125 2188 3409 2244 Dominus
3442 2203 3610 2242 meus

1959 2276 2336 2348 persequitur
2365 2294 2596 2332 servum
2632 2293 2804 2332 suum
2826 2276 3004 2343 ?Quid
3039 2277 3144 2332 feci
3168 2277 3315 2332 ?aut
3347 2277 3501 2348 quod
3527 2279 3617 2330 est

1957 2363 2015 2418 in
2053 2381 2231 2420 manu
2264 2382 2395 2420 mea
2425 2365 2649 2421 malum
2682 2365 2892 2422 ?Nunc
2911 2383 3047 2439 ergo
3070 2365 3230 2432 audi,
3250 2364 3613 2430 oro,domine

1959 2453 2037 2507 mi
2072 2469 2190 2524 rex,
2225 2454 2401 2508 verba
2431 2453 2583 2509 servi
2616 2455 2700 2510 tui
2737 2472 2750 2510 :
2785 2455 2844 2510 Si
2879 2453 3162 2510 Dominus
3195 2454 3402 2509 incitat
3432 2458 3486 2508 te
3519 2454 3617 2508 ad-

1958 2559 2193 2598 versum
2229 2559 2342 2612 me,
2369 2543 2645 2599 odoretur
2665 2543 3020 2599 sacriﬁcium
3042 2561 3056 2611 ;
3081 2544 3128 2599 si
3153 2546 3347 2598 autem
3371 2543 3475 2596 ﬁlii
3504 2541 3608 2598 ho-

1959 2629 2518 2700 minum,maledicti
2553 2637 2694 2688 sunt
2724 2632 2782 2687 in
2815 2636 3131 2703 conspectu
3163 2631 3434 2687 Domini:
3471 2631 3611 2702 quia

1957 2719 2248 2790 ejecernnt
2289 2737 2381 2775 me
2412 2720 2608 2786 hodie,
2641 2725 2703 2776 ut
2733 2738 2845 2777 non
2879 2721 3135 2776 habitem
3166 2719 3223 2774 in
3266 2719 3608 2775 haereditate

1955 2809 2214 2879 Domini,
2249 2809 2513 2883 dicentes
2548 2829 2562 2877 ;
2595 2810 2774 2876 Vade,
2808 2811 2958 2866 servi
2990 2809 3103 2866 diis
3129 2807 3606 2864 alienis.Etnunc

1959 2913 2074 2952 non
2119 2897 2456 2954 effundatur
2517 2899 2762 2971 sanguis
2821 2915 2989 2955 meus
3037 2899 3095 2954 in
3144 2903 3360 2954 terram
3409 2913 3604 2952 coram

1956 2987 2202 3043 Domino
2238 3004 2251 3042 :
2286 2989 2424 3060 quia
2477 3005 2754 3061 egressus
2803 2994 2888 3045 est
2919 3006 3018 3044 rex
3076 2987 3346 3056 lsrael,ut
3377 2988 3498 3058 [ma
3530 2991 3604 3054 et]

1961 3081 2184 3146 quaerat
2217 3075 2470 3148 pulicem
2503 3095 2712 3147 unum,
2739 3077 2892 3134 sicut
2917 3077 3292 3150 persequitur
3321 3076 3521 3148 perdix
3547 3076 3608 3131 in

1965 3165 2286 3222 montibus.
2339 3168 2408 3222 Et
2437 3166 2518 3222 ait
2545 3167 2680 3222 Saul
2718 3183 2731 3224 :
2763 3167 3021 3238 Peccavi,
3073 3170 3381 3241 revertere,
3411 3164 3494 3219 fili
3525 3163 3610 3219 mi

1959 3255 2138 3310 David
2175 3272 2187 3310 :
2221 3271 2596 3329 nequaquam
2630 3256 2786 3312 enim
2836 3255 2994 3312 ultra
3042 3254 3192 3311 male
3235 3255 3342 3310 tibi
3375 3254 3606 3323 faciam,

1955 3359 2021 3399 eo
2053 3345 2205 3416 quod
2241 3345 2501 3418 pretiosa
2550 3345 2726 3401 fuerit
2774 3346 2974 3401 anima
3005 3362 3136 3402 mea
3164 3345 3225 3400 in
3272 3343 3460 3400 oculis
3489 3345 3609 3399 tuis

1954 3431 2128 3489 hodie
2160 3435 2264 3502 [ms
2292 3439 2433 3490 tacet
2487 3433 2682 3500 hodie]
2717 3451 2730 3490 :
2765 3438 3008 3507 apparet
3051 3434 3207 3507 quod
3261 3432 3439 3489 stulte
3468 3448 3604 3504 ege-

1955 3523 2089 3588 rim,
2118 3527 2176 3578 et
2225 3523 2612 3594 ignoraverim
2658 3523 2844 3579 multa
2891 3523 3090 3579 nimis.
3123 3524 3193 3578 Et
3243 3522 3606 3593 respondens

1954 3611 2154 3680 David,
2191 3612 2319 3666 ait:
2355 3613 2498 3668 Ecce
2551 3613 2722 3668 hasta
2770 3613 2970 3685 regis:
3019 3616 3284 3668 transeat
3328 3627 3485 3666 unus
3533 3611 3606 3666 de

1955 3699 2150 3770 pueris
2181 3701 2371 3772 [ναις.
2403 3701 2526 3756 add.
2563 3700 2759 3773 regis],
2794 3705 2852 3757 et
2900 3700 3070 3756 tollat
3119 3717 3270 3756 eam.
3312 3699 3601 3755 Dominus

1953 3793 2146 3844 autem
2173 3789 2454 3845 retribuet
2466 3790 2783 3861 unicuique
2796 3789 3118 3846 secundum
3126 3788 3416 3860 justitiam
3431 3803 3600 3843 suam

1954 3881 2010 3933 et
2041 3878 2246 3934 fidem:
2283 3876 2527 3933 tradidit
2557 3877 2714 3933 enim
2746 3882 2802 3934 te
2836 3878 3114 3933 Dominus
3144 3877 3316 3932 hodie
3337 3876 3396 3930 in
3421 3891 3600 3931 manu

1956 3982 2105 4033 mea,
2139 3970 2196 4022 et
2221 3965 2382 4022 nolui
2426 3965 2618 4022 levare
2667 3983 2907 4022 manum
2960 3982 3150 4022 meam
3200 3965 3258 4020 in
3313 3963 3603 4020 christum

1955 4054 2206 4110 Domini.
2243 4055 2311 4110 Et
2342 4054 2496 4111 sicut
2525 4055 2606 4127 (h.
2639 4055 2708 4110 Et
2737 4071 2868 4110 ecce
2898 4055 3071 4127 sicut)
3112 4052 3488 4126 magniﬁcata
3517 4055 3608 4108 est

1955 4143 2154 4200 anima
2185 4147 2287 4199 tua
2334 4143 2510 4200 hodie
2541 4144 2602 4198 in
2633 4142 2822 4199 oculis
2854 4144 3024 4210 meis,
3059 4143 3144 4198 sic
3194 4142 3608 4215 magnificetur

1953 4232 2151 4289 anima
2182 4247 2314 4289 mea
2345 4232 2403 4287 in
2436 4232 2624 4289 oculis
2653 4232 2906 4300 Domini,
2930 4237 2990 4288 et
3008 4232 3218 4288 liberet
3242 4248 3334 4286 me
3355 4233 3426 4287 de
3447 4231 3607 4286 omni

1955 4321 2248 4394 angustia.
2283 4322 2380 4377 Ait
2409 4337 2546 4394 ergo
2575 4321 2711 4378 Saul
2744 4323 2812 4377 ad
2850 4321 3029 4377 David
3068 4338 3080 4376 :
3133 4320 3486 4377 Benedictus
3518 4324 3607 4388 tu,

1959 4409 2038 4466 ﬁli
2071 4411 2149 4466 mi
2187 4410 2362 4466 David
2399 4427 2412 4466 :
2446 4411 2720 4482 equidem
2774 4410 2996 4466 faciens
3046 4410 3245 4479 facies,
3296 4413 3352 4464 et
3401 4412 3607 4481 potens

1957 4499 2195 4572 poteris.
2229 4499 2388 4555 Abiit
2416 4509 2610 4556 autem
2643 4499 2825 4555 David
2858 4499 2916 4554 in
2965 4499 3122 4555 viam
3155 4515 3348 4568 suam,
3380 4501 3436 4554 et
3466 4496 3606 4554 Saul

1952 4604 2219 4645 reversus
2249 4592 2339 4643 est
2369 4588 2428 4642 in
2461 4588 2654 4644 locum
2689 4605 2888 4645 suum.

2022 4677 2189 4748 (Cap.
2221 4676 2474 4748 XXVII).
2506 4678 2576 4732 Et
2617 4677 2698 4731 ait
2748 4675 2924 4732 David
2957 4675 3016 4730 in
3067 4676 3240 4732 corde
3289 4693 3396 4731 suo
3429 4692 3442 4731 :
3476 4674 3594 4730 A‘i-

1952 4765 2189 4837 quando
2238 4764 2495 4821 incidem
2543 4781 2659 4821 uno
2711 4764 2804 4820 die
2853 4765 2913 4820 in
2948 4781 3160 4820 manus
3190 4763 3367 4820 Saul:
3412 4781 3607 4819 nonne

1953 4853 2166 4912 melius
2198 4858 2288 4910 est
2315 4857 2383 4909 ut
2403 4853 2711 4926 fugiam,et
2741 4853 2932 4910 salver
2951 4853 3011 4908 in
3041 4857 3196 4910 terra
3225 4853 3607 4909 Philisthino-

1953 4960 2106 5013 rum,
2140 4947 2196 4998 et
2225 4944 2496 5015 desperet
2540 4943 2702 5012 Saul,
2751 4946 3057 5014 cessetque
3100 4958 3194 4998 me
3240 4958 3497 5014 quaerere
3546 4940 3607 4994 in

1954 5030 2188 5088 cunctis
2220 5031 2440 5088 ﬁnibus
2472 5031 2700 5088 Israel?
2729 5030 2952 5104 fugiam
2982 5047 3118 5104 ergo
3148 5047 3358 5087 manus
3388 5028 3612 5100 ejus.Et

1956 5121 2213 5178 surrexit
2240 5121 2446 5190 David,
2478 5125 2534 5178 et
2560 5121 2704 5176 abiit
2733 5121 2880 5192 ipse,
2917 5125 2976 5176 et
3023 5119 3279 5176 sexcenti
3320 5118 3429 5173 viri
3477 5132 3610 5172 cum

1955 5227 2043 5279 eo,
2072 5211 2142 5265 ad
2175 5209 2350 5265 Achis
2377 5207 2565 5266 ﬁlium
2599 5209 2806 5266 Maoch
2840 5226 3033 5281 regem
3068 5209 3234 5266 Geth.
3270 5208 3342 5263 Et
3377 5205 3608 5262 habita-

1953 5298 2038 5354 vit
2068 5298 2249 5354 David
2283 5315 2419 5355 cum
2447 5299 2627 5356 Achis
2656 5297 2716 5354 in
2746 5298 2893 5355 Geth
2930 5315 2942 5354 :
2976 5299 3101 5370 ipse
3132 5302 3188 5354 et
3216 5296 3323 5352 viri
3354 5294 3609 5367 ejus,vir

273 5527 289 5562 ¹
315 5527 576 5588 Verbum
608 5531 751 5590 dixit
777 5533 883 5610 hic,
903 5551 1014 5592 ms.
1045 5533 1259 5594 Veron.
1292 5534 1685 5610 praetermittit
1716 5552 1729 5592 :
1764 5535 2092 5596 econtrario
2126 5551 2260 5594 mox
2288 5532 2454 5594 addit
2483 5550 2583 5593 rex
2612 5531 2804 5592 verbis
2830 5529 3095 5588 Dominus
3132 5542 3283 5584 meus
3316 5543 3330 5582 :
3365 5526 3602 5584 Hebraeo

211 5597 393 5659 tamen
421 5619 542 5662 non
574 5605 947 5665 assentiente.
