3982 6178
397 333 505 388 659
1455 329 1516 381 s.
1557 301 1965 382 HIERONYMI
2002 327 2256 382 mvuvx
2291 325 2788 382 BIBLIO’I‘HECA.
3666 333 3759 387 δδο

401 461 459 514 et
489 457 698 514 domus
728 453 881 524 ejus,
914 453 972 508 et
1001 447 1203 517 David,
1234 451 1293 506 et
1321 449 1450 504 duas
1481 466 1692 506 uxores
1722 451 1870 521 ejus,
1904 449 2050 505 Ahi-
2078 454 2130 520 Α
2161 447 2298 505 Saul
2354 449 2694 505 universum
2755 449 2956 520 Israel,
2989 459 3046 506 et
3105 448 3267 504 venit
3323 449 3378 504 in
3435 451 3629 510 Gelboe
3657 457 3763 527 (ms.

403 562 575 603 noem
607 540 998 609 Jezrahelitis,
1031 545 1091 594 et
1122 538 1350 610 Abigail
1382 557 1527 595 uxor
1556 539 1739 596 Nabal
1763 539 2057 595 Charmcli
2170 537 2428 610 Gelbuc).
2463 539 2533 593 Et
2561 538 2708 594 vidit
2735 538 2874 594 Saul
2907 542 3101 594 castra
3130 539 3479 617 Philisthim,
3502 547 3554 598 et
3581 543 3763 603 timuit,

405 637 487 708 (h.
517 631 933 702 Charmelitis).
969 630 1038 684 Et
1066 630 1400 684 nuntiatum
1433 633 1523 685 est
1573 629 1732 685 Sauli
1781 629 1934 700 quod
1965 628 2058 683 fu-
2177 630 2236 682 et
2265 626 2497 698 expavit
2528 643 2626 681 cor
2654 627 2783 697 ejus
2815 625 3448 699 nimis.Consuluitque
3474 630 3766 701 Dominum,

403 724 586 795 gisset
617 721 796 777 David
830 719 890 774 in
916 719 1088 785 Geth,
1122 723 1180 774 et
1211 735 1326 773 non
1359 717 1585 773 addidit
1625 717 1778 774 ultra
1810 723 1875 772 ut
1904 734 2061 789 quaa-
2171 720 2228 772 et
2258 731 2373 770 non
2406 716 2712 787 respondit
2738 715 2789 771 ei
2824 731 3009 784 neque
3038 733 3142 788 per
3191 717 3436 786 somnia,
3475 736 3648 792 neque
3687 740 3770 795 per

405 815 558 868 reret
586 826 743 866 eum.
777 808 936 865 Dixit
962 819 1158 863 autem
1192 805 1373 862 David
1408 807 1479 862 ad
1513 808 1691 863 Achis
1726 824 1740 862 ε
1775 806 1834 862 Si
1869 806 2059 862 inveni
2173 803 2720 877 sacerdotes(h.per
2741 804 3115 877 doctrinam),
3149 822 3337 878 neque
3357 823 3455 879 per
3476 809 3768 881 prophetas.

403 899 650 974 gratiam
685 901 744 955 in
797 896 983 953 oculis
1027 897 1171 965 tuis,
1218 897 1388 951 detur
1432 896 1574 951 mihi
1626 897 1787 952 locus
1835 896 1894 951 in
1945 913 2064 951 una
2173 893 2259 964 (T.
2294 893 2622 964 LXXVIII).
2657 893 2929 966 Dixitque
2954 894 3090 950 Saul
3137 895 3321 952 servis
3368 897 3486 952 suis
3519 915 3532 952 ε
3562 901 3771 964 Quazrite

406 989 642 1046 urbium
680 990 696 1023 ι
732 986 990 1058 regionis
1020 985 1296 1056 hujus,ut
1326 985 1589 1041 habitem
1623 985 1699 1040 ibi
1737 1003 1750 1041 :
1781 1002 1886 1041 cur
1905 986 2064 1041 enim
2175 981 2322 1037 mihi
2379 983 2687 1038 mulierem
2739 984 3048 1040 habentem
3083 984 3482 1056 pythonem,et
3499 989 3687 1043 vadam
3714 990 3770 1044 ad

409 1083 607 1134 manet
635 1093 841 1134 servus
885 1083 1024 1130 tuus
1055 1073 1115 1128 in
1167 1073 1404 1129 civitate
1437 1074 1593 1145 regis
1645 1074 1728 1145 (h.
1764 1074 1951 1146 regni)
1980 1077 2065 1128 te-
2173 1087 2325 1139 eam,
2358 1076 2415 1126 et
2465 1071 2808 1128 sciscitabor
2854 1089 2956 1144 per
3005 1073 3190 1129 illam.
3223 1075 3293 1128 Et
3347 1075 3606 1131 dixerunt
3649 1078 3770 1133 servi

411 1167 598 1223 cum?
645 1165 818 1221 Dedit
847 1165 1048 1236 itaque
1077 1163 1129 1218 ei
1181 1163 1355 1220 Achis
1404 1163 1462 1217 in
1512 1163 1606 1218 die
1653 1163 1754 1218 illa
1793 1162 2061 1233 Siceleg:
2175 1161 2306 1231 ejus
2355 1161 2426 1216 ad
2478 1177 2660 1216 eum:
2713 1162 2817 1217 Est
2867 1161 3079 1217 mulier
3121 1161 3347 1218 habens
3393 1165 3683 1236 pythonem
3724 1166 3771 1220 in

408 1261 649 1327 prOpter
671 1269 848 1326 quam
869 1267 1108 1307 causam
1135 1253 1282 1306 facta
1308 1255 1396 1306 est
1415 1250 1637 1323 Siceleg
1660 1267 1862 1324 regum
1887 1251 1917 1307 J
1928 1252 2064 1316 uda,
2178 1249 2421 1305 En-Dor.
2453 1249 2694 1306 Mutavit
2723 1266 2856 1320 ergo
2904 1250 3168 1306 habitum
3201 1268 3378 1307 suum
3413 1267 3426 1308 :
3459 1253 3774 1325 vestitusque

410 1360 604 1415 usque
633 1342 691 1398 in
727 1343 884 1398 diem
916 1341 1087 1396 hanc.
1109 1340 1240 1396 Fuit
1272 1343 1469 1395 autem
1502 1356 1784 1395 numerus
1815 1340 2064 1406 dierum,
2177 1343 2268 1394 est
2297 1338 2430 1394 aliis
2459 1339 2848 1410 vestimentis,
2879 1343 2936 1395 et
2964 1340 3110 1396 abiit
3140 1341 3284 1412 ipse,
3317 1344 3374 1396 et
3403 1342 3516 1397 duo
3543 1342 3637 1396 viri
3665 1359 3773 1398 cum

419 1433 639 1505 quibus
671 1431 960 1488 habitavit
994 1429 1171 1484 David
1206 1429 1265 1484 in
1297 1429 1532 1500 regione
1555 1427 2064 1498 Philisthinorum,

415 1525 668 1594 quatuor
699 1519 992 1576 mensium
1023 1519 1044 1554 ³
1075 1519 1156 1590 (h.
1192 1523 1470 1590 quatuor,
1516 1533 1750 1573 menses
1798 1522 1856 1573 et
1897 1517 2065 1585 dies).

416 1615 484 1666 Et
514 1609 782 1667 ascendit
815 1607 1011 1674 David,
1045 1614 1104 1663 et
1131 1607 1240 1663 viri
1273 1607 1422 1678 ejus,
1455 1611 1513 1662 et
1539 1608 1794 1678 agebant
1842 1606 2068 1678 praedas

415 1701 488 1757 de
519 1699 748 1770 Gesuri,
782 1702 840 1753 et
869 1697 941 1752 de
971 1696 1132 1752 Gezri
1170 1693 1207 1766 ³,
1240 1701 1298 1752 et
1327 1697 1398 1751 de
1428 1695 1792 1751 Amalecitis:
1817 1695 1876 1751 hi
1909 1695 2066 1750 enim

415 1789 549 1862 pagi
600 1787 1020 1844 habitabantur
1075 1786 1134 1841 in
1193 1791 1345 1841 terra
1403 1784 1757 1856 antiquitus,
1789 1784 2068 1892 euntibus
2102 1827 2147 1892 Β

415 1879 529 1935 Sur
558 1894 743 1948 usque
772 1877 844 1932 ad
877 1881 1094 1931 terram
1128 1874 1463 1946 Egypti.Et
1495 1873 1858 1945 percutiebat
1888 1871 2068 1928 David

415 1983 648 2022 omnem
680 1965 763 2038 (h.
799 1982 914 2020 non
948 1964 1127 2020 habet
1158 1964 1417 2034 omnem)
1448 1968 1693 2030 terram,
1740 1979 1844 2017 nec
1895 1960 2072 2017 relin-

415 2057 629 2128 quebat
661 2055 948 2109 viventem
1003 2052 1193 2107 virum
1244 2056 1301 2107 et
1353 2051 1659 2107 mulierem
1694 2067 1708 2106 :
1742 2051 2071 2120 tollensque

415 2161 568 2209 oves,
601 2149 659 2198 et
689 2144 886 2207 boves,
934 2146 992 2196 et
1041 2140 1265 2205 asinos,
1315 2145 1372 2195 et
1425 2140 1704 2211 camelos,
1753 2145 1810 2195 et
1857 2144 2068 2199 vestes,

417 2232 836 2298 revertebatur,
871 2235 930 2286 et
959 2229 1230 2285 veniebat
1259 2230 1329 2284 ad
1361 2229 1560 2284 Achis.
1595 2229 1834 2285 Dicebat
1873 2234 2070 2284 autem

418 2322 471 2378 ei
503 2321 682 2378 Achis
717 2339 730 2376 :
767 2319 828 2375 In
861 2335 1037 2390 quem
1089 2318 1309 2373 irruisti
1337 2319 1360 2352 ‘
1408 2317 1491 2390 (h.
1525 2317 1808 2389 irruistis)
1861 2318 2072 2374 hodie?

423 2410 957 2483 Respondebatque
1008 2408 1187 2464 David
1226 2425 1238 2461 :
1284 2411 1500 2464 Contra
1548 2407 1850 2464 meridiem
1882 2407 2069 2478 Judas,

423 2504 481 2556 et
510 2503 713 2555 contra
745 2497 1049 2554 meridiem
1081 2495 1394 2564 Jerameel,
1427 2501 1484 2552 et
1514 2501 1715 2553 contra
1763 2497 2069 2553 meridiem

423 2588 581 2644 Geni.
616 2587 816 2643 Virum
870 2593 927 2642 et
977 2585 1280 2642 mulierem
1327 2602 1442 2642 non
1489 2585 1819 2642 viviﬁcahat
1866 2586 2071 2654 David,

425 2693 530 2734 nec
561 2676 892 2732 adducebat
924 2676 984 2731 in
1035 2674 1205 2744 Geth,
1237 2675 1436 2731 dicens
1469 2691 1482 2730 :
1515 2675 1597 2731 Ne
1647 2676 1792 2732 forte
1830 2675 2074 2747 loquan-

424 2772 523 2822 tur
553 2767 864 2822 adversum
900 2781 1008 2820 nos
1043 2782 1055 2819 :
1084 2769 1218 2819 Haec
1252 2764 1382 2819 fecit
1433 2764 1608 2819 David
1643 2779 1656 2818 :
1690 2771 1747 2820 et
1791 2764 1902 2821 hoc
1947 2769 2072 2820 erat

423 2856 726 2911 decretum
753 2853 838 2909 illi
892 2853 1168 2909 omnibus
1215 2851 1422 2908 diebus
1449 2851 1666 2923 quibus
1696 2853 1982 2909 habitavit
2011 2853 2070 2908 in

423 2943 662 3016 regione
713 2941 1223 2998 Philisthinorum.
1259 2941 1518 2998 Credidit
1547 2957 1684 3012 ergo
1731 2941 1910 2998 Achis
1959 2942 2069 2997 Da-

420 3033 539 3096 vid,
574 3032 819 3087 dicens:
854 3029 1034 3086 Multa
1073 3029 1230 3086 mala
1277 3036 1550 3102 operatus
1599 3036 1689 3086 est
1735 3031 1817 3102 (h.
1871 3032 2069 3087 fmtere

427 3121 584 3192 fecit)
613 3123 817 3175 contra
865 3120 1145 3190 populum
1206 3135 1382 3174 suum
1440 3119 1662 3175 Israel:
1723 3121 1834 3175 erit
1889 3121 2072 3193 igitur

427 3209 573 3266 mihi
607 3225 809 3266 servus
839 3208 1257 3280 sempiternus.

503 3299 660 3370 (Cap.
695 3297 971 3369 XXVIII).
1006 3298 1245 3352 Factum
1276 3301 1366 3352 est
1395 3301 1589 3352 autem
1615 3297 1672 3353 in
1696 3298 1904 3353 diebus
1935 3297 2074 3364 illis,

2177 1441 2264 1496 eo,
2299 1433 2700 1500 veneruntque
2733 1429 2804 1484 ad
2839 1428 3137 1485 mulierem
3171 1435 3356 1496 nocte,
3373 1435 3429 1485 et
3456 1431 3534 1485 ait
3563 1448 3574 1486 :
3606 1431 3778 1487 Divina

2179 1515 2324 1570 mihi
2355 1517 2414 1571 in
2446 1516 2796 1589 pythone,et
2825 1519 3047 1573 suscita
3077 1517 3222 1574 mihi
3254 1535 3424 1590 quem
3458 1520 3639 1575 dixero
3673 1520 3774 1575 tibi.

2178 1604 2244 1659 Et
2273 1605 2354 1660 ait
2384 1605 2597 1661 mulier
2626 1607 2696 1662 ad
2731 1623 2864 1662 eum
2901 1624 2914 1661 :
2954 1607 3118 1674 Ecce,
3150 1612 3213 1662 tu
3266 1609 3419 1664 nosti
3469 1614 3672 1680 quanta
3713 1610 3778 1666 {eo

2177 1694 2321 1750 cerit
2349 1695 2473 1765 (ms.
2507 1695 2664 1766 fecit)
2712 1695 2872 1762 Saul,
2905 1700 2962 1751 et
2994 1696 3285 1767 quomodo
3335 1697 3571 1753 eraserit
3609 1714 3776 1769 magos

2176 1786 2232 1838 et
2261 1782 2520 1838 hariolos
2551 1783 2623 1839 de
2654 1789 2808 1839 terra
2841 1801 2853 1839 :
2888 1801 3071 1856 quare
3099 1799 3237 1857 ergo
3267 1785 3560 1842 insidiaris
3603 1787 3777 1842 anima

2183 1887 2344 1939 meae,
2381 1875 2445 1926 ut
2473 1872 2747 1928 occidar?
2787 1873 3103 1944 Etjuravit
3152 1873 3204 1928 ei
3253 1873 3391 1930 Saul
3439 1875 3495 1930 in
3541 1876 3774 1941 Domino,

2180 1959 2382 2015 dicens
2416 1977 2428 2014 :
2461 1960 2616 2016 Vivit
2648 1963 2944 2030 Dominus,
2983 1964 3118 2034 quia
3148 1980 3261 2019 non
3295 1965 3485 2020 veniet
3511 1965 3610 2019 tibi
3638 1965 3778 2036 quid-

2183 2063 2356 2119 quam
2391 2048 2526 2104 mali
2561 2057 2797 2122 propter
2825 2050 2975 2106 hanc
3005 2067 3146 2108 rem.
3182 2051 3450 2124 Dixitque
3478 2052 3527 2108 ei
3558 2052 3741 2107 mulier
3769 2069 3779 2106 :

2182 2138 2363 2202 Quem
2395 2138 2691 2194 suscitabo
2723 2138 2874 2194 tibi?
2904 2140 3009 2203 Qui
3044 2141 3124 2196 ait
3153 2157 3166 2195 :
3216 2142 3543 2198 Samuelem
3596 2143 3783 2197 suscita

2183 2225 2349 2280 mihi.
2384 2225 2528 2283 Cum
2562 2233 2756 2282 autem
2791 2227 3034 2284 vidisset
3081 2229 3294 2285 mulier
3345 2231 3678 2297 Samuelem,
3705 2247 3786 2285 ex-

2183 2312 2453 2371 clamavit
2479 2332 2614 2371 voce
2647 2332 2880 2388 magna,
2914 2323 2972 2373 et
3006 2318 3152 2372 dixit
3180 2320 3248 2374 ad
3283 2319 3422 2375 Saul
3451 2335 3465 2376 :
3499 2321 3668 2385 Quare
3693 2319 3784 2373 im-

2183 2404 2432 2475 posuisti
2464 2406 2605 2461 mihi
2638 2406 2719 2477 (l1.
2755 2407 3036 2478 decepisti
3069 2408 3231 2480 me?)
3263 2410 3354 2464 'I‘u
3387 2425 3448 2465 es
3478 2412 3622 2466 enim
3652 2409 3784 2464 Saul.

2186 2493 2452 2566 Dixitque
2480 2494 2531 2549 ei
2563 2511 2660 2550 rex
2693 2513 2706 2549 :
2741 2495 2868 2550 ΝοΙὶ
2902 2497 3110 2553 timere
3143 2513 3155 2551 :
3191 2497 3333 2569 quid
3376 2498 3616 2554 vidisti?
3642 2498 3701 2554 Et
3725 2496 3788 2552 ait

2181 2582 2394 2638 mulier
2424 2583 2495 2638 ad
2527 2583 2664 2638 Saul
2699 2602 2711 2639 :
2747 2584 2895 2640 Deos
2925 2585 3041 2640 vidi
3100 2587 3490 2644 ascendentes
3534 2589 3600 2643 de
3640 2592 3786 2642 terra.

2185 2671 2448 2743 Dixitque
2474 2671 2525 2727 ei
2560 2691 2572 2729 :
2603 2673 2803 2737 Qualis
2834 2679 2922 2730 est
2952 2675 3139 2731 forma
3169 2677 3300 2747 ejus
3327 2677 3355 2732 ‘I
3403 2677 3533 2741 Quae
3564 2676 3640 2731 ait
3667 2692 3679 2730 :
3707 2674 3790 2728 Vir

2181 2777 2359 2816 senex
2391 2759 2740 2832 ascendit,et
2769 2763 2894 2834 ipse
2919 2763 3172 2819 amictus
3201 2769 3290 2820 est
3324 2766 3515 2837 pallio.
3540 2763 3791 2821 Intellexit

2179 2849 2312 2905 Saul
2347 2851 2500 2922 quod
2534 2850 2772 2906 Samuel
2804 2856 2977 2922 esset,
3010 2857 3066 2907 et
3095 2852 3404 2909 inclinavit
3450 2871 3511 2910 se
3535 2869 3695 2925 super
3721 2854 3788 2905 t‘a-

2179 2937 2324 2994 ciem
2349 2955 2515 2994 suam
2540 2939 2598 2993 in
2626 2943 2801 3008 terra,
2817 2946 2875 2995 et
2894 2942 3171 2996 adoravit.
3201 2941 3365 2998 Dixit
3382 2947 3568 2998 autem
3589 2938 3789 2996 Samuel

2180 3027 2251 3082 ad
2281 3026 2418 3082 Saul
2454 3043 2467 3083 :
2496 3029 2684 3092 Quare
2713 3027 3053 3100 inquietasti
3085 3033 3214 3092 (ms.
3268 3031 3587 3104 inquietas)
3635 3044 3715 3086 me
3741 3033 3793 3081 ut

2180 3116 2536 3172 suscitarer?
2565 3117 2636 3172 Et
2661 3119 2741 3172 ait
2769 3117 2905 3173 Saul
2938 3135 2950 3172 :
2985 3122 3257 3176 Coarctor
3286 3121 3470 3176 nimis
3496 3139 3508 3175 :
3539 3119 3792 3192 siquidem

2098 3193 2141 3260 C
2181 3204 2513 3260 Philisthim
2548 3211 2815 3278 pugnant
2843 3207 3156 3263 adversum
3185 3225 3301 3274 me,
3325 3215 3383 3266 et
3415 3211 3564 3266 Deus
3593 3205 3797 3263 recessit

2188 3311 2222 3349 a
2248 3311 2361 3360 me,
2393 3300 2449 3349 et
2499 3295 2774 3350 exaudire
2805 3312 2897 3351 me
2928 3295 3136 3365 noluit,
3170 3313 3368 3370 neque
3399 3299 3456 3354 in
3491 3315 3657 3354 manu
3685 3310 3798 3367 pro-

432 3391 935 3460 congregaverunt
960 3385 1295 3440 Philisthim
1329 3385 1566 3458 agmina
1598 3403 1725 3454 sua,
1757 3391 1823 3442 ut
1853 3403 2081 3458 praepa-
2187 3382 2516 3453 phetarum,
2567 3400 2755 3455 neque
2785 3400 2890 3456 per
2929 3388 3156 3442 somnia
3185 3403 3198 3442 :
3231 3388 3436 3444 vocavi
3485 3403 3612 3456 ergo
3653 3389 3720 3451 te,
3748 3385 3798 3436 ut

433 3482 638 3532 rentur
666 3474 737 3530 ad
763 3473 982 3530 bellum
1024 3481 1226 3529 contra
1264 3472 1439 3529 Israel
1465 3490 1478 3527 :
1504 3473 1762 3545 dixitque
1799 3473 1973 3530 Achis
2003 3476 2073 3530 ad

427 3565 609 3622 David
646 3581 658 3619 :
694 3563 897 3619 Sciens
928 3578 1086 3638 nunc
1116 3561 1284 3626 scito,
1317 3563 1596 3634 quoniam
1649 3578 1878 3618 mecum
1911 3579 2074 3635 egre-

431 3653 612 3709 dieris
639 3653 699 3708 in
733 3652 941 3708 castris
971 3655 1031 3706 tu
1062 3655 1119 3706 et
1159 3650 1266 3705 viri
1319 3650 1424 3706 tui.
1480 3651 1748 3723 Dixitque
1795 3652 1969 3707 David
2003 3651 2075 3707 ad

428 3741 610 3797 Achis
643 3755 656 3795 :
691 3741 857 3796 Nunc
887 3739 1038 3795 scies
1069 3755 1196 3810 quis
1247 3739 1508 3794 facturus
1539 3745 1630 3795 est
1677 3757 1882 3796 servus
1913 3745 2072 3796 tuus.

425 3831 513 3904 (T.
547 3829 834 3900 LXXVII).
869 3829 938 3884 Et
967 3828 1050 3883 ait
1078 3826 1254 3883 Achis
1287 3829 1356 3883 ad
1391 3828 1571 3883 David
1606 3845 1620 3884 :
1649 3833 1715 3884 Et
1739 3845 1843 3900 ego
1877 3835 2075 3885 custo-

426 3921 558 3976 dem
590 3918 803 3990 capitis
835 3917 947 3974 mei
981 3934 1193 3990 ponam
1226 3921 1283 3972 te
1313 3919 1541 3974 cunctis
1581 3918 1809 3974 diebus.
1841 3918 2075 3974 Samuel

426 4015 624 4066 autem
656 4011 925 4065 mortuus
956 4011 1064 4074 est,
1100 4004 1440 4078 planxitque
1471 4023 1604 4062 eum
1652 4008 1844 4064 omnis
1876 4007 2071 4076 Israel,

426 4104 482 4155 et
507 4097 869 4171 sepelierunt
899 4112 1031 4152 eum
1065 4095 1124 4151 in
1151 4100 1334 4150 Rama
1364 4096 1544 4166 (Vulg.
1580 4097 1888 4169 Ramatha)
1930 4097 2074 4152 urbe

428 4205 557 4244 sua.
592 4188 660 4242 Et
689 4185 828 4242 Saul
879 4184 1125 4240 abstulit
1174 4199 1378 4255 magos
1428 4189 1483 4239 et
1513 4185 1766 4242 hariolos
1798 4186 1868 4242 de
1900 4191 2073 4241 terra.

429 4275 895 4349 Congregatique
925 4279 1065 4329 sunt
1095 4272 1454 4340 Philisthim,
1485 4279 1543 4329 et
1571 4284 1870 4345 venerunt,
1901 4279 1958 4330 et
1977 4291 2077 4330 ca-

430 4363 757 4421 strametati
789 4367 928 4419 sunt
957 4362 1017 4417 in
1067 4362 1287 4418 Sunam
1323 4378 1336 4417 :
1371 4363 1744 4435 congregavit
1791 4368 1988 4420 autem
2020 4368 2079 4420 et

507 4581 525 4615 ί
559 4577 830 4634 Secunda
863 4592 1040 4632 manu
1073 4574 1359 4647 scriptum
1391 4579 1481 4632 est
1511 4574 1568 4630 in
1603 4591 1845 4644 canone,
1879 4579 1937 4633 In
1962 4595 2077 4634 una
2110 4563 2154 4628 D

432 4649 661 4707 urbium
690 4651 838 4704 circa
866 4664 1054 4718 agros.
1105 4647 1305 4704 Crateri
1346 4663 1549 4703 omnes
1599 4665 1709 4706 me.
1739 4650 1968 4706 codices
1999 4651 2078 4705 Ie-

433 4726 583 4795 gunt
605 4723 801 4795 jiuxta_
823 4721 976 4795 quod
1006 4719 1232 4795 editum
1266 4725 1356 4795 est
1390 4736 1402 4774 :
1437 4719 1610 4795 idque
1657 4726 1897 4791 praestat
1926 4721 2081 4778 male

435 4791 756 4850 emendatas
788 4791 1021 4847 lectieni
1051 4791 1110 4845 in
1142 4795 1297 4845 textu
1331 4791 1603 4847 Canonis.
1631 4795 1809 4847 Mm'r.

507 4867 528 4900 ²
560 4865 748 4920 Codex
779 4862 1223 4918 vetustissimus
1272 4861 1642 4919 Corbeiensis
1689 4879 1748 4918 n.
1782 4865 1868 4932 13,
1919 4864 2082 4920 addit

433 4939 702 5002 verbum,
751 4937 932 5006 quasi,
963 4935 1019 5006 id
1052 4939 1162 5006 est,
1214 4933 1375 5006 quasi
1420 4939 1653 5005 quatuor
1689 4935 1981 4991 mensium.
2015 4936 2078 4992 In

434 5009 675 5066 Hebraeo
707 5006 819 5061 scri
828 5011 988 5078 ptum
1007 5005 1218 5076 legitur
1239 5015 1445 5078 nua-in
1459 5015 1684 5071 ΠὩΞἿΝἸ
1705 5009 2080 5077 Dinuiamim

437 5081 678 5137 vearbaa
708 5077 1095 5141 hhodaschim,
1117 5077 1270 5149 quod
1297 5077 1712 5150 interpretatur
1726 5078 1843 5135 dies
1870 5083 1922 5135 et
1951 5095 2082 5150 qua-

435 5162 560 5210 tuor
591 5166 820 5207 menses.
855 5155 1030 5205 Porro
1059 5153 1238 5220 Syrus
1269 5152 1325 5203 et
1359 5149 1544 5204 Arabs
1573 5167 1676 5220 per
1716 5150 1831 5205 dies
1860 5149 2080 5207 annum

436 5223 822 5296 intelligunt:
856 5221 995 5276 hinc
1039 5221 1194 5296 apud
1248 5235 1346 5275 eos
1395 5222 1649 5290 reperire
1679 5229 1764 5276 est
1792 5224 2082 5296 :‘VFuitque

435 5293 702 5353 numerus
751 5293 968 5349 dierum
1014 5293 1212 5363 quibus
1257 5297 1623 5348 commoratus
1677 5297 1758 5347 est
1798 5293 1973 5350 David
2019 5296 2077 5350 in

438 5377 582 5424 terra
612 5365 1086 5432 Philisthaeorum,
1119 5364 1258 5418 anni
1284 5367 1340 5416 et
1370 5371 1610 5433 quatuor
1637 5366 1928 5434 mensium,
1961 5365 2080 5421 sive

439 5444 508 5496 ut
537 5440 689 5511 apud
722 5436 1079 5506 Chaldaeum,
1110 5434 1225 5490 dies
1253 5441 1467 5511 tempus
1494 5434 1555 5511 in
1583 5441 1833 5511 tempore:
1858 5442 1908 5492 ει
1937 5454 2079 5511 qua-

441 5505 828 5566 tuor'menses.
859 5505 1076 5564 Contra
1105 5507 1310 5578 nuperi
1341 5505 1538 5578 critici
1569 5505 1778 5562 docent
1819 5505 2079 5566 hoc-loco

441 5581 556 5636 dies
587 5598 703 5636 non
735 5595 906 5652 posse
935 5579 1119 5651 accipi
1151 5576 1254 5649 pro
1283 5593 1430 5633 anno
1458 5576 1767 5652 vel_ann_is;
1802 5579 1939 5652 quia
1967 5580 2078 5637 Da-

2187 3473 2521 3529 ostenderes
2553 3473 2696 3528 mihi
2731 3473 2872 3545 quid
2906 3473 3136 3530 faciam.
3169 3479 3238 3531 Et
3261 3478 3350 3534 ait
3379 3475 3606 3533 Samuel
3639 3471 3797 3539 :Quid

2184 3562 2512 3633 interrogas
2563 3579 2675 3629 me,
2707 3579 2838 3618 cum
2893 3563 3178 3620 Dominus
3226 3565 3538 3623 recesserit
3585 3568 3711 3627 ate,
3753 3565 3798 3614 et

2183 3650 2486 3705 transierit
2517 3651 2588 3705 ad
2621 3653 2900 3706 aemulum
2927 3653 3143 3709 tuum?
3175 3655 3367 3712 Faciet
3396 3656 3551 3712 enim
3581 3652 3678 3708 tibi
3707 3651 3800 3707 Do-

2187 3737 2384 3793 minus
2414 3737 2568 3794 sicut
2599 3738 2826 3794 locutus
2857 3746 2948 3796 est
2998 3741 3055 3796 in
3089 3758 3266 3798 manu
3324 3761 3476 3812 mea,
3510 3753 3564 3798 et
3601 3739 3800 3796 scindet

2185 3843 2428 3898 regnum
2463 3827 2648 3900 (Vulg.
2681 3828 2808 3884 add.
2841 3831 3034 3898 tuum)
3065 3831 3136 3886 de
3183 3848 3367 3888 manu
3401 3839 3524 3902 tua,
3568 3839 3622 3888 et
3665 3826 3802 3885 dabit

2183 3915 2328 3970 illud
2363 3917 2624 3988 proximo
2679 3922 2780 3973 tuo
2834 3918 3007 3974 David
3043 3936 3055 3973 :
3090 3920 3228 3991 quia
3275 3938 3396 3978 non
3429 3921 3670 3977 obedisti
3698 3915 3797 3972 voci

2183 4005 2628 4076 Domini,neque
2661 4006 2845 4062 fecisti
2877 4008 3022 4062 iram
3045 4009 3260 4065 turoris
3291 4012 3427 4081 ejus
3450 4012 3506 4067 in
3539 4005 3802 4066 Amalech.

2183 4093 2405 4149 Idcirco
2435 4095 2588 4166 quod
2642 4095 2879 4166 pateris,
2913 4095 3051 4151 fecit
3081 4097 3185 4151 tibi
3220 4098 3514 4155 Dominus
3545 4097 3722 4153 hodie.
3752 4093 3806 4147 Et

2184 4182 2349 4238 dabit
2377 4181 2666 4239 Dominus
2695 4185 2870 4240 etiam
2919 4184 3093 4240 Israel
3130 4191 3325 4242 tecum
3363 4189 3422 4243 in
3457 4203 3662 4244 manus
3691 4181 3807 4240 Phi-

2185 4271 2409 4327 listhim
2442 4287 2455 4328 :
2489 4288 2618 4328 cras
2639 4273 2796 4328 enim
2825 4279 2884 4329 tu
2939 4272 3044 4328 ﬁlii
3089 4275 3175 4329 tui
3205 4292 3446 4349 mecum.
3491 4276 3650 4332 eritis
3679 4292 3692 4329 :
3721 4270 3805 4328 sed

2186 4365 2243 4418 et
2273 4365 2464 4418 castra
2513 4362 2691 4419 Israel
2724 4363 2911 4419 tradet
2954 4364 3233 4421 Dominus
3281 4365 3340 4421 in
3395 4382 3604 4422 manus
3649 4361 3808 4419 Phili-

2189 4578 2479 4648 regiouem
2533 4576 3040 4633 Philisthinorum.
3073 4583 3229 4634 Mors
3288 4585 3488 4638 autem
3547 4578 3810 4637 Samuelis

2191 4651 2483 4721 prazcessit
2517 4655 2761 4704 mortem
2785 4649 2990 4722 Saulis
3039 4657 3261 4722 septem
3307 4655 3594 4708 duntaxat
3625 4650 3810 4707 mensi-

2188 4720 2319 4777 bus.
2355 4723 2557 4792 Itaque
2577 4722 2748 4797 juxta
2779 4720 2912 4797 ill_os
2935 4720 3270 4797 scriptores,
3295 4725 3526 4797 aliquot
3551 4725 3671 4797 dies
3694 4737 3806 4797 cum

2189 4794 2777 4866 quatuormensihus
2828 4793 3006 4849 David
3041 4793 3448 4854 Commoratus
3495 4801 3585 4853 est
3629 4796 3685 4850 in
3727 4794 3811 4849 illa

2189 4863 3176 4971 feriae.ETE?E£22:3?.~..¥M:E°

2309 4939 2394 4992 Ita
2434 4936 2629 4991 Canon
2679 4936 3049 5004 emendatus,
3104 4943 3162 4994 et
3198 4939 3385 4994 codex
3443 4938 3612 4996 Corb.
3662 4955 3716 4994 n.
3761 4932 3814 4989 l3

2191 5008 2380 5078 prima
2412 5024 2612 5080 manu.
2632 5007 2739 5062 Alii
2775 5013 3044 5079 corrupte
3072 5007 3275 5080 legunt
3306 5010 3476 5066 Gedri
3503 5019 3601 5066 aut
3633 5009 3812 5065 Gelhrz'.

2189 5081 2338 5152 Quin
2372 5083 2428 5134 et
2459 5079 2779 5152 hodiernus
2808 5079 3086 5135 Hebraeus
3118 5079 3479 5152 praepostero
3512 5083 3814 5137 litterarum

2189 5151 2392 5223 ordine
2423 5152 2705 5223 scriptum
2758 5150 2934 5207 habet
2983 5150 3339 5218 ’Πλξϐὑῖεῂ
3389 5154 3478 5209 vel
3524 5155 3686 5211 δεῖ·ιί
3731 5165 3817 5222 pro

2189 5231 2306 5284 nu
2350 5222 2768 5278 Gezri.'Monet
2802 5228 2997 5278 tamen
3051 5223 3177 5279 Ceri
3223 5225 3720 5281 Massoretharum
3750 5223 3817 5276 le-

2230 5295 2533 5368 endum,et
2563 5311 2666 5351 nos
2694 5293 2986 5351 edidimus
3015 5295 3089 5368 ad,
3110 5295 3282 5352 ﬁdem
3318 5295 3814 5354 mss.Latinorum.

2247 5383 2375 5420 ΛΒΤ.

2259 5382 2375 5421 aur.

2259 5469 2326 5478 —
2365 5436 2685 5525 Yeronens.
2736 5452 2970 5525 quotque
2998 5453 3127 5520 _ms.
3154 5454 3330 5525 .cum‘
3365 5437 3656 5510 plerisque
3700 5433 3811 5491 aliis

2188 5524 2364 5579 penes
2391 5507 2811 5576 Martianaaum,
2839 5507 3007 5579 καθάνί
3039 5525 3052 5563 :
3090 5509 3283 5564 minus
3318 5507 3490 5566 bene.

2255 5581 2286 5652 ἦ
2304 5580 2448 5652 Cum
2483 5579 2720 5634 Hebraeo
2769 5578 3104 5652 scholiaste,
3134 5581 3382 5652 ipsoque
3427 5586 3605 5652 textu,
3657 5578 3807 5637 habet

442 5653 540 5707 vid
569 5667 683 5708 non
715 5649 832 5708 nisi
860 5656 994 5724 post
1041 5649 1290 5707 mortem
1336 5649 1625 5707 Samuelis
1671 5649 1974 5708 descendit
2014 5652 2074 5708 in
2183 5656 2242 5708 et
2270 5650 2556 5707 Veronen.
2590 5667 2702 5707 ms.
2733 5649 2992 5722 plurium
3023 5649 3594 5720 num'ero,‘t'rruism.
