  <div class='ocr_page' id='page_1' title='image "/cluster/home/n/w/nwhite01/storage/ocr_20150623/28/hvd.32044052824265/374.png"; bbox 0 0 3982 6178; ppageno 0'>
   <div class='ocr_carea' id='block_1_1' title="bbox 196 308 1768 366">
    <p class='ocr_par' dir='ltr' id='par_1_1' title="bbox 196 308 1726 363">
     <span class='ocr_line' id='line_1_1' title="bbox 196 308 1726 363; baseline -0.001 0"><span class='ocrx_word' id='word_1_1' title='bbox 196 310 282 363; x_wconf 85' lang='grc'>661</span> <span class='ocrx_word' id='word_1_2' title='bbox 1512 308 1726 361; x_wconf 76' lang='lat' dir='ltr'>LIBER</span> 
     </span>
    </p>
   </div>
   <div class='ocr_carea' id='block_1_2' title="bbox 1995 308 3567 366">
    <p class='ocr_par' dir='ltr' id='par_1_2' title="bbox 1995 310 3567 366">
     <span class='ocr_line' id='line_1_2' title="bbox 1995 310 3567 366; baseline 0.002 -3"><span class='ocrx_word' id='word_1_3' title='bbox 1995 310 2204 363; x_wconf 66' lang='lat' dir='ltr'>JELIS.</span> <span class='ocrx_word' id='word_1_4' title='bbox 3459 312 3567 366; x_wconf 80' lang='grc'>662</span> 
     </span>
    </p>
   </div>
   <div class='ocr_carea' id='block_1_3' title="bbox 192 430 3569 511">
    <p class='ocr_par' dir='ltr' id='par_1_3' title="bbox 192 430 3569 511">
     <span class='ocr_line' id='line_1_3' title="bbox 192 430 3569 511; baseline 0.002 -23"><span class='ocrx_word' id='word_1_5' title='bbox 192 432 697 502; x_wconf 87' lang='lat' dir='ltr'>stbim.Statimque</span> <span class='ocrx_word' id='word_1_6' title='bbox 726 431 864 487; x_wconf 86' lang='lat' dir='ltr'>Saul</span> <span class='ocrx_word' id='word_1_7' title='bbox 897 430 1105 485; x_wconf 81' lang='lat' dir='ltr'>cecidit</span> <span class='ocrx_word' id='word_1_8' title='bbox 1136 435 1439 503; x_wconf 88' lang='lat' dir='ltr'>porrectus</span> <span class='ocrx_word' id='word_1_9' title='bbox 1466 430 1524 485; x_wconf 91' lang='lat' dir='ltr'>in</span> <span class='ocrx_word' id='word_1_10' title='bbox 1556 432 1797 485; x_wconf 88' lang='lat' dir='ltr'>terram:</span> <span class='ocrx_word' id='word_1_11' title='bbox 1835 431 1887 498; x_wconf 73' lang='grc' dir='ltr'><strong>Α</strong></span> <span class='ocrx_word' id='word_1_12' title='bbox 1919 432 1989 486; x_wconf 87' lang='lat' dir='ltr'>ad</span> <span class='ocrx_word' id='word_1_13' title='bbox 2024 448 2140 499; x_wconf 90' lang='lat' dir='ltr'>me,</span> <span class='ocrx_word' id='word_1_14' title='bbox 2175 449 2363 505; x_wconf 90' lang='lat' dir='ltr'>usque</span> <span class='ocrx_word' id='word_1_15' title='bbox 2392 434 2451 488; x_wconf 91' lang='lat' dir='ltr'>in</span> <span class='ocrx_word' id='word_1_16' title='bbox 2485 435 2639 490; x_wconf 92' lang='lat' dir='ltr'>diem</span> <span class='ocrx_word' id='word_1_17' title='bbox 2673 434 2981 493; x_wconf 78' lang='lat' dir='ltr'>hanczsed</span> <span class='ocrx_word' id='word_1_18' title='bbox 3016 437 3268 510; x_wconf 77' lang='lat' dir='ltr'>satrapis</span> <span class='ocrx_word' id='word_1_19' title='bbox 3299 455 3412 494; x_wconf 91' lang='lat' dir='ltr'>non</span> <span class='ocrx_word' id='word_1_20' title='bbox 3448 438 3569 511; x_wconf 90' lang='lat' dir='ltr'>pla-</span> 
     </span>
    </p>
   </div>
   <div class='ocr_carea' id='block_1_4' title="bbox 194 518 3556 599">
    <p class='ocr_par' dir='ltr' id='par_1_4' title="bbox 194 518 3556 599">
     <span class='ocr_line' id='line_1_4' title="bbox 194 518 3556 599; baseline 0.001 -22"><span class='ocrx_word' id='word_1_21' title='bbox 194 522 507 578; x_wconf 82' lang='lat' dir='ltr'>extimuerat</span> <span class='ocrx_word' id='word_1_22' title='bbox 534 521 690 576; x_wconf 90' lang='lat' dir='ltr'>enim</span> <span class='ocrx_word' id='word_1_23' title='bbox 724 519 891 575; x_wconf 90' lang='lat' dir='ltr'>valde</span> <span class='ocrx_word' id='word_1_24' title='bbox 920 520 1043 592; x_wconf 67' lang='lat' dir='ltr'>(ms.</span> <span class='ocrx_word' id='word_1_25' title='bbox 1077 524 1129 574; x_wconf 79' lang='lat' dir='ltr'>et</span> <span class='ocrx_word' id='word_1_26' title='bbox 1180 520 1337 589; x_wconf 83' lang='lat' dir='ltr'><strong><em>Vulg.</em></strong></span> <span class='ocrx_word' id='word_1_27' title='bbox 1390 524 1572 574; x_wconf 78' lang='lat' dir='ltr'><em>tacent</em></span> <span class='ocrx_word' id='word_1_28' title='bbox 1618 518 1801 585; x_wconf 85' lang='lat' dir='ltr'>valde]</span> <span class='ocrx_word' id='word_1_29' title='bbox 1915 536 2030 576; x_wconf 86' lang='lat' dir='ltr'>ces.</span> <span class='ocrx_word' id='word_1_30' title='bbox 2065 522 2370 578; x_wconf 78' lang='lat' dir='ltr'>Revertere</span> <span class='ocrx_word' id='word_1_31' title='bbox 2403 539 2562 595; x_wconf 90' lang='lat' dir='ltr'>ergo,</span> <span class='ocrx_word' id='word_1_32' title='bbox 2595 528 2650 578; x_wconf 91' lang='lat' dir='ltr'>et</span> <span class='ocrx_word' id='word_1_33' title='bbox 2683 525 2826 580; x_wconf 86' lang='lat' dir='ltr'>vade</span> <span class='ocrx_word' id='word_1_34' title='bbox 2856 526 2916 580; x_wconf 91' lang='lat' dir='ltr'>in</span> <span class='ocrx_word' id='word_1_35' title='bbox 2948 543 3109 598; x_wconf 82' lang='lat' dir='ltr'>pace,</span> <span class='ocrx_word' id='word_1_36' title='bbox 3160 532 3216 582; x_wconf 89' lang='lat' dir='ltr'>et</span> <span class='ocrx_word' id='word_1_37' title='bbox 3264 544 3379 582; x_wconf 88' lang='lat' dir='ltr'>non</span> <span class='ocrx_word' id='word_1_38' title='bbox 3431 528 3556 599; x_wconf 66' lang='grc' dir='ltr'>[τηε.</span> 
     </span>
    </p>
   </div>
   <div class='ocr_carea' id='block_1_5' title="bbox 194 608 3562 687">
    <p class='ocr_par' dir='ltr' id='par_1_5' title="bbox 194 608 3562 687">
     <span class='ocr_line' id='line_1_5' title="bbox 194 608 3562 687; baseline 0.001 -21"><span class='ocrx_word' id='word_1_39' title='bbox 194 611 344 666; x_wconf 89' lang='lat' dir='ltr'>verba</span> <span class='ocrx_word' id='word_1_40' title='bbox 369 608 668 674; x_wconf 82' lang='lat' dir='ltr'>Samuelis,</span> <span class='ocrx_word' id='word_1_41' title='bbox 702 614 758 665; x_wconf 89' lang='lat' dir='ltr'>et</span> <span class='ocrx_word' id='word_1_42' title='bbox 787 609 968 665; x_wconf 90' lang='lat' dir='ltr'>robur</span> <span class='ocrx_word' id='word_1_43' title='bbox 996 625 1109 664; x_wconf 89' lang='lat' dir='ltr'>non</span> <span class='ocrx_word' id='word_1_44' title='bbox 1143 614 1266 664; x_wconf 89' lang='lat' dir='ltr'>erat</span> <span class='ocrx_word' id='word_1_45' title='bbox 1297 610 1352 663; x_wconf 90' lang='lat' dir='ltr'>in</span> <span class='ocrx_word' id='word_1_46' title='bbox 1388 625 1475 675; x_wconf 86' lang='lat' dir='ltr'>eo,</span> <span class='ocrx_word' id='word_1_47' title='bbox 1508 608 1649 680; x_wconf 82' lang='lat' dir='ltr'>quia</span> <span class='ocrx_word' id='word_1_48' title='bbox 1686 624 1799 661; x_wconf 90' lang='lat' dir='ltr'>non</span> <span class='ocrx_word' id='word_1_49' title='bbox 1914 610 2197 681; x_wconf 74' lang='lat' dir='ltr'>offendes]</span> <span class='ocrx_word' id='word_1_50' title='bbox 2228 611 2489 667; x_wconf 77' lang='lat' dir='ltr'>offendas</span> <span class='ocrx_word' id='word_1_51' title='bbox 2538 614 2737 669; x_wconf 90' lang='lat' dir='ltr'>oculos</span> <span class='ocrx_word' id='word_1_52' title='bbox 2785 619 3155 687; x_wconf 88' lang='lat' dir='ltr'>satraparum</span> <span class='ocrx_word' id='word_1_53' title='bbox 3210 616 3562 673; x_wconf 83' lang='lat' dir='ltr'>Philislhim.</span> 
     </span>
    </p>
   </div>
   <div class='ocr_carea' id='block_1_6' title="bbox 194 696 3564 776">
    <p class='ocr_par' dir='ltr' id='par_1_6' title="bbox 194 696 3564 776">
     <span class='ocr_line' id='line_1_6' title="bbox 194 696 3564 776; baseline 0.001 -21"><span class='ocrx_word' id='word_1_54' title='bbox 194 700 494 756; x_wconf 85' lang='lat' dir='ltr'>comederat</span> <span class='ocrx_word' id='word_1_55' title='bbox 540 715 749 770; x_wconf 89' lang='lat' dir='ltr'>panem</span> <span class='ocrx_word' id='word_1_56' title='bbox 810 703 932 753; x_wconf 88' lang='lat' dir='ltr'>tota</span> <span class='ocrx_word' id='word_1_57' title='bbox 977 698 1071 753; x_wconf 90' lang='lat' dir='ltr'>die</span> <span class='ocrx_word' id='word_1_58' title='bbox 1121 698 1220 752; x_wconf 89' lang='lat' dir='ltr'>illa</span> <span class='ocrx_word' id='word_1_59' title='bbox 1270 698 1353 769; x_wconf 91' lang='lat' dir='ltr'>[h.</span> <span class='ocrx_word' id='word_1_60' title='bbox 1405 696 1529 762; x_wconf 89' lang='lat' dir='ltr'>illa,</span> <span class='ocrx_word' id='word_1_61' title='bbox 1578 702 1633 751; x_wconf 88' lang='lat' dir='ltr'>et</span> <span class='ocrx_word' id='word_1_62' title='bbox 1680 700 1803 751; x_wconf 89' lang='lat' dir='ltr'>tota</span> <span class='ocrx_word' id='word_1_63' title='bbox 1914 699 2183 769; x_wconf 81' lang='lat' dir='ltr'>Dixitque</span> <span class='ocrx_word' id='word_1_64' title='bbox 2210 699 2389 754; x_wconf 83' lang='lat' dir='ltr'>David</span> <span class='ocrx_word' id='word_1_65' title='bbox 2426 702 2496 755; x_wconf 89' lang='lat' dir='ltr'>ad</span> <span class='ocrx_word' id='word_1_66' title='bbox 2531 702 2711 757; x_wconf 87' lang='lat' dir='ltr'>Achis</span> <span class='ocrx_word' id='word_1_67' title='bbox 2743 720 2755 757; x_wconf 91' lang='lat'><strong>:</strong></span> <span class='ocrx_word' id='word_1_68' title='bbox 2792 702 2937 768; x_wconf 88' lang='lat' dir='ltr'>Quid</span> <span class='ocrx_word' id='word_1_69' title='bbox 2971 706 3129 759; x_wconf 90' lang='lat' dir='ltr'>enim</span> <span class='ocrx_word' id='word_1_70' title='bbox 3163 705 3291 773; x_wconf 83' lang='lat' dir='ltr'>feci,</span> <span class='ocrx_word' id='word_1_71' title='bbox 3324 709 3381 759; x_wconf 87' lang='lat' dir='ltr'>et</span> <span class='ocrx_word' id='word_1_72' title='bbox 3423 704 3564 776; x_wconf 90' lang='lat' dir='ltr'>quid</span> 
     </span>
    </p>
   </div>
   <div class='ocr_carea' id='block_1_7' title="bbox 196 784 3564 864">
    <p class='ocr_par' dir='ltr' id='par_1_7' title="bbox 196 784 3564 864">
     <span class='ocr_line' id='line_1_7' title="bbox 196 784 3564 864; baseline 0.002 -20"><span class='ocrx_word' id='word_1_73' title='bbox 196 788 374 855; x_wconf 89' lang='lat' dir='ltr'>nocte].</span> <span class='ocrx_word' id='word_1_74' title='bbox 407 791 668 857; x_wconf 79' lang='lat' dir='ltr'>lngressa</span> <span class='ocrx_word' id='word_1_75' title='bbox 698 792 785 843; x_wconf 88' lang='lat' dir='ltr'>est</span> <span class='ocrx_word' id='word_1_76' title='bbox 811 789 1009 860; x_wconf 81' lang='lat' dir='ltr'>itaque</span> <span class='ocrx_word' id='word_1_77' title='bbox 1041 788 1251 842; x_wconf 89' lang='lat' dir='ltr'>mulier</span> <span class='ocrx_word' id='word_1_78' title='bbox 1281 788 1350 841; x_wconf 90' lang='lat' dir='ltr'>ad</span> <span class='ocrx_word' id='word_1_79' title='bbox 1384 784 1540 856; x_wconf 87' lang='lat' dir='ltr'>Saul,</span> <span class='ocrx_word' id='word_1_80' title='bbox 1574 789 1630 839; x_wconf 84' lang='lat' dir='ltr'>et</span> <span class='ocrx_word' id='word_1_81' title='bbox 1659 785 1802 839; x_wconf 67' lang='lat' dir='ltr'>vidit</span> <span class='ocrx_word' id='word_1_82' title='bbox 1914 790 2185 845; x_wconf 83' lang='lat' dir='ltr'>invenisti</span> <span class='ocrx_word' id='word_1_83' title='bbox 2217 789 2273 844; x_wconf 91' lang='lat' dir='ltr'>in</span> <span class='ocrx_word' id='word_1_84' title='bbox 2309 808 2403 846; x_wconf 90' lang='lat' dir='ltr'>me</span> <span class='ocrx_word' id='word_1_85' title='bbox 2434 808 2597 847; x_wconf 91' lang='lat' dir='ltr'>servo</span> <span class='ocrx_word' id='word_1_86' title='bbox 2634 799 2734 848; x_wconf 90' lang='lat' dir='ltr'>tuo</span> <span class='ocrx_word' id='word_1_87' title='bbox 2768 793 2847 863; x_wconf 94' lang='lat' dir='ltr'>[h.</span> <span class='ocrx_word' id='word_1_88' title='bbox 2882 794 2941 849; x_wconf 94' lang='lat' dir='ltr'>in</span> <span class='ocrx_word' id='word_1_89' title='bbox 2982 811 3145 850; x_wconf 90' lang='lat' dir='ltr'>servo</span> <span class='ocrx_word' id='word_1_90' title='bbox 3196 798 3338 864; x_wconf 88' lang='lat' dir='ltr'>tuo],</span> <span class='ocrx_word' id='word_1_91' title='bbox 3390 812 3424 849; x_wconf 88' lang='lat' dir='ltr'>a</span> <span class='ocrx_word' id='word_1_92' title='bbox 3470 793 3564 851; x_wconf 88' lang='lat' dir='ltr'>die</span> 
     </span>
    </p>
   </div>
   <div class='ocr_carea' id='block_1_8' title="bbox 193 875 3564 953">
    <p class='ocr_par' dir='ltr' id='par_1_8' title="bbox 193 875 3564 953">
     <span class='ocr_line' id='line_1_8' title="bbox 193 875 3564 953; baseline 0.002 -21"><span class='ocrx_word' id='word_1_93' title='bbox 193 881 304 949; x_wconf 83' lang='lat' dir='ltr'>quia</span> <span class='ocrx_word' id='word_1_94' title='bbox 327 877 702 933; x_wconf 81' lang='lat' dir='ltr'>conturbatus</span> <span class='ocrx_word' id='word_1_95' title='bbox 732 880 858 931; x_wconf 90' lang='lat' dir='ltr'>erat</span> <span class='ocrx_word' id='word_1_96' title='bbox 889 876 1073 943; x_wconf 80' lang='lat' dir='ltr'>valde,</span> <span class='ocrx_word' id='word_1_97' title='bbox 1105 875 1365 947; x_wconf 85' lang='lat' dir='ltr'>dixitque</span> <span class='ocrx_word' id='word_1_98' title='bbox 1414 875 1483 928; x_wconf 89' lang='lat' dir='ltr'>ad</span> <span class='ocrx_word' id='word_1_99' title='bbox 1535 889 1663 927; x_wconf 89' lang='lat' dir='ltr'>eum</span> <span class='ocrx_word' id='word_1_100' title='bbox 1719 875 1734 907; x_wconf 87' lang='grc'>¹</span> <span class='ocrx_word' id='word_1_101' title='bbox 1786 888 1798 925; x_wconf 89' lang='lat'>:</span> <span class='ocrx_word' id='word_1_102' title='bbox 1911 895 2027 950; x_wconf 87' lang='lat' dir='ltr'>qua</span> <span class='ocrx_word' id='word_1_103' title='bbox 2055 880 2135 934; x_wconf 87' lang='lat' dir='ltr'>fui</span> <span class='ocrx_word' id='word_1_104' title='bbox 2170 880 2226 933; x_wconf 89' lang='lat' dir='ltr'>in</span> <span class='ocrx_word' id='word_1_105' title='bbox 2260 885 2575 953; x_wconf 87' lang='lat' dir='ltr'>conspectu</span> <span class='ocrx_word' id='word_1_106' title='bbox 2608 888 2708 937; x_wconf 84' lang='lat' dir='ltr'>tuo</span> <span class='ocrx_word' id='word_1_107' title='bbox 2740 898 2929 953; x_wconf 87' lang='lat' dir='ltr'>usque</span> <span class='ocrx_word' id='word_1_108' title='bbox 2959 884 3031 938; x_wconf 90' lang='lat' dir='ltr'>ad</span> <span class='ocrx_word' id='word_1_109' title='bbox 3068 883 3221 939; x_wconf 91' lang='lat' dir='ltr'>diem</span> <span class='ocrx_word' id='word_1_110' title='bbox 3276 883 3447 949; x_wconf 87' lang='lat' dir='ltr'>hanc,</span> <span class='ocrx_word' id='word_1_111' title='bbox 3499 888 3564 938; x_wconf 89' lang='lat' dir='ltr'>ut</span> 
     </span>
    </p>
   </div>
   <div class='ocr_carea' id='block_1_9' title="bbox 190 961 3561 1042">
    <p class='ocr_par' dir='ltr' id='par_1_9' title="bbox 190 961 3561 1042">
     <span class='ocr_line' id='line_1_9' title="bbox 190 961 3561 1042; baseline -0.002 -19"><span class='ocrx_word' id='word_1_112' title='bbox 190 970 310 1023; x_wconf 88' lang='lat' dir='ltr'>Ecce</span> <span class='ocrx_word' id='word_1_113' title='bbox 335 966 580 1022; x_wconf 90' lang='lat' dir='ltr'>obedivit</span> <span class='ocrx_word' id='word_1_114' title='bbox 612 965 827 1021; x_wconf 89' lang='lat' dir='ltr'>ancilla</span> <span class='ocrx_word' id='word_1_115' title='bbox 858 971 962 1021; x_wconf 90' lang='lat' dir='ltr'>tua</span> <span class='ocrx_word' id='word_1_116' title='bbox 990 965 1115 1022; x_wconf 83' lang='lat' dir='ltr'>voci</span> <span class='ocrx_word' id='word_1_117' title='bbox 1166 970 1302 1031; x_wconf 64' lang='lat' dir='ltr'>tuae,</span> <span class='ocrx_word' id='word_1_118' title='bbox 1349 968 1404 1018; x_wconf 88' lang='lat' dir='ltr'>et</span> <span class='ocrx_word' id='word_1_119' title='bbox 1452 961 1621 1034; x_wconf 86' lang='lat' dir='ltr'>posui</span> <span class='ocrx_word' id='word_1_120' title='bbox 1673 961 1800 1015; x_wconf 89' lang='lat' dir='ltr'>ani-</span> <span class='ocrx_word' id='word_1_121' title='bbox 1909 985 2024 1024; x_wconf 76' lang='lat' dir='ltr'>non</span> <span class='ocrx_word' id='word_1_122' title='bbox 2054 969 2075 1002; x_wconf 79' lang='grc'>³</span> <span class='ocrx_word' id='word_1_123' title='bbox 2106 970 2356 1035; x_wconf 70' lang='lat' dir='ltr'>veniam,</span> <span class='ocrx_word' id='word_1_124' title='bbox 2389 975 2446 1025; x_wconf 74' lang='lat' dir='ltr'>et</span> <span class='ocrx_word' id='word_1_125' title='bbox 2477 987 2732 1042; x_wconf 72' lang='lat' dir='ltr'>pugnem</span> <span class='ocrx_word' id='word_1_126' title='bbox 2768 981 2969 1027; x_wconf 59' lang='lat' dir='ltr'>contra</span> <span class='ocrx_word' id='word_1_127' title='bbox 3018 972 3287 1028; x_wconf 69' lang='lat' dir='ltr'>inimicos</span> <span class='ocrx_word' id='word_1_128' title='bbox 3337 971 3561 1028; x_wconf 74' lang='lat' dir='ltr'>domini</span> 
     </span>
    </p>
   </div>
   <div class='ocr_carea' id='block_1_10' title="bbox 186 1051 3561 1130">
    <p class='ocr_par' dir='ltr' id='par_1_10' title="bbox 186 1051 3561 1130">
     <span class='ocr_line' id='line_1_10' title="bbox 186 1051 3561 1130; baseline 0.001 -21"><span class='ocrx_word' id='word_1_129' title='bbox 186 1074 316 1113; x_wconf 88' lang='lat' dir='ltr'>mam</span> <span class='ocrx_word' id='word_1_130' title='bbox 346 1072 528 1112; x_wconf 87' lang='lat' dir='ltr'>meam</span> <span class='ocrx_word' id='word_1_131' title='bbox 560 1056 617 1109; x_wconf 92' lang='lat' dir='ltr'>in</span> <span class='ocrx_word' id='word_1_132' title='bbox 667 1072 843 1111; x_wconf 89' lang='lat' dir='ltr'>manu</span> <span class='ocrx_word' id='word_1_133' title='bbox 896 1071 1025 1110; x_wconf 90' lang='lat' dir='ltr'>mea</span> <span class='ocrx_word' id='word_1_134' title='bbox 1078 1072 1090 1110; x_wconf 91' lang='lat'>:</span> <span class='ocrx_word' id='word_1_135' title='bbox 1148 1059 1206 1109; x_wconf 88' lang='lat' dir='ltr'>et</span> <span class='ocrx_word' id='word_1_136' title='bbox 1253 1051 1451 1109; x_wconf 84' lang='lat' dir='ltr'>audivi</span> <span class='ocrx_word' id='word_1_137' title='bbox 1500 1066 1800 1106; x_wconf 80' lang='lat' dir='ltr'>sermones</span> <span class='ocrx_word' id='word_1_138' title='bbox 1909 1059 2024 1112; x_wconf 89' lang='lat' dir='ltr'>mei</span> <span class='ocrx_word' id='word_1_139' title='bbox 2057 1058 2251 1129; x_wconf 86' lang='lat' dir='ltr'>regis?</span> <span class='ocrx_word' id='word_1_140' title='bbox 2284 1058 2661 1130; x_wconf 79' lang='lat' dir='ltr'>Respondeas</span> <span class='ocrx_word' id='word_1_141' title='bbox 2693 1065 2887 1115; x_wconf 86' lang='lat' dir='ltr'>autem</span> <span class='ocrx_word' id='word_1_142' title='bbox 2938 1060 3143 1128; x_wconf 90' lang='lat' dir='ltr'>Achis,</span> <span class='ocrx_word' id='word_1_143' title='bbox 3192 1061 3424 1116; x_wconf 87' lang='lat' dir='ltr'>locutus</span> <span class='ocrx_word' id='word_1_144' title='bbox 3473 1066 3561 1114; x_wconf 89' lang='lat' dir='ltr'>est</span> 
     </span>
    </p>
   </div>
   <div class='ocr_carea' id='block_1_11' title="bbox 184 1139 3559 1218">
    <p class='ocr_par' dir='ltr' id='par_1_11' title="bbox 184 1139 3559 1218">
     <span class='ocr_line' id='line_1_11' title="bbox 184 1139 3559 1218; baseline 0.001 -18"><span class='ocrx_word' id='word_1_145' title='bbox 184 1151 316 1213; x_wconf 90' lang='lat' dir='ltr'>tuos,</span> <span class='ocrx_word' id='word_1_146' title='bbox 347 1161 488 1217; x_wconf 91' lang='lat' dir='ltr'>quos</span> <span class='ocrx_word' id='word_1_147' title='bbox 518 1145 751 1201; x_wconf 90' lang='lat' dir='ltr'>locutus</span> <span class='ocrx_word' id='word_1_148' title='bbox 781 1161 842 1200; x_wconf 90' lang='lat' dir='ltr'>es</span> <span class='ocrx_word' id='word_1_149' title='bbox 871 1144 942 1198; x_wconf 93' lang='lat' dir='ltr'>ad</span> <span class='ocrx_word' id='word_1_150' title='bbox 979 1160 1088 1200; x_wconf 91' lang='lat' dir='ltr'>me.</span> <span class='ocrx_word' id='word_1_151' title='bbox 1127 1143 1290 1197; x_wconf 86' lang='lat' dir='ltr'>Nunc</span> <span class='ocrx_word' id='word_1_152' title='bbox 1324 1141 1505 1213; x_wconf 83' lang='lat' dir='ltr'>igitur</span> <span class='ocrx_word' id='word_1_153' title='bbox 1554 1139 1691 1194; x_wconf 82' lang='lat' dir='ltr'>audi</span> <span class='ocrx_word' id='word_1_154' title='bbox 1741 1143 1800 1193; x_wconf 76' lang='lat' dir='ltr'>et</span> <span class='ocrx_word' id='word_1_155' title='bbox 1905 1147 1975 1202; x_wconf 80' lang='lat' dir='ltr'>ad</span> <span class='ocrx_word' id='word_1_156' title='bbox 2014 1148 2189 1202; x_wconf 87' lang='lat' dir='ltr'>David</span> <span class='ocrx_word' id='word_1_157' title='bbox 2226 1164 2237 1202; x_wconf 93' lang='lat'>:</span> <span class='ocrx_word' id='word_1_158' title='bbox 2274 1148 2401 1202; x_wconf 90' lang='lat' dir='ltr'>Scio</span> <span class='ocrx_word' id='word_1_159' title='bbox 2433 1148 2570 1218; x_wconf 84' lang='lat' dir='ltr'>quia</span> <span class='ocrx_word' id='word_1_160' title='bbox 2598 1148 2786 1204; x_wconf 90' lang='lat' dir='ltr'>bonus</span> <span class='ocrx_word' id='word_1_161' title='bbox 2826 1165 2888 1204; x_wconf 90' lang='lat' dir='ltr'>es</span> <span class='ocrx_word' id='word_1_162' title='bbox 2936 1153 2996 1204; x_wconf 88' lang='lat' dir='ltr'>tu</span> <span class='ocrx_word' id='word_1_163' title='bbox 3049 1150 3105 1204; x_wconf 90' lang='lat' dir='ltr'>in</span> <span class='ocrx_word' id='word_1_164' title='bbox 3158 1148 3344 1205; x_wconf 90' lang='lat' dir='ltr'>oculis</span> <span class='ocrx_word' id='word_1_165' title='bbox 3392 1149 3559 1214; x_wconf 85' lang='lat' dir='ltr'>meis,</span> 
     </span>
    </p>
   </div>
   <div class='ocr_carea' id='block_1_12' title="bbox 182 1228 1754 1309">
    <p class='ocr_par' dir='ltr' id='par_1_12' title="bbox 182 1228 1754 1303">
     <span class='ocr_line' id='line_1_12' title="bbox 182 1228 1754 1303; baseline -0.006 -13"><span class='ocrx_word' id='word_1_166' title='bbox 182 1241 229 1289; x_wconf 88' lang='lat' dir='ltr'>tu</span> <span class='ocrx_word' id='word_1_167' title='bbox 250 1251 433 1290; x_wconf 89' lang='lat' dir='ltr'>vocem</span> <span class='ocrx_word' id='word_1_168' title='bbox 454 1233 677 1289; x_wconf 72' lang='lat' dir='ltr'>ancillae</span> <span class='ocrx_word' id='word_1_169' title='bbox 700 1237 897 1299; x_wconf 69' lang='lat' dir='ltr'>tuaa,et</span> <span class='ocrx_word' id='word_1_170' title='bbox 922 1249 1134 1303; x_wconf 86' lang='lat' dir='ltr'>ponam</span> <span class='ocrx_word' id='word_1_171' title='bbox 1160 1248 1355 1287; x_wconf 91' lang='lat' dir='ltr'>coram</span> <span class='ocrx_word' id='word_1_172' title='bbox 1389 1238 1444 1284; x_wconf 86' lang='lat' dir='ltr'>te</span> <span class='ocrx_word' id='word_1_173' title='bbox 1469 1228 1754 1284; x_wconf 78' lang='lat' dir='ltr'>buccellax</span> 
     </span>
    </p>
   </div>
   <div class='ocr_carea' id='block_1_13' title="bbox 1988 1228 3560 1309">
    <p class='ocr_par' dir='ltr' id='par_1_13' title="bbox 1988 1234 3560 1309">
     <span class='ocr_line' id='line_1_13' title="bbox 1988 1234 3560 1309; baseline 0.002 -20"><span class='ocrx_word' id='word_1_174' title='bbox 1988 1240 2062 1291; x_wconf 69' lang='lat' dir='ltr'>:ut</span> <span class='ocrx_word' id='word_1_175' title='bbox 2094 1234 2337 1307; x_wconf 87' lang='lat' dir='ltr'>angelus</span> <span class='ocrx_word' id='word_1_176' title='bbox 2373 1237 2473 1291; x_wconf 91' lang='lat' dir='ltr'>Dei</span> <span class='ocrx_word' id='word_1_177' title='bbox 2509 1253 2522 1292; x_wconf 89' lang='lat'><strong>:</strong></span> <span class='ocrx_word' id='word_1_178' title='bbox 2559 1238 2659 1292; x_wconf 88' lang='lat' dir='ltr'>sed</span> <span class='ocrx_word' id='word_1_179' title='bbox 2694 1237 2990 1309; x_wconf 84' lang='lat' dir='ltr'>principes</span> <span class='ocrx_word' id='word_1_180' title='bbox 3024 1237 3354 1293; x_wconf 87' lang='lat' dir='ltr'>Philisthim</span> <span class='ocrx_word' id='word_1_181' title='bbox 3399 1237 3560 1292; x_wconf 84' lang='lat' dir='ltr'>dixe-</span> 
     </span>
    </p>
   </div>
   <div class='ocr_carea' id='block_1_14' title="bbox 182 1315 3562 1399">
    <p class='ocr_par' dir='ltr' id='par_1_14' title="bbox 182 1315 3562 1399">
     <span class='ocr_line' id='line_1_14' title="bbox 182 1315 3562 1399; baseline 0.001 -22"><span class='ocrx_word' id='word_1_182' title='bbox 182 1323 344 1395; x_wconf 90' lang='lat' dir='ltr'>panis,</span> <span class='ocrx_word' id='word_1_183' title='bbox 375 1330 436 1378; x_wconf 89' lang='lat' dir='ltr'>ut</span> <span class='ocrx_word' id='word_1_184' title='bbox 465 1324 586 1395; x_wconf 63' lang='grc' dir='ltr'>[ηις.</span> <span class='ocrx_word' id='word_1_185' title='bbox 619 1323 698 1394; x_wconf 90' lang='lat' dir='ltr'>et]</span> <span class='ocrx_word' id='word_1_186' title='bbox 731 1323 1043 1377; x_wconf 89' lang='lat' dir='ltr'>comedens</span> <span class='ocrx_word' id='word_1_187' title='bbox 1077 1319 1472 1388; x_wconf 78' lang='lat' dir='ltr'>convalesces,</span> <span class='ocrx_word' id='word_1_188' title='bbox 1504 1323 1563 1372; x_wconf 86' lang='lat' dir='ltr'>et</span> <span class='ocrx_word' id='word_1_189' title='bbox 1605 1315 1797 1387; x_wconf 78' lang='lat' dir='ltr'>possis</span> <span class='ocrx_word' id='word_1_190' title='bbox 1906 1332 2042 1380; x_wconf 90' lang='lat' dir='ltr'>runt</span> <span class='ocrx_word' id='word_1_191' title='bbox 2074 1342 2087 1379; x_wconf 92' lang='lat'><strong>:</strong></span> <span class='ocrx_word' id='word_1_192' title='bbox 2122 1325 2247 1380; x_wconf 91' lang='lat' dir='ltr'>Non</span> <span class='ocrx_word' id='word_1_193' title='bbox 2280 1326 2558 1381; x_wconf 86' lang='lat' dir='ltr'>ascendet</span> <span class='ocrx_word' id='word_1_194' title='bbox 2586 1327 2893 1382; x_wconf 89' lang='lat' dir='ltr'>nobiscum</span> <span class='ocrx_word' id='word_1_195' title='bbox 2927 1328 2986 1382; x_wconf 88' lang='lat' dir='ltr'>in</span> <span class='ocrx_word' id='word_1_196' title='bbox 3037 1325 3324 1399; x_wconf 64' lang='lat' dir='ltr'>prmlium.</span> <span class='ocrx_word' id='word_1_197' title='bbox 3374 1325 3562 1397; x_wconf 81' lang='lat' dir='ltr'>Igitur</span> 
     </span>
    </p>
   </div>
   <div class='ocr_carea' id='block_1_15' title="bbox 178 1406 1750 1487">
    <p class='ocr_par' dir='ltr' id='par_1_15' title="bbox 178 1406 1750 1482">
     <span class='ocr_line' id='line_1_15' title="bbox 178 1406 1750 1482; baseline -0.006 -15"><span class='ocrx_word' id='word_1_198' title='bbox 178 1414 268 1468; x_wconf 89' lang='lat' dir='ltr'>iter</span> <span class='ocrx_word' id='word_1_199' title='bbox 295 1412 620 1482; x_wconf 43' lang='lat' dir='ltr'>faceregQui</span> <span class='ocrx_word' id='word_1_200' title='bbox 652 1411 869 1478; x_wconf 89' lang='lat' dir='ltr'>renuit,</span> <span class='ocrx_word' id='word_1_201' title='bbox 898 1416 957 1466; x_wconf 89' lang='lat' dir='ltr'>et</span> <span class='ocrx_word' id='word_1_202' title='bbox 988 1411 1069 1465; x_wconf 89' lang='lat' dir='ltr'>ait</span> <span class='ocrx_word' id='word_1_203' title='bbox 1102 1427 1116 1466; x_wconf 88' lang='lat'><strong>:</strong></span> <span class='ocrx_word' id='word_1_204' title='bbox 1149 1410 1272 1464; x_wconf 89' lang='lat' dir='ltr'>Non</span> <span class='ocrx_word' id='word_1_205' title='bbox 1303 1407 1625 1463; x_wconf 84' lang='lat' dir='ltr'>comedam.</span> <span class='ocrx_word' id='word_1_206' title='bbox 1653 1406 1750 1459; x_wconf 74' lang='lat' dir='ltr'>Coe</span> 
     </span>
    </p>
   </div>
   <div class='ocr_carea' id='block_1_16' title="bbox 1984 1406 3556 1487">
    <p class='ocr_par' dir='ltr' id='par_1_16' title="bbox 1984 1414 3556 1487">
     <span class='ocr_line' id='line_1_16' title="bbox 1984 1414 3556 1487; baseline 0 -19"><span class='ocrx_word' id='word_1_207' title='bbox 1984 1430 2191 1483; x_wconf 81' lang='lat' dir='ltr'>nsurge</span> <span class='ocrx_word' id='word_1_208' title='bbox 2218 1431 2388 1470; x_wconf 86' lang='lat' dir='ltr'>mane</span> <span class='ocrx_word' id='word_1_209' title='bbox 2410 1418 2561 1481; x_wconf 89' lang='lat' dir='ltr'>tu,et</span> <span class='ocrx_word' id='word_1_210' title='bbox 2583 1416 2733 1470; x_wconf 87' lang='lat' dir='ltr'>servi</span> <span class='ocrx_word' id='word_1_211' title='bbox 2758 1415 2981 1471; x_wconf 89' lang='lat' dir='ltr'>domini</span> <span class='ocrx_word' id='word_1_212' title='bbox 3004 1416 3112 1483; x_wconf 92' lang='lat' dir='ltr'>tui,</span> <span class='ocrx_word' id='word_1_213' title='bbox 3138 1414 3240 1487; x_wconf 90' lang='lat' dir='ltr'>qui</span> <span class='ocrx_word' id='word_1_214' title='bbox 3272 1418 3556 1470; x_wconf 89' lang='lat' dir='ltr'>venerunt</span> 
     </span>
    </p>
   </div>
   <div class='ocr_carea' id='block_1_17' title="bbox 178 1494 3561 1574">
    <p class='ocr_par' dir='ltr' id='par_1_17' title="bbox 178 1494 3561 1574">
     <span class='ocr_line' id='line_1_17' title="bbox 178 1494 3561 1574; baseline 0.001 -19"><span class='ocrx_word' id='word_1_215' title='bbox 178 1508 361 1573; x_wconf 83' lang='lat' dir='ltr'>gerunt</span> <span class='ocrx_word' id='word_1_216' title='bbox 390 1505 584 1556; x_wconf 87' lang='lat' dir='ltr'>autem</span> <span class='ocrx_word' id='word_1_217' title='bbox 618 1518 753 1556; x_wconf 91' lang='lat' dir='ltr'>eum</span> <span class='ocrx_word' id='word_1_218' title='bbox 785 1499 934 1557; x_wconf 91' lang='lat' dir='ltr'>servi</span> <span class='ocrx_word' id='word_1_219' title='bbox 962 1500 1051 1555; x_wconf 89' lang='lat' dir='ltr'>sui</span> <span class='ocrx_word' id='word_1_220' title='bbox 1086 1504 1141 1554; x_wconf 88' lang='lat' dir='ltr'>et</span> <span class='ocrx_word' id='word_1_221' title='bbox 1169 1499 1402 1566; x_wconf 83' lang='lat' dir='ltr'>mulier,</span> <span class='ocrx_word' id='word_1_222' title='bbox 1453 1501 1511 1552; x_wconf 77' lang='lat' dir='ltr'>et</span> <span class='ocrx_word' id='word_1_223' title='bbox 1558 1494 1793 1549; x_wconf 69' lang='lat' dir='ltr'>tandem</span> <span class='ocrx_word' id='word_1_224' title='bbox 1904 1506 2096 1558; x_wconf 87' lang='lat' dir='ltr'>tecum</span> <span class='ocrx_word' id='word_1_225' title='bbox 2132 1520 2144 1557; x_wconf 90' lang='lat'><strong>:</strong></span> <span class='ocrx_word' id='word_1_226' title='bbox 2177 1507 2233 1557; x_wconf 90' lang='lat' dir='ltr'>et</span> <span class='ocrx_word' id='word_1_227' title='bbox 2275 1519 2409 1558; x_wconf 88' lang='lat' dir='ltr'>cum</span> <span class='ocrx_word' id='word_1_228' title='bbox 2460 1505 2531 1558; x_wconf 91' lang='lat' dir='ltr'>de</span> <span class='ocrx_word' id='word_1_229' title='bbox 2579 1508 2747 1559; x_wconf 90' lang='lat' dir='ltr'>nocte</span> <span class='ocrx_word' id='word_1_230' title='bbox 2791 1504 3162 1560; x_wconf 84' lang='lat' dir='ltr'>surrexeritis</span> <span class='ocrx_word' id='word_1_231' title='bbox 3213 1509 3272 1559; x_wconf 92' lang='lat' dir='ltr'>et</span> <span class='ocrx_word' id='word_1_232' title='bbox 3320 1502 3561 1574; x_wconf 81' lang='lat' dir='ltr'>cceperit</span> 
     </span>
    </p>
   </div>
   <div class='ocr_carea' id='block_1_18' title="bbox 178 1584 3555 1664">
    <p class='ocr_par' dir='ltr' id='par_1_18' title="bbox 178 1584 3555 1664">
     <span class='ocr_line' id='line_1_18' title="bbox 178 1584 3555 1664; baseline -0.003 -19"><span class='ocrx_word' id='word_1_233' title='bbox 178 1590 351 1645; x_wconf 87' lang='lat' dir='ltr'>audita</span> <span class='ocrx_word' id='word_1_234' title='bbox 378 1607 512 1646; x_wconf 89' lang='lat' dir='ltr'>voce</span> <span class='ocrx_word' id='word_1_235' title='bbox 542 1589 1031 1655; x_wconf 89' lang='lat' dir='ltr'>eorum,surrexit</span> <span class='ocrx_word' id='word_1_236' title='bbox 1061 1590 1131 1644; x_wconf 89' lang='lat' dir='ltr'>de</span> <span class='ocrx_word' id='word_1_237' title='bbox 1160 1592 1407 1651; x_wconf 89' lang='lat' dir='ltr'>terra,et</span> <span class='ocrx_word' id='word_1_238' title='bbox 1437 1584 1589 1640; x_wconf 86' lang='lat' dir='ltr'>sedit</span> <span class='ocrx_word' id='word_1_239' title='bbox 1619 1596 1797 1652; x_wconf 88' lang='lat' dir='ltr'>super</span> <span class='ocrx_word' id='word_1_240' title='bbox 1905 1590 2282 1661; x_wconf 61' lang='lat' dir='ltr'>dilucescem,</span> <span class='ocrx_word' id='word_1_241' title='bbox 2335 1592 2577 1663; x_wconf 64' lang='lat' dir='ltr'>pergite,</span> <span class='ocrx_word' id='word_1_242' title='bbox 2627 1593 2715 1664; x_wconf 82' lang='grc' dir='ltr'>[Τ,</span> <span class='ocrx_word' id='word_1_243' title='bbox 2767 1593 3005 1662; x_wconf 52' lang='lat' dir='ltr'>LXXX]</span> <span class='ocrx_word' id='word_1_244' title='bbox 3049 1593 3310 1648; x_wconf 64' lang='lat' dir='ltr'>surrexit</span> <span class='ocrx_word' id='word_1_245' title='bbox 3359 1593 3555 1663; x_wconf 63' lang='lat' dir='ltr'>itaque</span> 
     </span>
    </p>
   </div>
   <div class='ocr_carea' id='block_1_19' title="bbox 177 1675 3556 1753">
    <p class='ocr_par' dir='ltr' id='par_1_19' title="bbox 177 1675 3556 1753">
     <span class='ocr_line' id='line_1_19' title="bbox 177 1675 3556 1753; baseline -0.004 -20"><span class='ocrx_word' id='word_1_246' title='bbox 177 1679 383 1734; x_wconf 87' lang='lat' dir='ltr'>lectum.</span> <span class='ocrx_word' id='word_1_247' title='bbox 402 1679 609 1734; x_wconf 85' lang='lat' dir='ltr'>Mulier</span> <span class='ocrx_word' id='word_1_248' title='bbox 638 1683 830 1734; x_wconf 88' lang='lat' dir='ltr'>autem</span> <span class='ocrx_word' id='word_1_249' title='bbox 864 1678 962 1734; x_wconf 80' lang='lat' dir='ltr'>illa</span> <span class='ocrx_word' id='word_1_250' title='bbox 994 1678 1242 1733; x_wconf 88' lang='lat' dir='ltr'>habebat</span> <span class='ocrx_word' id='word_1_251' title='bbox 1270 1675 1519 1731; x_wconf 85' lang='lat' dir='ltr'>vitulum</span> <span class='ocrx_word' id='word_1_252' title='bbox 1552 1687 1794 1744; x_wconf 83' lang='lat' dir='ltr'>pascua-</span> <span class='ocrx_word' id='word_1_253' title='bbox 1903 1679 1969 1735; x_wconf 75' lang='lat' dir='ltr'>de</span> <span class='ocrx_word' id='word_1_254' title='bbox 1988 1684 2145 1736; x_wconf 70' lang='lat' dir='ltr'>nocte</span> <span class='ocrx_word' id='word_1_255' title='bbox 2168 1680 2368 1751; x_wconf 59' lang='grc' dir='ltr'>[ἣλιοι]</span> <span class='ocrx_word' id='word_1_256' title='bbox 2393 1680 2587 1751; x_wconf 59' lang='lat' dir='ltr'>habet]</span> <span class='ocrx_word' id='word_1_257' title='bbox 2613 1680 2792 1736; x_wconf 72' lang='lat' dir='ltr'>David</span> <span class='ocrx_word' id='word_1_258' title='bbox 2818 1682 2944 1753; x_wconf 72' lang='lat' dir='ltr'>ipse</span> <span class='ocrx_word' id='word_1_259' title='bbox 2966 1687 3024 1737; x_wconf 64' lang='lat' dir='ltr'>et</span> <span class='ocrx_word' id='word_1_260' title='bbox 3044 1682 3133 1735; x_wconf 62' lang='grc' dir='ltr'>νίν</span> <span class='ocrx_word' id='word_1_261' title='bbox 3160 1682 3309 1750; x_wconf 54' lang='lat' dir='ltr'>ejus,</span> <span class='ocrx_word' id='word_1_262' title='bbox 3336 1686 3400 1735; x_wconf 72' lang='grc' dir='ltr'>ιη</span> <span class='ocrx_word' id='word_1_263' title='bbox 3422 1697 3556 1751; x_wconf 63' lang='lat' dir='ltr'>pro-</span> 
     </span>
    </p>
   </div>
   <div class='ocr_carea' id='block_1_20' title="bbox 176 1760 1748 1838">
    <p class='ocr_par' dir='ltr' id='par_1_20' title="bbox 176 1760 1748 1837">
     <span class='ocr_line' id='line_1_20' title="bbox 176 1760 1748 1837; baseline -0.007 -14"><span class='ocrx_word' id='word_1_264' title='bbox 176 1768 269 1824; x_wconf 88' lang='lat' dir='ltr'>lem</span> <span class='ocrx_word' id='word_1_265' title='bbox 299 1769 352 1823; x_wconf 90' lang='lat' dir='ltr'>in</span> <span class='ocrx_word' id='word_1_266' title='bbox 382 1770 578 1835; x_wconf 88' lang='lat' dir='ltr'>domo,</span> <span class='ocrx_word' id='word_1_267' title='bbox 616 1772 675 1823; x_wconf 88' lang='lat' dir='ltr'>et</span> <span class='ocrx_word' id='word_1_268' title='bbox 700 1768 1017 1837; x_wconf 84' lang='lat' dir='ltr'>festinavit,</span> <span class='ocrx_word' id='word_1_269' title='bbox 1046 1773 1104 1822; x_wconf 88' lang='lat' dir='ltr'>et</span> <span class='ocrx_word' id='word_1_270' title='bbox 1134 1765 1349 1822; x_wconf 87' lang='lat' dir='ltr'>occidit</span> <span class='ocrx_word' id='word_1_271' title='bbox 1377 1760 1748 1830; x_wconf 72' lang='lat' dir='ltr'>eum;tollens</span> 
     </span>
    </p>
   </div>
   <div class='ocr_carea' id='block_1_21' title="bbox 1980 1760 3552 1838">
    <p class='ocr_par' dir='ltr' id='par_1_21' title="bbox 1982 1768 3552 1838">
     <span class='ocr_line' id='line_1_21' title="bbox 1982 1768 3552 1838; baseline -0.001 -15"><span class='ocrx_word' id='word_1_272' title='bbox 1982 1768 2305 1824; x_wconf 90' lang='lat' dir='ltr'>iscerentur</span> <span class='ocrx_word' id='word_1_273' title='bbox 2334 1786 2525 1838; x_wconf 89' lang='lat' dir='ltr'>mane,</span> <span class='ocrx_word' id='word_1_274' title='bbox 2550 1774 2607 1824; x_wconf 88' lang='lat' dir='ltr'>et</span> <span class='ocrx_word' id='word_1_275' title='bbox 2629 1773 3057 1825; x_wconf 83' lang='lat' dir='ltr'>reverterentur</span> <span class='ocrx_word' id='word_1_276' title='bbox 3079 1770 3147 1824; x_wconf 89' lang='lat' dir='ltr'>ad</span> <span class='ocrx_word' id='word_1_277' title='bbox 3178 1774 3391 1823; x_wconf 87' lang='lat' dir='ltr'>terram</span> <span class='ocrx_word' id='word_1_278' title='bbox 3418 1769 3552 1823; x_wconf 86' lang='lat' dir='ltr'>Phi-</span> 
     </span>
    </p>
   </div>
   <div class='ocr_carea' id='block_1_22' title="bbox 174 1830 3548 1928">
    <p class='ocr_par' dir='ltr' id='par_1_22' title="bbox 174 1830 3548 1928">
     <span class='ocr_line' id='line_1_22' title="bbox 174 1830 3548 1928; baseline 0.001 -17"><span class='ocrx_word' id='word_1_279' title='bbox 174 1873 267 1928; x_wconf 87' lang='lat' dir='ltr'>que</span> <span class='ocrx_word' id='word_1_280' title='bbox 294 1830 574 1923; x_wconf 54' lang='lat' dir='ltr'>farinam,</span> <span class='ocrx_word' id='word_1_281' title='bbox 597 1856 836 1912; x_wconf 92' lang='lat' dir='ltr'>miscuit</span> <span class='ocrx_word' id='word_1_282' title='bbox 864 1830 1099 1922; x_wconf 71' lang='lat' dir='ltr'>eam,et</span> <span class='ocrx_word' id='word_1_283' title='bbox 1130 1856 1284 1910; x_wconf 84' lang='lat' dir='ltr'>coxit</span> <span class='ocrx_word' id='word_1_284' title='bbox 1313 1870 1534 1925; x_wconf 78' lang='lat' dir='ltr'>azyma,</span> <span class='ocrx_word' id='word_1_285' title='bbox 1584 1853 1641 1906; x_wconf 87' lang='lat' dir='ltr'>et</span> <span class='ocrx_word' id='word_1_286' title='bbox 1687 1864 1793 1921; x_wconf 87' lang='lat' dir='ltr'>po-</span> <span class='ocrx_word' id='word_1_287' title='bbox 1826 1830 1870 1895; x_wconf 83' lang='grc' dir='ltr'><strong>Β</strong></span> <span class='ocrx_word' id='word_1_288' title='bbox 1900 1856 2126 1913; x_wconf 84' lang='lat' dir='ltr'>listhim</span> <span class='ocrx_word' id='word_1_289' title='bbox 2173 1875 2185 1913; x_wconf 89' lang='lat'>:</span> <span class='ocrx_word' id='word_1_290' title='bbox 2242 1830 2575 1914; x_wconf 79' lang='lat' dir='ltr'>Philisthim</span> <span class='ocrx_word' id='word_1_291' title='bbox 2634 1863 2833 1914; x_wconf 90' lang='lat' dir='ltr'>autem</span> <span class='ocrx_word' id='word_1_292' title='bbox 2893 1859 3285 1915; x_wconf 78' lang='lat' dir='ltr'>ascenderunt</span> <span class='ocrx_word' id='word_1_293' title='bbox 3342 1858 3399 1912; x_wconf 88' lang='lat' dir='ltr'>in</span> <span class='ocrx_word' id='word_1_294' title='bbox 3458 1858 3548 1913; x_wconf 84' lang='lat' dir='ltr'>Je-</span> 
     </span>
    </p>
   </div>
   <div class='ocr_carea' id='block_1_23' title="bbox 172 1941 2063 2013">
    <p class='ocr_par' dir='ltr' id='par_1_23' title="bbox 172 1941 2063 2013">
     <span class='ocr_line' id='line_1_23' title="bbox 172 1941 2063 2013; baseline -0.003 -15"><span class='ocrx_word' id='word_1_295' title='bbox 172 1943 270 1999; x_wconf 85' lang='lat' dir='ltr'>suit</span> <span class='ocrx_word' id='word_1_296' title='bbox 294 1949 419 1999; x_wconf 88' lang='lat' dir='ltr'>ante</span> <span class='ocrx_word' id='word_1_297' title='bbox 448 1944 590 2000; x_wconf 89' lang='lat' dir='ltr'>Saul</span> <span class='ocrx_word' id='word_1_298' title='bbox 626 1948 680 2000; x_wconf 92' lang='lat' dir='ltr'>et</span> <span class='ocrx_word' id='word_1_299' title='bbox 707 1948 840 1999; x_wconf 88' lang='lat' dir='ltr'>ante</span> <span class='ocrx_word' id='word_1_300' title='bbox 872 1960 1069 1999; x_wconf 87' lang='lat' dir='ltr'>servos</span> <span class='ocrx_word' id='word_1_301' title='bbox 1100 1944 1250 2013; x_wconf 88' lang='lat' dir='ltr'>ejus.</span> <span class='ocrx_word' id='word_1_302' title='bbox 1279 1941 1385 2008; x_wconf 90' lang='lat' dir='ltr'>Qui</span> <span class='ocrx_word' id='word_1_303' title='bbox 1418 1956 1551 1996; x_wconf 92' lang='lat' dir='ltr'>cum</span> <span class='ocrx_word' id='word_1_304' title='bbox 1584 1954 1779 1994; x_wconf 88' lang='lat' dir='ltr'>come-</span> <span class='ocrx_word' id='word_1_305' title='bbox 1892 1946 2063 2001; x_wconf 77' lang='lat' dir='ltr'>me],</span> 
     </span>
    </p>
   </div>
   <div class='ocr_carea' id='block_1_24' title="bbox 172 2031 3543 2106">
    <p class='ocr_par' dir='ltr' id='par_1_24' title="bbox 172 2031 3543 2106">
     <span class='ocr_line' id='line_1_24' title="bbox 172 2031 3543 2106; baseline 0 -18"><span class='ocrx_word' id='word_1_306' title='bbox 172 2033 383 2101; x_wconf 89' lang='lat' dir='ltr'>dissent,</span> <span class='ocrx_word' id='word_1_307' title='bbox 414 2037 823 2101; x_wconf 87' lang='lat' dir='ltr'>surrexerunt,</span> <span class='ocrx_word' id='word_1_308' title='bbox 856 2038 913 2088; x_wconf 89' lang='lat' dir='ltr'>et</span> <span class='ocrx_word' id='word_1_309' title='bbox 960 2031 1408 2088; x_wconf 86' lang='lat' dir='ltr'>ambulaverunt</span> <span class='ocrx_word' id='word_1_310' title='bbox 1454 2046 1557 2101; x_wconf 92' lang='lat' dir='ltr'>per</span> <span class='ocrx_word' id='word_1_311' title='bbox 1604 2032 1781 2084; x_wconf 87' lang='lat' dir='ltr'>totam</span> <span class='ocrx_word' id='word_1_312' title='bbox 1966 2035 2119 2106; x_wconf 73' lang='grc' dir='ltr'>[(ἳαρ.</span> <span class='ocrx_word' id='word_1_313' title='bbox 2154 2035 2347 2103; x_wconf 87' lang='grc' dir='ltr'><strong>ΧΧΧ.]</strong></span> <span class='ocrx_word' id='word_1_314' title='bbox 2377 2037 2642 2101; x_wconf 88' lang='lat' dir='ltr'>Cumque</span> <span class='ocrx_word' id='word_1_315' title='bbox 2672 2036 2972 2091; x_wconf 87' lang='lat' dir='ltr'>venissent</span> <span class='ocrx_word' id='word_1_316' title='bbox 2994 2035 3171 2092; x_wconf 89' lang='lat' dir='ltr'>David</span> <span class='ocrx_word' id='word_1_317' title='bbox 3199 2039 3256 2090; x_wconf 89' lang='lat' dir='ltr'>et</span> <span class='ocrx_word' id='word_1_318' title='bbox 3276 2035 3380 2089; x_wconf 89' lang='lat' dir='ltr'>viri</span> <span class='ocrx_word' id='word_1_319' title='bbox 3414 2036 3543 2106; x_wconf 78' lang='lat' dir='ltr'>ejus</span> 
     </span>
    </p>
   </div>
   <div class='ocr_carea' id='block_1_25' title="bbox 172 2121 3548 2196">
    <p class='ocr_par' dir='ltr' id='par_1_25' title="bbox 172 2121 3548 2196">
     <span class='ocr_line' id='line_1_25' title="bbox 172 2121 3548 2196; baseline 0 -19"><span class='ocrx_word' id='word_1_320' title='bbox 172 2126 365 2177; x_wconf 86' lang='lat' dir='ltr'>noctem</span> <span class='ocrx_word' id='word_1_321' title='bbox 397 2121 557 2177; x_wconf 88' lang='lat' dir='ltr'>illam</span> <span class='ocrx_word' id='word_1_322' title='bbox 596 2122 679 2193; x_wconf 93' lang='lat' dir='ltr'>[h.</span> <span class='ocrx_word' id='word_1_323' title='bbox 713 2123 771 2177; x_wconf 91' lang='lat' dir='ltr'>in</span> <span class='ocrx_word' id='word_1_324' title='bbox 802 2122 905 2177; x_wconf 90' lang='lat' dir='ltr'>illa</span> <span class='ocrx_word' id='word_1_325' title='bbox 934 2122 1143 2193; x_wconf 89' lang='lat' dir='ltr'>nocte].</span> <span class='ocrx_word' id='word_1_326' title='bbox 1891 2124 1951 2179; x_wconf 90' lang='lat' dir='ltr'>in</span> <span class='ocrx_word' id='word_1_327' title='bbox 1983 2123 2208 2196; x_wconf 89' lang='lat' dir='ltr'>Siceleg</span> <span class='ocrx_word' id='word_1_328' title='bbox 2237 2124 2331 2180; x_wconf 93' lang='lat' dir='ltr'>die</span> <span class='ocrx_word' id='word_1_329' title='bbox 2362 2126 2553 2190; x_wconf 89' lang='lat' dir='ltr'>tertia,</span> <span class='ocrx_word' id='word_1_330' title='bbox 2575 2124 2909 2180; x_wconf 76' lang='lat' dir='ltr'>Amalecitae</span> <span class='ocrx_word' id='word_1_331' title='bbox 2931 2125 3215 2195; x_wconf 86' lang='lat' dir='ltr'>impetum</span> <span class='ocrx_word' id='word_1_332' title='bbox 3245 2125 3548 2180; x_wconf 74' lang='lat' dir='ltr'>fecerant‘</span> 
     </span>
    </p>
   </div>
   <div class='ocr_carea' id='block_1_26' title="bbox 230 2206 3547 2286">
    <p class='ocr_par' dir='ltr' id='par_1_26' title="bbox 230 2206 3547 2286">
     <span class='ocr_line' id='line_1_26' title="bbox 230 2206 3547 2286; baseline -0.003 -9"><span class='ocrx_word' id='word_1_333' title='bbox 230 2212 633 2282; x_wconf 71' lang='grc' dir='ltr'>[θαΡοΧΧΙΧι]</span> <span class='ocrx_word' id='word_1_334' title='bbox 665 2216 1026 2284; x_wconf 84' lang='lat' dir='ltr'>Congregata</span> <span class='ocrx_word' id='word_1_335' title='bbox 1074 2216 1212 2267; x_wconf 89' lang='lat' dir='ltr'>sunt</span> <span class='ocrx_word' id='word_1_336' title='bbox 1260 2227 1397 2282; x_wconf 85' lang='lat' dir='ltr'>ergo</span> <span class='ocrx_word' id='word_1_337' title='bbox 1450 2206 1782 2264; x_wconf 84' lang='lat' dir='ltr'>Philisthim</span> <span class='ocrx_word' id='word_1_338' title='bbox 1893 2229 1961 2268; x_wconf 88' lang='lat' dir='ltr'>ex</span> <span class='ocrx_word' id='word_1_339' title='bbox 1994 2218 2157 2285; x_wconf 87' lang='lat' dir='ltr'>parte</span> <span class='ocrx_word' id='word_1_340' title='bbox 2188 2213 2433 2269; x_wconf 87' lang='lat' dir='ltr'>australi</span> <span class='ocrx_word' id='word_1_341' title='bbox 2465 2213 2523 2269; x_wconf 92' lang='lat' dir='ltr'>in</span> <span class='ocrx_word' id='word_1_342' title='bbox 2554 2214 2775 2285; x_wconf 88' lang='lat' dir='ltr'>Sicelcg</span> <span class='ocrx_word' id='word_1_343' title='bbox 2804 2214 2885 2286; x_wconf 92' lang='lat' dir='ltr'>[h.</span> <span class='ocrx_word' id='word_1_344' title='bbox 2937 2214 2996 2269; x_wconf 91' lang='lat' dir='ltr'>in</span> <span class='ocrx_word' id='word_1_345' title='bbox 3045 2218 3271 2285; x_wconf 87' lang='lat' dir='ltr'>partem</span> <span class='ocrx_word' id='word_1_346' title='bbox 3323 2218 3547 2268; x_wconf 86' lang='lat' dir='ltr'>austra-</span> 
     </span>
    </p>
   </div>
   <div class='ocr_carea' id='block_1_27' title="bbox 172 2298 3546 2375">
    <p class='ocr_par' dir='ltr' id='par_1_27' title="bbox 172 2298 3546 2375">
     <span class='ocr_line' id='line_1_27' title="bbox 172 2298 3546 2375; baseline -0.002 -12"><span class='ocrx_word' id='word_1_347' title='bbox 172 2301 408 2356; x_wconf 72' lang='lat' dir='ltr'>Uaiversa</span> <span class='ocrx_word' id='word_1_348' title='bbox 435 2300 680 2373; x_wconf 79' lang='lat' dir='ltr'>agmina</span> <span class='ocrx_word' id='word_1_349' title='bbox 712 2303 770 2356; x_wconf 84' lang='lat' dir='ltr'>in</span> <span class='ocrx_word' id='word_1_350' title='bbox 802 2302 1017 2372; x_wconf 86' lang='lat' dir='ltr'>Apbee;</span> <span class='ocrx_word' id='word_1_351' title='bbox 1047 2302 1147 2356; x_wconf 87' lang='lat' dir='ltr'>sed</span> <span class='ocrx_word' id='word_1_352' title='bbox 1175 2305 1231 2356; x_wconf 83' lang='lat' dir='ltr'>et</span> <span class='ocrx_word' id='word_1_353' title='bbox 1258 2298 1438 2356; x_wconf 78' lang='lat' dir='ltr'>Israel</span> <span class='ocrx_word' id='word_1_354' title='bbox 1468 2302 1783 2353; x_wconf 75' lang='lat' dir='ltr'>castrame-</span> <span class='ocrx_word' id='word_1_355' title='bbox 1892 2300 2030 2372; x_wconf 88' lang='lat' dir='ltr'>lem,</span> <span class='ocrx_word' id='word_1_356' title='bbox 2063 2308 2121 2358; x_wconf 91' lang='lat' dir='ltr'>et</span> <span class='ocrx_word' id='word_1_357' title='bbox 2150 2303 2209 2358; x_wconf 92' lang='lat' dir='ltr'>in</span> <span class='ocrx_word' id='word_1_358' title='bbox 2241 2303 2508 2375; x_wconf 84' lang='lat' dir='ltr'>Siceleg],</span> <span class='ocrx_word' id='word_1_359' title='bbox 2540 2308 2598 2358; x_wconf 91' lang='lat' dir='ltr'>et</span> <span class='ocrx_word' id='word_1_360' title='bbox 2631 2306 3044 2373; x_wconf 88' lang='lat' dir='ltr'>percusserant</span> <span class='ocrx_word' id='word_1_361' title='bbox 3073 2300 3382 2371; x_wconf 87' lang='lat' dir='ltr'>Siceleg,et</span> <span class='ocrx_word' id='word_1_362' title='bbox 3412 2317 3546 2356; x_wconf 84' lang='lat' dir='ltr'>suc-</span> 
     </span>
    </p>
   </div>
   <div class='ocr_carea' id='block_1_28' title="bbox 172 2387 3547 2465">
    <p class='ocr_par' dir='ltr' id='par_1_28' title="bbox 172 2387 3547 2465">
     <span class='ocr_line' id='line_1_28' title="bbox 172 2387 3547 2465; baseline 0.001 -22"><span class='ocrx_word' id='word_1_363' title='bbox 172 2393 298 2444; x_wconf 81' lang='lat' dir='ltr'>tatus</span> <span class='ocrx_word' id='word_1_364' title='bbox 327 2395 412 2446; x_wconf 89' lang='lat' dir='ltr'>est</span> <span class='ocrx_word' id='word_1_365' title='bbox 441 2407 626 2462; x_wconf 90' lang='lat' dir='ltr'>super</span> <span class='ocrx_word' id='word_1_366' title='bbox 655 2391 871 2445; x_wconf 88' lang='lat' dir='ltr'>fontem</span> <span class='ocrx_word' id='word_1_367' title='bbox 902 2390 1001 2461; x_wconf 90' lang='lat' dir='ltr'>qui</span> <span class='ocrx_word' id='word_1_368' title='bbox 1033 2394 1158 2445; x_wconf 89' lang='lat' dir='ltr'>erat</span> <span class='ocrx_word' id='word_1_369' title='bbox 1186 2389 1244 2443; x_wconf 91' lang='lat' dir='ltr'>in</span> <span class='ocrx_word' id='word_1_370' title='bbox 1275 2387 1518 2444; x_wconf 82' lang='lat' dir='ltr'>Jezrael.</span> <span class='ocrx_word' id='word_1_371' title='bbox 1569 2391 1636 2440; x_wconf 91' lang='lat' dir='ltr'>Et</span> <span class='ocrx_word' id='word_1_372' title='bbox 1686 2402 1784 2440; x_wconf 86' lang='lat' dir='ltr'>sa-</span> <span class='ocrx_word' id='word_1_373' title='bbox 1893 2393 2207 2449; x_wconf 86' lang='lat' dir='ltr'>cenderant</span> <span class='ocrx_word' id='word_1_374' title='bbox 2236 2409 2364 2448; x_wconf 89' lang='lat' dir='ltr'>eam</span> <span class='ocrx_word' id='word_1_375' title='bbox 2400 2393 2544 2465; x_wconf 86' lang='lat' dir='ltr'>igni.</span> <span class='ocrx_word' id='word_1_376' title='bbox 2580 2394 2648 2448; x_wconf 88' lang='lat' dir='ltr'>Et</span> <span class='ocrx_word' id='word_1_377' title='bbox 2692 2393 2953 2465; x_wconf 85' lang='lat' dir='ltr'>captivas</span> <span class='ocrx_word' id='word_1_378' title='bbox 3002 2394 3297 2447; x_wconf 87' lang='lat' dir='ltr'>duxerunt</span> <span class='ocrx_word' id='word_1_379' title='bbox 3346 2389 3547 2446; x_wconf 84' lang='lat' dir='ltr'>mulie-</span> 
     </span>
    </p>
   </div>
   <div class='ocr_carea' id='block_1_29' title="bbox 177 2474 3540 2554">
    <p class='ocr_par' dir='ltr' id='par_1_29' title="bbox 177 2474 3540 2554">
     <span class='ocr_line' id='line_1_29' title="bbox 177 2474 3540 2554; baseline 0.002 -24"><span class='ocrx_word' id='word_1_380' title='bbox 177 2482 321 2549; x_wconf 74' lang='lat' dir='ltr'>trapae</span> <span class='ocrx_word' id='word_1_381' title='bbox 351 2479 590 2550; x_wconf 87' lang='lat' dir='ltr'>quidem</span> <span class='ocrx_word' id='word_1_382' title='bbox 625 2478 964 2535; x_wconf 87' lang='lat' dir='ltr'>Philisthim</span> <span class='ocrx_word' id='word_1_383' title='bbox 1014 2479 1362 2534; x_wconf 87' lang='lat' dir='ltr'>incedebant</span> <span class='ocrx_word' id='word_1_384' title='bbox 1389 2477 1449 2532; x_wconf 89' lang='lat' dir='ltr'>in</span> <span class='ocrx_word' id='word_1_385' title='bbox 1500 2474 1782 2531; x_wconf 90' lang='lat' dir='ltr'>centuriis</span> <span class='ocrx_word' id='word_1_386' title='bbox 1893 2498 1984 2537; x_wconf 80' lang='lat' dir='ltr'>res</span> <span class='ocrx_word' id='word_1_387' title='bbox 2014 2499 2083 2538; x_wconf 81' lang='lat' dir='ltr'>ex</span> <span class='ocrx_word' id='word_1_388' title='bbox 2112 2498 2201 2549; x_wconf 83' lang='lat' dir='ltr'>ea,</span> <span class='ocrx_word' id='word_1_389' title='bbox 2235 2500 2268 2538; x_wconf 88' lang='lat' dir='ltr'>a</span> <span class='ocrx_word' id='word_1_390' title='bbox 2299 2482 2540 2537; x_wconf 88' lang='lat' dir='ltr'>minimo</span> <span class='ocrx_word' id='word_1_391' title='bbox 2573 2499 2760 2554; x_wconf 90' lang='lat' dir='ltr'>usque</span> <span class='ocrx_word' id='word_1_392' title='bbox 2791 2484 2862 2538; x_wconf 90' lang='lat' dir='ltr'>ad</span> <span class='ocrx_word' id='word_1_393' title='bbox 2914 2498 3198 2554; x_wconf 80' lang='lat' dir='ltr'>magnum</span> <span class='ocrx_word' id='word_1_394' title='bbox 3251 2498 3265 2536; x_wconf 89' lang='lat'><strong>:</strong></span> <span class='ocrx_word' id='word_1_395' title='bbox 3319 2487 3376 2535; x_wconf 80' lang='lat' dir='ltr'>et</span> <span class='ocrx_word' id='word_1_396' title='bbox 3425 2496 3540 2535; x_wconf 84' lang='lat' dir='ltr'>non</span> 
     </span>
    </p>
   </div>
   <div class='ocr_carea' id='block_1_30' title="bbox 174 2564 3549 2644">
    <p class='ocr_par' dir='ltr' id='par_1_30' title="bbox 174 2564 3549 2644">
     <span class='ocr_line' id='line_1_30' title="bbox 174 2564 3549 2644; baseline 0.001 -24"><span class='ocrx_word' id='word_1_397' title='bbox 174 2572 218 2621; x_wconf 86' lang='lat' dir='ltr'>et</span> <span class='ocrx_word' id='word_1_398' title='bbox 244 2567 491 2624; x_wconf 84' lang='lat' dir='ltr'>millibus</span> <span class='ocrx_word' id='word_1_399' title='bbox 520 2585 531 2622; x_wconf 94' lang='lat'>:</span> <span class='ocrx_word' id='word_1_400' title='bbox 567 2567 750 2624; x_wconf 84' lang='lat' dir='ltr'>David</span> <span class='ocrx_word' id='word_1_401' title='bbox 784 2572 979 2623; x_wconf 89' lang='lat' dir='ltr'>autem</span> <span class='ocrx_word' id='word_1_402' title='bbox 1008 2573 1064 2623; x_wconf 87' lang='lat' dir='ltr'>et</span> <span class='ocrx_word' id='word_1_403' title='bbox 1093 2567 1201 2622; x_wconf 91' lang='lat' dir='ltr'>viri</span> <span class='ocrx_word' id='word_1_404' title='bbox 1232 2569 1358 2638; x_wconf 79' lang='lat' dir='ltr'>ejus</span> <span class='ocrx_word' id='word_1_405' title='bbox 1400 2569 1565 2621; x_wconf 89' lang='lat' dir='ltr'>erant</span> <span class='ocrx_word' id='word_1_406' title='bbox 1593 2564 1651 2618; x_wconf 89' lang='lat' dir='ltr'>in</span> <span class='ocrx_word' id='word_1_407' title='bbox 1678 2579 1783 2619; x_wconf 87' lang='lat' dir='ltr'>no-</span> <span class='ocrx_word' id='word_1_408' title='bbox 1892 2570 2301 2628; x_wconf 81' lang='lat' dir='ltr'>interfecerant</span> <span class='ocrx_word' id='word_1_409' title='bbox 2331 2588 2711 2644; x_wconf 83' lang='lat' dir='ltr'>quemquam,</span> <span class='ocrx_word' id='word_1_410' title='bbox 2743 2572 2844 2627; x_wconf 91' lang='lat' dir='ltr'>sed</span> <span class='ocrx_word' id='word_1_411' title='bbox 2880 2588 3080 2628; x_wconf 89' lang='lat' dir='ltr'>secum</span> <span class='ocrx_word' id='word_1_412' title='bbox 3133 2571 3440 2637; x_wconf 89' lang='lat' dir='ltr'>duxerant,</span> <span class='ocrx_word' id='word_1_413' title='bbox 3491 2575 3549 2624; x_wconf 88' lang='lat' dir='ltr'>et</span> 
     </span>
    </p>
   </div>
   <div class='ocr_carea' id='block_1_31' title="bbox 170 2654 3551 2733">
    <p class='ocr_par' dir='ltr' id='par_1_31' title="bbox 170 2654 3551 2733">
     <span class='ocr_line' id='line_1_31' title="bbox 170 2654 3551 2733; baseline 0 -22"><span class='ocrx_word' id='word_1_414' title='bbox 170 2656 367 2712; x_wconf 79' lang='lat' dir='ltr'>vissimo</span> <span class='ocrx_word' id='word_1_415' title='bbox 397 2658 636 2729; x_wconf 89' lang='lat' dir='ltr'>agmine</span> <span class='ocrx_word' id='word_1_416' title='bbox 666 2674 800 2712; x_wconf 90' lang='lat' dir='ltr'>cum</span> <span class='ocrx_word' id='word_1_417' title='bbox 831 2657 1027 2712; x_wconf 90' lang='lat' dir='ltr'>Achis.</span> <span class='ocrx_word' id='word_1_418' title='bbox 1059 2657 1449 2727; x_wconf 86' lang='lat' dir='ltr'>Dixeruntque</span> <span class='ocrx_word' id='word_1_419' title='bbox 1490 2654 1784 2727; x_wconf 87' lang='lat' dir='ltr'>principes</span> <span class='ocrx_word' id='word_1_420' title='bbox 1893 2662 2213 2733; x_wconf 87' lang='lat' dir='ltr'>pergebant</span> <span class='ocrx_word' id='word_1_421' title='bbox 2234 2661 2439 2717; x_wconf 87' lang='lat' dir='ltr'>itinere</span> <span class='ocrx_word' id='word_1_422' title='bbox 2471 2678 2599 2716; x_wconf 90' lang='lat' dir='ltr'>suo.</span> <span class='ocrx_word' id='word_1_423' title='bbox 2636 2661 2781 2716; x_wconf 88' lang='lat' dir='ltr'>Cum</span> <span class='ocrx_word' id='word_1_424' title='bbox 2814 2677 2951 2732; x_wconf 88' lang='lat' dir='ltr'>ergo</span> <span class='ocrx_word' id='word_1_425' title='bbox 2997 2660 3256 2715; x_wconf 83' lang='lat' dir='ltr'>venisset</span> <span class='ocrx_word' id='word_1_426' title='bbox 3284 2658 3464 2715; x_wconf 90' lang='lat' dir='ltr'>David</span> <span class='ocrx_word' id='word_1_427' title='bbox 3495 2662 3551 2713; x_wconf 91' lang='lat' dir='ltr'>et</span> 
     </span>
    </p>
   </div>
   <div class='ocr_carea' id='block_1_32' title="bbox 169 2741 3543 2821">
    <p class='ocr_par' dir='ltr' id='par_1_32' title="bbox 169 2741 3543 2821">
     <span class='ocr_line' id='line_1_32' title="bbox 169 2741 3543 2821; baseline -0.002 -13"><span class='ocrx_word' id='word_1_428' title='bbox 169 2743 464 2801; x_wconf 69' lang='lat' dir='ltr'>Philisthim</span> <span class='ocrx_word' id='word_1_429' title='bbox 498 2747 695 2817; x_wconf 76' lang='lat' dir='ltr'>[Vulg-</span> <span class='ocrx_word' id='word_1_430' title='bbox 727 2746 856 2802; x_wconf 75' lang='lat' dir='ltr'>add.</span> <span class='ocrx_word' id='word_1_431' title='bbox 882 2746 952 2801; x_wconf 82' lang='lat' dir='ltr'>ad</span> <span class='ocrx_word' id='word_1_432' title='bbox 983 2746 1177 2817; x_wconf 74' lang='lat' dir='ltr'>AChiS]</span> <span class='ocrx_word' id='word_1_433' title='bbox 1215 2762 1228 2801; x_wconf 76' lang='grc' dir='ltr'>ε</span> <span class='ocrx_word' id='word_1_434' title='bbox 1260 2744 1404 2809; x_wconf 81' lang='lat' dir='ltr'>QUid</span> <span class='ocrx_word' id='word_1_435' title='bbox 1440 2743 1551 2799; x_wconf 78' lang='lat' dir='ltr'>Sibi</span> <span class='ocrx_word' id='word_1_436' title='bbox 1584 2741 1784 2798; x_wconf 70' lang='lat' dir='ltr'>volunt</span> <span class='ocrx_word' id='word_1_437' title='bbox 1891 2751 1998 2805; x_wconf 91' lang='lat' dir='ltr'>viri</span> <span class='ocrx_word' id='word_1_438' title='bbox 2025 2751 2154 2821; x_wconf 86' lang='lat' dir='ltr'>ejus</span> <span class='ocrx_word' id='word_1_439' title='bbox 2174 2751 2242 2805; x_wconf 87' lang='lat' dir='ltr'>ad</span> <span class='ocrx_word' id='word_1_440' title='bbox 2269 2750 3181 2817; x_wconf 86' lang='lat' dir='ltr'>civitatem,etinvenissenteam</span> <span class='ocrx_word' id='word_1_441' title='bbox 3198 2763 3543 2803; x_wconf 89' lang='lat' dir='ltr'>succensam</span> 
     </span>
    </p>
   </div>
   <div class='ocr_carea' id='block_1_33' title="bbox 167 2832 3543 2912">
    <p class='ocr_par' dir='ltr' id='par_1_33' title="bbox 167 2832 3543 2912">
     <span class='ocr_line' id='line_1_33' title="bbox 167 2832 3543 2912; baseline -0.003 -13"><span class='ocrx_word' id='word_1_442' title='bbox 167 2832 355 2890; x_wconf 61' lang='lat' dir='ltr'>Hebmi</span> <span class='ocrx_word' id='word_1_443' title='bbox 386 2836 481 2890; x_wconf 71' lang='lat' dir='ltr'>isti</span> <span class='ocrx_word' id='word_1_444' title='bbox 512 2835 602 2904; x_wconf 67' lang='lat' dir='ltr'>[h.</span> <span class='ocrx_word' id='word_1_445' title='bbox 636 2836 783 2899; x_wconf 78' lang='lat' dir='ltr'>Quid</span> <span class='ocrx_word' id='word_1_446' title='bbox 814 2836 1043 2891; x_wconf 75' lang='lat' dir='ltr'>Hebraei</span> <span class='ocrx_word' id='word_1_447' title='bbox 1072 2835 1235 2905; x_wconf 71' lang='lat' dir='ltr'>isti]?</span> <span class='ocrx_word' id='word_1_448' title='bbox 1268 2836 1334 2889; x_wconf 76' lang='lat' dir='ltr'>Et</span> <span class='ocrx_word' id='word_1_449' title='bbox 1362 2835 1443 2889; x_wconf 77' lang='lat' dir='ltr'>ait</span> <span class='ocrx_word' id='word_1_450' title='bbox 1482 2833 1660 2888; x_wconf 77' lang='lat' dir='ltr'>Achis</span> <span class='ocrx_word' id='word_1_451' title='bbox 1710 2833 1779 2888; x_wconf 85' lang='lat' dir='ltr'>ad</span> <span class='ocrx_word' id='word_1_452' title='bbox 1891 2840 2036 2912; x_wconf 87' lang='lat' dir='ltr'>igni,</span> <span class='ocrx_word' id='word_1_453' title='bbox 2068 2844 2123 2894; x_wconf 90' lang='lat' dir='ltr'>et</span> <span class='ocrx_word' id='word_1_454' title='bbox 2156 2854 2360 2895; x_wconf 82' lang='lat' dir='ltr'>uxores</span> <span class='ocrx_word' id='word_1_455' title='bbox 2394 2856 2557 2909; x_wconf 90' lang='lat' dir='ltr'>suas,</span> <span class='ocrx_word' id='word_1_456' title='bbox 2584 2843 2641 2894; x_wconf 91' lang='lat' dir='ltr'>et</span> <span class='ocrx_word' id='word_1_457' title='bbox 2671 2838 2824 2893; x_wconf 85' lang='lat' dir='ltr'>filios</span> <span class='ocrx_word' id='word_1_458' title='bbox 2860 2855 3021 2906; x_wconf 90' lang='lat' dir='ltr'>suos,</span> <span class='ocrx_word' id='word_1_459' title='bbox 3056 2843 3114 2892; x_wconf 89' lang='lat' dir='ltr'>et</span> <span class='ocrx_word' id='word_1_460' title='bbox 3144 2836 3297 2892; x_wconf 84' lang='lat' dir='ltr'>filias</span> <span class='ocrx_word' id='word_1_461' title='bbox 3337 2837 3543 2891; x_wconf 88' lang='lat' dir='ltr'>ductas</span> 
     </span>
    </p>
   </div>
   <div class='ocr_carea' id='block_1_34' title="bbox 165 2922 3546 2999">
    <p class='ocr_par' dir='ltr' id='par_1_34' title="bbox 165 2922 3546 2999">
     <span class='ocr_line' id='line_1_34' title="bbox 165 2922 3546 2999; baseline -0.001 -18"><span class='ocrx_word' id='word_1_462' title='bbox 165 2923 421 2997; x_wconf 80' lang='lat' dir='ltr'>principes</span> <span class='ocrx_word' id='word_1_463' title='bbox 472 2924 817 2981; x_wconf 89' lang='lat' dir='ltr'>Philisthim</span> <span class='ocrx_word' id='word_1_464' title='bbox 854 2943 879 2997; x_wconf 39' lang='grc' dir='ltr'>ε,</span> <span class='ocrx_word' id='word_1_465' title='bbox 902 2925 1051 2980; x_wconf 92' lang='lat' dir='ltr'>Num</span> <span class='ocrx_word' id='word_1_466' title='bbox 1100 2925 1383 2997; x_wconf 89' lang='lat' dir='ltr'>ignoratis</span> <span class='ocrx_word' id='word_1_467' title='bbox 1430 2922 1631 2990; x_wconf 90' lang='lat' dir='ltr'>David,</span> <span class='ocrx_word' id='word_1_468' title='bbox 1682 2922 1781 2993; x_wconf 86' lang='lat' dir='ltr'>qui</span> <span class='ocrx_word' id='word_1_469' title='bbox 1892 2945 2022 2984; x_wconf 90' lang='lat' dir='ltr'>esse</span> <span class='ocrx_word' id='word_1_470' title='bbox 2054 2927 2676 2998; x_wconf 84' lang='lat' dir='ltr'>captivas,levaverunt</span> <span class='ocrx_word' id='word_1_471' title='bbox 2712 2928 2887 2982; x_wconf 91' lang='lat' dir='ltr'>David</span> <span class='ocrx_word' id='word_1_472' title='bbox 2919 2931 2977 2983; x_wconf 89' lang='lat' dir='ltr'>et</span> <span class='ocrx_word' id='word_1_473' title='bbox 3008 2925 3261 2999; x_wconf 81' lang='lat' dir='ltr'>populus</span> <span class='ocrx_word' id='word_1_474' title='bbox 3292 2925 3389 2996; x_wconf 92' lang='lat' dir='ltr'>qui</span> <span class='ocrx_word' id='word_1_475' title='bbox 3423 2928 3546 2979; x_wconf 90' lang='lat' dir='ltr'>erat</span> 
     </span>
    </p>
   </div>
   <div class='ocr_carea' id='block_1_35' title="bbox 164 3010 3546 3088">
    <p class='ocr_par' dir='ltr' id='par_1_35' title="bbox 164 3010 3546 3088">
     <span class='ocr_line' id='line_1_35' title="bbox 164 3010 3546 3088; baseline 0 -22"><span class='ocrx_word' id='word_1_476' title='bbox 164 3010 250 3065; x_wconf 80' lang='lat' dir='ltr'>fuit</span> <span class='ocrx_word' id='word_1_477' title='bbox 276 3028 467 3068; x_wconf 88' lang='lat' dir='ltr'>servus</span> <span class='ocrx_word' id='word_1_478' title='bbox 497 3012 643 3069; x_wconf 89' lang='lat' dir='ltr'>Saul</span> <span class='ocrx_word' id='word_1_479' title='bbox 676 3014 829 3085; x_wconf 82' lang='lat' dir='ltr'>regis</span> <span class='ocrx_word' id='word_1_480' title='bbox 863 3013 1061 3079; x_wconf 89' lang='lat' dir='ltr'>Israel,</span> <span class='ocrx_word' id='word_1_481' title='bbox 1090 3021 1148 3068; x_wconf 92' lang='lat' dir='ltr'>et</span> <span class='ocrx_word' id='word_1_482' title='bbox 1170 3018 1258 3068; x_wconf 92' lang='lat' dir='ltr'>est</span> <span class='ocrx_word' id='word_1_483' title='bbox 1279 3013 1432 3084; x_wconf 88' lang='lat' dir='ltr'>apud</span> <span class='ocrx_word' id='word_1_484' title='bbox 1459 3028 1552 3067; x_wconf 89' lang='lat' dir='ltr'>me</span> <span class='ocrx_word' id='word_1_485' title='bbox 1576 3010 1781 3065; x_wconf 77' lang='lat' dir='ltr'>multis</span> <span class='ocrx_word' id='word_1_486' title='bbox 1892 3033 2024 3072; x_wconf 88' lang='lat' dir='ltr'>cum</span> <span class='ocrx_word' id='word_1_487' title='bbox 2058 3034 2320 3084; x_wconf 85' lang='lat' dir='ltr'>eo,voces</span> <span class='ocrx_word' id='word_1_488' title='bbox 2352 3033 2512 3084; x_wconf 87' lang='lat' dir='ltr'>suas,</span> <span class='ocrx_word' id='word_1_489' title='bbox 2538 3021 2594 3072; x_wconf 89' lang='lat' dir='ltr'>et</span> <span class='ocrx_word' id='word_1_490' title='bbox 2625 3016 2995 3088; x_wconf 87' lang='lat' dir='ltr'>planxerunt,</span> <span class='ocrx_word' id='word_1_491' title='bbox 3019 3017 3200 3070; x_wconf 89' lang='lat' dir='ltr'>donec</span> <span class='ocrx_word' id='word_1_492' title='bbox 3229 3014 3546 3069; x_wconf 80' lang='lat' dir='ltr'>deficerent</span> 
     </span>
    </p>
   </div>
   <div class='ocr_carea' id='block_1_36' title="bbox 161 3099 3541 3178">
    <p class='ocr_par' dir='ltr' id='par_1_36' title="bbox 161 3099 3541 3178">
     <span class='ocr_line' id='line_1_36' title="bbox 161 3099 3541 3178; baseline 0.001 -26"><span class='ocrx_word' id='word_1_493' title='bbox 161 3099 764 3175; x_wconf 88' lang='lat' dir='ltr'>diebus,velannis[h.</span> <span class='ocrx_word' id='word_1_494' title='bbox 798 3107 886 3157; x_wconf 83' lang='lat' dir='ltr'>An</span> <span class='ocrx_word' id='word_1_495' title='bbox 914 3119 1030 3157; x_wconf 90' lang='lat' dir='ltr'>non</span> <span class='ocrx_word' id='word_1_496' title='bbox 1064 3102 1173 3158; x_wconf 91' lang='lat' dir='ltr'>iste</span> <span class='ocrx_word' id='word_1_497' title='bbox 1199 3102 1378 3158; x_wconf 89' lang='lat' dir='ltr'>David</span> <span class='ocrx_word' id='word_1_498' title='bbox 1413 3118 1619 3158; x_wconf 87' lang='lat' dir='ltr'>servus</span> <span class='ocrx_word' id='word_1_499' title='bbox 1648 3101 1780 3156; x_wconf 88' lang='lat' dir='ltr'>Saul</span> <span class='ocrx_word' id='word_1_500' title='bbox 1892 3105 1950 3161; x_wconf 92' lang='lat' dir='ltr'>in</span> <span class='ocrx_word' id='word_1_501' title='bbox 1991 3106 2074 3161; x_wconf 92' lang='lat' dir='ltr'>eis</span> <span class='ocrx_word' id='word_1_502' title='bbox 2125 3106 2413 3178; x_wconf 72' lang='lat' dir='ltr'>lacrymaa.</span> <span class='ocrx_word' id='word_1_503' title='bbox 2466 3104 2765 3176; x_wconf 87' lang='lat' dir='ltr'>Siquidem</span> <span class='ocrx_word' id='word_1_504' title='bbox 2817 3109 2872 3160; x_wconf 88' lang='lat' dir='ltr'>et</span> <span class='ocrx_word' id='word_1_505' title='bbox 2922 3106 3049 3160; x_wconf 68' lang='lat' dir='ltr'>duae</span> <span class='ocrx_word' id='word_1_506' title='bbox 3100 3119 3311 3159; x_wconf 83' lang='lat' dir='ltr'>uxores</span> <span class='ocrx_word' id='word_1_507' title='bbox 3359 3102 3541 3157; x_wconf 85' lang='lat' dir='ltr'>David</span> 
     </span>
    </p>
   </div>
   <div class='ocr_carea' id='block_1_37' title="bbox 162 3189 3546 3267">
    <p class='ocr_par' dir='ltr' id='par_1_37' title="bbox 162 3189 3546 3267">
     <span class='ocr_line' id='line_1_37' title="bbox 162 3189 3546 3267; baseline 0.002 -26"><span class='ocrx_word' id='word_1_508' title='bbox 162 3190 287 3257; x_wconf 75' lang='lat' dir='ltr'>regis</span> <span class='ocrx_word' id='word_1_509' title='bbox 316 3190 628 3263; x_wconf 87' lang='lat' dir='ltr'>lsrael,qui</span> <span class='ocrx_word' id='word_1_510' title='bbox 661 3197 751 3247; x_wconf 90' lang='lat' dir='ltr'>est</span> <span class='ocrx_word' id='word_1_511' title='bbox 781 3193 939 3263; x_wconf 89' lang='lat' dir='ltr'>apud</span> <span class='ocrx_word' id='word_1_512' title='bbox 972 3208 1065 3248; x_wconf 90' lang='lat' dir='ltr'>me</span> <span class='ocrx_word' id='word_1_513' title='bbox 1096 3192 1306 3247; x_wconf 90' lang='lat' dir='ltr'>diebus</span> <span class='ocrx_word' id='word_1_514' title='bbox 1334 3191 1425 3247; x_wconf 92' lang='lat' dir='ltr'>vel</span> <span class='ocrx_word' id='word_1_515' title='bbox 1459 3194 1599 3247; x_wconf 91' lang='lat' dir='ltr'>anni</span> <span class='ocrx_word' id='word_1_516' title='bbox 1621 3209 1673 3260; x_wconf 93' lang='lat' dir='ltr'>s,</span> <span class='ocrx_word' id='word_1_517' title='bbox 1719 3194 1777 3246; x_wconf 87' lang='lat' dir='ltr'>et</span> <span class='ocrx_word' id='word_1_518' title='bbox 1808 3189 1849 3257; x_wconf 88' lang='lat' dir='ltr'>C</span> <span class='ocrx_word' id='word_1_519' title='bbox 1889 3196 2128 3267; x_wconf 63' lang='lat' dir='ltr'>captivas</span> <span class='ocrx_word' id='word_1_520' title='bbox 2203 3197 2391 3251; x_wconf 62' lang='lat' dir='ltr'>ductae</span> <span class='ocrx_word' id='word_1_521' title='bbox 2441 3195 2696 3262; x_wconf 84' lang='lat' dir='ltr'>fuerant,</span> <span class='ocrx_word' id='word_1_522' title='bbox 2744 3195 3029 3250; x_wconf 85' lang='lat' dir='ltr'>Ahinoem</span> <span class='ocrx_word' id='word_1_523' title='bbox 3079 3192 3431 3260; x_wconf 83' lang='lat' dir='ltr'>Jezraelites,</span> <span class='ocrx_word' id='word_1_524' title='bbox 3483 3196 3546 3248; x_wconf 90' lang='lat' dir='ltr'>et</span> 
     </span>
    </p>
   </div>
   <div class='ocr_carea' id='block_1_38' title="bbox 165 3281 3547 3358">
    <p class='ocr_par' dir='ltr' id='par_1_38' title="bbox 165 3281 3547 3358">
     <span class='ocr_line' id='line_1_38' title="bbox 165 3281 3547 3358; baseline 0.001 -25"><span class='ocrx_word' id='word_1_525' title='bbox 165 3281 467 3339; x_wconf 86' lang='lat' dir='ltr'>noninveni</span> <span class='ocrx_word' id='word_1_526' title='bbox 500 3284 564 3338; x_wconf 90' lang='lat' dir='ltr'>in</span> <span class='ocrx_word' id='word_1_527' title='bbox 600 3299 666 3338; x_wconf 84' lang='lat' dir='ltr'>eo</span> <span class='ocrx_word' id='word_1_528' title='bbox 697 3283 1045 3354; x_wconf 90' lang='lat' dir='ltr'>quidquam,</span> <span class='ocrx_word' id='word_1_529' title='bbox 1078 3298 1146 3337; x_wconf 86' lang='lat' dir='ltr'>ex</span> <span class='ocrx_word' id='word_1_530' title='bbox 1189 3282 1280 3336; x_wconf 92' lang='lat' dir='ltr'>die</span> <span class='ocrx_word' id='word_1_531' title='bbox 1313 3299 1429 3354; x_wconf 89' lang='lat' dir='ltr'>qua</span> <span class='ocrx_word' id='word_1_532' title='bbox 1471 3283 1787 3354; x_wconf 81' lang='lat' dir='ltr'>transfugit</span> <span class='ocrx_word' id='word_1_533' title='bbox 1893 3285 2121 3358; x_wconf 87' lang='lat' dir='ltr'>Abigail</span> <span class='ocrx_word' id='word_1_534' title='bbox 2149 3302 2294 3341; x_wconf 90' lang='lat' dir='ltr'>uxor</span> <span class='ocrx_word' id='word_1_535' title='bbox 2339 3284 2523 3342; x_wconf 87' lang='lat' dir='ltr'>Nabal</span> <span class='ocrx_word' id='word_1_536' title='bbox 2572 3284 2861 3340; x_wconf 90' lang='lat' dir='ltr'>Charmel.</span> <span class='ocrx_word' id='word_1_537' title='bbox 2910 3288 2976 3339; x_wconf 89' lang='lat' dir='ltr'>Et</span> <span class='ocrx_word' id='word_1_538' title='bbox 3025 3282 3408 3338; x_wconf 88' lang='lat' dir='ltr'>contristatus</span> <span class='ocrx_word' id='word_1_539' title='bbox 3456 3286 3547 3337; x_wconf 88' lang='lat' dir='ltr'>est</span> 
     </span>
    </p>
   </div>
   <div class='ocr_carea' id='block_1_39' title="bbox 168 3368 3544 3445">
    <p class='ocr_par' dir='ltr' id='par_1_39' title="bbox 168 3368 3544 3445">
     <span class='ocr_line' id='line_1_39' title="bbox 168 3368 3544 3445; baseline 0.002 -24"><span class='ocrx_word' id='word_1_540' title='bbox 168 3368 224 3422; x_wconf 86' lang='lat' dir='ltr'>ad</span> <span class='ocrx_word' id='word_1_541' title='bbox 256 3386 360 3436; x_wconf 88' lang='lat' dir='ltr'>me,</span> <span class='ocrx_word' id='word_1_542' title='bbox 392 3388 584 3443; x_wconf 89' lang='lat' dir='ltr'>usque</span> <span class='ocrx_word' id='word_1_543' title='bbox 617 3373 687 3426; x_wconf 92' lang='lat' dir='ltr'>ad</span> <span class='ocrx_word' id='word_1_544' title='bbox 733 3371 887 3427; x_wconf 91' lang='lat' dir='ltr'>diem</span> <span class='ocrx_word' id='word_1_545' title='bbox 936 3371 1131 3427; x_wconf 86' lang='lat' dir='ltr'>hanc?</span> <span class='ocrx_word' id='word_1_546' title='bbox 1180 3371 1265 3442; x_wconf 90' lang='lat' dir='ltr'>[T.</span> <span class='ocrx_word' id='word_1_547' title='bbox 1319 3371 1597 3439; x_wconf 59' lang='lat' dir='ltr'>LXXIX]</span> <span class='ocrx_word' id='word_1_548' title='bbox 1648 3371 1783 3427; x_wconf 90' lang='lat' dir='ltr'>Irati</span> <span class='ocrx_word' id='word_1_549' title='bbox 1893 3374 2073 3429; x_wconf 89' lang='lat' dir='ltr'>David</span> <span class='ocrx_word' id='word_1_550' title='bbox 2106 3374 2273 3431; x_wconf 88' lang='lat' dir='ltr'>valde</span> <span class='ocrx_word' id='word_1_551' title='bbox 2306 3390 2318 3430; x_wconf 91' lang='lat'>:</span> <span class='ocrx_word' id='word_1_552' title='bbox 2352 3374 2582 3430; x_wconf 89' lang='lat' dir='ltr'>volebat</span> <span class='ocrx_word' id='word_1_553' title='bbox 2612 3374 2769 3429; x_wconf 92' lang='lat' dir='ltr'>enim</span> <span class='ocrx_word' id='word_1_554' title='bbox 2801 3389 2933 3429; x_wconf 88' lang='lat' dir='ltr'>eum</span> <span class='ocrx_word' id='word_1_555' title='bbox 2964 3372 3215 3445; x_wconf 92' lang='lat' dir='ltr'>populus</span> <span class='ocrx_word' id='word_1_556' title='bbox 3260 3372 3544 3443; x_wconf 88' lang='lat' dir='ltr'>lapidare,</span> 
     </span>
    </p>
   </div>
   <div class='ocr_carea' id='block_1_40' title="bbox 167 3459 3548 3534">
    <p class='ocr_par' dir='ltr' id='par_1_40' title="bbox 167 3459 3548 3534">
     <span class='ocr_line' id='line_1_40' title="bbox 167 3459 3548 3534; baseline 0.001 -23"><span class='ocrx_word' id='word_1_557' title='bbox 167 3463 281 3514; x_wconf 88' lang='lat' dir='ltr'>sunt</span> <span class='ocrx_word' id='word_1_558' title='bbox 303 3465 493 3517; x_wconf 82' lang='lat' dir='ltr'>autem</span> <span class='ocrx_word' id='word_1_559' title='bbox 527 3462 815 3517; x_wconf 86' lang='lat' dir='ltr'>adversus</span> <span class='ocrx_word' id='word_1_560' title='bbox 840 3477 974 3516; x_wconf 90' lang='lat' dir='ltr'>eum</span> <span class='ocrx_word' id='word_1_561' title='bbox 1009 3461 1302 3533; x_wconf 87' lang='lat' dir='ltr'>principes</span> <span class='ocrx_word' id='word_1_562' title='bbox 1336 3460 1688 3530; x_wconf 88' lang='lat' dir='ltr'>Philisthim,</span> <span class='ocrx_word' id='word_1_563' title='bbox 1731 3468 1784 3517; x_wconf 88' lang='lat' dir='ltr'>et</span> <span class='ocrx_word' id='word_1_564' title='bbox 1894 3464 2034 3534; x_wconf 88' lang='lat' dir='ltr'>quia</span> <span class='ocrx_word' id='word_1_565' title='bbox 2062 3480 2262 3519; x_wconf 89' lang='lat' dir='ltr'>amara</span> <span class='ocrx_word' id='word_1_566' title='bbox 2310 3468 2435 3519; x_wconf 89' lang='lat' dir='ltr'>erat</span> <span class='ocrx_word' id='word_1_567' title='bbox 2478 3464 2677 3520; x_wconf 86' lang='lat' dir='ltr'>anima</span> <span class='ocrx_word' id='word_1_568' title='bbox 2726 3462 3199 3533; x_wconf 88' lang='lat' dir='ltr'>uniuscujusque</span> <span class='ocrx_word' id='word_1_569' title='bbox 3229 3459 3335 3515; x_wconf 90' lang='lat' dir='ltr'>viri</span> <span class='ocrx_word' id='word_1_570' title='bbox 3370 3476 3548 3531; x_wconf 91' lang='lat' dir='ltr'>super</span> 
     </span>
    </p>
   </div>
   <div class='ocr_carea' id='block_1_41' title="bbox 169 3545 3538 3621">
    <p class='ocr_par' dir='ltr' id='par_1_41' title="bbox 169 3545 3538 3621">
     <span class='ocr_line' id='line_1_41' title="bbox 169 3545 3538 3621; baseline 0.002 -22"><span class='ocrx_word' id='word_1_571' title='bbox 169 3545 406 3605; x_wconf 84' lang='lat' dir='ltr'>dixerunt</span> <span class='ocrx_word' id='word_1_572' title='bbox 434 3550 485 3606; x_wconf 92' lang='lat' dir='ltr'>ei</span> <span class='ocrx_word' id='word_1_573' title='bbox 515 3567 529 3606; x_wconf 90' lang='lat'><strong>:</strong></span> <span class='ocrx_word' id='word_1_574' title='bbox 569 3549 912 3606; x_wconf 83' lang='lat' dir='ltr'>Revertatur</span> <span class='ocrx_word' id='word_1_575' title='bbox 939 3549 1046 3620; x_wconf 93' lang='lat' dir='ltr'>vir,</span> <span class='ocrx_word' id='word_1_576' title='bbox 1078 3554 1136 3606; x_wconf 92' lang='lat' dir='ltr'>et</span> <span class='ocrx_word' id='word_1_577' title='bbox 1161 3550 1360 3605; x_wconf 89' lang='lat' dir='ltr'>sedeat</span> <span class='ocrx_word' id='word_1_578' title='bbox 1390 3551 1447 3604; x_wconf 90' lang='lat' dir='ltr'>in</span> <span class='ocrx_word' id='word_1_579' title='bbox 1477 3550 1601 3605; x_wconf 92' lang='lat' dir='ltr'>loco</span> <span class='ocrx_word' id='word_1_580' title='bbox 1650 3567 1779 3621; x_wconf 90' lang='lat' dir='ltr'>suo,</span> <span class='ocrx_word' id='word_1_581' title='bbox 1892 3554 2029 3611; x_wconf 85' lang='lat' dir='ltr'>filiis</span> <span class='ocrx_word' id='word_1_582' title='bbox 2060 3557 2185 3612; x_wconf 90' lang='lat' dir='ltr'>suis</span> <span class='ocrx_word' id='word_1_583' title='bbox 2215 3560 2272 3612; x_wconf 92' lang='lat' dir='ltr'>et</span> <span class='ocrx_word' id='word_1_584' title='bbox 2299 3555 2531 3612; x_wconf 84' lang='lat' dir='ltr'>filiabus</span> <span class='ocrx_word' id='word_1_585' title='bbox 2567 3572 2578 3609; x_wconf 90' lang='lat'>:</span> <span class='ocrx_word' id='word_1_586' title='bbox 2614 3555 2981 3610; x_wconf 84' lang='lat' dir='ltr'>confortatus</span> <span class='ocrx_word' id='word_1_587' title='bbox 3015 3558 3103 3609; x_wconf 79' lang='lat' dir='ltr'>est</span> <span class='ocrx_word' id='word_1_588' title='bbox 3128 3559 3323 3608; x_wconf 88' lang='lat' dir='ltr'>autem</span> <span class='ocrx_word' id='word_1_589' title='bbox 3360 3552 3538 3607; x_wconf 90' lang='lat' dir='ltr'>David</span> 
     </span>
    </p>
   </div>
   <div class='ocr_carea' id='block_1_42' title="bbox 165 3632 3534 3709">
    <p class='ocr_par' dir='ltr' id='par_1_42' title="bbox 165 3632 3534 3709">
     <span class='ocr_line' id='line_1_42' title="bbox 165 3632 3534 3709; baseline 0.001 -16"><span class='ocrx_word' id='word_1_590' title='bbox 165 3632 212 3690; x_wconf 88' lang='lat' dir='ltr'>in</span> <span class='ocrx_word' id='word_1_591' title='bbox 237 3653 340 3707; x_wconf 89' lang='lat' dir='ltr'>quo</span> <span class='ocrx_word' id='word_1_592' title='bbox 386 3639 700 3695; x_wconf 75' lang='lat' dir='ltr'>constituit</span> <span class='ocrx_word' id='word_1_593' title='bbox 747 3655 905 3709; x_wconf 91' lang='lat' dir='ltr'>eum,</span> <span class='ocrx_word' id='word_1_594' title='bbox 952 3644 1009 3695; x_wconf 90' lang='lat' dir='ltr'>et</span> <span class='ocrx_word' id='word_1_595' title='bbox 1053 3656 1166 3695; x_wconf 90' lang='lat' dir='ltr'>non</span> <span class='ocrx_word' id='word_1_596' title='bbox 1221 3640 1535 3695; x_wconf 89' lang='lat' dir='ltr'>descendat</span> <span class='ocrx_word' id='word_1_597' title='bbox 1583 3638 1777 3694; x_wconf 85' lang='lat' dir='ltr'>nobis-</span> <span class='ocrx_word' id='word_1_598' title='bbox 1886 3644 1947 3699; x_wconf 89' lang='lat' dir='ltr'>in</span> <span class='ocrx_word' id='word_1_599' title='bbox 1980 3646 2228 3701; x_wconf 92' lang='lat' dir='ltr'>Domino</span> <span class='ocrx_word' id='word_1_600' title='bbox 2253 3650 2366 3701; x_wconf 90' lang='lat' dir='ltr'>Deo</span> <span class='ocrx_word' id='word_1_601' title='bbox 2397 3662 2523 3701; x_wconf 91' lang='lat' dir='ltr'>suo.</span> <span class='ocrx_word' id='word_1_602' title='bbox 2557 3645 2729 3700; x_wconf 90' lang='lat' dir='ltr'>Etait</span> <span class='ocrx_word' id='word_1_603' title='bbox 2760 3645 2831 3699; x_wconf 82' lang='lat' dir='ltr'>ad</span> <span class='ocrx_word' id='word_1_604' title='bbox 2867 3643 3146 3699; x_wconf 86' lang='lat' dir='ltr'>Ahiathar</span> <span class='ocrx_word' id='word_1_605' title='bbox 3177 3642 3534 3697; x_wconf 81' lang='lat' dir='ltr'>sacerdotem</span> 
     </span>
    </p>
   </div>
   <div class='ocr_carea' id='block_1_43' title="bbox 164 3728 3537 3810">
    <p class='ocr_par' dir='ltr' id='par_1_43' title="bbox 164 3728 3537 3810">
     <span class='ocr_line' id='line_1_43' title="bbox 164 3728 3537 3810; baseline -0.001 -32"><span class='ocrx_word' id='word_1_606' title='bbox 164 3738 274 3781; x_wconf 88' lang='lat' dir='ltr'>cum</span> <span class='ocrx_word' id='word_1_607' title='bbox 301 3728 354 3782; x_wconf 92' lang='lat' dir='ltr'>in</span> <span class='ocrx_word' id='word_1_608' title='bbox 385 3728 680 3800; x_wconf 62' lang='lat' dir='ltr'>praelium,</span> <span class='ocrx_word' id='word_1_609' title='bbox 726 3745 797 3784; x_wconf 91' lang='lat' dir='ltr'>ne</span> <span class='ocrx_word' id='word_1_610' title='bbox 839 3728 941 3784; x_wconf 84' lang='lat' dir='ltr'>fiat</span> <span class='ocrx_word' id='word_1_611' title='bbox 987 3729 1155 3786; x_wconf 93' lang='lat' dir='ltr'>nobis</span> <span class='ocrx_word' id='word_1_612' title='bbox 1204 3728 1590 3793; x_wconf 87' lang='lat' dir='ltr'>adversarius,</span> <span class='ocrx_word' id='word_1_613' title='bbox 1643 3745 1776 3783; x_wconf 91' lang='lat' dir='ltr'>cum</span> <span class='ocrx_word' id='word_1_614' title='bbox 1887 3738 2075 3794; x_wconf 75' lang='lat' dir='ltr'>ﬁlium</span> <span class='ocrx_word' id='word_1_615' title='bbox 2109 3738 2444 3795; x_wconf 74' lang='lat' dir='ltr'>Abimelech</span> <span class='ocrx_word' id='word_1_616' title='bbox 2480 3755 2493 3792; x_wconf 71' lang='grc' dir='ltr'>ε</span> <span class='ocrx_word' id='word_1_617' title='bbox 2532 3736 2772 3810; x_wconf 67' lang='grc' dir='ltr'>Αρριίοα</span> <span class='ocrx_word' id='word_1_618' title='bbox 2804 3737 2874 3791; x_wconf 67' lang='lat' dir='ltr'>ad</span> <span class='ocrx_word' id='word_1_619' title='bbox 2908 3754 3001 3791; x_wconf 70' lang='lat' dir='ltr'>me</span> <span class='ocrx_word' id='word_1_620' title='bbox 3031 3735 3317 3807; x_wconf 63' lang='lat' dir='ltr'>ephodEt</span> <span class='ocrx_word' id='word_1_621' title='bbox 3347 3732 3537 3805; x_wconf 62' lang='lat' dir='ltr'>app“.</span> 
     </span>
    </p>
   </div>
   <div class='ocr_carea' id='block_1_44' title="bbox 160 3813 3531 3900">
    <p class='ocr_par' dir='ltr' id='par_1_44' title="bbox 160 3813 3531 3900">
     <span class='ocr_line' id='line_1_44' title="bbox 160 3813 3531 3900; baseline 0.005 -33"><span class='ocrx_word' id='word_1_622' title='bbox 160 3813 374 3881; x_wconf 68' lang='lat' dir='ltr'>praliari</span> <span class='ocrx_word' id='word_1_623' title='bbox 405 3817 760 3889; x_wconf 90' lang='lat' dir='ltr'>cceperimus</span> <span class='ocrx_word' id='word_1_624' title='bbox 787 3836 805 3871; x_wconf 92' lang='lat'><strong><em>:</em></strong></span> <span class='ocrx_word' id='word_1_625' title='bbox 837 3819 1131 3890; x_wconf 90' lang='lat' dir='ltr'>quomodo</span> <span class='ocrx_word' id='word_1_626' title='bbox 1161 3817 1316 3874; x_wconf 88' lang='lat' dir='ltr'>enim</span> <span class='ocrx_word' id='word_1_627' title='bbox 1349 3816 1519 3873; x_wconf 90' lang='lat' dir='ltr'>aliter</span> <span class='ocrx_word' id='word_1_628' title='bbox 1549 3817 1777 3889; x_wconf 89' lang='lat' dir='ltr'>placare</span> <span class='ocrx_word' id='word_1_629' title='bbox 1884 3829 2035 3884; x_wconf 82' lang='lat' dir='ltr'>cavit</span> <span class='ocrx_word' id='word_1_630' title='bbox 2066 3829 2187 3895; x_wconf 64' lang='grc' dir='ltr'>[γης.</span> <span class='ocrx_word' id='word_1_631' title='bbox 2222 3828 2524 3900; x_wconf 87' lang='lat' dir='ltr'>applicuit]</span> <span class='ocrx_word' id='word_1_632' title='bbox 2560 3827 2838 3881; x_wconf 85' lang='lat' dir='ltr'>Abiathar</span> <span class='ocrx_word' id='word_1_633' title='bbox 2866 3826 3055 3898; x_wconf 89' lang='lat' dir='ltr'>ephod</span> <span class='ocrx_word' id='word_1_634' title='bbox 3110 3826 3181 3881; x_wconf 87' lang='lat' dir='ltr'>ad</span> <span class='ocrx_word' id='word_1_635' title='bbox 3227 3823 3429 3889; x_wconf 71' lang='lat' dir='ltr'>David.</span> <span class='ocrx_word' id='word_1_636' title='bbox 3481 3826 3531 3876; x_wconf 68' lang='lat' dir='ltr'>ei</span> 
     </span>
    </p>
   </div>
   <div class='ocr_carea' id='block_1_45' title="bbox 157 3904 3537 3984">
    <p class='ocr_par' dir='ltr' id='par_1_45' title="bbox 157 3904 3537 3984">
     <span class='ocr_line' id='line_1_45' title="bbox 157 3904 3537 3984; baseline -0.001 -15"><span class='ocrx_word' id='word_1_637' title='bbox 157 3904 336 3969; x_wconf 66' lang='grc' dir='ltr'>Ροὶθΐίῒ</span> <span class='ocrx_word' id='word_1_638' title='bbox 362 3906 673 3961; x_wconf 71' lang='lat' dir='ltr'>dominum</span> <span class='ocrx_word' id='word_1_639' title='bbox 705 3922 899 3975; x_wconf 68' lang='lat' dir='ltr'>suum.</span> <span class='ocrx_word' id='word_1_640' title='bbox 930 3906 1043 3961; x_wconf 75' lang='grc' dir='ltr'>Πίεί</span> <span class='ocrx_word' id='word_1_641' title='bbox 1074 3907 1133 3961; x_wconf 70' lang='lat' dir='ltr'>in</span> <span class='ocrx_word' id='word_1_642' title='bbox 1166 3907 1477 3978; x_wconf 61' lang='lat' dir='ltr'>capitibus,</span> <span class='ocrx_word' id='word_1_643' title='bbox 1512 3906 1728 3961; x_wconf 64' lang='lat' dir='ltr'>nostris</span> <span class='ocrx_word' id='word_1_644' title='bbox 1749 3906 1776 3961; x_wconf 70' lang='grc' dir='ltr'><strong>Ῠ</strong></span> <span class='ocrx_word' id='word_1_645' title='bbox 1884 3917 2185 3972; x_wconf 87' lang='lat' dir='ltr'>consuluit</span> <span class='ocrx_word' id='word_1_646' title='bbox 2213 3917 2394 3972; x_wconf 91' lang='lat' dir='ltr'>David</span> <span class='ocrx_word' id='word_1_647' title='bbox 2426 3915 2764 3984; x_wconf 90' lang='lat' dir='ltr'>Dominum,</span> <span class='ocrx_word' id='word_1_648' title='bbox 2798 3916 2998 3971; x_wconf 91' lang='lat' dir='ltr'>dicens</span> <span class='ocrx_word' id='word_1_649' title='bbox 3032 3931 3044 3968; x_wconf 93' lang='lat'>:</span> <span class='ocrx_word' id='word_1_650' title='bbox 3084 3915 3407 3983; x_wconf 88' lang='lat' dir='ltr'>Persequar</span> <span class='ocrx_word' id='word_1_651' title='bbox 3454 3910 3537 3965; x_wconf 89' lang='lat' dir='ltr'>la-</span> 
     </span>
    </p>
   </div>
   <div class='ocr_carea' id='block_1_46' title="bbox 154 3985 1726 4076">
    <p class='ocr_par' dir='ltr' id='par_1_46' title="bbox 154 3985 1683 4066">
     <span class='ocr_line' id='line_1_46' title="bbox 154 3985 1683 4066; baseline 0.005 -23"><span class='ocrx_word' id='word_1_652' title='bbox 154 3985 321 4047; x_wconf 86' lang='lat' dir='ltr'>Nonne</span> <span class='ocrx_word' id='word_1_653' title='bbox 344 3993 453 4049; x_wconf 88' lang='lat' dir='ltr'>iste</span> <span class='ocrx_word' id='word_1_654' title='bbox 483 3998 579 4049; x_wconf 85' lang='lat' dir='ltr'>est</span> <span class='ocrx_word' id='word_1_655' title='bbox 603 3994 802 4063; x_wconf 90' lang='lat' dir='ltr'>David,</span> <span class='ocrx_word' id='word_1_656' title='bbox 838 3994 931 4049; x_wconf 91' lang='lat' dir='ltr'>cui</span> <span class='ocrx_word' id='word_1_657' title='bbox 964 3995 1278 4050; x_wconf 89' lang='lat' dir='ltr'>cantabant</span> <span class='ocrx_word' id='word_1_658' title='bbox 1326 4010 1429 4066; x_wconf 92' lang='lat' dir='ltr'>per</span> <span class='ocrx_word' id='word_1_659' title='bbox 1476 3995 1683 4051; x_wconf 90' lang='lat' dir='ltr'>choros</span> 
     </span>
    </p>
   </div>
   <div class='ocr_carea' id='block_1_47' title="bbox 1958 3985 3530 4076">
    <p class='ocr_par' dir='ltr' id='par_1_47' title="bbox 1958 4000 3530 4076">
     <span class='ocr_line' id='line_1_47' title="bbox 1958 4000 3530 4076; baseline -0.002 -17"><span class='ocrx_word' id='word_1_660' title='bbox 1958 4005 2188 4061; x_wconf 76' lang='lat' dir='ltr'>inculos</span> <span class='ocrx_word' id='word_1_661' title='bbox 2218 4006 2346 4075; x_wconf 91' lang='lat' dir='ltr'>hos,</span> <span class='ocrx_word' id='word_1_662' title='bbox 2379 4009 2436 4060; x_wconf 90' lang='lat' dir='ltr'>et</span> <span class='ocrx_word' id='word_1_663' title='bbox 2464 4004 2960 4076; x_wconf 88' lang='lat' dir='ltr'>comprehendam</span> <span class='ocrx_word' id='word_1_664' title='bbox 2993 4020 3113 4073; x_wconf 89' lang='lat' dir='ltr'>eos,</span> <span class='ocrx_word' id='word_1_665' title='bbox 3145 4020 3216 4058; x_wconf 91' lang='lat' dir='ltr'>an</span> <span class='ocrx_word' id='word_1_666' title='bbox 3249 4001 3411 4057; x_wconf 86' lang='lat' dir='ltr'>non?</span> <span class='ocrx_word' id='word_1_667' title='bbox 3448 4000 3530 4072; x_wconf 90' lang='lat' dir='ltr'>[h.</span> 
     </span>
    </p>
   </div>
   <div class='ocr_carea' id='block_1_48' title="bbox 152 4078 3533 4164">
    <p class='ocr_par' dir='ltr' id='par_1_48' title="bbox 152 4078 3533 4164">
     <span class='ocr_line' id='line_1_48' title="bbox 152 4078 3533 4164; baseline 0.005 -35"><span class='ocrx_word' id='word_1_668' title='bbox 152 4078 372 4137; x_wconf 84' lang='lat' dir='ltr'>dicentes</span> <span class='ocrx_word' id='word_1_669' title='bbox 405 4099 418 4139; x_wconf 93' lang='lat'>:</span> <span class='ocrx_word' id='word_1_670' title='bbox 452 4082 755 4138; x_wconf 86' lang='lat' dir='ltr'>Percussit</span> <span class='ocrx_word' id='word_1_671' title='bbox 784 4082 918 4138; x_wconf 84' lang='lat' dir='ltr'>Saul</span> <span class='ocrx_word' id='word_1_672' title='bbox 950 4084 1008 4138; x_wconf 89' lang='lat' dir='ltr'>in</span> <span class='ocrx_word' id='word_1_673' title='bbox 1042 4082 1307 4139; x_wconf 89' lang='lat' dir='ltr'>millibus</span> <span class='ocrx_word' id='word_1_674' title='bbox 1334 4084 1483 4151; x_wconf 89' lang='lat' dir='ltr'>suis,</span> <span class='ocrx_word' id='word_1_675' title='bbox 1515 4084 1770 4139; x_wconf 87' lang='lat' dir='ltr'>etDavid</span> <span class='ocrx_word' id='word_1_676' title='bbox 1882 4112 1997 4150; x_wconf 75' lang='lat' dir='ltr'>non</span> <span class='ocrx_word' id='word_1_677' title='bbox 2048 4094 2243 4164; x_wconf 61' lang='lat' dir='ltr'>habet,</span> <span class='ocrx_word' id='word_1_678' title='bbox 2278 4111 2349 4150; x_wconf 74' lang='lat' dir='ltr'>an</span> <span class='ocrx_word' id='word_1_679' title='bbox 2382 4111 2497 4149; x_wconf 80' lang='lat' dir='ltr'>non</span> <span class='ocrx_word' id='word_1_680' title='bbox 2516 4094 2563 4163; x_wconf 67' lang='lat'>‘1]</span> <span class='ocrx_word' id='word_1_681' title='bbox 2598 4093 2865 4164; x_wconf 78' lang='lat' dir='ltr'>Dixitque</span> <span class='ocrx_word' id='word_1_682' title='bbox 2897 4094 2948 4148; x_wconf 89' lang='lat' dir='ltr'>ei</span> <span class='ocrx_word' id='word_1_683' title='bbox 2979 4092 3264 4147; x_wconf 90' lang='lat' dir='ltr'>Dominus</span> <span class='ocrx_word' id='word_1_684' title='bbox 3296 4091 3317 4125; x_wconf 77' lang='grc'><strong><em>⁵</em></strong></span> <span class='ocrx_word' id='word_1_685' title='bbox 3350 4106 3364 4144; x_wconf 88' lang='lat'><strong>:</strong></span> <span class='ocrx_word' id='word_1_686' title='bbox 3400 4090 3533 4144; x_wconf 83' lang='lat' dir='ltr'>Per-</span> 
     </span>
    </p>
   </div>
   <div class='ocr_carea' id='block_1_49' title="bbox 153 4164 3531 4255">
    <p class='ocr_par' dir='ltr' id='par_1_49' title="bbox 153 4164 3531 4255">
     <span class='ocr_line' id='line_1_49' title="bbox 153 4164 3531 4255; baseline 0.004 -38"><span class='ocrx_word' id='word_1_687' title='bbox 153 4164 200 4219; x_wconf 89' lang='lat' dir='ltr'>in</span> <span class='ocrx_word' id='word_1_688' title='bbox 225 4168 405 4226; x_wconf 89' lang='lat' dir='ltr'>decem</span> <span class='ocrx_word' id='word_1_689' title='bbox 440 4171 711 4227; x_wconf 90' lang='lat' dir='ltr'>millibus</span> <span class='ocrx_word' id='word_1_690' title='bbox 742 4172 894 4227; x_wconf 79' lang='lat' dir='ltr'>suis?</span> <span class='ocrx_word' id='word_1_691' title='bbox 924 4172 1165 4228; x_wconf 86' lang='lat' dir='ltr'>Vocavit</span> <span class='ocrx_word' id='word_1_692' title='bbox 1194 4189 1331 4244; x_wconf 88' lang='lat' dir='ltr'>ergo</span> <span class='ocrx_word' id='word_1_693' title='bbox 1360 4172 1537 4228; x_wconf 87' lang='lat' dir='ltr'>Achis</span> <span class='ocrx_word' id='word_1_694' title='bbox 1570 4173 1770 4239; x_wconf 91' lang='lat' dir='ltr'>David,</span> <span class='ocrx_word' id='word_1_695' title='bbox 1881 4199 2127 4255; x_wconf 66' lang='lat' dir='ltr'>sequere</span> <span class='ocrx_word' id='word_1_696' title='bbox 2160 4200 2173 4238; x_wconf 85' lang='grc'>;</span> <span class='ocrx_word' id='word_1_697' title='bbox 2208 4184 2433 4254; x_wconf 72' lang='lat' dir='ltr'>absque</span> <span class='ocrx_word' id='word_1_698' title='bbox 2464 4182 2642 4237; x_wconf 86' lang='lat' dir='ltr'>dubio</span> <span class='ocrx_word' id='word_1_699' title='bbox 2692 4183 2849 4236; x_wconf 81' lang='lat' dir='ltr'>enim</span> <span class='ocrx_word' id='word_1_700' title='bbox 2900 4179 3362 4252; x_wconf 83' lang='lat' dir='ltr'>comprehendes</span> <span class='ocrx_word' id='word_1_701' title='bbox 3410 4194 3531 4244; x_wconf 91' lang='lat' dir='ltr'>eos,</span> 
     </span>
    </p>
   </div>
   <div class='ocr_carea' id='block_1_50' title="bbox 152 4257 1724 4343">
    <p class='ocr_par' dir='ltr' id='par_1_50' title="bbox 152 4257 1724 4332">
     <span class='ocr_line' id='line_1_50' title="bbox 152 4257 1724 4332; baseline 0.004 -26"><span class='ocrx_word' id='word_1_702' title='bbox 152 4258 196 4307; x_wconf 84' lang='lat' dir='ltr'>et</span> <span class='ocrx_word' id='word_1_703' title='bbox 218 4257 289 4312; x_wconf 89' lang='lat' dir='ltr'>ait</span> <span class='ocrx_word' id='word_1_704' title='bbox 313 4258 363 4314; x_wconf 92' lang='lat' dir='ltr'>ei</span> <span class='ocrx_word' id='word_1_705' title='bbox 416 4275 430 4315; x_wconf 89' lang='lat'><strong>:</strong></span> <span class='ocrx_word' id='word_1_706' title='bbox 488 4258 644 4315; x_wconf 91' lang='lat' dir='ltr'>Vivit</span> <span class='ocrx_word' id='word_1_707' title='bbox 691 4259 998 4329; x_wconf 89' lang='lat' dir='ltr'>Dominus,</span> <span class='ocrx_word' id='word_1_708' title='bbox 1044 4261 1183 4332; x_wconf 89' lang='lat' dir='ltr'>quia</span> <span class='ocrx_word' id='word_1_709' title='bbox 1230 4269 1423 4316; x_wconf 81' lang='lat' dir='ltr'>rectus</span> <span class='ocrx_word' id='word_1_710' title='bbox 1470 4277 1530 4316; x_wconf 90' lang='lat' dir='ltr'>es</span> <span class='ocrx_word' id='word_1_711' title='bbox 1579 4265 1667 4327; x_wconf 91' lang='lat' dir='ltr'>tu,</span> <span class='ocrx_word' id='word_1_712' title='bbox 1714 4278 1724 4313; x_wconf 67' lang='grc' dir='ltr'>ε</span> 
     </span>
    </p>
   </div>
   <div class='ocr_carea' id='block_1_51' title="bbox 1960 4257 3532 4343">
    <p class='ocr_par' dir='ltr' id='par_1_51' title="bbox 1961 4266 3532 4343">
     <span class='ocr_line' id='line_1_51' title="bbox 1961 4266 3532 4343; baseline -0.004 -16"><span class='ocrx_word' id='word_1_713' title='bbox 1961 4272 2216 4327; x_wconf 87' lang='lat' dir='ltr'>excuties</span> <span class='ocrx_word' id='word_1_714' title='bbox 2251 4273 2527 4343; x_wconf 70' lang='lat' dir='ltr'>praedam.</span> <span class='ocrx_word' id='word_1_715' title='bbox 2567 4272 2655 4343; x_wconf 88' lang='lat' dir='ltr'>[T.</span> <span class='ocrx_word' id='word_1_716' title='bbox 2692 4270 2948 4340; x_wconf 86' lang='lat' dir='ltr'>LXXXI.]</span> <span class='ocrx_word' id='word_1_717' title='bbox 2980 4269 3134 4324; x_wconf 87' lang='lat' dir='ltr'>Abiit</span> <span class='ocrx_word' id='word_1_718' title='bbox 3163 4284 3299 4340; x_wconf 90' lang='lat' dir='ltr'>ergo</span> <span class='ocrx_word' id='word_1_719' title='bbox 3358 4266 3532 4322; x_wconf 87' lang='lat' dir='ltr'>David</span> 
     </span>
    </p>
   </div>
   <div class='ocr_carea' id='block_1_52' title="bbox 158 4339 1730 4433">
    <p class='ocr_par' dir='ltr' id='par_1_52' title="bbox 158 4339 1730 4419">
     <span class='ocr_line' id='line_1_52' title="bbox 158 4339 1730 4419; baseline 0.006 -26"><span class='ocrx_word' id='word_1_720' title='bbox 158 4339 317 4401; x_wconf 88' lang='lat' dir='ltr'>bonus</span> <span class='ocrx_word' id='word_1_721' title='bbox 344 4348 399 4402; x_wconf 91' lang='lat' dir='ltr'>in</span> <span class='ocrx_word' id='word_1_722' title='bbox 432 4353 759 4419; x_wconf 88' lang='lat' dir='ltr'>conspectu</span> <span class='ocrx_word' id='word_1_723' title='bbox 788 4364 948 4418; x_wconf 87' lang='lat' dir='ltr'>meo;</span> <span class='ocrx_word' id='word_1_724' title='bbox 983 4354 1040 4404; x_wconf 89' lang='lat' dir='ltr'>et</span> <span class='ocrx_word' id='word_1_725' title='bbox 1068 4350 1255 4405; x_wconf 87' lang='lat' dir='ltr'>exitus</span> <span class='ocrx_word' id='word_1_726' title='bbox 1288 4354 1447 4419; x_wconf 89' lang='lat' dir='ltr'>tuus,</span> <span class='ocrx_word' id='word_1_727' title='bbox 1479 4354 1535 4405; x_wconf 91' lang='lat' dir='ltr'>et</span> <span class='ocrx_word' id='word_1_728' title='bbox 1564 4350 1730 4405; x_wconf 76' lang='lat' dir='ltr'>introi</span> 
     </span>
    </p>
   </div>
   <div class='ocr_carea' id='block_1_53' title="bbox 1964 4339 3536 4433">
    <p class='ocr_par' dir='ltr' id='par_1_53' title="bbox 1964 4359 3536 4432">
     <span class='ocr_line' id='line_1_53' title="bbox 1964 4359 3536 4432; baseline -0.004 -17"><span class='ocrx_word' id='word_1_729' title='bbox 1964 4366 2093 4429; x_wconf 72' lang='lat' dir='ltr'>se,et</span> <span class='ocrx_word' id='word_1_730' title='bbox 2122 4361 2376 4416; x_wconf 84' lang='lat' dir='ltr'>sexcenti</span> <span class='ocrx_word' id='word_1_731' title='bbox 2409 4360 2518 4415; x_wconf 92' lang='lat' dir='ltr'>viri</span> <span class='ocrx_word' id='word_1_732' title='bbox 2552 4361 2652 4432; x_wconf 90' lang='lat' dir='ltr'>qui</span> <span class='ocrx_word' id='word_1_733' title='bbox 2685 4365 2854 4415; x_wconf 89' lang='lat' dir='ltr'>erant</span> <span class='ocrx_word' id='word_1_734' title='bbox 2884 4376 3016 4415; x_wconf 91' lang='lat' dir='ltr'>cum</span> <span class='ocrx_word' id='word_1_735' title='bbox 3046 4375 3133 4424; x_wconf 90' lang='lat' dir='ltr'>eo,</span> <span class='ocrx_word' id='word_1_736' title='bbox 3168 4361 3223 4413; x_wconf 91' lang='lat' dir='ltr'>et</span> <span class='ocrx_word' id='word_1_737' title='bbox 3252 4359 3536 4412; x_wconf 90' lang='lat' dir='ltr'>venerunt</span> 
     </span>
    </p>
   </div>
   <div class='ocr_carea' id='block_1_54' title="bbox 153 4432 3531 4521">
    <p class='ocr_par' dir='ltr' id='par_1_54' title="bbox 153 4432 3531 4521">
     <span class='ocr_line' id='line_1_54' title="bbox 153 4432 3531 4521; baseline 0.004 -37"><span class='ocrx_word' id='word_1_738' title='bbox 153 4432 230 4487; x_wconf 86' lang='lat' dir='ltr'>tus</span> <span class='ocrx_word' id='word_1_739' title='bbox 256 4439 381 4492; x_wconf 90' lang='lat' dir='ltr'>tuus</span> <span class='ocrx_word' id='word_1_740' title='bbox 412 4454 649 4495; x_wconf 90' lang='lat' dir='ltr'>mecum</span> <span class='ocrx_word' id='word_1_741' title='bbox 683 4442 771 4494; x_wconf 91' lang='lat' dir='ltr'>est</span> <span class='ocrx_word' id='word_1_742' title='bbox 800 4438 860 4493; x_wconf 93' lang='lat' dir='ltr'>in</span> <span class='ocrx_word' id='word_1_743' title='bbox 888 4438 1098 4495; x_wconf 89' lang='lat' dir='ltr'>castris</span> <span class='ocrx_word' id='word_1_744' title='bbox 1146 4439 1226 4507; x_wconf 90' lang='lat' dir='ltr'>[h.</span> <span class='ocrx_word' id='word_1_745' title='bbox 1277 4438 1415 4494; x_wconf 89' lang='lat' dir='ltr'>vivit</span> <span class='ocrx_word' id='word_1_746' title='bbox 1462 4439 1768 4506; x_wconf 88' lang='lat' dir='ltr'>Dominus,</span> <span class='ocrx_word' id='word_1_747' title='bbox 1881 4432 2065 4521; x_wconf 64' lang='lat' dir='ltr'>usque</span> <span class='ocrx_word' id='word_1_748' title='bbox 2098 4451 2170 4505; x_wconf 70' lang='lat' dir='ltr'>ad</span> <span class='ocrx_word' id='word_1_749' title='bbox 2200 4453 2519 4505; x_wconf 65' lang='lat' dir='ltr'>torpentem</span> <span class='ocrx_word' id='word_1_750' title='bbox 2564 4449 2744 4505; x_wconf 74' lang='lat' dir='ltr'>Beaor</span> <span class='ocrx_word' id='word_1_751' title='bbox 2790 4454 2912 4518; x_wconf 66' lang='grc' dir='ltr'>[τηε.</span> <span class='ocrx_word' id='word_1_752' title='bbox 2964 4448 3165 4519; x_wconf 76' lang='lat' dir='ltr'>Bosor]</span> <span class='ocrx_word' id='word_1_753' title='bbox 3219 4463 3233 4501; x_wconf 84' lang='lat'><strong>:</strong></span> <span class='ocrx_word' id='word_1_754' title='bbox 3286 4449 3343 4502; x_wconf 82' lang='lat' dir='ltr'>et</span> <span class='ocrx_word' id='word_1_755' title='bbox 3389 4445 3531 4500; x_wconf 82' lang='lat' dir='ltr'>lassi</span> 
     </span>
    </p>
   </div>
   <div class='ocr_carea' id='block_1_55' title="bbox 155 4521 1727 4627">
    <p class='ocr_par' dir='ltr' id='par_1_55' title="bbox 155 4521 1727 4600">
     <span class='ocr_line' id='line_1_55' title="bbox 155 4521 1727 4600; baseline 0.006 -27"><span class='ocrx_word' id='word_1_756' title='bbox 155 4521 267 4589; x_wconf 86' lang='lat' dir='ltr'>quia</span> <span class='ocrx_word' id='word_1_757' title='bbox 293 4530 478 4582; x_wconf 88' lang='lat' dir='ltr'>rectus</span> <span class='ocrx_word' id='word_1_758' title='bbox 508 4543 575 4583; x_wconf 90' lang='lat' dir='ltr'>es</span> <span class='ocrx_word' id='word_1_759' title='bbox 604 4531 689 4596; x_wconf 92' lang='lat' dir='ltr'>tu,</span> <span class='ocrx_word' id='word_1_760' title='bbox 723 4533 779 4582; x_wconf 91' lang='lat' dir='ltr'>et</span> <span class='ocrx_word' id='word_1_761' title='bbox 810 4527 999 4582; x_wconf 87' lang='lat' dir='ltr'>bonus</span> <span class='ocrx_word' id='word_1_762' title='bbox 1031 4528 1087 4581; x_wconf 88' lang='lat' dir='ltr'>in</span> <span class='ocrx_word' id='word_1_763' title='bbox 1122 4531 1435 4600; x_wconf 88' lang='lat' dir='ltr'>conspectu</span> <span class='ocrx_word' id='word_1_764' title='bbox 1469 4545 1619 4596; x_wconf 89' lang='lat' dir='ltr'>meo,</span> <span class='ocrx_word' id='word_1_765' title='bbox 1653 4532 1727 4583; x_wconf 19' lang='lat' dir='ltr'>ex}</span> 
     </span>
    </p>
   </div>
   <div class='ocr_carea' id='block_1_56' title="bbox 1955 4521 3527 4627">
    <p class='ocr_par' dir='ltr' id='par_1_56' title="bbox 1955 4535 3527 4610">
     <span class='ocr_line' id='line_1_56' title="bbox 1955 4535 3527 4610; baseline -0.001 -18"><span class='ocrx_word' id='word_1_766' title='bbox 1955 4538 2117 4595; x_wconf 42' lang='lat' dir='ltr'>.idam</span> <span class='ocrx_word' id='word_1_767' title='bbox 2138 4539 2528 4595; x_wconf 89' lang='lat' dir='ltr'>substiterunt</span> <span class='ocrx_word' id='word_1_768' title='bbox 2556 4538 2851 4610; x_wconf 89' lang='lat' dir='ltr'>[h.reliqui</span> <span class='ocrx_word' id='word_1_769' title='bbox 2874 4555 3076 4593; x_wconf 89' lang='lat' dir='ltr'>vero...</span> <span class='ocrx_word' id='word_1_770' title='bbox 3093 4535 3527 4606; x_wconf 88' lang='lat' dir='ltr'>substiterunt].</span> 
     </span>
    </p>
   </div>
   <div class='ocr_carea' id='block_1_57' title="bbox 154 4614 3530 4699">
    <p class='ocr_par' dir='ltr' id='par_1_57' title="bbox 154 4614 3530 4699">
     <span class='ocr_line' id='line_1_57' title="bbox 154 4614 3530 4699; baseline 0.001 -37"><span class='ocrx_word' id='word_1_771' title='bbox 154 4614 385 4670; x_wconf 87' lang='lat' dir='ltr'>tustuus</span> <span class='ocrx_word' id='word_1_772' title='bbox 434 4622 493 4671; x_wconf 90' lang='lat' dir='ltr'>et</span> <span class='ocrx_word' id='word_1_773' title='bbox 542 4616 821 4672; x_wconf 89' lang='lat' dir='ltr'>introitus</span> <span class='ocrx_word' id='word_1_774' title='bbox 868 4622 1008 4672; x_wconf 87' lang='lat' dir='ltr'>tuus</span> <span class='ocrx_word' id='word_1_775' title='bbox 1057 4632 1286 4672; x_wconf 90' lang='lat' dir='ltr'>mecum</span> <span class='ocrx_word' id='word_1_776' title='bbox 1335 4616 1396 4672; x_wconf 90' lang='lat' dir='ltr'>in</span> <span class='ocrx_word' id='word_1_777' title='bbox 1442 4616 1671 4687; x_wconf 87' lang='lat' dir='ltr'>castris]</span> <span class='ocrx_word' id='word_1_778' title='bbox 1717 4614 1846 4673; x_wconf 74' lang='lat' dir='ltr'>et&quot;</span> <span class='ocrx_word' id='word_1_779' title='bbox 1882 4630 2231 4685; x_wconf 63' lang='lat' dir='ltr'>persecutus</span> <span class='ocrx_word' id='word_1_780' title='bbox 2290 4634 2379 4684; x_wconf 65' lang='lat' dir='ltr'>est</span> <span class='ocrx_word' id='word_1_781' title='bbox 2435 4632 2630 4684; x_wconf 61' lang='lat' dir='ltr'>autem</span> <span class='ocrx_word' id='word_1_782' title='bbox 2690 4628 2868 4683; x_wconf 65' lang='lat' dir='ltr'>David</span> <span class='ocrx_word' id='word_1_783' title='bbox 2926 4627 3073 4699; x_wconf 55' lang='lat' dir='ltr'>ipse,</span> <span class='ocrx_word' id='word_1_784' title='bbox 3133 4631 3189 4682; x_wconf 62' lang='lat' dir='ltr'>et</span> <span class='ocrx_word' id='word_1_785' title='bbox 3247 4624 3530 4696; x_wconf 51' lang='lat' dir='ltr'>quadrifl-</span> 
     </span>
    </p>
   </div>
   <div class='ocr_carea' id='block_1_58' title="bbox 156 4700 1728 4791">
    <p class='ocr_par' dir='ltr' id='par_1_58' title="bbox 156 4700 1726 4779">
     <span class='ocr_line' id='line_1_58' title="bbox 156 4700 1726 4779; baseline 0.006 -26"><span class='ocrx_word' id='word_1_786' title='bbox 156 4712 252 4755; x_wconf 88' lang='lat' dir='ltr'>non</span> <span class='ocrx_word' id='word_1_787' title='bbox 277 4700 459 4760; x_wconf 89' lang='lat' dir='ltr'>inveni</span> <span class='ocrx_word' id='word_1_788' title='bbox 491 4705 553 4761; x_wconf 91' lang='lat' dir='ltr'>in</span> <span class='ocrx_word' id='word_1_789' title='bbox 586 4709 642 4761; x_wconf 89' lang='lat' dir='ltr'>te</span> <span class='ocrx_word' id='word_1_790' title='bbox 675 4705 1005 4779; x_wconf 89' lang='lat' dir='ltr'>quidquam</span> <span class='ocrx_word' id='word_1_791' title='bbox 1036 4706 1273 4777; x_wconf 85' lang='lat' dir='ltr'>mali,ex</span> <span class='ocrx_word' id='word_1_792' title='bbox 1293 4706 1386 4762; x_wconf 90' lang='lat' dir='ltr'>die</span> <span class='ocrx_word' id='word_1_793' title='bbox 1417 4722 1534 4778; x_wconf 90' lang='lat' dir='ltr'>qua</span> <span class='ocrx_word' id='word_1_794' title='bbox 1560 4706 1726 4762; x_wconf 89' lang='lat' dir='ltr'>venis</span> 
     </span>
    </p>
   </div>
   <div class='ocr_carea' id='block_1_59' title="bbox 1957 4700 3529 4791">
    <p class='ocr_par' dir='ltr' id='par_1_59' title="bbox 1957 4712 3529 4785">
     <span class='ocr_line' id='line_1_59' title="bbox 1957 4712 3529 4785; baseline -0.006 -11"><span class='ocrx_word' id='word_1_795' title='bbox 1957 4719 2040 4774; x_wconf 90' lang='lat' dir='ltr'>nti</span> <span class='ocrx_word' id='word_1_796' title='bbox 2070 4717 2178 4773; x_wconf 91' lang='lat' dir='ltr'>viri</span> <span class='ocrx_word' id='word_1_797' title='bbox 2227 4733 2242 4773; x_wconf 88' lang='lat'><strong>:</strong></span> <span class='ocrx_word' id='word_1_798' title='bbox 2291 4717 2681 4773; x_wconf 89' lang='lat' dir='ltr'>substiterant</span> <span class='ocrx_word' id='word_1_799' title='bbox 2727 4715 2883 4771; x_wconf 90' lang='lat' dir='ltr'>enim</span> <span class='ocrx_word' id='word_1_800' title='bbox 2933 4715 3190 4783; x_wconf 87' lang='lat' dir='ltr'>ducenti,</span> <span class='ocrx_word' id='word_1_801' title='bbox 3242 4714 3339 4785; x_wconf 91' lang='lat' dir='ltr'>qui</span> <span class='ocrx_word' id='word_1_802' title='bbox 3390 4712 3529 4769; x_wconf 87' lang='lat' dir='ltr'>lassi</span> 
     </span>
    </p>
   </div>
   <div class='ocr_carea' id='block_1_60' title="bbox 196 4916 3533 5000">
    <p class='ocr_par' dir='ltr' id='par_1_60' title="bbox 196 4916 3533 5000">
     <span class='ocr_line' id='line_1_60' title="bbox 196 4916 3533 5000; baseline 0 -20"><span class='ocrx_word' id='word_1_803' title='bbox 196 4916 548 5000; x_wconf 46' lang='lat' dir='ltr'>““Qanonem</span> <span class='ocrx_word' id='word_1_804' title='bbox 580 4923 871 5000; x_wconf 69' lang='lat' dir='ltr'>Hebraicaa</span> <span class='ocrx_word' id='word_1_805' title='bbox 903 4924 1188 5000; x_wconf 73' lang='lat' dir='ltr'>veritatis,</span> <span class='ocrx_word' id='word_1_806' title='bbox 1213 4927 1269 4979; x_wconf 85' lang='lat' dir='ltr'>et</span> <span class='ocrx_word' id='word_1_807' title='bbox 1294 4923 1456 5000; x_wconf 84' lang='lat' dir='ltr'>aliud</span> <span class='ocrx_word' id='word_1_808' title='bbox 1486 4925 1771 5000; x_wconf 85' lang='lat' dir='ltr'>optimum</span> <span class='ocrx_word' id='word_1_809' title='bbox 1885 4929 1990 4998; x_wconf 87' lang='lat' dir='ltr'>sis,</span> <span class='ocrx_word' id='word_1_810' title='bbox 2018 4928 2295 4986; x_wconf 90' lang='lat' dir='ltr'>continuo</span> <span class='ocrx_word' id='word_1_811' title='bbox 2328 4927 2466 5000; x_wconf 83' lang='lat' dir='ltr'>legit</span> <span class='ocrx_word' id='word_1_812' title='bbox 2495 4943 2629 4984; x_wconf 91' lang='lat' dir='ltr'>cum</span> <span class='ocrx_word' id='word_1_813' title='bbox 2663 4926 2948 5000; x_wconf 86' lang='lat' dir='ltr'>Vulgatis,</span> <span class='ocrx_word' id='word_1_814' title='bbox 2981 4926 3337 4982; x_wconf 78' lang='lat' dir='ltr'>conturbatus</span> <span class='ocrx_word' id='word_1_815' title='bbox 3382 4927 3533 4981; x_wconf 78' lang='lat' dir='ltr'>enim</span> 
     </span>
    </p>
   </div>
   <div class='ocr_carea' id='block_1_61' title="bbox 159 4983 2026 5066">
    <p class='ocr_par' dir='ltr' id='par_1_61' title="bbox 159 4983 2026 5066">
     <span class='ocr_line' id='line_1_61' title="bbox 159 4983 2026 5066; baseline 0.011 -28"><span class='ocrx_word' id='word_1_816' title='bbox 159 4983 444 5066; x_wconf 87' lang='lat' dir='ltr'>Bibliorum</span> <span class='ocrx_word' id='word_1_817' title='bbox 469 4994 767 5066; x_wconf 84' lang='lat' dir='ltr'>exemplar</span> <span class='ocrx_word' id='word_1_818' title='bbox 789 5011 901 5051; x_wconf 85' lang='lat' dir='ltr'>me.</span> <span class='ocrx_word' id='word_1_819' title='bbox 931 4983 1278 5051; x_wconf 83' lang='lat' dir='ltr'>Corbeiense</span> <span class='ocrx_word' id='word_1_820' title='bbox 1307 5014 1365 5052; x_wconf 90' lang='lat' dir='ltr'>n.</span> <span class='ocrx_word' id='word_1_821' title='bbox 1400 4998 1426 5051; x_wconf 83' lang='lat'><strong>1</strong></span> <span class='ocrx_word' id='word_1_822' title='bbox 1463 4983 1647 5053; x_wconf 71' lang='lat' dir='ltr'>secuti</span> <span class='ocrx_word' id='word_1_823' title='bbox 1679 5015 1774 5053; x_wconf 89' lang='lat' dir='ltr'>su-</span> <span class='ocrx_word' id='word_1_824' title='bbox 1884 4983 2026 5058; x_wconf 49' lang='lat' dir='ltr'>erat.</span> 
     </span>
    </p>
   </div>
   <div class='ocr_carea' id='block_1_62' title="bbox 163 5064 3535 5142">
    <p class='ocr_par' dir='ltr' id='par_1_62' title="bbox 163 5064 3535 5142">
     <span class='ocr_line' id='line_1_62' title="bbox 163 5064 3535 5142; baseline 0.001 -23"><span class='ocrx_word' id='word_1_825' title='bbox 163 5070 272 5142; x_wconf 60' lang='grc' dir='ltr'>ῐῐξξιε</span> <span class='ocrx_word' id='word_1_826' title='bbox 301 5079 315 5117; x_wconf 86' lang='lat'><strong>:</strong></span> <span class='ocrx_word' id='word_1_827' title='bbox 346 5064 607 5142; x_wconf 82' lang='lat' dir='ltr'>idipsum</span> <span class='ocrx_word' id='word_1_828' title='bbox 638 5064 872 5138; x_wconf 84' lang='lat' dir='ltr'>quoque</span> <span class='ocrx_word' id='word_1_829' title='bbox 903 5066 1117 5139; x_wconf 87' lang='lat' dir='ltr'>legitur</span> <span class='ocrx_word' id='word_1_830' title='bbox 1141 5067 1491 5142; x_wconf 68' lang='lat' dir='ltr'>inHebraais</span> <span class='ocrx_word' id='word_1_831' title='bbox 1520 5069 1773 5125; x_wconf 90' lang='lat' dir='ltr'>volumi-</span> <span class='ocrx_word' id='word_1_832' title='bbox 1954 5074 1977 5109; x_wconf 77' lang='grc'>³</span> <span class='ocrx_word' id='word_1_833' title='bbox 2012 5072 2241 5128; x_wconf 91' lang='lat' dir='ltr'>Omittit</span> <span class='ocrx_word' id='word_1_834' title='bbox 2269 5071 2365 5126; x_wconf 91' lang='lat' dir='ltr'>hic</span> <span class='ocrx_word' id='word_1_835' title='bbox 2404 5087 2635 5142; x_wconf 92' lang='lat' dir='ltr'>quoque</span> <span class='ocrx_word' id='word_1_836' title='bbox 2680 5070 3003 5126; x_wconf 90' lang='lat' dir='ltr'>Veronens.</span> <span class='ocrx_word' id='word_1_837' title='bbox 3052 5086 3163 5124; x_wconf 90' lang='lat' dir='ltr'>ms.</span> <span class='ocrx_word' id='word_1_838' title='bbox 3217 5068 3393 5123; x_wconf 88' lang='lat' dir='ltr'>verba</span> <span class='ocrx_word' id='word_1_839' title='bbox 3439 5083 3535 5137; x_wconf 81' lang='lat' dir='ltr'>per</span> 
     </span>
    </p>
   </div>
   <div class='ocr_carea' id='block_1_63' title="bbox 162 5127 3305 5232">
    <p class='ocr_par' dir='ltr' id='par_1_63' title="bbox 162 5128 3305 5232">
     <span class='ocr_line' id='line_1_63' title="bbox 162 5128 3305 5232; baseline -0.002 -15"><span class='ocrx_word' id='word_1_840' title='bbox 162 5128 849 5232; x_wconf 44' lang='grc' dir='ltr'>ξξξῗξ;ηρῗῗίξ¹ζῖ-(ῘἮηεῖῗ</span> <span class='ocrx_word' id='word_1_841' title='bbox 887 5140 1354 5232; x_wconf 34' lang='grc' dir='ltr'>,ῙξλῗΞ-ζ-ΞἮῘἯᾉ</span> <span class='ocrx_word' id='word_1_842' title='bbox 1368 5142 1773 5232; x_wconf 48' lang='grc' dir='ltr'>Ρβῗίξλῖβδίδω</span> <span class='ocrx_word' id='word_1_843' title='bbox 1885 5161 2095 5228; x_wconf 80' lang='lat' dir='ltr'>choros,</span> <span class='ocrx_word' id='word_1_844' title='bbox 2130 5177 2258 5232; x_wconf 75' lang='lat' dir='ltr'>qua:</span> <span class='ocrx_word' id='word_1_845' title='bbox 2288 5160 2345 5215; x_wconf 91' lang='lat' dir='ltr'>in</span> <span class='ocrx_word' id='word_1_846' title='bbox 2380 5160 2615 5215; x_wconf 72' lang='lat' dir='ltr'>Hebraeo</span> <span class='ocrx_word' id='word_1_847' title='bbox 2647 5162 2842 5214; x_wconf 87' lang='lat' dir='ltr'>tamen</span> <span class='ocrx_word' id='word_1_848' title='bbox 2876 5162 3014 5213; x_wconf 89' lang='lat' dir='ltr'>sunt</span> <span class='ocrx_word' id='word_1_849' title='bbox 3044 5142 3305 5217; x_wconf 59' lang='lat'>111511732.</span> 
     </span>
    </p>
   </div>
   <div class='ocr_carea' id='block_1_64' title="bbox 162 5201 3535 5320">
    <p class='ocr_par' dir='ltr' id='par_1_64' title="bbox 162 5201 3535 5320">
     <span class='ocr_line' id='line_1_64' title="bbox 162 5201 3535 5320; baseline -0.002 0"><span class='ocrx_word' id='word_1_850' title='bbox 162 5201 763 5320; x_wconf 56' lang='grc' dir='ltr'>ξξρδιξξξλέηιεξξιοριξξωπ</span> <span class='ocrx_word' id='word_1_851' title='bbox 796 5210 1194 5320; x_wconf 54' lang='lat'>33332538239</span> <span class='ocrx_word' id='word_1_852' title='bbox 1225 5226 1777 5320; x_wconf 59' lang='grc' dir='ltr'>εξξιξξλξιοηξειιπέξειοξλ</span> <span class='ocrx_word' id='word_1_853' title='bbox 1956 5248 2229 5304; x_wconf 59' lang='lat' dir='ltr'>amoma</span> <span class='ocrx_word' id='word_1_854' title='bbox 2259 5247 2509 5320; x_wconf 61' lang='lat' dir='ltr'>negandi</span> <span class='ocrx_word' id='word_1_855' title='bbox 2541 5247 2828 5320; x_wconf 65' lang='grc' dir='ltr'>ρατιίουια</span> <span class='ocrx_word' id='word_1_856' title='bbox 2855 5264 2888 5302; x_wconf 67' lang='grc' dir='ltr'>α</span> <span class='ocrx_word' id='word_1_857' title='bbox 3265 5259 3535 5314; x_wconf 56' lang='lat' dir='ltr'>mm</span> 
     </span>
    </p>
   </div>
   <div class='ocr_carea' id='block_1_65' title="bbox 162 5269 2133 5353">
    <p class='ocr_par' dir='ltr' id='par_1_65' title="bbox 162 5269 2133 5353">
     <span class='ocr_line' id='line_1_65' title="bbox 162 5269 2133 5353; baseline 0.003 -29"><span class='ocrx_word' id='word_1_858' title='bbox 162 5269 229 5353; x_wconf 72' lang='lat' dir='ltr'>sic</span> <span class='ocrx_word' id='word_1_859' title='bbox 261 5278 422 5353; x_wconf 25' lang='lat' dir='ltr'>“enim</span> <span class='ocrx_word' id='word_1_860' title='bbox 463 5281 689 5353; x_wconf 87' lang='lat' dir='ltr'>habent</span> <span class='ocrx_word' id='word_1_861' title='bbox 735 5269 761 5335; x_wconf 75' lang='grc' dir='ltr'><strong>ε’</strong></span> <span class='ocrx_word' id='word_1_862' title='bbox 798 5284 1049 5353; x_wconf 76' lang='lat' dir='ltr'>Ingresso</span> <span class='ocrx_word' id='word_1_863' title='bbox 1102 5290 1178 5337; x_wconf 76' lang='lat' dir='ltr'>est</span> <span class='ocrx_word' id='word_1_864' title='bbox 1225 5284 1413 5353; x_wconf 80' lang='lat' dir='ltr'>itaque</span> <span class='ocrx_word' id='word_1_865' title='bbox 1452 5284 1661 5340; x_wconf 79' lang='lat' dir='ltr'>mulier</span> <span class='ocrx_word' id='word_1_866' title='bbox 1710 5269 1778 5341; x_wconf 79' lang='lat' dir='ltr'>ad</span> <span class='ocrx_word' id='word_1_867' title='bbox 1892 5342 1901 5353; x_wconf 36' lang='grc' dir='ltr'><strong><em>ι</em></strong></span> <span class='ocrx_word' id='word_1_868' title='bbox 1956 5269 1977 5283; x_wconf 66' lang='grc'><strong>”</strong></span> <span class='ocrx_word' id='word_1_869' title='bbox 2007 5269 2133 5349; x_wconf 52' lang='lat' dir='ltr'>mm}</span> 
     </span>
    </p>
   </div>
   <div class='ocr_carea' id='block_1_66' title="bbox 162 5321 2726 5429">
    <p class='ocr_par' dir='ltr' id='par_1_66' title="bbox 162 5321 2726 5429">
     <span class='ocr_line' id='line_1_66' title="bbox 162 5321 2726 5429; baseline 0.005 -29"><span class='ocrx_word' id='word_1_870' title='bbox 162 5341 293 5429; x_wconf 54' lang='lat' dir='ltr'>Squl,</span> <span class='ocrx_word' id='word_1_871' title='bbox 335 5358 387 5405; x_wconf 75' lang='lat' dir='ltr'>et</span> <span class='ocrx_word' id='word_1_872' title='bbox 413 5351 494 5407; x_wconf 79' lang='lat' dir='ltr'>ait</span> <span class='ocrx_word' id='word_1_873' title='bbox 516 5321 929 5429; x_wconf 63' lang='lat' dir='ltr'>:_Qonlurbatlls</span> <span class='ocrx_word' id='word_1_874' title='bbox 956 5352 1107 5409; x_wconf 80' lang='lat' dir='ltr'>enim</span> <span class='ocrx_word' id='word_1_875' title='bbox 1136 5357 1259 5409; x_wconf 86' lang='lat' dir='ltr'>erat</span> <span class='ocrx_word' id='word_1_876' title='bbox 1286 5321 1443 5411; x_wconf 53' lang='lat' dir='ltr'>ualde</span> <span class='ocrx_word' id='word_1_877' title='bbox 1473 5321 1779 5429; x_wconf 57' lang='grc' dir='ltr'>τὲιῖἓέιᾳῖἒ</span> <span class='ocrx_word' id='word_1_878' title='bbox 1887 5342 2091 5429; x_wconf 52' lang='lat' dir='ltr'>“IPSE</span> <span class='ocrx_word' id='word_1_879' title='bbox 2119 5338 2449 5429; x_wconf 47' lang='grc' dir='ltr'>ίξλνξξεῗξῖξδῗί]</span> <span class='ocrx_word' id='word_1_880' title='bbox 2480 5321 2726 5429; x_wconf 34' lang='grc' dir='ltr'>θῗ-ῖςξτῐῖῥ</span> 
     </span>
    </p>
   </div>
   <div class='ocr_carea' id='block_1_67' title="bbox 164 5409 3535 5485">
    <p class='ocr_par' dir='ltr' id='par_1_67' title="bbox 164 5409 3535 5485">
     <span class='ocr_line' id='line_1_67' title="bbox 164 5409 3535 5485; baseline -0.005 -10"><span class='ocrx_word' id='word_1_881' title='bbox 164 5414 223 5467; x_wconf 78' lang='lat' dir='ltr'>ad</span> <span class='ocrx_word' id='word_1_882' title='bbox 248 5409 381 5485; x_wconf 72' lang='lat' dir='ltr'>eum,</span> <span class='ocrx_word' id='word_1_883' title='bbox 413 5431 514 5478; x_wconf 78' lang='lat' dir='ltr'>etc.</span> <span class='ocrx_word' id='word_1_884' title='bbox 551 5424 733 5480; x_wconf 58' lang='lat' dir='ltr'><strong>MART,</strong></span> <span class='ocrx_word' id='word_1_885' title='bbox 1475 5409 1481 5410; x_wconf 50' lang='grc'><strong><em>⁷</em></strong></span> <span class='ocrx_word' id='word_1_886' title='bbox 1958 5411 1980 5444; x_wconf 75' lang='grc'><strong>⁴</strong></span> <span class='ocrx_word' id='word_1_887' title='bbox 2006 5410 2114 5464; x_wconf 89' lang='lat' dir='ltr'>Ms.</span> <span class='ocrx_word' id='word_1_888' title='bbox 2149 5414 2469 5485; x_wconf 83' lang='lat' dir='ltr'>Veronens.</span> <span class='ocrx_word' id='word_1_889' title='bbox 2503 5409 3285 5485; x_wconf 71' lang='lat' dir='ltr'>[ecemnt,et_consequenter</span> <span class='ocrx_word' id='word_1_890' title='bbox 3311 5420 3535 5476; x_wconf 75' lang='lat' dir='ltr'>percu:-</span> 
     </span>
    </p>
   </div>
   <div class='ocr_carea' id='block_1_68' title="bbox 226 5482 1798 5565">
    <p class='ocr_par' dir='ltr' id='par_1_68' title="bbox 226 5482 1778 5565">
     <span class='ocr_line' id='line_1_68' title="bbox 226 5482 1778 5565; baseline 0.008 -21"><span class='ocrx_word' id='word_1_891' title='bbox 226 5482 631 5552; x_wconf 83' lang='lat' dir='ltr'>—Veronens.</span> <span class='ocrx_word' id='word_1_892' title='bbox 700 5512 837 5561; x_wconf 91' lang='lat' dir='ltr'>ms.,</span> <span class='ocrx_word' id='word_1_893' title='bbox 903 5499 1015 5552; x_wconf 85' lang='lat' dir='ltr'>tota</span> <span class='ocrx_word' id='word_1_894' title='bbox 1079 5505 1233 5553; x_wconf 73' lang='lat' dir='ltr'>nocte</span> <span class='ocrx_word' id='word_1_895' title='bbox 1297 5497 1440 5565; x_wconf 81' lang='lat' dir='ltr'>illa;</span> <span class='ocrx_word' id='word_1_896' title='bbox 1504 5498 1778 5556; x_wconf 66' lang='lat' dir='ltr'>Hebraeus</span> 
     </span>
    </p>
   </div>
   <div class='ocr_carea' id='block_1_69' title="bbox 1305 5482 2877 5565">
    <p class='ocr_par' dir='ltr' id='par_1_69' title="bbox 1305 5482 2877 5565">
     <span class='ocr_line' id='line_1_69' title="bbox 1305 5482 2877 5565; baseline -0.008 -20"><span class='ocrx_word' id='word_1_897' title='bbox 1305 5497 1440 5565; x_wconf 73' lang='lat' dir='ltr'>illa;</span> <span class='ocrx_word' id='word_1_898' title='bbox 1504 5498 1778 5556; x_wconf 43' lang='lat' dir='ltr'>Hebraeus</span> <span class='ocrx_word' id='word_1_899' title='bbox 1887 5490 2099 5551; x_wconf 76' lang='lat' dir='ltr'>serunt,</span> <span class='ocrx_word' id='word_1_900' title='bbox 2124 5483 2540 5549; x_wconf 77' lang='lat' dir='ltr'>succenderunt,</span> <span class='ocrx_word' id='word_1_901' title='bbox 2572 5482 2877 5537; x_wconf 70' lang='lat' dir='ltr'>duxerunt.</span> 
     </span>
    </p>
   </div>
   <div class='ocr_carea' id='block_1_70' title="bbox 171 5560 3536 5641">
    <p class='ocr_par' dir='ltr' id='par_1_70' title="bbox 171 5560 3536 5641">
     <span class='ocr_line' id='line_1_70' title="bbox 171 5560 3536 5641; baseline 0.006 -23"><span class='ocrx_word' id='word_1_902' title='bbox 171 5560 460 5641; x_wconf 64' lang='lat' dir='ltr'>atrumque</span> <span class='ocrx_word' id='word_1_903' title='bbox 488 5567 683 5638; x_wconf 88' lang='lat' dir='ltr'>habet,</span> <span class='ocrx_word' id='word_1_904' title='bbox 714 5573 770 5624; x_wconf 88' lang='lat' dir='ltr'>et</span> <span class='ocrx_word' id='word_1_905' title='bbox 799 5560 912 5641; x_wconf 73' lang='lat' dir='ltr'>tota</span> <span class='ocrx_word' id='word_1_906' title='bbox 941 5566 1040 5623; x_wconf 80' lang='lat' dir='ltr'>die</span> <span class='ocrx_word' id='word_1_907' title='bbox 1067 5568 1193 5641; x_wconf 74' lang='lat' dir='ltr'>illa,</span> <span class='ocrx_word' id='word_1_908' title='bbox 1223 5574 1280 5622; x_wconf 76' lang='lat' dir='ltr'>et</span> <span class='ocrx_word' id='word_1_909' title='bbox 1310 5560 1623 5641; x_wconf 45' lang='lat' dir='ltr'>tota&#39;nocte.</span> <span class='ocrx_word' id='word_1_910' title='bbox 1649 5572 1782 5629; x_wconf 85' lang='lat' dir='ltr'>Mox</span> <span class='ocrx_word' id='word_1_911' title='bbox 1896 5640 1899 5641; x_wconf 17' lang='grc' dir='ltr'><em>ν</em></span> <span class='ocrx_word' id='word_1_912' title='bbox 1960 5580 1983 5614; x_wconf 75' lang='grc' dir='ltr'>ι</span> <span class='ocrx_word' id='word_1_913' title='bbox 2009 5570 2232 5626; x_wconf 88' lang='lat' dir='ltr'>Nomen</span> <span class='ocrx_word' id='word_1_914' title='bbox 2265 5571 2564 5635; x_wconf 65' lang='lat' dir='ltr'>Dominus,</span> <span class='ocrx_word' id='word_1_915' title='bbox 2596 5584 2786 5639; x_wconf 88' lang='lat' dir='ltr'>neque</span> <span class='ocrx_word' id='word_1_916' title='bbox 2817 5582 2930 5621; x_wconf 66' lang='lat' dir='ltr'>ms.</span> <span class='ocrx_word' id='word_1_917' title='bbox 2977 5564 3294 5621; x_wconf 67' lang='lat' dir='ltr'>VGPODBDS-</span> <span class='ocrx_word' id='word_1_918' title='bbox 3344 5580 3536 5641; x_wconf 65' lang='lat' dir='ltr'><strong>neque</strong></span> 
     </span>
    </p>
   </div>
   <div class='ocr_carea' id='block_1_71' title="bbox 172 5636 2798 5714">
    <p class='ocr_par' dir='ltr' id='par_1_71' title="bbox 172 5636 2798 5714">
     <span class='ocr_line' id='line_1_71' title="bbox 172 5636 2798 5714; baseline 0 -19"><span class='ocrx_word' id='word_1_919' title='bbox 172 5640 379 5703; x_wconf 65' lang='lat' dir='ltr'>quoque</span> <span class='ocrx_word' id='word_1_920' title='bbox 407 5636 566 5696; x_wconf 88' lang='lat' dir='ltr'>idem</span> <span class='ocrx_word' id='word_1_921' title='bbox 593 5636 701 5699; x_wconf 86' lang='lat' dir='ltr'>ms.</span> <span class='ocrx_word' id='word_1_922' title='bbox 734 5639 951 5710; x_wconf 87' lang='lat' dir='ltr'>verbis,</span> <span class='ocrx_word' id='word_1_923' title='bbox 976 5647 1030 5695; x_wconf 77' lang='lat' dir='ltr'>et</span> <span class='ocrx_word' id='word_1_924' title='bbox 1058 5639 1201 5696; x_wconf 76' lang='lat' dir='ltr'>vidit</span> <span class='ocrx_word' id='word_1_925' title='bbox 1229 5638 1383 5713; x_wconf 77' lang='lat' dir='ltr'>quia,</span> <span class='ocrx_word' id='word_1_926' title='bbox 1425 5644 1781 5713; x_wconf 66' lang='lat' dir='ltr'>pratermis-</span> <span class='ocrx_word' id='word_1_927' title='bbox 1889 5640 2017 5714; x_wconf 85' lang='lat' dir='ltr'>ipse</span> <span class='ocrx_word' id='word_1_928' title='bbox 2045 5641 2220 5699; x_wconf 84' lang='lat' dir='ltr'>Hebr.</span> <span class='ocrx_word' id='word_1_929' title='bbox 2252 5647 2448 5700; x_wconf 78' lang='lat' dir='ltr'>textus</span> <span class='ocrx_word' id='word_1_930' title='bbox 2479 5642 2575 5698; x_wconf 86' lang='lat' dir='ltr'>hic</span> <span class='ocrx_word' id='word_1_931' title='bbox 2606 5636 2798 5697; x_wconf 81' lang='lat' dir='ltr'>habet.</span> 
     </span>
    </p>
   </div>
  </div>
