3982 6178
452 287 560 342 663

1483 293 1540 345 8.
1584 290 1992 347 HIERONYMI
2032 287 2284 343 DIVINA
2330 285 2825 341 BIBLIOTHRCA.
3725 283 3813 338 664

450 409 704 467 transire
734 425 848 466 non
882 411 1150 482 poterant
1181 413 1500 468 torrentem
1531 411 1711 469 Besor
1739 409 2099 484 [h.quijussi
2128 409 2184 477 Α
2215 411 2272 463 et
2299 407 2564 480 iniquus,
2594 407 2665 462 de
2692 405 2837 461 viris
2867 405 2965 478 qui
2995 405 3183 461 ierant
3232 421 3364 461 cum
3412 404 3586 460 David
3633 405 3759 461 dixit
3803 425 3813 462 :

453 499 688 556 fuerant
718 517 790 556 ne
821 499 1141 555 transirent
1171 505 1486 557 torrentem
1518 503 1737 574 Besor].
1774 507 1836 557 Et
1867 502 2098 558 invene-

452 593 591 643 runt
618 587 810 642 virum
843 589 1175 660 Egyptium
1209 590 1265 644 in
1299 607 1464 663 agro,
1485 596 1541 646 et
1566 593 1936 648 adduxerunt
1967 605 2101 646 eum

452 677 525 732 ad
559 677 731 732 David
768 693 781 730 :
814 677 1223 751 dederuntque
1253 679 1305 735 ei
1338 697 1549 752 panem
1584 687 1646 737 ut
1673 682 2022 750 comederet,
2046 684 2104 735 et

449 763 677 820 biberet
709 780 948 836 aquam,
983 767 1084 822 sed
1117 773 1174 823 et
1206 769 1470 840 fragmen
1503 787 1708 826 massas
1753 770 2102 839 caricarum,

449 858 508 908 et
536 853 685 910 duas
717 853 1004 926 ligaturas
1037 855 1120 928 [h.
1151 859 1298 914 duas
1329 858 1556 930 passas]
1585 875 1704 915 ova:
1735 875 1942 932 passae.
1968 859 2105 922 Quae

423 958 586 998 tcum
619 943 994 1012 comedisset,
1029 961 1298 1002 reversus
1329 951 1420 1002 est
1449 948 1693 1019 spiritus
1721 949 1872 1019 ejus,
1912 951 1969 1003 et
2012 963 2105 1002 re-

452 1029 750 1087 focillatus
779 1037 870 1088 est
903 1048 919 1087 :
953 1050 1070 1088 non
1101 1034 1257 1090 enim
1291 1036 1624 1092 comederat
1654 1053 1882 1108 panem,
1917 1050 2105 1106 neque

449 1118 681 1175 biberat
708 1137 944 1191 aquam,
981 1123 1176 1179 tribus
1210 1123 1418 1180 diebus
1463 1129 1520 1181 et
1566 1125 1759 1181 tribus
1808 1125 2101 1180 noctibus.

450 1207 606 1264 Dixit
630 1209 828 1281 itaque
859 1211 910 1266 ei
942 1213 1117 1267 David
1155 1229 1168 1268 :
1203 1213 1385 1283 Cujus
1417 1230 1479 1269 es
1510 1219 1572 1269 tu
1598 1213 1620 1268 Ρ
1649 1214 1736 1270 vel
1769 1214 1968 1270 unde?
1989 1229 2103 1285 quo

452 1298 692 1369 pergis?
721 1299 802 1368 [h.
837 1315 952 1354 non
987 1300 1183 1370 habet,
1216 1319 1332 1373 quo
1365 1303 1617 1376 pergis?]
1650 1304 1757 1369 Qui
1792 1303 1874 1358 ait
1905 1320 1918 1358 :
1955 1307 2106 1358 Puer

452 1388 758 1460 Egyptius
789 1405 894 1460 ego
927 1407 1082 1456 sum,
1115 1407 1321 1447 servus
1351 1393 1460 1448 viri
1490 1391 1827 1448 Amalecitas
1855 1411 1868 1448 :
1892 1391 2104 1448 dereli-

453 1476 583 1548 quit
612 1481 809 1533 autem
843 1495 936 1534 me
967 1479 1244 1535 dominus
1279 1482 1616 1553 meus,quia
1646 1487 1927 1554 aegrotare
1957 1481 2103 1552 σαξρὶ

453 1565 1213 1638 nudiustertius.Siquidem
1239 1586 1346 1625 nos
1368 1571 1673 1642 erupimus
1697 1572 1767 1626 ad
1784 1569 2104 1626 australem

453 1659 684 1728 partem
714 1655 895 1728 [Vulg.
927 1655 1183 1729 plagam]
1217 1657 1511 1730 Cherethi,
1544 1664 1601 1715 et
1631 1668 1830 1716 contra
1865 1659 2102 1730 Judam,

453 1747 511 1844 et
539 1745 969 1854 adnmeridiem
1007 1746 1286 1854 Ehaljeb,‘
1313 1752 1368 1802 et
1416 1748 1640 1821 Siceleg
1683 1749 2100 1854 succepdimus
2131 1788 2178 1854 Β

453 1832 599 1905 igni.
620 1833 889 1905 Dixitque
919 1835 970 1890 ei
1007 1834 1179 1890 David
1206 1852 1218 1891 :
1247 1837 1416 1893 Potes
1447 1855 1540 1894 me
1569 1839 1782 1895 ducere
1814 1840 1884 1894 ad
1918 1839 2099 1894 istum

453 1923 749 1978 cuneum?
781 1923 886 1988 Qui
920 1923 1002 1978 ait
1034 1941 1046 1979 :
1078 1923 1220 1980 Jura
1256 1925 1399 1980 mihi
1430 1943 1530 1998 per
1560 1928 1763 1994 Deum,
1796 1929 1949 1999 quod
1985 1944 2101 1983 non

451 2012 684 2066 occidas
716 2027 830 2079 me,
863 2016 920 2067 et
951 2029 1066 2068 non
1098 2015 1295 2069 tradas
1327 2031 1420 2070 me
1468 2016 1528 2070 in
1579 2032 1820 2072 manum
1877 2017 2100 2073 domini

452 2101 591 2167 mei,
621 2104 678 2154 et
708 2100 918 2154 ducam
953 2105 1009 2156 te
1063 2101 1133 2155 ad
1185 2119 1438 2158 cuneum
1487 2103 1666 2158 istum
1721 2108 1760 2159 ί.
1813 2105 1920 2171 Qui
1967 2122 2099 2161 cum

453 2187 719 2242 duxisset
749 2203 1055 2255 eum,ecce
1087 2187 1173 2244 illi
1205 2191 1660 2248 discumbebant
1688 2210 1868 2266 super
1893 2194 2100 2249 faciem

455 2275 741 2330 universa).
771 2280 960 2344 terrae,
995 2278 1366 2334 comedentes
1399 2284 1455 2334 et
1497 2281 1784 2352 bibentes,
1835 2286 1893 2337 et
1935 2282 2102 2353 quasi

455 2363 670 2418 festum
703 2363 1068 2421 celebrantes
1098 2367 1252 2421 diem
1286 2364 1366 2430 [h.
1402 2385 1518 2425 non
1551 2370 1745 2438 habet,
1769 2371 1971 2442 diem],
1999 2389 2101 2444 pro

455 2457 668 2508 cuncta
713 2454 928 2524 prada,
974 2458 1031 2509 et
1079 2455 1284 2526 spoliis
1331 2474 1457 2529 qua
1509 2465 1781 2531 ceperant
1828 2462 1898 2516 de
1947 2466 2103 2516 terra

450 2540 887 2607 Philisthim,et
919 2543 990 2597 de
1021 2547 1176 2598 terra
1203 2543 1449 2602 Juda.Et
1478 2548 1766 2620 percussit
1795 2565 1890 2605 eos
1923 2550 2100 2605 David

453 2647 486 2686 a
519 2647 752 2702 vespere
785 2648 972 2702 usque
1004 2633 1072 2687 ad
1106 2649 1408 2706 vesperam
1441 2637 1683 2692 alterius
1715 2638 1854 2704 diei,
1884 2643 1942 2694 et
1985 2655 2101 2694 non

452 2720 636 2775 evasit
665 2736 733 2775 ex
761 2719 846 2776 eis
877 2721 1216 2793 quisquam,
1242 2724 1353 2780 nisi
1382 2726 1799 2799 quadringenti
1830 2727 1935 2783 viri
1962 2730 2102 2783 ado-

454 2808 763 2874 lescentes,
798 2810 900 2882 qui
949 2813 1333 2868 ascenderant
1379 2815 1657 2887 camelos,
1707 2821 1764 2872 et
1811 2817 2100 2891 fugerant.

453 2898 613 2952 Eruil
647 2914 783 2971 ergo
816 2898 995 2954 David
1031 2901 1226 2956 omnia
1266 2919 1394 2973 quas
1443 2903 1699 2960 tulerant
1746 2905 2100 2975 Amalecitaa,

455 2991 513 3042 et
544 2987 692 3042 duas
724 3004 933 3044 uxores
965 3005 1104 3044 suas
1157 2991 1325 3046 eruit.
1379 2992 1492 3047 Nec
1545 2993 1729 3049 deluit
1777 2995 2101 3067 quidquam

452 3074 926 3148 [ms.quisquam]
960 3094 993 3132 a
1022 3095 1203 3149 parvo
1235 3096 1425 3151 usque
1454 3081 1524 3136 ad
1560 3089 2001 3154 magnum,tam
2031 3085 2102 3139 de

2211 497 2354 563 Quia
2403 514 2518 552 non
2569 500 2856 552 venerunt
2902 495 3233 563 nobiscum,
3283 511 3397 549 non
3447 494 3703 550 dabimus
3745 499 3811 553 eis

2211 587 2535 657 quidquam
2569 587 2639 640 de
2666 585 2861 658 prada
2891 599 3066 655 quam
3107 583 3370 638 eruimus
3400 599 3413 637 :
3449 584 3545 638 sed
3593 584 3815 640 sufﬁciat

2214 675 2534 747 unicuique
2565 691 2710 730 uxor
2740 690 2850 729 sua
2879 678 2938 728 et
2966 673 3070 728 ﬁlii
3105 690 3118 728 :
3154 689 3301 745 quos
3331 688 3464 728 cum
3505 674 3813 744 acceperint,

2213 767 2506 822 recedant.
2545 765 2695 822 Dixit
2727 769 2922 822 autem
2959 764 3132 820 David
3171 781 3183 820 :
3218 763 3342 820 Non
3375 764 3457 820 sic
3489 764 3816 829 tacietis,lra-

2212 860 2331 912 tres
2355 855 2490 923 mei,
2520 856 2589 910 de
2613 855 2704 910 his
2727 872 2857 927 quae
2877 853 3119 910 tradidit
3138 854 3423 910 Dominus
3447 853 3628 922 nobis,
3657 857 3707 908 et
3730 869 3816 908 cu-

2213 945 2454 1000 stodivit
2484 961 2611 1013 nos,
2633 949 2688 1000 et
2713 945 2875 1001 dedit
2906 943 3270 1000 latrunculos
3292 943 3392 1015 qui
3413 947 3708 1015 eruperant
3732 943 3815 996 ad-

2211 1049 2446 1089 versum
2481 1049 2587 1089 nos
2635 1033 2694 1088 in
2749 1050 2962 1089 manus
3012 1037 3246 1089 nostras
3298 1048 3311 1086 :
3363 1046 3467 1087 nec
3514 1029 3696 1085 audiet
3735 1047 3813 1086 vos

2213 1121 2526 1193 quisquam
2560 1139 2738 1194 super
2787 1137 3055 1178 sermone
3104 1121 3235 1176 hoc.
3280 1121 3465 1191 [Eque
3509 1117 3653 1174 enim
3706 1135 3812 1189 pars

2213 1210 2322 1266 erit
2361 1211 2768 1268 descendentis
2817 1212 2887 1266 ad
2939 1209 3228 1282 praelium,
3283 1215 3340 1264 et
3381 1206 3714 1263 remanentis
3754 1207 3809 1262 ad

2212 1300 2496 1370 sarcinas,
2531 1303 2587 1356 et
2616 1299 2889 1355 similiter
2917 1300 3179 1354 dividant
3206 1298 3290 1370 [h.
3325 1295 3502 1352 simul
3550 1294 3810 1366 dividant].

2211 1389 2282 1444 Et
2313 1389 2530 1444 factum
2565 1394 2654 1444 est
2685 1389 2792 1444 hoc
2824 1405 2891 1444 ex
2923 1389 3015 1444 die
3047 1387 3168 1455 illa,
3193 1392 3249 1442 et
3271 1387 3546 1457 deinceps
3567 1385 3809 1439 constitu-

2212 1483 2337 1534 tum
2367 1483 2424 1534 et
2448 1479 2821 1550 praeﬁnitum,
2849 1482 2906 1534 et
2935 1478 3102 1549 quasi
3136 1477 3226 1532 lex
3259 1477 3318 1532 in
3352 1476 3524 1531 lsrael
3557 1490 3724 1546 usque
3765 1473 3811 1528 in

2213 1567 2368 1622 diem
2400 1567 2570 1622 hanc.
2604 1569 2777 1624 Venit
2808 1583 2944 1640 ergo
2975 1565 3154 1622 David
3189 1565 3248 1620 in
3296 1563 3535 1635 Siceleg,
3582 1567 3636 1618 et
3680 1560 3813 1617 misit

2213 1657 2366 1712 dona
2418 1657 2499 1728 [h.
2547 1674 2658 1713 non
2710 1657 2869 1714 habet
2923 1655 3098 1728 dona]
3145 1655 3216 1711 de
3266 1654 3464 1727 praeda
3521 1651 3810 1708 senioribus

2210 1745 2364 1802 Juda
2385 1745 2665 1818 proximis
2689 1747 2815 1802 suis
2836 1746 3037 1801 dicens
3071 1762 3083 1801 :
3110 1744 3365 1815 Accipite
3386 1740 3806 1798 benedictionem

2215 1834 2291 1901 [h.
2325 1839 2467 1890 Ecce
2496 1835 2661 1891 vobis
2693 1834 3041 1905 benedictio]
3075 1834 3145 1889 de
3197 1833 3390 1905 prada
3442 1830 3680 1886 hostium
3723 1829 3812 1884 Do-

2213 1924 2358 1978 mini
2391 1940 2405 1978 :
2439 1924 2532 1980 his
2562 1925 2662 1995 qui
2689 1928 2858 1980 erant
2886 1923 2944 1978 in
2979 1923 3244 1992 Beth-El,
3276 1926 3336 1978 et
3365 1920 3464 1992 qui
3493 1919 3550 1974 in
3597 1915 3808 1974 Ramotb

2215 2013 2339 2085 [ms.
2373 2012 2644 2084 Ramath]
2677 2014 2748 2068 ad
2781 2012 3109 2078 meridiem,
3142 2015 3199 2065 et
3229 2010 3328 2081 qui
3361 2011 3416 2064 in
3445 2007 3707 2071 Jether,et
3730 2004 3812 2077 qui

2211 2103 2271 2157 in
2306 2108 2504 2169 Aroer,
2537 2108 2592 2158 et
2623 2102 2721 2174 qui
2753 2102 2812 2158 in
2845 2100 3222 2173 Sephamoth,
3247 2105 3305 2155 et
3336 2099 3434 2171 qui
3467 2099 3522 2152 in
3555 2096 3810 2161 Esthama,

2211 2196 2268 2247 et
2293 2192 2394 2263 qui
2425 2192 2482 2246 in
2518 2191 2760 2256 Rachel,
2789 2196 2845 2246 et
2875 2190 2968 2263 qui
3003 2189 3060 2244 in
3095 2189 3344 2244 urbibus
3369 2184 3704 2252 Jerameli,et
3728 2182 3808 2254 qui

2212 2281 2270 2336 in
2308 2281 2554 2336 urbibus
2586 2280 2740 2348 Ceni,
2774 2284 2833 2335 et
2861 2281 2960 2350 qui
2993 2279 3047 2333 in
3093 2281 3303 2333 Arama
3354 2278 3474 2348 [ms.
3525 2273 3727 2344 Rama],
3768 2276 3811 2326 et

2211 2370 2308 2440 qui
2332 2370 2389 2424 in
2417 2369 2542 2425 lacu
2567 2372 2808 2436 Asan,et
2835 2369 2934 2441 qui
2961 2369 3018 2423 in
3042 2366 3296 2436 Athach,
3317 2371 3373 2421 ct
3394 2365 3490 2438 qui
3516 2363 3569 2418 in
3597 2361 3808 2423 Hebron.

2212 2462 2267 2514 et
2298 2457 2541 2528 reliquis
2571 2457 2670 2528 qui
2706 2461 2871 2512 erant
2901 2456 2958 2511 in
2990 2456 3084 2511 his
3114 2455 3503 2527 locis,quibus
3533 2464 3809 2507 commora.

2210 2550 2308 2601 tus
2339 2547 2528 2600 fuerat
2556 2546 2735 2601 David
2771 2546 2914 2617 ipse,
2947 2550 3003 2600 et
3027 2544 3133 2599 viri
3166 2546 3319 2616 ejus.

2281 2633 2434 2704 [Cap.
2471 2635 2710 2707 XXXI.]
2745 2634 3078 2690 Philisthim
3111 2641 3311 2692 autem
3358 2634 3685 2708 pugnabant
3723 2631 3808 2686 ad-

2210 2740 2441 2780 versum
2477 2725 2744 2780 Israelzet
2777 2725 3051 2797 fugerunt
3080 2725 3186 2780 viri
3236 2725 3416 2781 Israel
3467 2729 3593 2781 ante
3637 2720 3805 2777 faciem

2212 2813 2570 2884 Philisthim,
2602 2819 2656 2868 et
2689 2813 3026 2870 ceciderunt
3067 2813 3360 2870 interfecti
3413 2814 3493 2886 [h.
3541 2807 3807 2876 vulnerati]

2212 2901 2272 2957 ln
2303 2908 2498 2958 monte
2521 2903 2752 2959 Gelhoe.
2781 2903 3201 2974 Irrueruntque
3232 2903 3561 2959 Philisthim
3592 2903 3646 2956 in
3675 2897 3809 2965 Saul,

2210 2995 2268 3047 et
2298 2991 2354 3046 in
2391 2991 2545 3048 ﬁlios
2570 2993 2724 3063 ejus,
2755 2997 2810 3047 et
2842 2998 3259 3063 percusserunt
3287 2993 3594 3059 Jonathan,
3620 2994 3671 3046 et
3701 2987 3810 3041 Abi-

2213 3081 2425 3147 nadab,
2459 3084 2515 3135 et
2548 3079 2882 3146 Melchisue,
2919 3081 3070 3137 ﬁlios
3100 3079 3261 3138 Saul.
3298 3083 3381 3153 [T.
3418 3077 3687 3143 LXXXII]
3728 3076 3811 3130 To-

456 3163 594 3218 ﬁliis
627 3181 802 3235 quam
835 3166 906 3220 de
940 3166 1192 3238 ﬁliabus,
1221 3174 1277 3224 et
1307 3170 1378 3225 de
1407 3170 1633 3240 spoliis;
1653 3177 1710 3226 et
1740 3189 2104 3245 quaecunque
2136 3157 2178 3224 C
2217 3173 2461 3241 tumque
2494 3169 2722 3240 pondus
2755 3168 2935 3241 praelii
2965 3185 3196 3225 versum
3233 3177 3324 3226 est
3353 3171 3409 3225 in
3445 3168 3572 3225 Saul
3617 3167 3690 3239 [h.
3731 3180 3810 3235 sg-

454 3257 794 3324 rapuerant,
817 3253 1018 3309 omnia
1046 3256 1279 3310 reduxit
1304 3259 1501 3313 David.
1537 3260 1603 3314 Et
1633 3260 1768 3316 tulit
1799 3261 2105 3318 universos

455 3357 660 3414 greges
692 3347 751 3396 et
784 3347 1068 3412 armenta,
1103 3348 1160 3398 et
1191 3345 1432 3402 minavit
1462 3352 1597 3403 ante
1630 3349 1831 3405 faciem
1866 3367 2036 3406 suam
2087 3371 2102 3409 :

457 3429 851 3502 dixeruntque
890 3449 902 3486 :
936 3436 1069 3487 Haec
1099 3438 1188 3488 est
1222 3435 1416 3505 praeda
1448 3437 1641 3492 David.
1693 3438 1860 3493 Venit
1907 3444 2101 3494 autem

461 3519 636 3574 David
673 3521 743 3574 ad
779 3519 1063 3576 ducentos
1095 3521 1251 3578 viros
1280 3525 1383 3594 qui
1430 3523 1570 3581 lassi
1621 3527 2014 3583 substiterant
2060 3529 2104 3595 9,

459 3621 566 3662 nec
598 3607 767 3679 sequi
800 3612 1114 3679 potuerant
1148 3611 1350 3679 David,
1377 3617 1434 3667 et
1464 3615 1718 3670 residere
1765 3631 1864 3670 eos
1905 3616 2107 3686 jusse-

456 3700 551 3751 rat
581 3696 662 3768 [h.
701 3696 801 3768 qui
828 3696 984 3767 jussi
1016 3698 1249 3755 fuerant
1281 3717 1351 3756 ne
1383 3709 1691 3774 pergerent
1719 3720 1852 3758 cum
1884 3704 2062 3760 David
2089 3721 2101 3759 :

456 3789 514 3840 et
543 3785 800 3840 residere
831 3787 1280 3863 eosjusserant]
1312 3791 1369 3844 in
1420 3796 1678 3848 torrente
1727 3794 1900 3849 Besor
1949 3811 1962 3849 :
2007 3795 2108 3867 qui

455 3875 676 3946 egressi
709 3881 851 3931 sunt
881 3877 1108 3932 obviam
1141 3879 1319 3934 David
1353 3884 1411 3935 et
1441 3880 1785 3954 populo,qui
1818 3888 1941 3939 erat
1972 3901 2105 3939 cum

456 3979 545 4019 eo.
577 3965 879 4021 Accedens
911 3972 1107 4022 autem
1142 3968 1321 4024 David
1351 3971 1422 4025 ad
1479 3971 1786 4043 populum,
1831 3973 2108 4029 salutavit

460 4069 560 4110 eos
591 4053 854 4125 paciﬁce.
891 4055 1389 4131 Respondensque
1437 4060 1631 4118 omnis
1677 4061 1768 4117 vir
1813 4062 2106 4135 pessimus

534 4254 549 4327 ξ
583 4251 826 4308 Addunt
857 4251 1111 4326 Vulgati,
1146 4259 1220 4312 Et
1251 4259 1462 4327 iuravit
1488 4260 1541 4314 ei
1569 4261 1764 4316 David.

533 4326 554 4360 ³
586 4328 800 4396 Auctor
829 4327 1217 4396 quaestionum
1251 4326 1351 4386 aeu
1383 4331 1763 4387 traditionum
1795 4333 2107 4388 Hebraica-

461 4409 592 4473 rum
616 4393 871 4473 in_lib_ros
891 4397 1114 4469 Regum
1133 4417 1246 4456 non
1265 4403 1473 4473 probat
1487 4403 1754 4459 Latinam
1778 4405 2107 4460 versionem

462 4464 643 4542 hujus
671 4465 805 4542 loci,
849 4464 1024 4542 quam
1075 4464 1433 4542 negat.esse
1481 4476 1920 4531 convenientem
1972 4493 2106 4532 cum

459 4529 633 4609 Hebr.
665 4529 1187 4609 veritate,dicensu:
1222 4567 1250 4595 «
1283 4545 1424 4601 Cum
1462 4545 1519 4600 in
1557 4529 1776 4601 Latinis
1809 4529 2114 4603 codicibus
2143 4529 2189 4594 Π

461 4607 1223 4689 ξθεεὶιξιοδᾳεερεηυοεᾷαω
1257 4616 1591 4672 substitisse
1623 4619 1692 4673 ad
1723 4621 2017 4689 sarcinas;
2051 4625 2108 4676 et

460 4678 727 4761 in'HOebr.
761 4678 1065 4761 habeatur,
1089 4687 1297 4755 jussus
1327 4689 1509 4744 fuisse
1549 4695 1612 4744 ut
1662 4678 2105 4747 residerent'ad

461 4753 930 4832 sarcinaszlocus
961 4753 1059 4832 hic
1087 4753 1398 4830 monstrat,
1429 4761 1772 4832 Hebraicam
1804 4764 2104 4819 veritatem

462 4822 521 4876 in
551 4821 661 4906 hoc
693 4827 858 4906 sequi
890 4827 1260 4906 debere,quae
1291 4821 1404 4906 non
1440 4831 1758 4906 lassos,sed
1781 4835 1985 4905 jussos
2019 4852 2104 4891 re-

463 4898 753 4970 mansisse
781 4898 850 4952 ad
887 4898 1171 4970 sarcinas,
1202 4903 1346 4959 dicit
1376 4905 1579 4960 fuisse.
1611 4906 1705 4960 Ait
1751 4898 1908 4962 enim
1960 4908 2040 4962 ita
2091 4923 2103 4960 :

461 4967 638 5048 [Eque
658 4984 791 5048 pars
820 4969 929 5048 erit
953 4967 1329 5048 descendentis
1370 4977 1441 5031 ad
1487 4977 1770 5048 praelium,
1819 4987 1872 5033 et
1921 4994 2107 5034 rema-

459 5040 640 5116 nentis
669 5039 740 5116 ad
769 5045 1042 5102 sarcinas.
1074 5046 1199 5101 Non
1231 5046 1312 5101 ait
1342 5062 1355 5101 :
1392 5039 1499 5116 Qui
1546 5049 1684 5104 lassi
1725 5039 2109 5106 remanserunt

458 5108 856 5189 ad_sarcinas_:
888 5117 1028 5186 quia
1057 5118 1107 5172 si
1156 5117 1300 5174 lassi
1350 5108 1796 5189 remansissent,
1832 5121 1994 5177 nulla
2024 5121 2108 5176 eis

459 5181 875 5264 debereturde
904 5181 1119 5264 praedis
1149 5190 1356 5264 portio.
1382 5214 1420 5264 _»
1455 5197 1528 5247 At
1561 5209 1700 5264 pace
1732 5181 1846 5248 non
1889 5192 2106 5248 indocti

461 5253 644 5336 hujus
673 5253 980 5336 scriptoris
1011 5253 1212 5336 dicere
1235 5262 1322 5336 fas
1345 5262 1440 5332 sit,
1473 5253 1691 5335 optime
1721 5263 1831 5336 legi
1858 5265 1913 5319 in
1950 5264 2108 5319 Lati-

463 5326 556 5405 nis_
585 5326 890 5405 codicibus
915 5331 1083 5405 juxta
1106 5326 1451 5405 AHebraicam
1485 5326 1812 5405 veritatem“,
1849 5336 1954 5404 Qui
1981 5337 2112 5391 lassi

460 5397 852 5478 substiterant,
873 5397 1244 5478 etc1Verbum
1278 5404 1443 5478 enim
1463 5415 1592 5478 πλε)
1621 5397 1885 5478 ρὶρρενῖιιξ
1907 5407 2110 5463 Latine

463 5469 750 5548 redditur,
784 5472 922 5548 lassi
947 5474 1202 5546 fuerunt,
1234 5475 1321 5531 vel
1359 5476 1572 5532 debiles
1614 5469 1750 5548 Ῑαὶιῖί
1797 5469 1942 5546 sunt,
1993 5479 2110 5534 sive

458 5540 632 5594 etiam
655 5541 930 5623 pigriores
947 5540 1326 5620 fuerunt,praa
1343 5548 1477 5604 ﬁcta
1493 5540 1717 5606 scilicet
1737 5540 2108 5623 lassitudine,

454 5627 636 5684 quam
666 5613 1048 5690 simulabant,
1067 5636 1139 5677 ne
1163 5613 1471 5694 pergerent
1489 5636 1625 5686 cum
1649 5613 2108 5680 David.Praater1

2213 3264 2515 3328 gravatum
2541 3263 2629 3313 est
2652 3258 2826 3314 etiam
2852 3257 3114 3331 praelium
3143 3259 3201 3314 in
3227 3260 3391 3332 Saul]
3424 3277 3437 3315 :
3471 3264 3526 3314 et
3555 3253 3809 3314 consecuti

2215 3352 2354 3402 sunt
2375 3363 2506 3403 eum
2532 3347 2640 3402 viri
2671 3348 2981 3420 sagittarii,
2997 3352 3053 3404 et
3073 3348 3419 3405 vulneratus
3440 3354 3525 3405 est
3543 3347 3807 3403 vehemen-

2214 3440 2302 3490 ter
2323 3453 2355 3492 a
2376 3437 2998 3509 sagittariis.Dixitque
3019 3437 3159 3494 Saul
3183 3439 3252 3494 ad
3279 3439 3624 3512 armigerum
3647 3448 3807 3492 suum:

2214 3526 2472 3597 Evagina
2501 3525 2764 3598 gladium
2795 3531 2989 3594 tuum,
3018 3532 3076 3582 et
3104 3533 3347 3598 percute
3391 3544 3482 3582 me
3532 3545 3544 3583 :
3591 3541 3656 3582 ne
3696 3525 3810 3578 forte

2213 3614 2450 3670 veniant
2481 3614 2879 3671 incircumcisi
2904 3616 3003 3672 isti
3037 3620 3093 3671 et
3138 3616 3513 3673 interfeciant
3559 3631 3660 3681 me,
3701 3610 3811 3667 illu-

2215 3703 2419 3759 dentes
2452 3704 2616 3758 mihi.
2651 3709 2716 3758 Et
2749 3704 2936 3760 noluit
2967 3707 3222 3778 armiger
3265 3708 3418 3778 ejus,
3469 3707 3644 3761 fuerat
3684 3700 3811 3757 enim

2216 3792 2399 3848 nimio
2430 3793 2638 3849 timore
2661 3794 3025 3865 perterritus.
3061 3795 3328 3866 Arripuit
3353 3797 3547 3867 itaque
3575 3791 3694 3848 Saul
3721 3794 3813 3860 gla-

2215 3882 2401 3948 dium,
2451 3887 2509 3937 et
2560 3882 2729 3937 irruit
2774 3900 2951 3954 super
3006 3900 3162 3940 eum.
3212 3886 3373 3949 Quod
3443 3900 3569 3940 cum
3612 3879 3812 3936 vidisset

2216 3970 2471 4041 armiger
2501 3971 2648 4042 ejus,
2680 3971 2949 4028 videlicet
2980 3973 3133 4043 quod
3177 3979 3453 4029 mortuus
3499 3975 3643 4028 esset
3683 3963 3811 4026 Sauly

2215 4059 2388 4115 irruit
2417 4060 2592 4115 etiam
2623 4059 2750 4132 ipse
2779 4077 2956 4133 super
2985 4061 3248 4134 gladium
3282 4080 3480 4129 suum,
3510 4068 3564 4118 et
3591 4062 3815 4115 mortuus

2215 4273 2284 4332 ea
2307 4273 2439 4313 cum
2468 4257 2643 4332 David
2661 4257 2905 4332 jusserit
2927 4257 3306 4332 eosgres’idere
3330 4261 3401 4316 ad
3419 4257 3813 4332 impedimenta.

2217 4329 2272 4411 id
2309 4335 2420 4411 est,
2451 4331 2521 4411 a_d
2555 4325 2837 4397 sarcinas,
2864 4331 3000 4411 jure
3031 4330 3380 4411 bellantium
3416 4325 3594 4411 portio
3618 4325 3815 4411 praeda!

2217 4401 2301 4456 eis
2333 4402 2676 4468 debebatur,
2711 4401 2978 4472 quamvis
3011 4403 3252 4458 obtentu
3307 4401 3659 4459 lassitudinis
3697 4411 3814 4450 verre

2220 4476 2324 4527 aut
2357 4475 2500 4548 fictae
2533 4475 3038 4548 remansissentin
3073 4480 3329 4548 torrente
3364 4475 3552 4530 Besor.
3576 4474 3814 4548 Ceterum

2221 4543 2511 4616 peculiare
2542 4549 2631 4599 est
2661 4545 2926 4616 scriptori
2953 4547 3078 4616 jam
3115 4545 3375 4610 laudato,
3407 4554 3576 4616 atque
3600 4540 3812 4598 scholia-

2218 4615 2292 4690 sti
2344 4616 2598 4690 Cimonis
2649 4615 3272 4681 Hebraicm’veritatis,
3328 4623 3392 4672 ut
3440 4615 3663 4690 verbum
3705 4619 3810 4690 11,15

2214 4686 2468 4765 piggeru,
2490 4687 2965 4765 interpretentur
2998 4691 3151 4758 jussi
3195 4692 3442 4765 fuerunt.
3470 4688 3658 4765 _Ne_mo
3685 4686 3812 4765 enim

2217 4758 2328 4826 est,
2353 4759 2506 4829 quod
2539 4758 2826 4830 sciamus,
2860 4759 3228 4815 llebrmorum
3263 4766 3364 4814 aut
3393 4758 3811 4814 hebraizantium

2219 4830 2736 4903 recentiorum.qui
2771 4831 3109 4902 hujusmodi
3143 4831 3810 4903 signiﬁcantiamexpres-

2219 4901 2360 4956 serit
2390 4901 3489 4982 ως,ταᾴἰρθῇλξλίρίθρεῃθὶνθίρζιᾳᾳαν,ο
3513 4901 3613 4982 sed
3643 4907 3811 4982 omnes

2219 4973 2667 5028 consentiuntin
2685 4971 2949 5030 Latinam
2966 4971 3494 5044 interpretationem
3511 4971 3809 5038 Hieronymi-

2221 5045 2405 5121 Igitur
2434 5061 2548 5100 non
2581 5045 2987 5116 improbabilia
3009 5045 3252 5121 exsistit
3283 5047 3626 5121 conjectura,
3656 5050 3806 5121 unum

2219 5117 2610 5189 eumdemque
2660 5124 2955 5174 auctorem
3008 5117 3286 5189 habuisse
3348 5117 3808 5189 questionesjtlm

2221 5189 2388 5267 dicta:
2409 5187 2476 5267 in
2505 5182 2696 5267 libros
2717 5190 2979 5267 Regum,_
3015 5195 3071 5267 et
3105 5188 3342 5267 scholia
3363 5182 3805 5267 "CanonisdHebr:

2218 5260 2483 5340 veritatis
2494 5278 2528 5340 §_
2545 5260 2981 5340 maxime—quod
3034 5265 3219 5316 totum
3273 5277 3444 5340 opus
3466 5260 3809 5340 quaestionum

2223 5350 2324 5388 seu
2360 5332 2740 5410 traditionum
2774 5333 3190 5410 Hebraicarum
3223 5335 3550 5410 contextum
3594 5332 3810 5410 inventa"

2224 5410 2378 5481 ture
2409 5403 2648 5481 scholiis
2681 5404 3108 5481 marginalibus
3129 5405 3387 5474 ejusdem
3412 5401 3648 5481 Canonis
3667 5395 3810 5481 Hebr:

2225 5475 2508 5532 veritatis.
2547 5476 2785 5548 Recolat
2814 5493 2881 5532 ea
2909 5475 3092 5532 lector
3122 5492 3250 5548 qua»
3295 5491 3472 5547 supra
3511 5475 3811 5542 scripsimus

2223 5548 2282 5603 in
2319 5548 2538 5605 nostris
2565 5547 3038 5621 Prolegomenis.
3057 5547 3233 5604 Msn'r.
