3982 6178
206 330 302 383 665

1513 334 1727 386 LIBER
1777 334 1827 385 ΙΙ
1864 335 2249 388 SAMUELIS.

3485 329 3592 384 666

203 464 279 513 est
309 471 436 510 cum
478 471 561 510 eo.
610 453 878 509 Mortuus
924 458 1012 509 est
1063 469 1200 526 ergo
1232 453 1396 521 Saul,
1427 459 1485 510 et
1544 458 1663 510 tres
1722 453 1826 509 ﬁlii
1858 458 1909 522 Α
1941 459 2102 510 retur
2133 455 2193 510 in
2225 455 2443 528 templo
2476 454 2768 512 idolorum
2802 470 3050 510 suorum
3083 457 3124 523 ¹,
3157 454 3210 510 ei
3241 455 3300 510 in
3335 453 3592 527 populis.

202 548 336 616 ejus,
367 549 422 600 et
452 543 705 615 armiger
733 542 918 613 illius,
964 547 1022 598 et
1056 544 1309 598 universi
1345 543 1450 598 viri
1485 544 1612 613 ejus
1644 543 1702 598 in
1736 543 1829 599 die

203 635 287 690 illa
317 634 539 706 pariler.
602 632 884 689 Videntes
912 638 1105 689 autem
1139 633 1244 688 viri
1281 633 1481 702 Israel,
1532 633 1630 705 qui
1663 637 1829 689 erant

198 729 345 778 trans
372 721 602 790 vallem,
631 725 687 777 et
719 726 883 777 trans
931 721 1272 789 Jordanem,
1325 722 1483 793 quod
1537 722 1830 794 fugissent

198 812 292 866 viri
319 810 608 877 Israelitze,
643 816 700 866 et
748 813 900 882 quod
939 817 1209 867 mortuus
1258 816 1414 868 esset
1461 811 1600 866 Saul
1633 817 1690 867 et
1720 811 1824 866 ﬁlii

195 902 326 970 ejus,
361 899 722 972 reliquerunt
751 901 1016 956 civitates
1049 917 1187 956 suas
1220 907 1274 955 et
1306 901 1584 973 fugerunt
1615 917 1826 956 :vene-

194 994 426 1060 runtque
446 989 866 1055 Pbilislhim,et
885 989 1298 1045 habitaverunt
1323 988 1604 1045 ibi.Facta
1627 995 1822 1045 autem

192 1077 274 1132 die
313 1077 513 1148 altera,
552 1082 836 1134 venerant
905 1078 1262 1149 Philisthim,
1311 1084 1374 1134 ut
1426 1078 1824 1150 exspoliarent

191 1166 532 1234 interfectos,
573 1172 631 1222 et
663 1167 1015 1222 invenerunt
1065 1167 1205 1223 Saul
1239 1174 1295 1224 et
1342 1172 1462 1223 tres
1507 1167 1661 1223 ﬁlios
1692 1170 1823 1237 ejus

181 1257 428 1327 jacentes
462 1257 520 1310 in
568 1262 766 1311 monte
819 1256 1052 1312 Gelboe.
1109 1257 1177 1311 Et
1228 1257 1615 1329 praeciderunt
1647 1263 1824 1328 caput

185 1344 393 1410 Saul,et
419 1344 894 1416 exspoliaverunt
924 1362 1058 1401 eum
1093 1345 1275 1402 armis
1309 1364 1321 1402 :
1358 1351 1414 1402 et
1447 1347 1738 1402 miserunt
1760 1347 1820 1402 in

185 1437 382 1490 terram
418 1434 901 1490 Philisthinorum
920 1451 1023 1506 per
1052 1434 1384 1504 circuitum,
1414 1441 1478 1490 ut
1511 1435 1819 1491 annuntia-

1941 548 2013 598 Et
2046 550 2369 615 posuerunt
2389 561 2549 601 arma
2581 546 2709 616 ejus
2744 545 2799 598 in
2821 545 3040 616 templo
3072 544 3599 616 Astaroth,corpus

1939 648 2076 689 vero
2109 637 2548 706 suspenderunt
2581 634 2639 688 in
2677 651 2846 689 muro
2897 633 3212 690 Beth-San.
3266 635 3428 699 Quod
3461 649 3595 689 cum

1937 723 2242 779 audissent
2289 723 2651 779 habitatores
2680 722 2855 779 Jabes
2889 723 3589 794 Galaad,quaacunque[h.

1938 827 2048 868 non
2099 813 2260 868 habet
2306 811 2560 884 cunque]
2595 813 2851 868 fecerant
2893 811 3229 867 Philisthim
3266 811 3427 879 Saul,
3461 829 3592 867 sur-

1939 906 2209 957 rexerunt
2244 918 2448 958 omnes
2493 901 2602 956 viri
2651 901 2981 968 fortissimi,
3035 906 3093 957 et
3139 900 3595 957 ambulaverunt

1935 993 2058 1044 tota
2090 995 2278 1057 nocte,
2313 995 2370 1045 et
2399 989 2662 1044 tulerunt
2709 990 2953 1045 cadaver
2993 989 3153 1055 Saul,
3202 994 3258 1044 et
3306 989 3591 1045 cadavera

1935 1076 2188 1133 ﬁliorum
2217 1079 2444 1149 ejus,de
2459 1095 2627 1134 muro
2642 1078 2934 1135 Both-Sen
2955 1087 3384 1148 :veneruntque
3403 1077 3580 1133 Jabes

1933 1169 2120 1237 [Vulg.
2159 1168 2284 1223 add.
2342 1168 2610 1240 Galaad],
2663 1173 2720 1224 et
2765 1169 3227 1224 combusserunt
3273 1168 3440 1223 eaibi
3477 1184 3490 1222 :
3523 1171 3584 1222 et

1931 1255 2194 1312 tulerunt
2225 1275 2360 1313 ossa
2387 1274 2612 1327 eorum,
2645 1263 2702 1313 et
2730 1255 3092 1328 sepelierunt
3121 1257 3180 1311 in
3234 1257 3582 1312 nemoreJa-

1931 1345 2052 1412 bes,
2086 1352 2144 1400 et
2165 1346 2587 1417 jejunaverunt
2616 1353 2835 1418 septem
2868 1347 3097 1403 diebus.

247 1560 262 1592 ¹
290 1562 460 1614 Tacet
488 1558 811 1615 Veronens.
839 1576 952 1615 ms.
983 1576 1230 1626 suorum,
1266 1560 1421 1633 quod
1455 1564 1652 1616 tamen
1687 1560 1851 1616 addit
1877 1560 2156 1616 Hebraeus
2187 1564 2401 1616 textus.

1284 1830 1610 1916 LIBER
1675 1829 1748 1915 II
1823 1829 2386 1917 SAMUELIS
2431 1821 2482 1918 ¹.

239 2151 385 2221 [ϐαρ.
421 2151 494 2226 1.]
531 2153 768 2210 Factum
796 2160 886 2210 est
916 2161 1135 2222 autem,
1185 2163 1497 2229 postquam
1534 2161 1802 2213 mortuus
1832 2161 1879 2226 B
1911 2157 2171 2213 sciebam
2190 2158 2347 2213 enim
2372 2159 2526 2229 quod
2547 2158 2735 2214 vivere
2758 2176 2871 2214 non
2897 2163 3129 2230 poterat
3162 2164 3292 2231 post
3320 2160 3576 2225 ruinam.

179 2247 254 2295 est
276 2241 428 2312 Saul,
464 2247 535 2298 ut
566 2243 748 2298 David
782 2251 1167 2300 reverteretur
1196 2265 1228 2301 a
1277 2249 1432 2302 caede
1464 2247 1722 2313 Amalec,
1755 2254 1813 2304 et

181 2337 423 2386 maneret
455 2333 519 2386 in
555 2331 780 2404 Siceleg
808 2334 933 2390 dies
964 2337 1132 2390 duos.
1169 2336 1232 2390 In
1265 2337 1358 2390 die
1391 2341 1586 2392 autem
1621 2338 1812 2406 tertia,

182 2422 434 2492 apparuit
466 2423 648 2476 homo
679 2424 917 2480 veniens
949 2426 1019 2480 de
1051 2430 1260 2483 castris
1292 2427 1454 2490 Saul.
1485 2435 1645 2484 veste
1677 2445 1812 2483 con-

181 2509 426 2577 scissa,et
451 2510 695 2583 pulvere
724 2528 1004 2584 aspersus
1036 2521 1236 2586 caput,
1253 2521 1309 2571 et
1332 2522 1396 2570 ut
1427 2517 1583 2572 venit
1613 2519 1685 2572 ad
1709 2521 1813 2572 Da-

181 2599 280 2664 vid,
312 2601 529 2656 cecidit
559 2617 734 2670 super
763 2602 970 2658 faciem
1003 2621 1200 2673 suam,
1231 2610 1288 2659 et
1317 2607 1598 2660 adoravit.
1631 2607 1816 2662 Dixit-

182 2703 280 2757 que
308 2690 373 2742 ad
409 2706 553 2744 eum
582 2691 763 2746 David
795 2708 808 2746 :
842 2691 1006 2748 Unde
1037 2693 1246 2748 venis?
1275 2694 1380 2759 Qui
1413 2695 1492 2749 ait
1523 2695 1594 2750 ad
1628 2711 1764 2750 eum
1798 2711 1812 2750 :

181 2779 246 2831 De
269 2781 475 2834 castris
506 2780 686 2835 Israel
709 2780 927 2852 lugi.Et
955 2782 1101 2836 dixit
1130 2783 1202 2836 ad
1234 2799 1368 2838 eum
1403 2782 1576 2838 David
1605 2801 1618 2847 ;
1651 2784 1814 2848 Quod

183 2870 258 2920 est
283 2869 529 2924 verbum
563 2870 718 2939 quod
750 2870 968 2924 factum
993 2870 1130 2925 est?
1161 2871 1356 2927 indica
1386 2872 1551 2927 mihi.
1582 2874 1688 2939 Qui
1711 2873 1812 2927 ait:

183 2953 332 3027 Fugit
384 2956 649 3029 populus
698 2974 765 3013 ex
812 2959 1033 3030 praelio,
1082 2964 1138 3014 et
1195 2961 1367 3015 multi
1417 2966 1756 3016 corruentes
1787 2977 1818 3016 e

181 3045 376 3114 populo
408 3046 635 3101 mortui
669 3053 828 3114 sunt,
861 3049 958 3103 sed
993 3052 1050 3102 et
1078 3048 1215 3103 Saul
1247 3055 1303 3103 et
1340 3049 1632 3104 Jonathan
1657 3049 1819 3105 filius

181 3133 294 3200 ejus
323 3135 700 3192 interierunt.
735 3136 1008 3208 Dixitque
1041 3137 1214 3192 David
1262 3139 1333 3192 ad
1385 3138 1815 3194 adolescentem

181 3219 251 3287 [h.
284 3224 581 3294 puerum],
634 3225 732 3297 qui
784 3224 1096 3281 nuntiabat
1137 3226 1187 3281 ei
1243 3243 1256 3282 :
1317 3226 1480 3282 Unde
1530 3227 1644 3282 scis
1677 3228 1818 3299 quia

180 3317 429 3368 mortuus
457 3317 557 3368 est
587 3312 746 3376 Saul,
789 3319 846 3369 et
890 3314 1183 3369 Jonathan
1236 3315 1390 3370 ﬁlius
1424 3317 1550 3386 ejus
1579 3317 1607 3371 ‘I
1640 3318 1708 3372 Et
1737 3319 1818 3373 ait

182 3398 537 3466 adolescens,
570 3403 670 3472 qui
706 3403 986 3457 narrabat
1011 3402 1079 3459 ei.
1103 3405 1254 3460 Casu
1285 3405 1415 3459 veni
1449 3407 1506 3460 in
1557 3411 1816 3462 montem

178 3486 391 3560 Gelboe,
425 3495 488 3545 et
519 3491 654 3545 Saul
703 3491 1081 3591 incumbebat
1127 3510 1304 3564 super
1355 3494 1585 3550 hastam
1619 3511 1812 3565 suam,
1843 3528 1886 3595 Ο

181 3592 332 3646 porro
362 3596 582 3634 currus
630 3586 688 3635 et
735 3580 963 3652 equites
1012 3583 1567 3654 appropinquabant
1597 3585 1647 3638 ei
1681 3584 1722 3652 ²,
1754 3589 1812 3639 et

178 3682 478 3725 conversus
517 3673 649 3740 post
678 3674 905 3740 tergum
926 3672 1448 3744 suum,vidensque
1480 3690 1572 3727 me
1593 3674 1819 3730 vocavit

178 3755 266 3810 Cui
320 3774 454 3814 cum
525 3759 961 3829 respondissem
1027 3778 1041 3816 :
1102 3761 1350 3826 Adsum,
1401 3761 1548 3816 dixit
1596 3761 1744 3817 mihi
1799 3779 1813 3817 :

178 3844 440 3908 Quisnam
477 3863 544 3902 es
577 3852 634 3901 tu
669 3847 697 3902 ?
726 3851 793 3902 Et
823 3849 914 3903 aio
945 3849 1015 3904 ad
1057 3865 1192 3904 eum
1229 3867 1240 3905 :
1275 3849 1628 3906 Amaleeites
1658 3868 1813 3908 sum.

177 3932 236 3988 Et
262 3935 498 3992 locutus
529 3943 621 3992 est
651 3936 794 3992 mihi
819 3953 833 3993 :
865 3942 964 3992 Sta
986 3955 1164 4010 super
1188 3955 1300 4006 me,
1325 3945 1382 3995 et
1411 3939 1674 3996 interﬁce
1699 3957 1806 4009 me,

177 4026 440 4094 quoniam
476 4030 684 4081 tenent
714 4041 807 4082 me
833 4029 1143 4099 angustiae,
1167 4033 1225 4084 et
1244 4028 1437 4083 adhuc
1467 4034 1591 4084 tota
1618 4029 1817 4085 anima

179 4127 292 4168 mea
320 4115 378 4170 in
411 4131 515 4171 me
543 4119 653 4171 est.
685 4119 973 4187 Stansque
1003 4133 1178 4188 super
1199 4133 1355 4185 eum,
1387 4118 1570 4174 occidi
1605 4117 1813 4176 illum:

244 4277 262 4351 ξ
289 4273 600 4351 Menethic
622 4275 968 4351 scholiastes
993 4282 1502 4351 noster,quantum
1527 4280 1814 4351 conjicere

184 4345 335 4423 nobis
366 4346 508 4423 licet
537 4363 605 4402 ex
636 4347 730 4423 his
762 4347 1085 4423 litterarum
1114 4345 1414 4423 vestigiis,
1449 4353 1604 4423 apud
1633 4345 1811 4408 Hebr.

184 4416 418 4480 primum
449 4419 744 4475 Samuelis
767 4418 982 4474 librum
1005 4416 1324 4476 indivisum
1340 4439 1468 4478 esse
1489 4416 1526 4477 a
1557 4425 1814 4480 secundo

264 4497 431 4565 antea
461 4491 666 4565 docuit
716 4491 779 4565 δε
826 4491 1214 4565 Hieronymus
1263 4493 1320 4548 in
1374 4496 1711 4564 praefatione
1742 4497 1812 4550 ad

182 4555 344 4615 libros
366 4562 608 4617 Samuel
640 4567 699 4617 et
729 4555 1134 4625 Malachimjid
1167 4570 1256 4620 est
1285 4567 1354 4620 ad
1376 4555 1606 4636 'Regum
1633 4567 1814 4624 libros

182 4638 421 4706 quatuor
456 4651 469 4687 :
501 4649 870 4706 quanquam,
907 4641 980 4706 ut
1034 4637 1156 4706 ipse
1197 4636 1411 4692 ibidem
1457 4639 1746 4704 observat,
1781 4656 1815 4694 a

182 4703 463 4776 plerisque
498 4703 632 4759 libri
667 4703 748 4758 illi
784 4703 1449 4775 duplices—haberentur.
1484 4713 1679 4765 Canon
1716 4703 1814 4766 lle-

185 4772 382 4848 braicaa'
401 4775 669 4830 veritatis
703 4792 803 4848 pro
837 4772 952 4832 uno
982 4777 1157 4834 habet
1186 4781 1332 4835 duos
1361 4780 1544 4836 libros
1573 4786 1813 4838 Samue-

184 4843 265 4910 lis,
290 4854 350 4900 ut
381 4849 638 4918 probant
667 4843 1056 4920 capitulorum
1091 4851 1214 4906 sive
1245 4852 1552 4908 titulorum
1586 4854 1814 4910 numeri

186 4930 291 4972 una
315 4935 380 4973 ac
413 4921 694 4975 continua
724 4920 872 4975 serie
904 4922 1184 4977 adnotati.
1221 4923 1408 4978 MART.

246 5019 309 5068 -—_-
337 4989 514 5068 Nulla
544 4991 989 5068 inscriptio,nee
1021 4993 1137 5068 alia
1165 4993 1563 5050 distinctionis
1589 5012 1622 5051 a
1643 5013 1816 5068 supe-

185 5057 308 5141 riori
337 5061 660 5141 libi-onata
778 5057 1221 5141 Veronensi‘est
1259 5083 1392 5141 ms.,
1445 5083 1621 5141 quam
1663 5057 1817 5140 quod

188 5133 385 5211 prioris
418 5134 598 5211 hujus
623 5136 796 5211 verba
827 5135 1008 5211 minio
1027 5137 1227 5193 infecit
1249 5133 1822 5211 antiquarius,q'uiet

193 5203 755 5282 adnotavit'inhlibri
807 5207 961 5282 albo,
1012 5203 1820 5282 Infantiquisexemplaribus

187 5271 264 5351 {ita
303 5278 509 5343 incipit
541 5277 699 5351 ilifber
745 5271 1033 5334 secundas.
1086 5271 1306 5351 Nempe
1368 5271 1698 5338 versionum
1752 5299 1821 5339 ex

187 5343 370 5425 Graeco
393 5350 700 5425 tGJvALXX,
754 5356 1061 5425 quassate
1110 5343 1615 5425 Hieronymianam
1664 5355 1818 5409 obti-

188 5417 664 5496 neba_nt,antiqua
688 5417 1044 5496 exemplaria
1061 5432 1224 5479 vocat
1240 5441 1253 5479 :
1281 5417 1590 5496 m'onetque
1612 5425 1818 5482 iisdem

189 5491 390 5560 verbis,
423 5493 483 5546 in
513 5491 658 5549 nova
686 5491 970 5560 versione,
1004 5511 1180 5560 quam
1231 5513 1298 5551 ex
1351 5491 1587 5553 Hebraeo
1616 5498 1820 5554 Hiero-

192 5565 620 5638 nymus_cudi_t,
656 5570 971 5638 nosterque
1019 5565 1113 5622 hic
1159 5567 1392 5624 exhibet
1447 5585 1584 5636 ms.,
1633 5586 1817 5626 unum

193 5645 311 5688 esse
356 5634 428 5690 ad
476 5634 770 5710 archetypi
817 5634 1088 5696 normam
1141 5639 1398 5697 Samueli
1449 5634 1818 5703 librum.ld-

1925 2251 1980 2301 ct
2011 2246 2117 2301 tuli
2151 2247 2426 2302 diadema
2456 2248 2610 2318 quod
2643 2251 2767 2303 erat
2797 2249 2856 2302 in
2893 2250 3082 2319 capite
3115 2250 3266 2320 ejus,
3290 2254 3345 2304 et
3372 2248 3576 2304 armil-

1921 2334 2038 2390 lam
2059 2337 2130 2390 de
2152 2335 2390 2390 brachio
2415 2335 2658 2403 illius,et
2679 2337 2850 2392 attuli
2879 2339 2949 2393 ad
2970 2343 3024 2393 te
3045 2338 3352 2393 dominum
3375 2353 3572 2394 meum

1924 2424 2060 2479 huc.
2096 2425 2550 2496 Apprehendens
2599 2431 2796 2481 autem
2842 2426 3022 2481 David
3067 2427 3420 2482 vestimenta
3469 2443 3576 2482 sua

1924 2514 2120 2578 scidit,
2154 2529 2472 2584 omnesque
2501 2514 2607 2568 viri
2639 2515 2738 2585 qui
2771 2521 2937 2570 erant
2967 2532 3100 2570 cum
3132 2531 3220 2580 eo,
3252 2521 3308 2571 et
3338 2515 3576 2586 planxe-

1926 2608 2088 2667 runt,
2120 2606 2177 2656 et
2228 2603 2529 2668 fleverunt,
2585 2609 2642 2657 et
2677 2603 3097 2673 jejunaverunt
3147 2619 3333 2673 usque
3364 2605 3434 2658 ad
3470 2621 3569 2658 ve-

1925 2707 2157 2762 speram
2190 2707 2368 2762 super
2398 2691 2561 2758 Saul,
2584 2696 2642 2746 et
2674 2708 2850 2762 super
2878 2692 3172 2747 Jonathan
3206 2692 3394 2748 ﬁlium
3419 2694 3572 2763 ejus,

1928 2783 1986 2835 et
2015 2795 2194 2850 super
2225 2778 2506 2850 pop'ulum
2545 2780 2857 2848 Domini,et
2889 2796 3067 2850 super
3091 2781 3332 2835 domum
3365 2780 3570 2851 Israel,

1927 2868 2082 2939 quod
2135 2869 2494 2922 corruissent
2541 2867 2756 2939 gladio.
2806 2868 2883 2938 [T.
2936 2868 3254 2939 LXXXIll.]
3300 2869 3576 2941 Dixitque

1929 2956 2107 3010 David
2141 2958 2209 3012 ad
2236 2957 2510 3026 juvenem
2563 2957 2663 3026 qui
2717 2957 3086 3012 nuntiaverat
3133 2957 3185 3012 ei
3218 2973 3232 3012 :
3267 2957 3430 3013 Unde
3460 2975 3520 3014 es
3547 2959 3574 3014 ‘I

1927 3044 2035 3110 Qui
2068 3044 2412 3115 respondit:
2453 3043 2634 3099 Filius
2666 3044 2924 3100 hominis
2964 3045 3198 3100 advenas
3247 3045 3574 3102 Amaleeitaa

1926 3149 2032 3205 ego
2066 3137 2290 3188 sum.Et
2311 3134 2392 3188 ait
2423 3133 2494 3188 ad
2529 3149 2662 3188 eum
2694 3133 2874 3188 David
2911 3151 2924 3190 :
2958 3135 3147 3198 Quare
3178 3151 3293 3190 non
3321 3135 3575 3191 timuisti

1928 3223 2160 3278 mittere
2193 3239 2432 3277 manum
2481 3229 2642 3278 tuam
2694 3227 2756 3277 ut
2801 3223 3094 3279 occideres
3145 3225 3431 3280 cbristum
3465 3229 3576 3280 Do-

1927 3311 2072 3366 mini
2101 3312 2129 3366 ?
2150 3311 2495 3382 Vocansque
2526 3311 2696 3366 David
2728 3328 2909 3367 unum
2935 3313 3006 3367 de
3031 3313 3229 3383 pueris
3250 3309 3570 3385 [Vulg,add.

1928 3400 2096 3468 suis],
2129 3401 2212 3456 ait
2244 3417 2256 3454 :
2293 3402 2588 3456 Accedens
2634 3401 2790 3456 irrue
2823 3401 2879 3455 in
2912 3418 3066 3457 eum.
3117 3403 3223 3467 Qui
3281 3404 3574 3474 percussit

1924 3507 2082 3560 eum,
2114 3495 2172 3545 et
2202 3494 2471 3546 mortuus
2500 3493 2681 3545 est.Et
2711 3490 2882 3546 aitad
2913 3506 3046 3546 eum
3078 3492 3253 3547 David
3283 3493 3572 3565 :Sanguis

1925 3583 2066 3633 tuus
2095 3595 2274 3647 super
2323 3583 2499 3649 caput
2538 3582 2841 3634 tuumzos
2889 3579 3044 3634 enim
3088 3584 3256 3634 tuum
3308 3580 3571 3636 locutum

1927 3672 2016 3722 est
2046 3667 2352 3722 adversum
2392 3673 2468 3737 te,
2517 3667 2720 3722 dicens
2753 3684 2766 3722 :
2802 3667 2919 3739 Ego
2967 3668 3231 3724 interfeci
3280 3669 3572 3725 cbristum

1924 3755 2178 3811 Domini.
2217 3755 2440 3810 Planxit
2471 3759 2664 3810 autem
2690 3756 2869 3810 David
2905 3757 3206 3827 planctum
3239 3757 3321 3830 [h.
3353 3757 3576 3828 planxit

1926 3850 2121 3900 autem
2145 3843 2326 3899 David
2356 3843 3222 3914 lamentatione[hujuscemodi
3241 3862 3414 3916 super
3433 3845 3573 3902 Saul

1925 3936 1985 3988 et
2014 3947 2190 4003 super
2244 3931 2542 3986 Jonathan
2594 3931 2780 3986 ﬁlium
2822 3933 2968 4002 ejus.
3031 3934 3123 4004 [Et
3178 3934 3454 4005 pracepit
3512 3939 3577 3989 ut

1925 4020 2203 4075 docerent
2232 4018 2384 4074 ﬁlios
2423 4019 2576 4074 Juda
2606 4035 2830 4086 areum,
2879 4021 3034 4076 sicut
3082 4022 3366 4092 scriptum
3394 4027 3482 4078 est
3514 4023 3572 4077 in

1923 4106 2075 4164 libro
2103 4109 2407 4164 Justorum
2436 4107 2458 4143 ³
2488 4107 2568 4180 [h.
2603 4107 2667 4162 Et
2697 4107 2862 4175 dixit,
2887 4113 2950 4164 ut
2979 4111 3210 4167 doceret
3239 4110 3391 4167 ﬁlios
3420 4111 3576 4167 Juda

1925 4287 2120 4360 ipsum
2155 4285 2838 4360 monuissescholiastes
2871 4286 3236 4360 vnluit,quod
3269 4290 3574 4346 etMartia-

1927 4357 2087 4414 naeus
2118 4358 2518 4430 adnotationis
2570 4357 2841 4429 vestigiis
2901 4357 3175 4430 conjec—it.
3231 4361 3342 4416 Sed
3401 4367 3460 4417 et
3515 4363 3571 4418 S.

1927 4431 2251 4504 ipseiPater
2280 4429 2432 4504 idem
2479 4429 2539 4484 in
2590 4429 3095 4504 prologoudocuit,
3147 4432 3413 4504 nihilque
3459 4434 3574 4488 fere

1926 4501 2014 4558 est
2043 4501 2312 4566 dubium,
2349 4502 2564 4572 rejecta
2594 4501 2779 4556 veteri
2817 4502 3213 4572 distinctione,
3260 4501 3350 4559 sui
3402 4503 3571 4560 illum

1926 4572 2279 4644 exemplaris
2327 4575 2539 4628 seriem
2584 4573 2981 4629 continuasse.
3024 4575 3139 4630 Nec
3192 4590 3321 4630 eam
3376 4580 3568 4632 tamen

1927 4660 2199 4701 revocare
2231 4661 2386 4699 nunc
2417 4645 2657 4716 demum
2697 4649 2797 4716 est
2838 4647 3095 4716 animus,
3145 4647 3247 4701 sed
3293 4645 3571 4704 lectorem

1925 4718 2036 4773 hac
2068 4717 2140 4771 de
2170 4732 2229 4771 re
2261 4717 2562 4771 monuisse
2594 4715 2669 4770 sit
2692 4715 2858 4772 satis.

1997 4789 2018 4822 ³
2047 4788 2173 4842 Non
2203 4787 2378 4844 habet
2405 4787 2458 4843 ei
2486 4787 2952 4859 Veronens.ms.,
2985 4789 3140 4860 quod
3172 4791 3370 4845 tamen
3393 4790 3449 4846 in
3471 4792 3574 4848 He-

1928 4860 2082 4915 braeo
2105 4863 2296 4913 sonat.

1969 4877 2082 4915 raso
2105 4863 2296 4913 sonat.

1842 4902 1893 4965 Ι)
1930 4902 2044 5004 ξ’ίῖ
2047 4902 2315 4985 13ίέἇὲιῆ
2364 4930 2548 5004 (ligus
2590 4929 2722 4985 edit.
2769 4931 2871 5004 col.
2921 4930 3028 5004 525
3075 4936 3187 4987 not.
3241 4933 3281 5004 ι)
3332 4933 3467 5003 quid
3501 4935 3570 4988 de

1928 5001 2074 5074 libro
2100 5005 2395 5074 Justorum
2425 5001 2658 5074 Hieron.
2678 5001 2980 5074 scripserit
3013 5019 3026 5059 :
3061 5001 3572 5074 quoniam—autem

1931 5073 2113 5144 plura
2132 5073 2324 5128 adhuc
2355 5073 2426 5128 de
2457 5073 2660 5129 eodem
2692 5073 2991 5130 volumine
3024 5073 3130 5132 hec
3170 5077 3294 5133 loco
3325 5077 3574 5132 dicenda

1931 5143 2639 5220 promisimus,_superest
2657 5149 2744 5220 _ut
2790 5147 3010 5220 Raban.
3069 5148 3338 5204 Maurum
3385 5148 3574 5220 capite

1932 5215 1950 5271 i
1981 5221 2312 5274 Comment.
2346 5216 2403 5271 in
2435 5215 2488 5272 II
2521 5215 2621 5271 lib.
2657 5217 2880 5287 Regum
2916 5217 2996 5273 ita
3048 5219 3433 5275 disserentem
3457 5215 3574 5274 'au-

1931 5289 2164 5345 diamus
2195 5307 2208 5345 :
2252 5311 2276 5341 u
2301 5288 2464 5361 Quod
2495 5304 2631 5361 vero
2663 5290 2950 5361 sequitur,
2984 5289 3199 5361 inquit,
3233 5292 3386 5346 sicut
3425 5292 3571 5346 scri-

1973 5364 2097 5433 tum
2124 5365 2213 5417 est
2262 5361 2322 5414 in
2371 5359 2520 5416 libro
2569 5359 2900 5427 Justorum,
2949 5359 3083 5416 etcf
3121 5362 3319 5433 Ipsum
3352 5362 3569 5418 librum

1973 5377 2097 5415 tum
2124 5377 2213 5417 est
2262 5377 2322 5414 1n
2371 5377 2520 5416 unro
2569 5377 2900 5427 Justorum,
2949 5377 3062 5416 ete.
3121 5377 3319 5433 ipsum
3352 5377 3569 5418 nurum

1930 5377 2102 5487 Eodie
2134 5447 2652 5504 nusquam,neque
2668 5433 2825 5504 apud
2850 5435 3008 5504 ipsos
3030 5433 3300 5489 Hebreos
3326 5434 3574 5490 inveniri

1929 5520 2099 5574 posse
2130 5511 2502 5570 asseverant;
2537 5505 2695 5558 sicut
2726 5520 2830 5559 nec
2871 5504 3086 5558 librum
3135 5505 3426 5561 Bellorum
3460 5508 3568 5562 Do-

1927 5573 2275 5650 mini,eqjus
2298 5575 2355 5650 in
2379 5573 2526 5650 libro
2555 5574 2947 5650 Numerorum
2981 5576 3201 5650 mentio
3232 5581 3323 5632 est
3347 5593 3574 5650 {neque

1926 5644 2190 5704 carmina
2220 5645 2574 5716 Salomonis,
2624 5662 2815 5718 neque
2859 5644 3290 5718 disputationes
3319 5648 3448 5721 ejus
3471 5644 3573 5708 sa-
