3982 6178
177 311 267 366 669
1512 311 1719 363 LIBER
1759 313 1807 362 II
1842 307 2225 362 SAMUELIS.

3457 304 3564 360 670

177 441 353 492 autem
383 435 549 491 Asael
577 435 869 500 omittere,
893 434 1035 507 quin
1067 439 1272 508 ngeret
1317 449 1474 490 eum.
1509 434 1798 490 Rursum-
1829 433 1883 500 Α
1914 431 2034 487 ﬁlia
2065 432 2192 501 Aja.
2228 431 2500 504 Dixitque
2525 431 2880 489 Hisboseth’
2906 433 2976 488 ad
3004 432 3193 488 Abner
3218 450 3230 488 :
3257 432 3446 499 Quare
3467 430 3561 486 in-

178 542 291 598 qua:
312 524 538 580 locutus
570 529 660 580 est
688 525 883 581 Abner
910 525 982 580 ad
1012 523 1182 580 Asael
1217 541 1230 578 :
1267 526 1509 594 Recede,
1555 522 1674 579 noli
1707 539 1800 577 me

176 614 346 685 sequi,
396 629 467 668 ne
525 613 846 686 campellar
891 615 1204 670 confodere
1253 620 1310 668 te
1359 614 1418 667 in
1476 617 1714 680 terram,
1746 619 1802 666 et

174 701 348 758 levare
382 719 495 757 non
529 709 731 772 potero
761 703 966 759 faciem
999 719 1190 758 meam
1241 703 1313 758 ad
1359 701 1506 757 Joab
1558 702 1799 756 fratrem

173 799 346 848 tuum.
373 791 480 856 Qui
511 793 718 846 audire
757 792 1130 863 contempsit,
1163 795 1220 847 et
1250 790 1438 846 noluit
1484 788 1798 846 declinare.

176 883 251 953 [T.
281 879 621 952 LXXXVII.]
656 881 950 936 Percussit
1003 897 1109 952 ego
1163 898 1297 936 eum
1354 881 1550 935 Abner
1601 895 1803 934 aversa

176 970 333 1024 hasta
360 970 415 1023 in
448 968 786 1039 inguine,et
814 969 1132 1024 transfodit
1163 986 1295 1024 eum
1330 971 1452 1038 [ma
1478 973 1619 1024 tacet
1640 969 1795 1036 eum]

172 1063 226 1112 et
277 1063 541 1112 mortuus
599 1062 690 1113 est
746 1058 805 1112 in
863 1059 1066 1113 eodem
1123 1056 1250 1113 loco
1284 1075 1298 1113 :
1330 1073 1652 1128 omnesque
1701 1056 1799 1127 qui

131 1143 135 1146 ’
174 1145 494 1201 transibant
526 1162 629 1217 per
687 1148 877 1202 locum
908 1146 968 1201 in
1001 1163 1113 1216 quo
1170 1147 1460 1201 ceciderat
1515 1143 1686 1200 Asael
1745 1150 1803 1200 et

172 1241 427 1290 mortuus
458 1240 603 1301 erat,
631 1236 1055 1292 subsistebant.
1082 1234 1576 1306 Persequentibus
1607 1237 1800 1288 autem

168 1323 304 1378 Joab
334 1329 392 1378 et
419 1323 619 1378 Abisai
659 1323 977 1396 fugientem
1031 1324 1217 1379 Abner
1263 1324 1346 1395 [h.
1402 1329 1534 1395 post
1563 1322 1800 1392 Abner],

169 1411 247 1468 sol
277 1412 575 1478 occubuit,
603 1418 661 1468 et
691 1419 976 1468 venerunt
1035 1430 1224 1484 usque
1281 1413 1350 1468 ad
1385 1413 1602 1469 Collem
1637 1429 1802 1484 aquas

171 1503 392 1567 ductus,
428 1503 529 1572 qui
567 1507 657 1557 est
713 1520 780 1558 ex
827 1504 1069 1558 adverso
1115 1501 1284 1558 vallis
1331 1502 1559 1557 itineris
1589 1501 1802 1557 deserti

169 1591 222 1644 in
253 1589 508 1646 Gabaon.
543 1591 1005 1664 Congregatique
1053 1596 1192 1648 sunt
1239 1591 1342 1645 ﬁlii
1377 1592 1681 1662 Benjamin
1731 1591 1800 1644 ad

169 1679 371 1747 Abner,
440 1685 499 1735 et
545 1681 878 1753 conglobati
937 1683 1058 1750 [ma
1093 1680 1447 1751 congregati]
1501 1681 1556 1734 in
1619 1695 1802 1734 unum

171 1785 435 1836 cuneum,
467 1773 754 1825 steterunt
784 1771 839 1825 in
874 1771 1217 1826 summitate
1249 1769 1459 1824 tumuli
1494 1769 1689 1824 unius.
1732 1769 1802 1823 Et
1838 1804 1883 1868 Β

171 1854 510 1910 exclamavit
528 1857 720 1911 Abner
760 1859 829 1912 ad
873 1857 1017 1913 Joab
1050 1863 1108 1913 et
1137 1858 1219 1913 ait
1251 1873 1264 1912 :
1300 1857 1450 1913 Num
1499 1872 1684 1928 usque
1731 1858 1800 1910 ad

175 1935 624 1992 internecionem
686 1943 824 1994 tuus
866 1939 948 2010 [h.
981 1956 1100 1995 non
1154 1939 1313 1994 habet
1381 1939 1540 2010 tuus]
1599 1953 1804 1993 mucro

172 2025 477 2080 desaeviet?
507 2043 578 2081 an
612 2026 848 2098 ignoras
881 2029 1034 2100 quod
1082 2027 1411 2100 periculosa
1467 2029 1542 2083 sit
1596 2028 1806 2097 despe-

170 2114 351 2168 ratio?
393 2115 480 2186 [h.
513 2132 586 2170 an
644 2117 880 2188 ignoras
938 2118 1096 2188 quod
1155 2134 1390 2173 amarus
1446 2119 1556 2173 erit
1613 2116 1798 2182 ﬁnis?]

168 2218 466 2276 usquequo
495 2222 609 2260 non
643 2206 790 2260 dicis
848 2206 1085 2277 populo,
1144 2212 1207 2261 ut
1254 2206 1486 2262 omittat
1531 2206 1798 2277 persequi

165 2289 358 2346 fratres
387 2307 554 2362 suos,
612 2299 669 2348 et
724 2295 807 2349 ait
862 2295 1008 2350 Joab
1043 2311 1055 2350 :
1093 2295 1240 2352 Vivit
1290 2297 1439 2351 Deus
1469 2295 1517 2350 si
1567 2294 1799 2350 locutus

163 2378 362 2435 fuisses
394 2398 570 2437 mane
605 2383 942 2439 recessisset
989 2384 1240 2456 populus
1293 2400 1648 2455 persequens
1682 2384 1793 2437 fra-

162 2472 292 2522 trem
327 2486 530 2527 suum.
585 2471 848 2526 Insonuit
877 2489 1010 2544 ergo
1067 2473 1214 2528 Joab
1251 2473 1519 2538 buccina,
1546 2478 1604 2527 et
1634 2472 1797 2527 stetit

161 2557 342 2614 omnis
373 2560 666 2615 exercitus
721 2560 803 2633 [h.
866 2562 1162 2634 populus],
1197 2579 1301 2618 nec
1331 2561 1624 2633 persecuti
1654 2566 1794 2616 sunt

167 2644 303 2701 ultra
341 2647 543 2718 Israel,
577 2665 766 2721 neque
799 2651 981 2706 iniere
1011 2657 1324 2707 certamen.
1379 2652 1568 2706 Abner
1599 2655 1792 2705 autem

163 2738 213 2786 et
237 2736 340 2790 viri
364 2738 498 2808 ejus
522 2738 790 2794 abierunt
814 2756 918 2811 per
939 2740 1312 2812 campestria,
1336 2743 1458 2795 tota
1479 2743 1648 2795 nocte
1671 2737 1790 2805 illa,

161 2835 212 2885 et
231 2828 1004 2897 transieruntJordanem,et
1026 2829 1278 2885 lustrata
1292 2827 1792 2893 omniBeth-Uron,

162 2923 440 2973 venerunt
492 2917 562 2971 ad
613 2923 806 2972 castra
862 2918 955 2988 [ad
1014 2918 1356 2989 mahnaim].
1419 2923 1592 2972 Porro
1646 2917 1793 2973 Joab

162 3024 446 3073 reversus,
481 3007 701 3064 omisso
757 3009 974 3076 Abner,
1007 3010 1382 3080 congregavit
1422 3023 1656 3064 omnem
1691 3023 1790 3078 po-

164 3098 349 3168 pulum
404 3102 465 3152 et
507 3097 820 3153 defuerunt
878 3098 948 3152 de
1010 3097 1206 3167 pueris
1263 3097 1440 3152 David
1501 3097 1702 3152 decem
1735 3099 1794 3152 et

1909 536 2149 592 gressus
2181 537 2242 576 es
2274 522 2344 576 ad
2379 523 2768 578 concubinam
2803 522 2986 594 patris
3019 521 3173 577 mei?
3213 520 3322 586 Qui
3374 520 3562 574 iratus

1912 610 2090 664 nimis
2122 614 2356 680 propter
2382 610 2911 679 verbaHisboseth,
2936 611 3055 665 ait:
3082 609 3359 681 Nunquid
3384 612 3562 678 caput

1911 699 2073 752 canis
2095 714 2200 769 ego
2228 715 2360 753 sum
2404 700 2712 755 adversum
2735 700 2954 755 Judam
2978 699 3168 766 hodie,
3201 698 3301 768 qui
3323 697 3557 752 fecerim

1912 786 2373 841 misericordiam
2396 803 2573 858 super
2599 788 2861 843 domum.
2891 787 2975 859 [h.
3001 787 3174 842 hodie
3196 785 3303 841 feci
3334 785 3562 858 miseri-

1911 873 2170 930 cordiam
2201 891 2380 946 super
2427 875 2691 946 domum]
2725 875 2864 930 Saul
2900 874 3084 947 patris
3114 874 3222 943 tui,
3274 877 3333 929 et
3380 889 3560 943 super

1913 964 2118 1018 fratres
2141 968 2199 1018 et
2226 964 2520 1035 proximos
2541 963 2694 1033 ejus,
2722 969 2779 1019 et
2814 981 2931 1018 non
2957 963 3202 1018 tradidit
3223 967 3277 1018 te
3298 962 3356 1016 in
3376 978 3556 1016 manu

1912 1051 2212 1107 David:et
2262 1058 2327 1107 tu
2379 1052 2680 1123 requisisti
2711 1053 2770 1107 in
2806 1070 2896 1108 me
2926 1053 3080 1123 quod
3133 1067 3403 1121 argueres
3452 1066 3555 1121 pro

1914 1139 2157 1195 muliere
2172 1141 2373 1196 hodie?
2389 1146 2522 1196 Haec
2545 1141 2720 1196 faciat
2747 1142 2904 1196 Deus
2926 1141 3138 1209 Abner,
3161 1146 3219 1195 et
3240 1140 3359 1195 haec
3381 1139 3557 1194 addat

1911 1227 1984 1295 ei,
2011 1226 2123 1282 nisi
2146 1227 2441 1297 quomodo
2461 1228 2683 1297 juravit
2702 1227 2992 1283 Dominus
3015 1227 3213 1293 David,
3239 1226 3324 1280 sic
3347 1224 3555 1280 faciam

1911 1327 2045 1367 cum
2077 1330 2166 1382 eo,
2191 1320 2254 1369 ut
2284 1317 2674 1372 transferatur
2705 1332 2952 1389 regnum
2987 1317 3058 1372 de
3090 1316 3265 1370 domo
3296 1314 3458 1380 Saul,
3499 1316 3558 1367 et

1913 1400 2170 1458 elevetur
2197 1403 2447 1460 thronus
2480 1404 2658 1460 David
2691 1421 2868 1476 super
2897 1405 3100 1468 Israel,
3125 1410 3182 1459 et
3233 1420 3412 1474 super
3453 1403 3556 1458 Ju-

1914 1491 2074 1558 dam,
2109 1509 2141 1547 a
2174 1497 2290 1548 Dan
2325 1511 2512 1564 usque
2565 1495 2912 1550 Ber-Sabee.
2966 1495 3036 1548 Et
3067 1510 3181 1549 non
3235 1491 3424 1563 potuit
3463 1509 3556 1547 re-

1913 1581 2198 1650 spondere
2230 1583 2280 1636 ei
2314 1583 2660 1654 quidquam,
2695 1583 2830 1654 quia
2861 1583 3159 1638 metuebat
3187 1580 3375 1636 illum.
3398 1580 3559 1636 Misit

1913 1685 2048 1740 ergo
2079 1671 2267 1726 Abner
2286 1673 2526 1728 nuntios
2575 1673 2646 1726 ad
2699 1672 2875 1726 David
2907 1689 3010 1742 pro
3033 1688 3092 1727 se
3122 1672 3344 1726 dicens.
3377 1670 3557 1739 Cujus

1914 1765 2002 1814 est
2029 1765 2184 1814 terra
2204 1761 2230 1814 ?
2253 1761 2321 1815 Et
2351 1767 2414 1816 ut
2445 1760 2977 1832 loquerenturzFac
3002 1777 3230 1816 mecum
3264 1759 3556 1815 amicitias

1915 1848 2000 1919 [h.
2034 1849 2266 1918 foedus],
2316 1854 2374 1904 et
2421 1850 2532 1905 erit
2555 1867 2768 1905 manus
2801 1867 2930 1906 mea
2953 1855 3166 1917 tecum,
3201 1853 3257 1904 et
3278 1848 3554 1904 reducam

1915 1938 1985 1992 ad
2036 1943 2090 1992 te
2121 1940 2488 1994 universum
2550 1939 2748 1996 Israel.
2811 1940 2919 2006 Qui
2978 1938 3060 1994 ait
3091 1957 3104 1994 :
3139 1938 3368 2009 Optime
3402 1953 3414 1992 :
3448 1952 3554 2008 ego

1912 2029 2102 2082 tecum
2137 2027 2341 2082 faciam
2373 2028 2664 2083 amicitias
2717 2029 2796 2100 [h.
2827 2028 3038 2100 fmdus]
3091 2028 3188 2084 sed
3225 2042 3400 2082 unam
3434 2040 3554 2080 rem

1913 2121 2043 2186 peto
2073 2133 2107 2172 a
2141 2124 2214 2186 te,
2265 2117 2505 2172 dicens:
2536 2117 2661 2172 Non
2695 2117 2918 2173 videbis
2941 2117 3143 2172 faciem
3170 2119 3552 2182 meam,ante-

1910 2221 2087 2275 quam
2121 2207 2436 2261 adduxeris
2474 2205 2688 2262 Michol
2739 2205 2918 2261 ﬁliam
2941 2206 3101 2273 Saul,
3135 2211 3193 2261 et
3222 2207 3305 2261 sic
3333 2204 3550 2271 venies,

1908 2298 1964 2349 et
1989 2295 2213 2349 videbis
2243 2311 2354 2350 me.
2381 2295 2541 2350 Misit
2560 2301 2757 2351 autem
2785 2296 2961 2350 David
2990 2295 3230 2351 nuntios
3253 2295 3324 2350 ad
3354 2291 3556 2348 Hisbo-

1905 2383 2034 2439 seth
2090 2383 2276 2439 ﬁlium
2327 2383 2469 2440 Saul
2527 2385 2778 2440 dicens:
2815 2386 3008 2440 Redde
3069 2401 3308 2440 uxorem
3364 2397 3552 2437 meam

1903 2472 2139 2542 Michol,
2164 2490 2342 2544 quam
2366 2474 2650 2545 despondi
2685 2473 2826 2529 mihi
2855 2481 3087 2529 centum
3104 2471 3405 2544 prteputiis
3419 2470 3551 2526 Phi-

1903 2559 2150 2616 listhim.
2172 2563 2328 2617 Misit
2348 2577 2485 2633 ergo
2517 2562 2915 2628 Hisboseth,et
2935 2562 3072 2617 tulit
3093 2579 3220 2618 eam
3244 2580 3274 2618 a
3296 2561 3422 2617 viro
3443 2578 3550 2617 suo

1903 2649 2042 2721 [non
2065 2650 2260 2719 habet,
2284 2654 2412 2721 suo]
2436 2651 2703 2718 Phaltiel,
2725 2652 2845 2708 ﬁlio
2876 2653 3030 2707 Lais.
3058 2653 3548 2724 Sequebaturque

1901 2753 2027 2794 eam
2058 2739 2146 2794 vir
2175 2757 2341 2808 suus,
2379 2739 2617 2811 plorans
2658 2757 2847 2812 usque
2885 2740 3188 2808 Bahurim,
3221 2744 3277 2795 et
3302 2740 3445 2794 dixit
3473 2740 3544 2794 ad

1901 2843 2036 2882 eum
2067 2829 2299 2884 Abner:
2339 2829 2510 2895 Vade,
2571 2835 2879 2884 revertere.
2939 2829 3047 2895 Qui
3106 2845 3372 2884 reversus
3431 2831 3542 2882 est.

1902 2917 2242 2973 Sermonem
2266 2933 2500 2989 quoque
2531 2917 2938 2974 intulitAbner
2961 2919 3030 2973 ad
3057 2918 3316 2973 seniores
3342 2915 3545 2985 Israel,

1902 3005 2104 3061 dicens
2137 3023 2150 3060 :
2183 3011 2320 3062 Tam
2355 3006 2479 3062 heri
2504 3023 2679 3078 quam
2701 3007 3164 3062 nusdiustertius
3194 3005 3547 3078 quaerebatis

1901 3094 2106 3164 David,
2141 3100 2206 3150 ut
2235 3101 2506 3167 regnaret
2558 3112 2736 3168 super
2782 3113 2905 3152 vos.
2957 3096 3121 3151 Nunc
3162 3112 3300 3166 ergo
3353 3094 3546 3162 facite,

164 3202 349 3242 novem
417 3186 550 3250 viri,
606 3191 844 3257 excepto
901 3187 1117 3241 Asaele.
1168 3185 1324 3240 Servi
1376 3190 1569 3241 autem
1621 3185 1793 3240 David
1826 3172 1868 3238 C
1908 3184 2186 3254 quoniam
2213 3186 2496 3240 Dominus
2523 3184 2756 3240 locutus
2788 3190 2877 3241 est
2897 3186 2967 3240 ad
2995 3185 3171 3240 David
3197 3186 3399 3240 dicens
3433 3199 3446 3238 :
3481 3186 3546 3238 In

163 3279 570 3345 percusserunt
591 3274 1062 3345 deBenjamin,et
1088 3276 1156 3329 de
1177 3273 1319 3330 viris
1342 3275 1442 3346 qui
1462 3278 1632 3330 erant
1658 3291 1789 3329 cum

163 3363 354 3432 Abner,
418 3368 710 3420 trecentos
753 3364 1058 3436 sexaginta
1105 3363 1257 3418 viros
1282 3366 1324 3430 ί,
1355 3363 1456 3434 qui
1486 3368 1545 3419 et
1578 3364 1793 3418 mortui

165 3459 300 3507 sunt.
331 3451 747 3523 Tuleruntque
777 3452 971 3518 Asael,
995 3458 1051 3508 et
1081 3452 1408 3523 epelierunt
1438 3469 1574 3508 eum
1606 3453 1664 3506 in
1698 3469 1792 3508 se-

167 3542 348 3610 pulcro
383 3543 577 3612 patris
599 3542 689 3597 sui
721 3541 778 3596 in
831 3541 1198 3608 Beth-Leem,
1252 3547 1308 3596 et
1345 3541 1799 3598 ambulaverunt

173 3636 280 3686 tota
307 3637 486 3688 nocte
515 3631 662 3687 Joab
681 3636 735 3686 et
763 3631 868 3684 viri
903 3631 1003 3701 qui
1035 3635 1203 3685 erant
1223 3647 1356 3686 cum
1389 3647 1476 3702 eo,
1491 3635 1548 3686 et
1579 3632 1636 3686 in
1667 3631 1797 3702 ipso

168 3719 504 3790 crepusculo
530 3725 921 3791 pervenerunt
949 3720 1009 3774 in
1041 3721 1289 3775 Hebron.

229 3809 382 3880 [Cap.
424 3808 546 3879 III.]
579 3807 750 3863 Facta
777 3813 867 3864 est
895 3825 1032 3881 ergo
1054 3807 1230 3881 longa
1259 3807 1617 3864 concertatio
1646 3809 1800 3866 inter

170 3895 394 3952 domum
451 3897 674 3952 Saulet
698 3899 849 3952 inter
873 3898 1116 3953 domum
1152 3899 1326 3954 David
1362 3915 1375 3954 :
1408 3897 1591 3954 David
1622 3899 1797 3971 proﬁ-

171 3985 312 4041 ciens
337 3986 530 4056 [Vulg.
579 3985 998 4060 proﬁciscens],
1029 3991 1087 4042 et
1115 4002 1350 4059 semper
1395 3988 1589 4059 seipso
1622 3987 1794 4042 robu-

172 4073 311 4138 stior,
335 4075 558 4130 domus
591 4079 784 4130 autem
819 4075 958 4131 Saul
1011 4076 1356 4130 decrescens
1395 4075 1679 4147 quotidie.
1712 4077 1794 4148 [T.

169 4162 527 4235 LXXXVIIIJ
559 4164 812 4235 Natique
842 4173 974 4220 sunt
1035 4164 1138 4219 ﬁlii
1197 4165 1372 4220 David
1407 4165 1466 4219 in
1515 4165 1743 4220 Hebron
1782 4181 1795 4220 :

171 4249 377 4324 fuitque
437 4254 870 4325 primogenitus
927 4255 1056 4324 ejus
1105 4259 1333 4310 Amnon
1381 4254 1452 4310 de
1507 4254 1797 4310 Ahinoem

170 4337 548 4408 Jezraelitide,
580 4348 637 4397 et
656 4347 789 4412 post
815 4359 948 4398 eum
983 4342 1230 4399 Cheleab
1262 4344 1332 4398 de
1363 4343 1591 4416 Ahigail
1623 4361 1800 4400 uxore

173 4426 331 4485 Nabal
349 4430 650 4486 Charmeli
675 4449 688 4486 :
714 4447 885 4503 porro
915 4432 1121 4486 tertius
1149 4431 1441 4498 Absalom,
1465 4433 1623 4488 ﬁlius
1641 4437 1800 4490 Maa-

1907 3289 2084 3328 manu
2116 3273 2266 3329 servi
2325 3273 2436 3329 mei
2485 3274 2663 3330 David
2714 3274 2950 3330 salvabo
3007 3273 3289 3346 populum
3351 3288 3546 3328 meum

1906 3362 2083 3416 Israel
2114 3363 2187 3417 de
2218 3380 2395 3418 manu
2447 3363 2740 3420 Philistim
2773 3368 2830 3418 et
2858 3363 3123 3419 omnium
3172 3362 3548 3419 inimicorum

1905 3452 2054 3520 ejus.
2081 3452 2338 3508 Locutus
2362 3457 2451 3509 est
2470 3457 2665 3508 autem
2691 3453 2881 3508 Abner
2903 3454 3080 3508 etiam
3114 3453 3186 3508 ad
3219 3452 3548 3524 Benjamin.

1907 3544 1975 3595 Et
2007 3541 2153 3596 abiit
2183 3546 2248 3596 ut
2276 3541 2618 3614 loqueretur
2648 3543 2718 3597 ad
2753 3543 2929 3597 David
2967 3542 3025 3596 in
3068 3542 3318 3608 Hebron,
3354 3542 3550 3597 omnia

1907 3645 2035 3700 quae
2069 3631 2408 3701 placuerant
2440 3631 2639 3687 lsraeli
2670 3636 2729 3686 et
2776 3632 3044 3688 universo
3077 3632 3404 3699 Benjamin.
3437 3632 3551 3686 Ve-

1908 3717 2210 3789 nitque'ad
2248 3721 2420 3776 David
2473 3721 2530 3776 in
2581 3722 2815 3776 Hebron
2875 3737 3007 3776 cum
3070 3721 3274 3792 viginti
3304 3720 3464 3789 viris,
3497 3724 3554 3775 et

1907 3808 2044 3863 fecit
2072 3809 2249 3864 David
2281 3810 2478 3866 Abner
2519 3815 2576 3865 et
2623 3810 2763 3866 viris
2795 3811 2924 3881 ejus
2955 3810 3059 3881 qui
3088 3814 3367 3865 venerant
3415 3825 3548 3863 cum

1908 3913 1976 3952 eo
2008 3897 2362 3954 convivium.
2425 3899 2490 3952 Et
2515 3899 2663 3954 dixit
2707 3899 2903 3954 Abner
2953 3900 3024 3954 ad
3064 3899 3272 3954 David:
3304 3902 3549 3968 Surgam

1913 3991 1979 4042 ut
1997 4003 2347 4059 congregem
2371 3989 2443 4043 ad
2470 3991 2524 4043 te
2548 3988 2849 4043 dominum
2877 4005 3074 4044 meum
3099 4003 3293 4059 regem
3316 3987 3399 4058 [b.
3419 3986 3554 4041 Sur-

1909 4092 2044 4148 gam
2075 4081 2133 4132 et
2161 4078 2394 4145 vadem,
2427 4081 2493 4132 ut
2522 4093 2873 4148 congregem
2905 4078 2977 4132 ad
3011 4076 3319 4132 dominum
3352 4091 3545 4130 meum

1909 4167 2124 4237 regem]
2153 4182 2388 4220 omnem
2412 4165 2615 4232 Israel,
2638 4174 2692 4221 et
2733 4167 2976 4222 ineant3
3028 4170 3222 4221 tecum
3255 4165 3465 4234 fasdus,
3497 4167 3554 4219 et

1909 4253 2164 4326 imperes
2193 4254 2492 4323 omnibus,
2525 4255 2679 4310 sicut
2708 4253 3002 4310 desiderat
3030 4253 3230 4309 anima
3258 4258 3380 4308 tua.
3405 4252 3552 4308 Cum

1908 4359 2046 4415 ergo
2080 4343 2421 4399 deduxisset
2442 4343 2622 4399 David
2657 4343 2871 4412 Abner,
2904 4348 2964 4399 et
2987 4343 3086 4399 ille
3118 4343 3263 4398 isset
3296 4342 3354 4397 in
3388 4357 3554 4413 pace,

1909 4433 2107 4488 statim
2141 4432 2306 4504 pueri
2363 4432 2446 4503 [h.
2507 4433 2674 4500 servi]
2737 4433 2916 4488 David
2969 4436 3024 4488 et
3053 4432 3200 4488 Joab
3246 4435 3552 4498 venerunt,

173 4515 269 4606 cha
296 4519 426 4575 ﬁliae
451 4518 725 4575 Tholmai
757 4519 912 4591 regis
934 4519 1138 4575 Gesur.
1168 4521 1417 4584 Quartus
1438 4526 1632 4577 autem
1651 4522 1800 4577 Ado-
1828 4542 1875 4606 D
1910 4521 2076 4577 caesis
2106 4520 2456 4590 latronibus,
2489 4538 2623 4576 cum
2657 4523 2851 4593 praeda
2882 4538 3096 4594 magna
3127 4520 3326 4576 nimis.
3357 4521 3554 4576 Abner

175 4604 306 4671 nias,
335 4608 494 4662 ﬁlius
526 4607 766 4680 Aggith,
789 4614 845 4664 et
867 4609 1110 4679 quintus
1132 4609 1433 4680 Saphatia,
1466 4610 1626 4664 ﬁlius
1664 4609 1800 4664 Abi-

174 4696 265 4748 tal.
291 4701 499 4752 Sextus
522 4713 757 4769 quoque
795 4697 1116 4767 Jethraam,
1151 4699 1221 4753 de
1240 4698 1384 4770 Agla
1397 4715 1575 4754 uxore
1599 4699 1796 4756 David.

176 4780 231 4835 Hi
258 4786 370 4840 nati
403 4791 546 4841 sunt
567 4785 745 4841 David
770 4787 828 4841 in
851 4786 1103 4842 Hebron.
1137 4790 1280 4842 Cum
1310 4803 1446 4860 ergo
1473 4792 1625 4844 esset
1655 4805 1797 4860 pra:-

173 4867 301 4927 lium
357 4874 510 4930 inter
567 4876 804 4930 domum
840 4874 978 4931 Saul
1011 4881 1067 4930 ct
1096 4876 1336 4932 domum
1371 4875 1574 4946 David,
1605 4877 1800 4933 Abner

172 4959 306 5025 ﬁlius
355 4963 578 5035 Ner[h.
637 4980 746 5020 nata
805 4965 985 5036 habet]
1048 4966 1288 5037 regebat
1342 4966 1586 5021 domum
1635 4965 1792 5022 Saul.

173 5045 364 5106 Fuerat
395 5057 591 5107 autem
636 5052 793 5108 Sauli
852 5054 1179 5109 concubina
1238 5055 1472 5110 nomine
1540 5054 1792 5126 Respha,

172 5192 456 5313 ci:m'ft‘acet
486 5212 596 5250 ms.
629 5194 945 5254 Veronens.
975 5198 1141 5265 viros,
1175 5197 1326 5268 quod
1357 5201 1414 5253 et
1442 5195 1672 5269 Vulgati
1704 5197 1791 5253 fa-

223 5267 338 5408 gnSt;
389 5335 778 5408 Hieronymus
837 5338 989 5394 libro
1019 5339 1084 5394 de
1129 5338 1456 5397 Nominibus
1510 5340 1791 5395 Hebraicis

176 5400 354 5482 docuit
382 5424 489 5462 nos
519 5400 825 5482 legéndum
867 5426 997 5466 esse
1049 5411 1336 5467 Hisboseth
1385 5427 1518 5467 cum
1560 5413 1787 5482 aspira-

180 5476 489 5556 tione;cu_m
519 5476 676 5556 enim
694 5497 724 5536 e
755 5481 904 5537 libro
926 5484 1196 5556 secundo
1220 5483 1445 5556 Regum
1470 5476 1792 5556 recensuis-

183 5551 551 5624 setquatuor
605 5552 741 5624 ista
778 5555 1040 5624 nomina.
1097 5551 1333 5621 Hiram:
1360 5556 1567 5624 Histob,
1599 5554 1784 5624 Hiras,

1908 4616 2103 4666 autem
2132 4626 2246 4665 non
2279 4614 2405 4665 erat
2434 4627 2568 4666 cum
2599 4610 2775 4666 David
2807 4611 2867 4666 in
2896 4609 3551 4682 Hebron,quiajamdi-

1908 4699 2145 4755 miserat
2172 4716 2329 4768 eum,
2363 4705 2420 4754 et
2444 4701 2740 4771 profectus
2771 4701 2962 4756 fuerat
2988 4700 3047 4754 in
3080 4715 3242 4772 pace.
3277 4703 3345 4753 Et
3381 4697 3551 4767 Joab,

1906 4793 1964 4844 et
1993 4787 2184 4844 omnis
2213 4789 2500 4844 exercitus
2532 4789 2634 4860 qui
2668 4796 2788 4844 erat
2839 4806 2973 4844 cum
3025 4805 3113 4859 eo,
3148 4792 3352 4860 postea
3375 4803 3550 4842 vene-

1907 4881 2058 4932 rant.
2105 4875 2445 4931 Nuntiatum
2503 4881 2594 4933 est
2634 4876 2831 4948 itaque
2860 4877 3026 4944 Joab,
3060 4893 3094 4932 a
3124 4873 3502 4932 narrantibus
3533 4887 3548 4927 z

1905 4965 2077 5021 Venit
2103 4965 2298 5020 Abner
2340 4964 2500 5021 ﬁlius
2547 4966 2664 5022 Ner
2693 4967 2764 5020 ad
2799 4981 3014 5038 regem,
3050 4970 3109 5021 et
3137 4965 3360 5021 dimisit
3389 4978 3545 5029 eum,

1905 5058 1963 5110 et
1992 5054 2136 5110 abiit
2163 5053 2223 5109 in
2256 5070 2420 5126 pace.
2452 5055 2521 5109 Et
2549 5054 2855 5128 ingressus
2899 5059 2987 5111 est
3028 5054 3175 5110 Joab
3223 5053 3295 5109 ad
3328 5065 3546 5122 regem.

1904 5196 2245 5278 aspiratione
2278 5196 2653 5278 hircnomina
2682 5199 3058 5278 opposuimus,
3106 5194 3241 5268 quia
3271 5190 3548 5278 apud‘Hc-

1906 5264 2073 5324 bracas
2102 5272 2151 5324 et
2180 5269 2326 5339 apud
2359 5272 2582 5325 Grecae
2625 5264 2727 5339 per
2753 5264 3143 5339 'diphtanguni
3196 5264 3534 5320 scribuntur.

1906 5341 2051 5396 Ouid
2085 5341 2155 5396 ad
2192 5345 2534 5396 praesentem
2585 5341 3023 5396 adnotationem
3075 5335 3335 5394 hodierni
3366 5334 3534 5388 Hebr.

1904 5341 2051 5404 Quid
2085 5341 2155 5396 ad
2192 5345 2534 5410 praesentem
2585 5341 3023 5396 adnotationem
3075 5341 3335 5394 hodierni
3366 5341 3539 5388 Hebr.

1899 5412 2272 5492 grammatici
2331 5411 2926 5492 resp_ond_ebunt,._qui
2977 5413 3204 5492 negant
3246 5405 3428 5461 ullam
3460 5404 3545 5459 di-

1899 5483 2270 5555 phthongum
2302 5482 2516 5555 essein
2536 5482 2754 5555 lingua
2783 5482 3102 5538 Hebraica?
3125 5484 3306 5555 Maa'r.

1967 5555 1990 5589 ⁸
2020 5553 2239 5611 Iterum
2272 5571 2408 5611 cum
2438 5553 2709 5626 Vulgatis
2739 5559 2796 5610 et
2823 5559 3016 5610 Graeco
3047 5569 3160 5608 ms.
3199 5553 3538 5617 Veronens.,

183 5613 465 5689 Ηίδὸᾱεειιι,
509 5621 658 5680 hanc
678 5613 1347 5683 addiitobservationem
1380 5642 1394 5682 :
1425 5613 1630 5684 Idcirco
1659 5613 1785 5682 cuni
1895 5627 2098 5683 incum.
