3982 6178
486 306 588 362 671

1515 301 1573 353 s.
1617 294 2020 351 HIERONYMI
2058 281 2314 346 DIVINA
2351 294 2845 353 BIBLIOTEHCA.

3759 305 3846 359 672

490 433 549 487 et
573 429 688 486 ait:
713 426 860 495 Quid
885 424 1112 483 fecisti?
1132 425 1273 480 Ecce
1296 421 1452 478 venit
1481 422 1677 478 Abner
1704 421 1775 476 ad
1809 423 1868 475 te
1901 433 1914 472 :
1949 431 2130 489 quare
2161 415 2212 482 Α
2243 416 2517 474 turbatus
2538 423 2648 476 est.
2682 420 2807 476 Duo
2847 424 3045 478 autem
3077 422 3218 478 viri'
3246 421 3546 496 principes
3595 421 3846 484 latronum

487 518 764 574 dimisisti
789 533 947 581 eum,
980 519 1035 571 et
1064 513 1209 570 abiit
1240 517 1296 568 et
1326 511 1614 568 recessit?
1665 510 1908 582 Ignoras
1941 507 2135 562 Abner

488 604 678 660 ﬁlium
710 603 846 668 Ner,
880 601 1157 673 quoniam
1192 601 1263 656 ad
1301 600 1407 656 hoc
1437 599 1596 655 venit
1628 599 1698 654 ad
1732 598 1846 665 te',
1879 600 1942 651 ut
1973 594 2131 650 deci-

497 698 658 767 peret
677 698 733 748 te
757 695 833 760 ,et
858 689 1034 747 sciret
1063 691 1278 746 exitum
1313 694 1481 745 tuum
1513 693 1570 744 et
1600 687 1906 742 introitum
1942 691 2128 751 tuum,

487 792 542 838 et
575 785 774 837 nosset
803 780 1000 836 omnia
1021 795 1146 848 quae
1179 778 1346 852 agis?
1375 793 1651 850 egressus
1683 777 1879 847 itaque
1926 773 2071 830 Joab
2103 790 2134 827 a

486 871 690 938 David,
726 868 888 924 misit
918 868 1158 924 nuntios
1199 871 1332 938 post
1379 868 1586 934 Abner,
1621 869 1677 920 et
1707 864 1935 920 reduxit
1963 863 2045 933 [h.
2079 865 2135 916 et

489 958 869 1029 reduxerunt]
901 973 1033 1012 eum
1067 974 1100 1012 a
1126 957 1379 1012 cisterna
1409 954 1558 1024 Sira,
1591 955 1894 1026 ignorante
1927 951 2130 1006 David.

487 1049 752 1120 Cumque
769 1047 1248 1103 rediissetAbner
1267 1045 1322 1100 in
1351 1045 1874 1111 Hebron,seorsum
1892 1041 2134 1096 adduxit

480 1155 618 1194 eum
669 1138 814 1194 Joab
847 1138 919 1191 ad
951 1137 1206 1191 medium
1244 1139 1443 1206 portae,
1496 1139 1558 1188 ut
1582 1133 1920 1203 loqueretur
1950 1129 2023 1198 ei,
2073 1129 2132 1183 in

481 1228 616 1284 dolo
647 1225 1055 1299 [T.LXXXIX]
1078 1225 1145 1279 Et
1180 1223 1471 1296 percussit
1491 1221 1660 1277 illum
1687 1221 1839 1276 ibiin
1864 1218 2132 1289 inguine,

484 1322 542 1372 et
566 1320 834 1371 mortuus
858 1319 948 1370 est
977 1314 1036 1368 in
1070 1312 1352 1368 ultionem
1385 1311 1692 1382 sanguinis
1725 1309 1889 1365 Asael
1936 1307 2133 1363 fratris

485 1407 634 1477 ejus.
668 1405 828 1471 Quod
861 1420 995 1459 cum
1038 1401 1298 1458 audisset
1327 1401 1507 1456 David
1543 1416 1659 1456 rem
1683 1400 1810 1472 jam
1843 1403 2068 1470 gestam
2089 1397 2131 1465 ³,

489 1494 607 1550 ait:
632 1494 888 1548 Mundus
922 1508 1026 1564 ego
1059 1507 1210 1556 sum,
1235 1494 1291 1544 et
1321 1506 1566 1562 regnum
1601 1506 1818 1555 meum,
1839 1487 1992 1560 apud
2021 1489 2131 1542 Do-

491 1583 720 1639 minum
756 1598 943 1653 usque
968 1582 1029 1636 in
1061 1581 1488 1650 sempiternum
1541 1597 1574 1633 a
1623 1577 1910 1650 sanguine
1938 1577 2132 1631 Abner

491 1673 596 1728 ﬁlii
628 1673 763 1737 Ner,
795 1675 852 1726 et
873 1670 1068 1726 veniat
1106 1686 1283 1742 super
1323 1672 1498 1740 caput
1533 1667 1680 1723 Joab
1714 1672 1768 1722 et
1799 1681 1976 1737 super
2006 1681 2130 1720 om-

491 1777 624 1816 nem
647 1762 887 1816 domum
912 1758 1096 1832 patris
1117 1760 1246 1830 ejus
1276 1775 1288 1814 :
1316 1773 1422 1813 nec
1441 1756 1675 1812 deﬁciat
1696 1757 1766 1812 de
1787 1757 1962 1854 domno
1984 1753 2129 1810 Joab
2169 1789 2212 1854 Β

491 1850 710 1905 fluxum
730 1848 974 1905 seminis
988 1848 1674 1918 sustinens,etleprosus,
1691 1850 1898 1901 tenens
1912 1844 2132 1909 fusum,

490 1944 549 1996 et
579 1939 793 1996 cadens
826 1937 1043 2009 gladio,
1077 1943 1135 1992 et
1166 1937 1437 2008 indigens
1469 1953 1639 2008 pane.
1686 1935 1873 2007 Igitur
1900 1933 2046 1989 Joab
2077 1936 2135 1987 et

494 2029 695 2084 Abisai
746 2029 923 2084 frater
979 2029 1108 2098 ejus
1164 2027 1583 2082 interfecerunt
1633 2025 1846 2094 Abner,
1879 2040 1944 2080 eo
1977 2022 2132 2096 quod

493 2117 804 2174 occidisset
828 2115 998 2172 Asael
1029 2116 1268 2170 fratrem
1301 2131 1501 2170 eorum
1532 2114 1591 2169 in
1623 2113 1877 2179 Gabaon,
1901 2113 1960 2167 in
1985 2128 2132 2184 prrs-

495 2207 597 2262 lio.
633 2206 788 2262 Dixit
816 2214 1007 2260 autem
1032 2205 1211 2260 David
1230 2204 1301 2259 ad
1326 2204 1470 2260 Joab
1493 2208 1547 2258 et
1579 2203 1648 2258 ad
1681 2217 1914 2258 omnem
1948 2218 2134 2272 popu-

496 2294 620 2350 lum
655 2296 756 2366 qui
788 2299 910 2350 erat
942 2311 1073 2350 cum
1107 2311 1172 2349 eo
1207 2309 1220 2348 ε
1255 2293 1515 2348 Scindite
1543 2291 1890 2348 vestimenta
1921 2295 2130 2357 vestra,

491 2388 549 2440 et
575 2383 953 2456 accingimini
1002 2382 1208 2449 saccis,
1242 2387 1298 2436 et
1343 2381 1600 2453 plangite
1645 2385 1779 2436 ante
1825 2380 2132 2451 exsequias

490 2473 689 2528 Abner
735 2488 748 2528 :
795 2472 970 2527 Porro
1028 2488 1126 2527 rex
1183 2469 1362 2526 David
1420 2469 1776 2541 sequebatur
1831 2469 2128 2525 feretrum.

491 2562 755 2634 Cumque
786 2561 1132 2632 sepelissent
1154 2561 1348 2615 Abner
1376 2559 1434 2615 in
1467 2559 1715 2625 Hebron,
1761 2557 1971 2614 levavit
2033 2576 2132 2614 rex

508 2652 691 2724 [l'ulg.
712 2650 836 2706 add.
862 2649 1062 2719 Oavid]
1086 2665 1282 2705 vocem
1305 2665 1496 2716 suam,
1522 2653 1580 2704 et
1601 2647 1756 2702 flevit
1777 2647 1859 2719 [h.
1884 2648 2129 2720 planxit]

493 2756 671 2812 super
699 2738 994 2795 tumulum
1029 2739 1252 2806 Abner;
1297 2738 1454 2794 ﬂevit
1500 2737 1582 2811 [h.
1634 2737 1881 2809 planxit]
1935 2741 2130 2793 autem

495 2833 551 2884 et
580 2829 774 2885 omnis
822 2827 1095 2900 populus.
1151 2827 1561 2900 Plangensque
1615 2841 1713 2881 rex
1770 2831 1826 2881 et
1883 2825 2133 2898 lugens'

494 2918 575 2990 [h.
599 2917 952 2988 lamentans]
978 2918 1190 2983 Abner,
1215 2916 1296 2972 ait
1321 2933 1332 2969 :
1356 2915 1739 2987 Nequaquam
1773 2918 1838 2970 ut
1869 2916 2016 2971 mori
2039 2933 2132 2971 so-

490 3008 615 3063 lent
641 3005 854 3078 ignavi,
874 3009 1140 3061 mortuus
1163 3009 1252 3060 est
1271 3005 1696 3061 Abner.Manus
1721 3009 1834 3060 tum
1858 3021 1968 3060 non
1996 3007 2136 3060 sunt

492 3095 687 3168 ligatae
703 3101 758 3151 et
783 3095 958 3167 pedes
981 3094 1066 3149 tui
1089 3110 1203 3149 non
1224 3097 1363 3151 sunt
1384 3093 1767 3166 compedibus
1791 3093 2088 3166 aggravati
2115 3111 2128 3148 :

2245 510 2413 560 erant
2439 506 2557 562 ﬁlio
2589 507 2727 564 Saul
2761 525 2972 566 nomen
3005 509 3106 565 uni
3137 515 3355 581 Baana,
3387 517 3446 566 et
3478 527 3682 567 nomen
3711 512 3846 570 alteri

2245 593 2500 665 Rechab,
2535 595 2637 650 ﬁlli
2664 599 2944 654 Remmon
2972 599 3283 656 Berothitas
3305 600 3379 655 de
3401 599 3538 656 ﬁliis
3560 600 3840 672 Benjamin;

2243 681 2535 756 siquidem
2561 691 2618 740 et
2639 687 2844 744 Beroth
2876 693 3143 761 reputata
3175 691 3300 762 [της.
3336 691 3646 762 reportata]
3691 696 3769 747 est
3797 693 3841 747 in

2245 771 2568 844 Benjamin.
2604 776 2670 831 Et
2702 777 2979 848 fugerunt
3010 778 3298 834 Berothtae
3328 778 3390 833 in
3415 779 3716 846 Getthaim,
3739 781 3838 838 fue-

2244 867 2501 934 runtque
2533 865 2611 918 ibi
2641 866 2872 921 advena
2900 883 3088 939 usque
3124 868 3181 923 in
3214 872 3454 940 tempus
3475 867 3842 942 illud.['l‘.XC.]

2245 951 2380 1006 Erat
2397 957 2595 1008 autem
2616 953 2880 1010 Jonathaa
2905 955 3024 1011 ﬁlio
3044 956 3182 1012 Saul
3206 955 3366 1012 ﬁlius
3389 956 3596 1013 debilis
3617 957 3839 1027 pedibus;

2243 1040 2645 1112 quinquennis
2675 1043 2831 1099 enim
2875 1045 3007 1112 fuit,
3043 1046 3278 1116 quando
3329 1046 3490 1101 venit
3543 1047 3763 1102 nuntius
3790 1049 3842 1104 de

2241 1129 2379 1184 Saul
2407 1141 2464 1186 et
2492 1130 2787 1188 Jonathan
2845 1150 2913 1189 ex
2967 1135 3211 1190 Jezrael.
3255 1134 3497 1191 Tollens
3528 1135 3711 1207 itaque
3736 1153 3839 1192 eum

2244 1221 2439 1277 nutrix
2463 1239 2592 1292 sua,
2617 1223 2795 1294 fugit;
2833 1241 3086 1296 cumque
3109 1225 3415 1282 festinaret
3434 1232 3495 1282 ut
3517 1227 3742 1296 fugeret,
3771 1246 3840 1284 re-

2242 1310 2406 1378 cidit,
2435 1316 2492 1366 et
2521 1311 2768 1368 claudus
2784 1314 3024 1369 effectus
3046 1318 3155 1383 est;
3175 1313 3501 1386 habuitque
3522 1317 3835 1372 vobabulum

2240 1399 2652 1472 Miphiboseth.
2687 1403 2770 1473 [T.
2796 1402 2962 1474 XCI.]
2997 1402 3308 1460 Venientes
3355 1404 3536 1477 igitur
3563 1405 3660 1461 ﬁlii
3704 1405 3840 1462 Rem-

2243 1504 2376 1544 mon
2434 1489 2766 1547 Berctbitaa.
2827 1491 3060 1548 Rechab
3091 1498 3148 1548 et
3178 1495 3395 1562 Baana,
3446 1494 3684 1566 ingressi
3729 1500 3839 1550 sunt

2242 1577 2496 1633 fervente
2554 1579 2647 1635 die
2703 1581 2950 1636 Domum
2997 1582 3314 1638 Hisboseth
3349 1599 3364 1638 :
3397 1584 3497 1656 qui
3563 1583 3840 1640 dormiebat

2242 1683 2416 1738 super
2436 1671 2687 1725 stratum
2710 1687 2886 1725 suum
2904 1671 3145 1728 meridie
3161 1673 3206 1728 ³.
3238 1671 3499 1744 Ingressi
3520 1677 3652 1728 sunt
3679 1677 3837 1728 autem

2243 1757 2484 1812 domum
2518 1763 2888 1816 assumentes
2918 1760 3114 1830 spicas
3141 1760 3349 1828 tritici,
3381 1766 3436 1818 et
3469 1765 3838 1834 percusserunt

2243 1862 2374 1902 eum
2407 1847 2462 1902 in
2497 1847 2738 1920 inguine
2785 1848 3018 1904 Rechab
3068 1853 3126 1906 et
3169 1851 3370 1906 Baana
3424 1851 3598 1906 frater
3648 1851 3840 1920 ejus.et

2243 1935 2537 2008 fugerunt.
2573 1937 2719 1992 Cum
2749 1944 2947 1994 autem
2980 1938 3233 2010 ingressi
3255 1938 3838 2004 fuissentdomum,ille

2241 2025 2571 2082 dormiebat
2591 2043 2770 2098 super
2798 2025 3077 2084 lectulum
3103 2045 3282 2084 suum
3314 2029 3374 2084 in
3398 2027 3721 2094 conclavi,et
3740 2044 3839 2098 per-

2243 2113 2532 2170 cutientes
2554 2115 3124 2172 interfecerunteum
3144 2117 3496 2189 sublatoque
3520 2117 3695 2190 capite
3715 2117 3835 2187 ejus,

2242 2201 2514 2258 abierunt
2544 2219 2645 2274 per
2674 2205 2826 2260 viam
2858 2205 3070 2261 deserti
3103 2209 3223 2262 tota
3257 2210 3444 2274 nocte,
3476 2211 3533 2262 et
3560 2204 3836 2262 attulerunt

2241 2295 2415 2361 caput
2444 2291 2754 2348 Hisboseth
2777 2293 2846 2348 ad
2873 2293 3050 2349 David
3094 2293 3153 2348 in
3195 2294 3430 2350 Hebron
3462 2311 3474 2351 :
3499 2294 3833 2363 dixeruntque

2243 2378 2314 2433 ad
2346 2395 2542 2451 regem
2568 2396 2582 2435 :
2616 2382 2760 2437 Ecce
2790 2387 2967 2454 caput
2998 2382 3312 2438 Hisboseth
3342 2382 3447 2438 ﬁlii
3495 2383 3625 2440 Saul
3653 2380 3833 2437 inimici

2241 2468 2328 2522 tui
2363 2469 2464 2540 qui
2497 2471 2792 2540 qumrebat
2819 2471 3076 2527 animam
3109 2477 3300 2544 tuam,
3333 2480 3391 2528 et
3419 2473 3571 2528 dedit
3600 2471 3832 2526 Dominus

2242 2556 2479 2613 domino
2506 2574 2634 2614 meo
2657 2559 2777 2631 regi
2795 2559 3051 2616 ultiones
3074 2561 3256 2632 [ναις.
3285 2560 3582 2631 ultionem]
3609 2559 3754 2615 hodie
3779 2557 3832 2610 de

2242 2644 2403 2716 Saul,
2434 2650 2491 2702 et
2519 2647 2742 2704 semine
2767 2648 2894 2719 ejus
2927 2648 3012 2719 [T.
3051 2649 3240 2721 XCII.]
3277 2649 3646 2722 Respondeas
3671 2649 3827 2702 autem

2241 2732 2420 2790 David
2481 2735 2738 2804 Rechab,
2769 2741 2824 2794 et
2873 2741 3067 2794 Baana
3112 2738 3281 2794 fratri
3332 2739 3478 2810 ejus,
3517 2737 3644 2793 filiis
3693 2739 3832 2790 Rem-

2243 2824 2419 2880 mond
2452 2824 2780 2892 Berothitaa,
2814 2825 2959 2881 dixit
2988 2827 3060 2882 ad
3091 2842 3190 2883 eos
3224 2845 3238 2884 :
3277 2828 3426 2885 Vivit
3453 2828 3728 2891 Dominus,
3755 2820 3831 2893 qui

2242 2913 2396 2970 eruit
2433 2914 2692 2970 animam
2742 2932 2934 2971 meam
2965 2917 3036 2972 de
3068 2919 3232 2973 omni
3265 2917 3568 2990 augustia;
3599 2912 3830 2986 quoniam

2241 3019 2400 3068 eum,
2433 3003 2535 3074 qui
2567 3005 3018 3061 annuntiaverat
3041 3006 3290 3073 mihi,et
3321 3007 3541 3063 dixerat
3571 3022 3584 3060 :
3613 3006 3831 3061 Mortuus

2243 3095 2334 3146 est
2359 3094 2515 3159 Saul,
2551 3093 2650 3163 qui
2685 3094 2928 3164 putabat
2956 3111 3018 3150 se
3050 3111 3332 3166 prospera
3384 3093 3660 3161 nuntiare,
3705 3087 3830 3145 tenui

493 3158 595 3240 sed
628 3158 798 3240 sicut.
837 3183 1030 3239 solent
1080 3183 1285 3239 cadere
1343 3158 1538 3239 coram
1596 3182 1734 3238 ﬁliis
1797 3158 2130 3255 iniquitatis
2161 3158 2204 3225 (ἶ
2243 3184 2303 3236 et
2333 3158 2519 3236 occidi
2558 3158 2750 3255 [ναίω.
2793 3183 3006 3240 addunt
3036 3158 3288 3256 eum].in
3321 3183 3560 3257 Siceleg,
3589 3158 3672 3239 cui
3699 3195 3833 3252 opor-

507 3271 905 3344 [Vulg.addunt
922 3273 1027 3344 sic]
1051 3273 1344 3329 corruisti.
1369 3273 1920 3344 Congeminansque
1942 3272 2136 3329 omnis

504 3362 758 3434 populus
788 3362 944 3417 ﬂevit
976 3361 1056 3432 [h.
1090 3361 1336 3434 planxit]
1359 3377 1536 3432 super
1571 3377 1728 3416 eum.
1749 3362 2011 3432 Cumque
2040 3377 2138 3416 ve—

480 3451 685 3507 .nisset
706 3451 978 3507 universa
1008 3450 1326 3506 multitudo
1353 3449 1412 3524 [h
1427 3491 1440 3508 .
1455 3451 1763 3506 universus
1781 3451 2037 3522 populus]
2055 3450 2137 3506 ci-

500 3539 638 3594 bum
691 3554 896 3610 capere
926 3554 1056 3593 cum
1088 3538 1289 3605 David,
1324 3537 1511 3594 clara‘
1541 3538 1733 3594 adhuc
1764 3538 1879 3605 die,
1923 3539 2142 3608 juravit

507 3626 704 3698 David,
727 3627 928 3684 dicens
953 3643 965 3683 :
986 3632 1117 3683 Haec
1142 3627 1317 3682 faciat
1345 3626 1487 3683 mihi
1509 3627 1685 3694 Deus,
1714 3632 1772 3683 et
1797 3627 1918 3683 haec
1941 3629 2138 3697 addat,

501 3716 549 3771 si
582 3721 715 3773 ante
764 3731 1035 3773 occasum
1093 3716 1234 3772 solis
1278 3721 1586 3789 gustavero
1619 3733 1830 3789 panem
1860 3717 1948 3774 vel
1981 3717 2140 3774 aliud

502 3805 848 3877 quidquam.
868 3805 1189 3878 Omnisque
1206 3805 1456 3878 populus
1483 3805 1800 3878 audivit[h.
1826 3806 2144 3879 cognovit],

503 3898 559 3951 et
583 3893 934 3964 placuerunt
961 3895 1045 3950 eis
1068 3899 1280 3951 cuncta
1309 3911 1435 3966 quae
1468 3895 1604 3950 fecit
1627 3911 1725 3950 rex
1746 3895 1806 3951 in
1827 3900 2142 3968 conspectu

497 3981 581 4057 [h.
615 3983 674 4039 in
707 3983 916 4052 oculis]
948 3984 1127 4040 totius
1160 3983 1381 4056 populi.
1414 3984 1483 4039 Et
1514 3983 1785 4056 cognovit
1813 4001 1986 4041 omne
2017 3984 2143 4040 vul-

498 4089 608 4142 gus
639 4077 697 4130 et
727 4073 1040 4130 universus
1072 4073 1246 4130 Israel
1299 4073 1359 4128 in
1415 4073 1508 4130 die
1565 4073 1685 4138 illa,
1717 4074 1996 4146 quoniam
2027 4091 2144 4130 non

502 4169 698 4217 actum
724 4163 935 4219 fuisset
956 4180 987 4218 a
1010 4179 1143 4235 rege
1166 4167 1231 4218 ut
1255 4162 1617 4219 occideretur
1634 4163 1828 4219 Abner
1849 4162 2142 4220 ﬁliusNer.

499 4251 657 4306 Dixit
683 4267 916 4323 quoque
948 4268 1047 4309 rex
1077 4253 1148 4306 ad
1199 4269 1394 4308 servos
1451 4268 1590 4308 suos
1622 4269 1634 4306 :
1667 4252 1820 4308 Num
1864 4252 2147 4325 ignoratis

503 4340 782 4410 quoniam
833 4341 1106 4413 princeps
1164 4345 1220 4396 et
1267 4341 1562 4397 maximus
1619 4339 1829 4397 cecidit
1885 4341 2058 4397 hodie
2086 4341 2146 4397 in

507 4428 723 4484 Israel?
773 4429 888 4502 Ego
919 4434 1116 4485 autem
1148 4430 1342 4485 adhuc
1373 4429 1679 4499 delicatus,
1712 4435 1770 4486 et
1799 4436 2012 4486 unctus
2063 4431 2144 4504 [h.

2249 3269 2411 3325 tebat
2443 3287 2536 3326 me
2585 3271 2766 3343 [Vulg.
2826 3277 3005 3329 tacent
3063 3275 3179 3345 me]
3237 3277 3379 3333 dare
3413 3273 3712 3330 mercedem
3753 3282 3830 3340 pro
3934 3311 3935 3318 η

2246 3359 2473 3416 nuntio.
2524 3361 2751 3424 Quanto
2783 3363 2974 3434 magis
3005 3380 3182 3425 nunc.
3217 3381 3353 3420 cum
3406 3363 3658 3419 homines
3698 3353 3829 3426 impii

2246 3447 2643 3505 interfecerint
2677 3449 2867 3506 virum
2888 3450 3213 3520 innoxium,
3251 3453 3314 3509 in
3345 3454 3515 3509 domo
3543 3467 3661 3514 sua,
3690 3460 3829 3516 super

2246 3535 2526 3592 lectulum
2556 3555 2754 3607 suum,
2787 3556 2900 3595 non
2956 3557 3211 3611 queram
3256 3542 3595 3615 sanguinem
3625 3538 3734 3609 ejus
3775 3533 3828 3586 de

2250 3641 2425 3680 manu
2457 3632 2671 3697 vestra,
2704 3633 2761 3684 et
2790 3629 3050 3684 auferam
3099 3647 3200 3686 vos
3251 3633 3325 3687 de
3365 3628 3563 3686 terra?
3606 3620 3833 3692 Praecepit

2249 3713 2450 3786 itaque
2476 3716 2651 3771 David
2679 3718 2876 3788 pueris
2906 3716 3096 3790 [Vulg.
3128 3719 3339 3776 addunt
3360 3719 3526 3790 suis],
3556 3721 3609 3772 et
3637 3709 3832 3769 interfe-

2254 3808 2459 3860 cerunt
2488 3821 2588 3860 eos
2610 3823 2622 3862 :
2642 3807 3144 3879 praesidentesque
3166 3825 3380 3865 manus
3396 3813 3452 3865 et
3471 3807 3634 3879 pedes
3653 3813 3830 3862 eorum,

2254 3893 2692 3965 suspenderunt
2711 3912 2810 3952 eos
2841 3913 3020 3969 super
3050 3897 3338 3968 piscinam
3361 3899 3418 3953 in
3442 3897 3674 3960 Hebron;
3698 3888 3835 3959 θερυι

2254 3989 2447 4038 autem
2477 3982 2788 4040 Hisboseth
2811 3983 3094 4056 tulerunt,
3125 3991 3183 4042 et
3229 3986 3576 4060 sepelierunt
3603 3982 3655 4038 in
3678 3972 3831 4049 sepul-

2254 4071 2392 4127 chro
2420 4071 2606 4128 Abner
2635 4073 2694 4127 in
2726 4074 2980 4131 Hebron.

2325 4164 2405 4235 [T.
2437 4160 2621 4217 XCIII.
2666 4161 2799 4236 Cap.
2832 4162 2947 4235 V.].
2982 4168 3047 4220 Et
3075 4170 3362 4222 venerunt
3391 4164 3658 4221 universe
3681 4153 3830 4212 tribus

2257 4249 2434 4305 Israel
2467 4250 2538 4305 ad
2573 4251 2750 4306 David
2783 4253 2842 4307 in
2893 4253 3146 4325 Hebron,
3178 4255 3474 4312 dicentes:
3499 4252 3629 4307 Ecce
3655 4260 3762 4308 nos,
3787 4253 3833 4292 οε

2255 4341 2423 4394 tuum
2451 4342 2507 4395 et
2537 4356 2669 4395 caro
2699 4345 2799 4396 tua
2830 4358 3057 4399 sumus.
3091 4344 3203 4400 Sed
3233 4352 3290 4400 et
3318 4343 3440 4399 heri
3469 4345 3523 4398 et
3549 4335 3830 4395 nudiuster-

2257 4426 2400 4496 tius,
2434 4443 2568 4483 cum
2591 4438 2745 4484 esset
2763 4430 2899 4486 Saul
2925 4447 3022 4487 rex
3043 4449 3223 4504 super
3251 4449 3381 4499 nos,
3410 4437 3470 4485 tu
3489 4443 3609 4484 eras
3626 4423 3834 4479 educens

505 4516 623 4587 Ego
658 4515 830 4572 hodie
862 4523 1032 4584 tener,
1052 4521 1109 4572 et
1139 4516 1375 4584 unctus]
1407 4533 1539 4584 rex;
1573 4533 1745 4589 porro
1774 4517 1883 4572 viri
1914 4518 2013 4572 isti
2044 4517 2148 4573 ﬁlii
2179 4533 2226 4596 D
2258 4519 2314 4570 et
2345 4516 2631 4571 reducens
2660 4518 2834 4574 Israel
2862 4519 3040 4575 :dixit
3061 4524 3257 4576 autem
3284 4519 3554 4576 Dominus
3574 4513 3638 4570 ad
3670 4504 3831 4564 te:Tu

503 4605 719 4660 Sarvim
741 4605 873 4660 duri
894 4611 1036 4661 sunt
1064 4606 1208 4661 mihi
1243 4623 1257 4661 :
1287 4606 1572 4662 retribuat
1601 4605 1887 4662 Dominus
1912 4606 2146 4663 facienti

509 4693 730 4749 malum
757 4694 927 4765 juxta
960 4693 1246 4751 malitiam
1280 4711 1470 4752 suam.

580 4782 738 4854 [Cap.
773 4783 890 4854 IV.]
919 4783 1158 4840 Audivit
1212 4789 1409 4840 autem
1468 4785 1643 4856 [ναις.
1676 4785 1890 4841 addunt
1947 4785 2151 4842 Hisbo-

480 4872 661 4944 .seth]
685 4872 842 4928 ﬁlius
864 4873 1026 4936 Saul,
1050 4874 1203 4944 quod
1234 4874 1541 4930 cecidisset
1570 4875 1766 4930 Abner
1801 4875 1861 4930 in
1894 4874 2144 4931 Hebron.

481 4967 566 5019 .et
596 4961 896 5018 dissolute
920 4967 1285 5020 suntmanus
1316 4964 1464 5035 ejus,
1491 4963 1802 5036 omnisque
1825 4963 2003 5020 Israel
2026 4981 2148 5036 per.

584 5123 602 5197 ξ
626 5120 889 5197 _Yoculas
909 5124 990 5180 ad
1009 5131 1076 5192 te,
1110 5140 1236 5196 quas
1259 5139 1447 5196 neque
1468 5123 1528 5180 in
1554 5122 1795 5179 Hebraeo
1815 5125 2147 5197 sunt,igno-

509 5195 600 5251 rat
626 5193 951 5251 Veronens.
987 5212 1098 5251 ms.

582 5267 604 5301 ²
636 5267 976 5324 Rectissime
1005 5267 1324 5324 Veronens.
1357 5283 1465 5324 ms.
1500 5267 1696 5334 habet,
1729 5283 1790 5323 re
1817 5269 1937 5333 iam
1964 5275 2148 5334 gesta:

516 5339 671 5424 quo‘d
706 5345 794 5425 est
853 5340 913 5395 in
971 5339 1211 5396 Hebraeo
1241 5343 1419 5396 vostea
1449 5349 1508 5429 ’ρ
1537 5349 1736 5403 unm:
1767 5344 1826 5396 et
1864 5337 1923 5395 in
1955 5337 2152 5396 Graeco

517 5414 652 5483 μετὰ
678 5414 864 5470 ταῦτα.

585 5483 605 5517 ³
639 5484 812 5568 Abest
830 5485 1052 5568 iterum
1085 5499 1119 5539 a
1148 5482 1464 5568 Veronens.
1507 5483 1634 5547 cod.
1665 5490 1717 5539 et
1748 5482 1962 5554 lugens,
1995 5481 2150 5554 quod

515 5570 708 5628 neque
737 5557 797 5641 in
827 5557 1070 5639 Hebraeo
1100 5559 1352 5613 resonat.

584 5637 606 5672 ι
638 5626 793 5686 Saus
813 5633 1174 5686 contentiosa
1201 5627 1273 5686 ad
1289 5626 1597 5686 Hebraeum
1614 5623 1910 5700 exemplar
1929 5624 2154 5698 respuit

2257 4619 2464 4676 pasces
2494 4605 2777 4678 p0pulum
2811 4623 3010 4663 meum
3041 4608 3240 4676 Israel,
3269 4614 3326 4666 et
3346 4612 3406 4664 tu
3438 4605 3548 4662 eris
3569 4603 3673 4658 dux
3697 4605 3834 4664 sui)"

2237 4692 2460 4752 Israel.
2495 4693 2792 4751 Venerunt
2821 4712 3056 4767 quoque
3088 4714 3258 4754 senes
3284 4698 3364 4770 {h.
3397 4708 3585 4752 omnes
3613 4679 3830 4752 senes]de

2259 4782 2438 4838 Israel
2461 4783 2531 4837 ad
2552 4799 2747 4854 regem
2771 4785 2830 4839 in
2863 4785 3113 4854 Hebron,
3136 4792 3192 4842 et
3214 4783 3495 4859 percussit
3516 4794 3638 4837 cum
3658 4773 3730 4831 eis
3754 4779 3828 4859 re!

2261 4871 2447 4927 David
2474 4872 2662 4928 foedus
2688 4873 2746 4927 in
2769 4874 3002 4929 Hebron
3037 4857 3232 4931 coram
3259 4874 3530 4935 Domino;
3564 4857 3831 4922 unxerunt-

2262 4975 2377 5032 que
2407 4959 2594 5016 David
2627 4961 2686 5016 in
2719 4977 2916 5034 regem
2969 4980 3146 5036 super
3193 4963 3386 5022 Israel.
3419 4959 3589 5018 Filius
3637 4947 3831 5022 triginta

2263 5137 2376 5194 ms.
2407 5123 2731 5194 Veronens.
2765 5137 2961 5178 vocem
2993 5123 3166 5179 clara.
3187 5123 3401 5194 Nempe
3429 5121 3512 5176 est
3541 5113 3612 5170 ibi
3641 5109 3824 5166 tantum

2259 5191 2438 5248 adhuc
2465 5191 2527 5247 in
2558 5194 2669 5248 die.

2331 5264 2353 5298 ⁵
2375 5262 2477 5320 Hic
2519 5279 2629 5320 ms.
2661 5263 2980 5320 Veronens.
3005 5268 3161 5323 tacet
3189 5266 3299 5323 viri
3325 5280 3345 5321 .·
3374 5277 3499 5318 mox
3527 5259 3693 5312 Banaa
3717 5258 3827 5302 con-

2262 5339 2488 5392 stanter
2516 5335 2631 5408 legi
2661 5351 2762 5408 pro
2797 5340 3010 5394 Baana.
3047 5338 3216 5395 Hebr.
3250 5347 3414 5401 mm-
3711 5381 3808 5408 ,με

2331 5353 2488 5391 mter
2518 5353 2631 5408 legi
2647 5353 2762 5461 pro
2797 5353 3010 5420 uqana.
3047 5353 3216 5421 ﬂeor.
3250 5353 3414 5401 HJYZ-
3798 5381 3825 5420 ι⁶

2331 5407 2353 5442 ⁸
2381 5407 2620 5480 Addunt
2703 5408 2881 5480 algatl
2915 5425 2928 5464 :
2970 5411 3034 5465 Et
3064 5419 3273 5467 ostmra
3298 5408 3478 5480 domus
3502 5389 3818 5480 ρᾳιτσρηξέζξ

2261 5460 3386 5553 transnatavit-ss“:gestantes}
3409 5460 3646 5542 arcbtypi
3687 5460 3820 5518 ﬁdem

2261 5567 2374 5609 ms.
2403 5567 2640 5626 quoque
2665 5552 3105 5626 Hieronymiani
3133 5553 3420 5628 ignorant.
