3982 6178
109 328 196 385 673
1429 321 1646 376 mena
1681 322 1732 374 ii
1769 322 2146 379 SAMUELIS.

3385 345 3493 401 674

107 469 368 545 annorum
403 455 531 545 erat
553 451 764 518 David,
787 466 925 545 cum
946 461 1188 545 regnare
1204 445 1723 545 coepisset,‘etqua-
1752 447 1807 514 Α
1835 446 1964 545 Νοη-
1984 450 2266 545 ascendas
2295 453 2317 486 ²
2347 453 2741 528 (Vulg.addunt
2769 465 2970 520 contra
3000 470 3144 538 eos),
3194 469 3294 526 sed
3349 487 3493 545 gyra

107 543 356 616 draginta
380 542 555 598 annis
587 540 872 613 regnavit.
903 538 1230 610 In~Hebron
1252 535 1519 609 regnavit
1544 552 1723 606 super

102 635 288 689 Judam
310 635 536 704 septem
555 631 727 687 annis
749 635 808 686 et
830 645 929 685 sex
956 626 1258 684 mensibus
1281 643 1293 680 :
1321 626 1383 680 In
1399 623 1726 681 Jerusalem

105 729 277 778 autem
309 721 568 791 regnavit
599 720 845 792 triginta
873 719 1063 773 tribus
1096 717 1269 772 annis
1290 730 1468 787 super
1488 730 1724 770 omnem

102 811 257 868 Israel
286 816 343 866 et
371 811 611 866 Judam.
647 810 716 863 Et
759 808 904 864 abiit
937 823 1050 874 rex,
1112 811 1169 861 et
1199 821 1403 861 omnes
1459 803 1564 858 viri
1625 805 1722 876 qui

102 904 388 956 erantcum
407 915 496 969 eo,
514 899 569 954 in
591 896 942 966 Jerusalem,
958 897 1027 952 ad
1051 896 1386 952 Jebusaaum
1435 893 1725 949 habitatov

104 1007 205 1046 rem
233 995 395 1045 terra:
420 1006 435 1057 ;
461 989 805 1059 dictumque
850 991 939 1042 est
969 986 1042 1042 ad
1090 986 1270 1042 David
1303 986 1376 1041 ab
1407 985 1490 1041 eis
1522 1001 1534 1038 :
1597 988 1722 1038 Non

103 1078 433 1151 ingrediaris
460 1086 596 1143 nuo,
633 1076 745 1132 nisi
779 1074 1092 1132 abstuleris
1121 1091 1324 1144 caecos,
1376 1078 1434 1130 et
1482 1073 1724 1130 claudos

103 1170 341 1224 dicentes
373 1185 386 1222 :
421 1167 546 1222 Non
579 1166 942 1238 ingredietur
961 1164 1143 1221 David
1173 1164 1306 1220 huc.
1339 1164 1496 1236 Cepit
1527 1167 1724 1219 autem

105 1258 261 1312 David
290 1272 482 1312 arcem
498 1256 637 1312 Sion
660 1273 673 1311 :
699 1255 821 1310 haec
842 1254 1146 1310 estcivitas
1172 1253 1367 1309 David.
1397 1259 1725 1325 Proposue-

104 1345 522 1402 ratenimDavid
555 1345 615 1400 in
638 1345 733 1400 die
759 1343 859 1400 iila
876 1343 1316 1416 praemium,qui
1340 1343 1729 1415 percussisset

101 1437 435 1504 Jebusasum,
461 1441 519 1490 et
552 1434 837 1506 tetigisset
865 1433 1171 1489 domatum
1203 1431 1452 1501 ﬁstulas,
1479 1437 1534 1487 et
1563 1431 1726 1487 clau-

105 1527 212 1592 dos,
241 1529 298 1580 et
327 1540 512 1580 cacas
545 1523 812 1579 odientes
843 1522 1103 1578 animam
1140 1522 1316 1577 David
1350 1521 1432 1593 (h.
1467 1521 1536 1576 Et
1585 1521 1731 1576 dixit

103 1614 268 1669 indie
299 1612 401 1668 illa
440 1613 640 1678 David,
695 1612 795 1685 qui
850 1611 1206 1683 percusserit
1258 1610 1614 1681 Jebusaaum,
1674 1616 1732 1666 et

103 1702 335 1767 tetigerit
366 1701 653 1769 ﬁstulam,
686 1705 744 1757 et
765 1701 1004 1757 claudos
1027 1705 1084 1754 et
1105 1716 1287 1756 caecos
1309 1699 1570 1755 odientes
1607 1699 1732 1754 ani-

1841 543 1973 608 post
2003 543 2230 612 tergum
2263 558 2485 614 eorum,
2519 551 2576 602 et
2604 551 2803 606 venies
2843 554 2916 608 ad
2976 570 3074 611 eos
3133 573 3201 612 ex
3245 543 3489 618 adverso

1841 641 2117 698 pyrorun‘.
2151 628 2231 696 (b.
2262 633 2572 706 ﬂentium).
2608 637 2676 692 Et
2723 656 2856 696 cum
2917 644 3175 702 audieris
3223 649 3487 706 sonitum

1837 715 2253 808 gradientisyin
2286 723 2592 778 cacumine
2613 743 2888 796 pyrorum
2911 731 2990 801 (h.
3019 732 3489 808 flentium),tunc

1837 803 2013 860 inibis
2047 806 2310 877 praelium
2347 811 2521 882 ;quia
2542 817 3025 887 tuncegredietur
3043 803 3331 881 Dominus
3355 831 3490 884 ante

1837 892 2043 949 faciem
2077 900 2257 966 tuam,
2293 903 2356 953 ut
2385 903 2912 971 percutiat°castra
2935 909 3291 970 Philistbim.
3332 917 3491 974 Fecit

1835 981 2235 1077 itaque
2271 987 2424 1077 sicut
2450 989 2500 1044 ei
2533 1001 2885 1066 praeceperat
2921 999 3225 1069 Dominus,
3256 1009 3313 1059 et
3343 1022 3483 1077 per-

1836 1071 2022 1214 caussit
2068 1073 2423 1148 Pbilisthim,
2483 1078 2553 1135 de
2611 1080 2802 1139 Gabee
2851 1101 3037 1158 usque
3091 1089 3231 1146 dum
3288 1071 3536 1162 venias,

1887 1175 2033 1214 ezer.
2067 1167 2108 1214 ⁸.

1887 1175 2033 1216 ezer.
2067 1167 2108 1217 ⁸.

1909 1249 1997 1316 (Τ.
2031 1250 2223 1318 XCVI,
2259 1253 2385 1321 Cap.
2421 1255 2544 1329 Vl.)
2571 1261 2960 1333 Congregavit
3001 1269 3198 1323 autem
3251 1286 3489 1327 rursum

1839 1336 2015 1393 David
2049 1356 2250 1396 omnes
2281 1343 2493 1400 electos
2525 1362 2592 1400 ex
2625 1349 2800 1404 Israel
2830 1352 3073 1424 triginta
3114 1356 3315 1414 millia.
3354 1361 3490 1416 Sur-

1843 1427 2106 1499 rexitque
2136 1429 2316 1500 (Vulg.
2350 1433 2420 1488 ad
2468 1433 2670 1508 David)
2731 1443 2789 1494 et
2839 1441 3005 1513 abiit,
3065 1450 3124 1500 et
3182 1448 3492 1507 universus

1840 1517 2095 1587 populus
2121 1519 2222 1589 qui
2253 1525 2380 1576 erat
2411 1537 2542 1578 cum
2577 1541 2642 1580 eo
2674 1527 2745 1582 de
2775 1527 2913 1585 viris
2945 1528 3118 1604 Juda,
3149 1539 3212 1590 ut
3243 1538 3494 1596 adduce-

1843 1611 1972 1661 rent
2003 1624 2197 1662 arcam
2233 1610 2352 1676 Dei,
2386 1629 2565 1684 super
2590 1631 2768 1686 quam
2801 1618 3240 1681 invocatumest
3275 1644 3486 1685 nomen

1849 1694 2075 1750 Domini
2109 1699 2776 1770 exercituum,sedentis
2825 1705 2883 1761 in
2941 1709 3256 1768 Cherubim
3316 1733 3492 1788 super

103 1808 210 1845 nam
240 1791 463 1860 David).
498 1791 717 1845 Idcirco
749 1788 965 1845 dicitur
1023 1789 1082 1844 in
1134 1788 1437 1861 proverbio
1465 1805 1476 1843 :
1539 1792 1735 1844 Caecus
1767 1828 1816 1873 η
1846 1797 1990 1837 eam.
2032 1785 2100 1839 Et
2131 1786 2538 1857 imposuerunt
2562 1808 2757 1848 arcam
2790 1793 2892 1850 Dei
2929 1814 3107 1868 super
3155 1785 3489 1873 plaustrum

103 1891 146 1935 et
171 1879 410 1935 claudus
436 1878 867 1934 nonintrabunt
890 1877 1197 1949 templum.
1224 1878 1308 1950 (h.
1334 1878 1599 1950 domum)
1627 1879 1733 1932 lla-

1848 1888 2062 1966 novu‘m
2091 1874 2512 1966 :Atuleruntque
2547 1895 2677 1936 eam
2710 1883 2782 1938 de
2811 1885 2985 1942 domo
3014 1888 3342 1961 Abinadab,
3388 1895 3490 1966 qui

104 1969 286 2024 bitavit
314 1974 513 2024 autem
545 1968 726 2024 David
761 1967 820 2022 in
852 1984 1008 2037 arce,
1037 1971 1096 2023 et
1123 1967 1347 2023 vocavit
1402 1984 1532 2023 eam
1591 1967 1736 2023 civi-
1843 1966 1967 2054 erat
1998 1962 2053 2017 in
2088 1963 2318 2054 Gabaa:
2352 1967 2471 2023 Oxa
2500 1973 2696 2026 autem
2729 1976 2785 2027 et
2817 1975 2959 2030 Abio
3006 1976 3112 2032 ﬁlii
3159 1962 3488 2054 Abinadﬁb,

107 2062 262 2112 tatem
295 2057 498 2128 David,
533 2061 590 2113 et
619 2057 928 2113 adiﬁcavit
949 2073 1049 2128 per
1077 2073 1284 2130 gyrum
1318 2073 1351 2112 a
1381 2056 1549 2112 Mello
1571 2055 1731 2112 etin-

106 2147 395 2202 trinsecus.
432 2145 498 2201 Et
526 2146 966 2218 ingrediebatur
995 2145 1302 2217 proﬁciens
1336 2146 1551 2217 ‘atque
1599 2162 1733 2202 suc-

104 2252 374 2303 crescens,
408 2240 465 2291 et
491 2235 780 2292 Dominus
814 2239 962 2290 Deus
976 2234 1228 2290 exercitu
1241 2251 1337 2289 um
1353 2239 1479 2290 erat
1493 2250 1728 2290 cumeo.

106 2326 174 2394 (Τ,
206 2325 421 2397 XCIV.)
455 2324 612 2380 Misit
640 2339 876 2395 quoque
907 2324 1105 2379 Hiram
1138 2339 1236 2379 rex
1253 2322 1642 2396 Tyrinuntios
1658 2325 1725 2378 ad

106 2414 293 2481 David,
315 2419 371 2469 et
402 2413 564 2486 ligna
595 2414 854 2480 cedrina,
888 2417 946 2468 et
975 2411 1231 2468 artiﬁces
1255 2412 1566 2485 lignorum,
1593 2413 1730 2468 arti-

104 2503 337 2574 ﬁcesque
355 2503 622 2574 lapidum
645 2503 714 2558 ad
751 2502 1025 2574 parietes,
1057 2507 1116 2556 et
1142 2503 1575 2558 zsdiﬁcaverunt
1623 2503 1726 2558 do-

100 2608 250 2647 mum
278 2592 477 2648 David.
512 2597 583 2647 Et
613 2593 882 2664 cognovit
904 2591 1078 2647 David
1093 2592 1372 2663 quoniam
1388 2591 1727 2647 conﬁrmas-

101 2687 173 2736 set
194 2681 212 2732 t
235 2681 288 2736 h.
321 2682 612 2737 ﬁrmasset
643 2699 777 2736 eum
802 2680 1082 2737 Dominus
1105 2696 1301 2749 regem
1317 2681 1708 2752 superlsrael.

101 2775 146 2824 et
171 2770 448 2842 quoniam
481 2768 796 2826 exaltasset
827 2785 1072 2840 regnum
1103 2771 1230 2841 ejus
1263 2785 1441 2840 super
1472 2769 1554 2841 (h.
1588 2786 1724 2842 pro-

99 2859 228 2931 pter)
261 2858 548 2932 populum
564 2857 1330 2930 suumlsrael.Accepitergo
1342 2858 1513 2914 David
1533 2859 1723 2914 adhuc

101 2947 441 3004 concubinas
471 2952 529 3003 et
558 2964 768 3004 uxores
790 2948 863 3003 de.
891 2947 1244 3013 Jerusalem,
1279 2953 1593 3018 postquam
1625 2965 1722 3004 vc-

1846 2049 2148 2108 minabant
2178 2053 2508 2126 plaustrum
2534 2075 2770 2117 novum.
2792 2065 3053 2136 Cumque
3070 2049 3491 2128 tulissenteam

1839 2140 1910 2194 de
1941 2141 2111 2197 domo
2143 2143 2468 2216 Abinadab,
2495 2147 2594 2219 qui
2626 2155 2751 2204 erat
2780 2150 2837 2205 in
2869 2152 3084 2222 Gabaa,
3154 2160 3494 2216 custodiens

1841 2245 2034 2284 arcam
2059 2231 2162 2286 Dei
2198 2233 2344 2289 ΔΙ]ἰο
2376 2237 2739 2306 praecedebat
2760 2257 2979 2297 arcam.
3013 2246 3192 2301 David
3216 2257 3406 2305 autem
3432 2256 3491 2306 et

1840 2321 2033 2375 omnis
2064 2323 2242 2376 Israel
2276 2321 2559 2380 ludebant
2587 2343 2784 2384 coram
2815 2330 3086 2404 Domino,
3117 2335 3174 2389 in
3205 2339 3482 2395 omnibus

1838 2407 2014 2498 lignis
2048 2410 2402 2480 fabrefactis,
2435 2420 2492 2470 et
2523 2415 2762 2473 citharis
2795 2424 2851 2474 et
2877 2421 3016 2493 lyris
3048 2427 3412 2498 ettympanis
3433 2434 3490 2486 et

1840 2497 2036 2552 sistris
2059 2504 2116 2554 et
2147 2501 2456 2569 cymbalis.
2494 2504 2811 2577 Postquam
2844 2514 3040 2566 autem
3072 2497 3357 2572 venerunt
3413 2519 3484 2574 ad

1835 2589 2042 2642 Arcam
2077 2588 2336 2658 Nacbon,
2369 2591 2483 2647 Oza
2514 2595 2770 2650 extendit
2801 2614 3040 2655 manum
3062 2603 3134 2656 ad
3159 2621 3359 2660 arcam
3383 2607 3486 2664 Dei

1834 2681 1890 2732 et
1919 2677 2107 2732 tenuit
2127 2694 2254 2734 eam
2284 2696 2296 2734 :
2313 2681 2592 2751 quoniam
2611 2683 2996 2744 calcitrabant
3015 2694 3186 2747 boves
3201 2693 3240 2746 ⁵.
3265 2696 3488 2752 Iratus-

1834 2781 1946 2838 que
1978 2769 2067 2821 est
2117 2766 2522 2840 indignatione
2583 2775 2865 2831 Dominus
2914 2782 3114 2833 contra
3173 2780 3372 2853 Ozam,
3427 2791 3485 2841 et

1834 2855 2125 2925 percussit
2153 2873 2286 2912 eum
2319 2875 2496 2929 super
2525 2861 2886 2918 temeritate:
2922 2865 3022 2936 qui
3077 2873 3344 2926 mortuus
3394 2879 3484 2929 est

1833 2945 1909 2999 ibi
1936 2945 2108 3043 juxta
2136 2963 2331 3002 arcam
2360 2947 2486 3043 Dei.
2519 2949 2911 3043 Contristatus
2941 2959 3030 3010 est
3053 2962 3246 3013 autem
3277 2959 3486 3043 David,

101 3045 240 3092 uerat
272 3038 348 3091 de
381 3037 632 3093 Hebron.
665 3038 755 3108 (T.
803 3036 991 3095 XCV.)
1037 3037 1287 3108 Natique
1336 3041 1475 3092 sunt
1541 3037 1718 3092 David
1828 3049 1894 3088 eo
1926 3034 2078 3105 quod
2109 3037 2915 3113 percussisset(h.divisisset)
2943 3043 3229 3103 Dominus
3263 3048 3460 3116 02am,

99 3125 166 3194 (h.
190 3132 243 3182 et
274 3127 492 3185 adhuc)
521 3125 621 3182 alii
647 3125 752 3181 ﬁlii
774 3126 996 3192 etﬁliaa,
1029 3131 1086 3182 et
1118 3125 1240 3182 haec
1255 3125 1496 3182 nomina
1516 3143 1716 3182 eorum

1832 3126 1888 3176 et
1919 3127 2185 3179 vocatum
2209 3126 2336 3181 est°
2367 3143 2580 3183 nomen
2613 3127 2724 3185 loci
2757 3130 2937 3198 illius,
2963 3138 3262 3205 percussio
3286 3138 3367 3199 (h.
3397 3139 3484 3194 di-

101 3216 180 3284 qui
205 3216 330 3271 nati
363 3219 501 3270 sunt
533 3216 584 3271 ei
617 3214 672 3269 in
713 3215 1065 3280 Jerusalem,
1124 3215 1363 3283 samua,
1415 3220 1472 3270 ei,
1513 3215 1721 3287 sobab,
1757 3195 1798 3261 C
1835 3211 1999 3282 visio)
2033 3211 2167 3279 Oza,
2202 3231 2390 3287 usque
2422 3215 2480 3271 in
2513 3217 2670 3273 diem
2705 3219 2872 3277 hanc.
3011 3195 3484 3283 extimuitDavid

101 3303 412 3372 etNatban,
435 3308 492 3360 ct
521 3303 818 3374 Salomon,
855 3309 911 3360 et
941 3304 1150 3360 Ibabar
1175 3309 1233 3360 et
1263 3303 1484 3371 Elisua,
1518 3308 1574 3360 et
1621 3309 1726 3360 Ne-

101 3392 247 3465 pbeg,
279 3397 344 3449 et
371 3393 606 3465 Japhia,
639 3398 693 3448 et
716 3392 996 3461 Elisama,
1030 3399 1086 3448 et
1115 3392 1313 3448 Eliada
1347 3396 1464 3462 (ms.
1513 3393 1724 3465 Elida),

100 3486 144 3534 et
169 3482 470 3555 Eliphelet.
503 3483 969 3554 Audieruntergo
992 3482 1326 3538 Philistbim
1350 3484 1500 3555 quod
1522 3483 1722 3538 unxis-

101 3576 206 3625 sent
231 3572 418 3627 David
451 3575 511 3626 in
544 3587 738 3642 regem
771 3588 948 3643 super
976 3570 1184 3640 Israel,
1216 3577 1273 3628 et
1333 3572 1727 3628 ascenderunt

103 3661 340 3716 universi
373 3665 437 3714 ut
467 3667 797 3732 quaererent
825 3660 1044 3729 David;
1077 3661 1232 3732 quod
1265 3677 1399 3715 cum
1463 3660 1727 3716 audisset

100 3747 273 3820 David,
310 3748 618 3806 descendit
650 3750 704 3804 in
725 3750 1087 3820 praesidium.
1136 3749 1471 3804 Philistbim
1526 3756 1722 3805 autem

103 3839 381 3894 venientes
416 3838 613 3893 diﬁ'usi
647 3844 784 3894 sunt
815 3839 872 3892 in
908 3837 1056 3894 valle
1087 3839 1395 3910 Rapbaim.
1419 3840 1489 3894 Et
1510 3855 1725 3894 consu-

101 3925 192 3983 luit
216 3929 400 3985 David
426 3929 764 3997 Dominum,
797 3929 996 3984 dicens
1022 3946 1036 3986 :
1060 3929 1119 3985 Si
1143 3931 1450 3986 ascendam
1485 3931 1556 3985 ad
1589 3930 1724 3985 Phi-

102 4015 298 4075 listhim
325 4023 351 4074 Ρ
383 4024 443 4074 et
465 4019 512 4074 si
547 4019 719 4074 dabis
751 4035 850 4074 eos
909 4019 967 4074 in
1020 4037 1199 4074 manu
1261 4021 1428 4074 mea?
1474 4020 1542 4074 Et
1579 4020 1726 4074 dixit

98 4104 361 4164 Dominus
397 4109 465 4162 ad
487 4107 667 4162 David
693 4108 1005 4175 :Ascende,
1023 4107 1161 4178 quia
1177 4108 1412 4163 tradens
1425 4108 1576 4164 dabo
1590 4108 1724 4162 Pbi-

96 4193 294 4252 tistbim
325 4199 394 4252 in
435 4212 615 4250 manu
640 4200 758 4250 tua.
790 4195 963 4251 Venit
991 4212 1128 4268 ergo
1147 4196 1321 4251 David
1355 4196 1412 4250 in
1430 4195 1565 4251 Baal
1583 4197 1723 4252 Pha-

98 4284 276 4353 rasim,
307 4291 369 4342 et
402 4284 695 4357 percussit
724 4284 943 4348 eosibi,
976 4289 1031 4339 et
1062 4285 1244 4339 dixit:
1279 4284 1485 4340 Divisit
1525 4285 1722 4340 Domi-

97 4385 189 4425 nus
211 4373 481 4430 inimicos
501 4389 661 4428 meos
679 4389 875 4428 coram
891 4371 1165 4437 me,sicut
1179 4372 1521 4429 dividuntur
1534 4390 1718 4445 aquae.

95 4457 385 4532 Propterea
414 4467 675 4517 vocatum
697 4468 785 4517 est
801 4477 1012 4517 nomen
1057 4461 1167 4516 loci
1195 4461 1378 4531 illius,
1404 4461 1720 4517 Baal-Pha-

96 4549 269 4638 rasim.
303 4552 376 4606 Et
409 4549 776 4622 reliquerunt
807 4549 886 4605 ibi
920 4549 1222 4621 sculptilia
1251 4567 1391 4615 sua;
1426 4567 1554 4621 qua
1587 4552 1724 4606 tulit
1756 4575 1798 4638 D

97 4634 266 4707 David,
298 4645 358 4696 et
394 4639 499 4694 viri
532 4639 758 4710 ejus.Et
789 4637 1140 4694 addiderunt
1170 4639 1361 4693 adhuc
1386 4638 1721 4694 Philistbim

95 4729 147 4780 ut
173 4729 588 4795 ascenderunt,
623 4734 681 4784 et
710 4728 909 4784 diﬁ'usi
942 4733 1082 4784 sunt
1113 4729 1172 4782 in
1212 4727 1359 4783 valle
1411 4727 1719 4800 Raphaim.

97 4811 382 4874 Consuluit
411 4824 610 4872 autem
644 4817 820 4872 David
855 4816 1170 4873 Dominum
1198 4832 1212 4872 :
1247 4817 1347 4888 qui
1379 4818 1721 4890 respondit:

156 4993 281 5068 {Ms
310 4995 662 5057 Veronens;
725 4995 1096 5066 proﬁciscens,
1157 4996 1403 5051 fortasse
1461 4995 1723 5068 pressius

101 5059 311 5122 Hebreo
341 5076 488 5152 11m

155 5153 186 5227 ’_
201 5154 457 5211 Rursum
484 5155 711 5210 addunt
739 5153 1018 5227 Vulgati:
1065 5155 1128 5210 Si
1173 5157 1469 5227 ascendam
1527 5161 1724 5212 contra

102 5222 529 5299 fhilisthzos,“
550 5227 740 5282 tradas
769 5222 943 5282 eos'in
966 5244 1162 5282 manus
1191 5226 1383 5284 meas?
1432 5245 1560 5299 quae
1618 5245 1724 5285 nec

99 5295 351 5419 gcbresus
383 5298 578 5368 habet,
611 5315 715 5353 nec
774 5299 1238 5370 Hieronymianae
1291 5295 1579 5356 versionis
1629 5317 1724 5357 co-

140 5384 264 5424 ices.

111 5410 299 5495 "iiiis.
341 5439 678 5507 Veronens.,
709 5446 770 5496 ut
795 5442 1097 5512 percutias.
1148 5442 1342 5510 Hahn,
1400 5441 1722 5512 indeﬁnite,

102 5508 157 5559 ad
178 5513 603 5559 percutiendum-

175 5513 603 5579 percutiendum.

163 5583 180 5614 ‘
209 5583 362 5638 Idem
399 5599 534 5647 ms.,
562 5599 683 5639 cum
716 5583 899 5640 venies
930 5586 1130 5639 ϐαῖνον.

159 5651 433 5724 'Vulgati
461 5655 704 5720 addunt,
786 5657 850 5711 Et
888 5657 1312 5712 declinaverunt
1367 5671 1510 5725 eam,
1569 5657 1725 5727 quod

1835 3300 2147 3357 Dominum
2183 3303 2240 3360 in
2265 3304 2358 3360 die
2390 3305 2511 3373 illa,
2544 3307 2775 3364 dicens:
2810 3311 3107 3374 Quomodo
3132 3315 3492 3388 ingredietur

1835 3391 1908 3444 ad
1943 3407 2034 3447 me
2065 3409 2200 3448 arca
2233 3393 2516 3450 Domini?
2547 3397 3192 3458 Etnoluitdiverteread
3211 3422 3479 3463 searcam

1834 3480 2066 3536 Domini
2099 3481 2155 3536 in
2189 3483 2477 3540 civitatem
2508 3486 2682 3542 David
2717 3505 2728 3544 ε
2764 3491 2863 3545 sed
2897 3491 3130 3548 divertit
3160 3511 3287 3550 eam
3313 3496 3370 3551 in
3393 3498 3496 3552 do-

1844 3585 2006 3624 mum
2042 3570 2421 3627 Obed-Edom
2456 3574 3097 3634 Getthaei.Ethabitavit
3113 3598 3246 3638 arca
3264 3585 3488 3640 Domini

1831 3657 1890 3712 in
1925 3659 2100 3713 domo
2128 3660 2498 3718 Obeb~Edom
2531 3663 2774 3720 Getthaei
2802 3667 2988 3723 tribus
3055 3674 3382 3738 mensibus,
3432 3684 3488 3730 et

1835 3745 2133 3803 benedixit
2168 3750 2446 3806 Dominus
2478 3751 2952 3825 0bod-Edom,et
2981 3773 3211 3814 omnem
3245 3762 3484 3818 domum

1834 3835 1982 3905 ejus.
2018 3837 2482 3911 Nuntiatumque
2500 3847 2590 3896 est
2613 3843 2731 3913 regi
2749 3843 2926 3899 David
2956 3846 3486 3922 :Benedixitfl'ulg.

1836 3926 1991 3997 quod
2027 3927 2443 4000 benedixisset)
2477 3930 2764 3987 Dominus
2797 3934 3202 4003 Obed-Edom,
3247 3948 3300 3993 et
3363 3957 3495 3995 om-

1833 4014 1932 4069 nia
1960 4017 2109 4084 ejus,
2143 4025 2380 4088 propter
2409 4035 2602 4074 arcam
2632 4020 2751 4074 Dei.
2787 4024 2942 4077 Abiit
2991 4041 3123 4092 ergo
3176 4026 3374 4096 David,
3434 4033 3492 4084 et

1836 4104 2082 4158 adduxit
2112 4121 2306 4159 arcam
2342 4105 2442 4160 Dei
2474 4108 2544 4161 de
2575 4109 2749 4163 domo
2789 4109 3163 4168 Obed-Edom
3191 4113 3250 4168 in
3276 4117 3484 4172 civita-

1834 4195 1949 4248 tem
1986 4193 2157 4246 David
2195 4209 2326 4248 cum
2360 4195 2572 4265 gaudio
2600 4197 2638 4251 ⁷.
2672 4197 2938 4268 Cumque
2978 4204 3485 4261 transcendissent

1834 4281 1936 4349 qui
1959 4282 2475 4351 portabantarcam
2495 4283 2725 4340 Domini
2741 4303 2836 4342 sex
2858 4305 3090 4360 passus,
3109 4290 3492 4350 immolabant

1834 4369 2035 4424 bovem
2069 4377 2124 4424 et
2147 4370 2408 4434 arietem,
2423 4377 2476 4426 et
2500 4370 2676 4426 David
2696 4374 2948 4431 saltabat
2965 4378 3099 4432 totis
3113 4379 3337 4437 viribus
3355 4387 3490 4438 ante

1832 4457 2352 4514 Dominum.Porro
2383 4460 2562 4515 David
2597 4463 2896 4519 accinctus
2929 4467 3250 4538 eratepbod
3272 4469 3423 4527 lineo
3445 4473 3488 4527 ⁸.

1833 4547 1900 4601 Et
1931 4548 2106 4603 David
2139 4548 2332 4604 omnis
2355 4549 2760 4606 domusisrael
2781 4553 3073 4611 ducebant
3093 4574 3287 4614 arcam
3311 4565 3489 4618 testa-

1833 4637 2016 4692 menti
2048 4635 2130 4709 (h.
2165 4654 2272 4692 non
2302 4637 2461 4693 habet
2495 4642 2853 4714 testamenti)
2875 4643 3128 4713 Domini,
3151 4647 3207 4701 in
3235 4648 3491 4716 iubiloet

1833 4725 1894 4780 in
1923 4726 2195 4797 clangore
2226 4727 2510 4783 buccinae.
2532 4730 3234 4799 Cumqueintrassetarca
3253 4736 3487 4806 Domini

1833 4815 1892 4870 in
1927 4815 2218 4871 civitatem
2252 4815 2455 4883 David,
2489 4816 3365 4898 MicbolﬁliaSaulprospiciens
3386 4845 3490 4900 per

1832 5010 2058 5075 comma
2091 4993 2368 5049 Hebraeus
2399 4997 2628 5075 et_mss.
2686 4995 3127 5075 Hieronymiani
3187 5003 3479 5075 ignorant.

1901 5066 1922 5100 ⁸
1953 5065 2252 5121 Veronens
2275 5083 2408 5132 ms.,
2445 5067 2506 5121 Et
2533 5067 2765 5139 vocavit,
2801 5065 3018 5128 rectius
3052 5075 3124 5130 ad
3170 5065 3481 5132 Hebraeum

1960 5147 1981 5196 π

1833 5147 2017 5282 Rw"PI;
2053 5225 2310 5298 Vulgatis
2343 5226 2644 5282 adduntur
2673 5230 2872 5294 verba,
2904 5238 3138 5289 elerant
3194 5251 3317 5290 cum
3363 5239 3484 5291 Da-

1831 5298 1932 5377 yid
1951 5306 2152 5368 septem
2181 5298 2353 5366 chori,
2395 5308 2443 5353 et
2479 5301 2707 5377 victima
2765 5304 2945 5370 vituli,
2993 5323 3122 5377 quas
3183 5323 3373 5377 neque
3422 5308 3481 5362 in

1834 5370 2113 5497 gebEaeou
2147 5377 2309 5440 sunt,
2339 5386 2488 5441 eque
2525 5371 2582 5424 in
2616 5370 3085 5445 Hieronymianis
3108 5370 3369 5448 antiquis
3387 5394 3484 5433 co-

1877 5458 1946 5496 ici
1997 5457 2091 5496 us-

1905 5512 1926 5547 ⁸
1955 5513 2246 5589 Coune'pe
2278 5527 2366 5589 (ιφ
2395 5515 2471 5589 de
2496 5499 2685 5589 epbod
2719 5518 2872 5573 lineo
2893 5517 3334 5589 legunturapud
3353 5519 3485 5576 Hie-

1837 5600 2147 5662 ronymum
2163 5584 2235 5662 _i_n
2252 5584 2546 5662 epistola;
2568 5607 2745 5662 quam
2772 5591 2841 5644 ad
2861 5584 3190 5644 Marcellam
3215 5584 3488 5660 superius

1834 5655 2114 5728 scriptam
2146 5655 2425 5712 diximus.
2460 5655 2639 5718 me.
