3982 6178
502 315 610 371 675

1547 320 1605 373 Β.
1648 315 2054 372 HIERONYMI
2094 313 2346 367 DIVINA
2384 311 2877 367 BIBLIOTHECA.

3749 329 3832 384 676

499 442 1392 515 fenestram,viditregemDavid
1411 442 1820 499 subsilientem
1841 443 2016 512 atque
2047 435 2159 494 sal-
2187 439 2242 504 Α
2272 435 2576 493 universos
2605 436 2878 495 inimicos
2907 442 3043 495 tuos
3075 456 3109 495 a
3138 439 3287 495 facie
3309 441 3408 496 tua
3439 459 3452 503 ς
3503 444 3699 522 fecique
3751 454 3834 509 ubi

502 538 718 588 tantem
753 549 947 588 coram
981 530 2146 606 Domino,etdespexiteumineordesuo.

497 626 564 677 Et
592 621 1038 678 introduxerunt
1068 638 1262 677 aream
1299 622 1546 690 Domini,
1580 614 1992 692 et‘posuerunt
2021 633 2145 672 eam

495 711 553 764 in
587 710 711 766 loco
742 729 870 780 suo,
904 711 960 766 in
991 710 1181 766 medio
1214 711 1579 766 tabernaculi
1611 711 1769 784 quod
1819 709 2148 764 tetenderat

495 799 545 855 ei
579 799 780 868 David,
813 805 870 854 et
899 797 1115 855 obtulit
1147 799 1323 854 David
1349 799 1688 855 holocausta
1721 814 1917 854 coram
1953 794 2147 851 Domi-

497 905 593 955 no,
629 893 685 943 et
737 888 1000 960 pacifica.
1029 891 1291 960 Cumque
1314 887 1665 960 complesset
1698 889 1947 943 offerens
1978 884 2144 940 holo-

494 983 769 1035 caustum
801 983 855 1034 et
889 979 1158 1050 paciﬁca,
1193 978 1491 1034 benedixit
1531 977 1747 1050 populo
1797 977 1854 1031 in
1907 974 2144 1030 nomine

496 1069 726 1125 Domini
757 1069 1139 1123 exercituum.
1156 1069 1222 1123 Et
1249 1067 1497 1140 partitus
1512 1071 1600 1122 est
1620 1063 2143 1136 multitudiniguni—

492 1175 669 1213 versae
703 1157 900 1225 Israel,
927 1161 1046 1212 tam
1083 1157 1200 1211 viro
1226 1173 1399 1228 quam
1428 1156 1679 1226 mulieri,
1707 1153 1958 1227 singulis
1981 1151 2142 1208 colli-

492 1246 680 1302 ridam
709 1247 877 1318 panis
911 1262 1088 1301 unam
1141 1245 1220 1317 (h.
1274 1244 1542 1316 laganum
1578 1245 1748 1316 panis
1806 1244 2027 1310 unam),
2089 1244 2145 1295 et

494 1340 822 1391 assaturam
856 1335 1087 1389 bubulae
1120 1334 1312 1389 carnis
1346 1351 1547 1405 unam,
1573 1339 1629 1389 et
1659 1333 1913 1388 similam
1931 1332 2140 1386 frixam

493 1426 639 1490 oleo,
671 1429 728 1479 et
757 1424 902 1479 abiit
931 1422 1123 1478 omnis
1163 1422 1436 1495 populus,
1499 1424 1904 1494 unusquisque
1934 1420 1989 1473 in
2037 1420 2142 1474 do-

491 1528 655 1567 mum
686 1528 877 1567 suam.
913 1512 1318 1585 Reversusque
1347 1517 1436 1567 est
1468 1512 1643 1566 David
1678 1516 1743 1566 ut
1777 1509 2144 1565 benediceret

489 1601 689 1658 domui
715 1604 927 1666 suae,'et
947 1617 1182 1672 egressa
1210 1599 1417 1656 Michol
1443 1599 1561 1654 ﬁlia
1596 1598 1731 1654 Saul
1752 1600 1808 1653 in
1831 1612 2141 1654 occursum

489 1690 691 1760 David,
725 1690 806 1744 ait
838 1706 850 1744 :
889 1691 1072 1756 Quam
1109 1689 1403 1760 gloriosus
1436 1689 1548 1744 fuit
1580 1689 1754 1743 hodie
1785 1705 1883 1743 rex
1937 1685 2136 1751 Israel,

2260 542 2474 581 nomen
2508 528 2928 598 grande,juxta
2950 545 3164 584 nomen
3189 545 3524 602 magnorum
3555 536 3644 606 qui
3662 543 3830 598 suntin

2259 619 2430 671 terra.
2461 615 2526 670 Et
2547 633 2761 688 ponam
2793 616 2985 673 locum
3017 619 3233 690 populo
3265 635 3390 675 meo
3422 623 3604 690 Israel,
3625 632 3676 682 et
3715 630 3834 700 plau-

2257 705 2390 759 tabo
2423 722 2578 772 eum,
2612 706 2978 762 ethabitabit
3013 709 3122 763 sub
3155 724 3243 777 eo,
3295 713 3353 763 et
3403 727 3512 766 non
3558 715 3834 776 turbabitur

2258 795 2536 865 amplius;
2561 812 2666 851 nee
2680 797 2898 851 addent
2916 796 3021 851 ﬁlii
3046 797 3377 869 iniquitatis
3400 805 3460 854 ut
3479 801 3713 874 alﬂigant
3730 823 3830 863 eum

2258 881 2410 938 sicut
2457 886 2642 955 prius,
2687 902 2757 940 ex
2809 886 2903 940 die
2957 903 3072 956 qua
3129 889 3399 942 constitui
3443 891 3652 959 judices
3699 911 3834 966 super

2259 973 2542 1043 populum
2577 989 2770 1029 meum
2806 973 3005 1043 lsrael,
3023 979 3081 1031 et
3103 975 3364 1048 requiem
3389 977 3532 1033 dabo
3551 979 3644 1034 tibi
3665 982 3725 1036 ab
3743 999 3833 1038 om-

2257 1060 2432 1117 nibus
2456 1061 2711 1117 inimieis
2734 1062 3263 1135 tuis.Praedicitque
3285 1065 3389 1120 tibi
3418 1067 3694 1131 Dominus,
3719 1072 3833 1140 quod

2254 1151 2498 1205 domum
2531 1150 2705 1206 faciat
2733 1151 2840 1207 tibi
2866 1153 3166 1208 Dominus.
3200 1157 3458 1225 Cumque
3481 1157 3834 1228 completifue-

2256 1238 2518 1296 rintdies
2551 1240 2656 1307 tui,
2689 1245 2747 1296 et
2777 1240 3087 1297 dormieris
3120 1257 3254 1297 cum
3290 1243 3548 1312 patribus
3578 1247 3706 1312 tuis,
3732 1263 3833 1301 sus-

2254 1328 2445 1384 citabo
2477 1345 2671 1384 semen
2703 1335 2874 1386 tuum
2931 1335 3062 1402 post
3100 1337 3179 1400 te,
3236 1333 3388 1400 quod
3439 1334 3736 1404 egredietur
3783 1337 3836 1391 de

2255 1423 2420 1473 utero
2443 1423 2563 1488 tuo,
2589 1427 2642 1474 et
2674 1419 2917 1475 firmabo
2951 1435 3198 1491 regnum
3232 1421 3400 1491 ejus;
3435 1422 3554 1492 ipse
3583 1423 3839 1478 zediiicabit

2254 1507 2494 1562 domum
2531 1507 2755 1562 nomini
2791 1524 2938 1576 meo,
2975 1514 3030 1564 et
3070 1509 3364 1564 stabiliam
3401 1510 3658 1566 thronum
3709 1513 3835 1582 regni

2251 1597 2377 1668 ejus
2405 1613 2586 1667 usque
2616 1597 2676 1651 in
2708 1598 3156 1668 sempiternum.
3189 1599 3306 1671 Ego
3339 1615 3436 1655 ero
3469 1599 3519 1654 ci
3551 1599 3601 1654 in
3635 1605 3835 1671 patrem.

2249 1685 2444 1757 etipse
2466 1686 2575 1740 erit
2597 1685 2742 1741 mihi
2763 1686 2823 1742 in
2856 1686 3043 1742 ﬁlium
3070 1705 3082 1755 ;
3109 1687 3209 1758 qui
3233 1688 3499 1760 siinique
3521 1687 3836 1759 aliquidges-

486 1778 924 1850 discooperiens
948 1795 1010 1833 se
1040 1783 1175 1834 ante
1193 1777 1440 1834 ancillas
1463 1793 1765 1832 servorum
1788 1791 2056 1839 suorum,
2083 1777 2139 1829 et
2169 1811 2216 1875 Β
2248 1773 2409 1844 serit,
2442 1791 2684 1846 arguam
2717 1793 2846 1831 eum
2882 1777 2939 1830 in
2987 1777 3149 1847 virga
3202 1777 3480 1843 virorum,
3529 1785 3580 1832 et
3610 1776 3663 1830 in
3691 1776 3839 1848 plagis

485 1869 743 1923 nudatus
775 1873 883 1934 est,
920 1867 1089 1934 quasi
1120 1867 1166 1922 si
1203 1868 1459 1922 nudetur
1488 1885 1642 1921 unus
1673 1866 1744 1920 de
1768 1864 2008 1921 scurris.
2035 1863 2129 1919 Di-

482 1958 686 2028 xitque
721 1958 893 2011 David
914 1957 982 2011 ad
1021 1956 1231 2011 Michol
1259 1973 1271 2010 :
1301 1962 1448 2010 Ante
1478 1955 1810 2023 Dominum,
1835 1954 1934 2024 qui
1955 1951 2125 2023 elegit

486 2063 578 2102 me
613 2047 804 2118 potius
837 2063 1009 2116 quam
1044 2051 1264 2117 patrem
1287 2050 1474 2112 tuum,
1499 2051 1748 2114 etquam
1773 2058 2006 2098 omnem
2032 2042 2128 2096 do-

485 2151 648 2190 mum
681 2136 827 2204 ejus,
862 2134 1210 2206 etpraecepit
1245 2132 1386 2187 mihi
1421 2138 1483 2187 ut
1530 2147 1721 2187 essem
1777 2132 1894 2186 dux
1951 2146 2128 2200 super

483 2222 765 2295 populum
793 2222 1023 2276 Domini
1057 2221 1114 2276 in
1151 2221 1350 2290 Israel,
1384 2227 1440 2276 et
1467 2221 1688 2287 ludam,
1724 2219 2124 2276 etviliorﬁam

479 2312 796 2384 plusquam
828 2312 1014 2366 factus
1037 2328 1192 2381 sum,
1215 2316 1268 2365 et
1291 2328 1387 2366 ero
1406 2310 1649 2366 humilis
1670 2310 1726 2364 in
1749 2309 1932 2365 oculis
1958 2308 2124 2378 meis,

478 2409 528 2457 et
561 2417 694 2456 eum
728 2399 977 2468 ancillis,
1029 2401 1100 2456 de
1148 2399 1364 2471 quibus
1424 2401 1618 2455 locuta
1674 2415 1757 2462 es,
1820 2397 2127 2469 gloriosior

482 2489 793 2562 apparebo.
827 2490 911 2560 (Τ.
943 2489 1185 2558 XCVII.)
1218 2487 1399 2558 Igitur
1428 2487 1639 2544 Miehol
1663 2486 1796 2542 ﬁlim
1824 2485 1960 2542 Saul
2012 2503 2124 2542 non

482 2583 571 2633 est
601 2581 772 2633 natus
794 2577 952 2633 filius
987 2592 1167 2647 usque
1194 2579 1264 2631 ad
1298 2578 1452 2632 diem
1490 2576 1694 2632 mortis
1726 2593 1866 2632 suae.

561 2667 718 2735 (Cap.
753 2665 902 2738 VII.)
950 2667 1189 2721 Factum
1215 2670 1304 2722 est
1337 2672 1531 2722 autem
1565 2674 1700 2721 eum
1732 2664 1983 2721 sedisset
2031 2681 2127 2720 rex

477 2757 532 2812 in
561 2757 735 2812 domo
765 2772 894 2824 sua,
928 2760 983 2810 et
1013 2755 1299 2811 Dominus
1322 2756 1582 2811 dedisset
1603 2755 1654 2810 ei
1676 2755 1934 2826 requiem
1954 2754 2128 2809 undi-

478 2863 592 2918 que
616 2847 686 2900 ab
722 2844 1012 2900 universis
1061 2843 1318 2900 inimicis
1370 2845 1516 2910 suis,
1564 2843 1709 2900 dixit
1765 2845 1834 2899 ad
1895 2843 2124 2898 Nathan

476 2935 863 3006 prophetam:
901 2933 1155 2989 Videsne
1187 2934 1343 3004 quod
1376 2949 1481 3006 ego
1526 2932 1785 2988 habitem
1837 2932 1896 2987 in
1952 2933 2126 2987 domo

478 3024 736 3090 cedrina,
771 3028 827 3078 et
856 3040 990 3078 arca
1022 3023 1114 3077 Dei
1150 3023 1340 3094 posita
1371 3023 1447 3077 sit
1477 3023 1534 3077 in
1568 3023 1760 3078 medio
1832 3021 2072 3094 pellium
2101 3022 2128 3075 ‘?

479 3112 746 3183 Dixitque
775 3112 1006 3167 Nathan
1039 3112 1107 3166 ad
1132 3127 1324 3183 regem
1354 3127 1366 3166 :
1391 3111 1575 3166 Omne
1598 3111 1751 3183 quod
1775 3111 1932 3166 estin
1957 3110 2128 3165 corde

2246 1862 2500 1919 filiorum
2529 1865 3330 1922 hominum.Misericordiam
3354 1872 3540 1922 autem
3564 1882 3730 1922 meam
3749 1882 3835 1920 non

2241 1957 2504 2006 auteram
2529 1953 2601 2007 ab
2633 1970 2698 2009 eo
2732 1953 2887 2009 sicut
2919 1953 3136 2009 abstuli
3159 1971 3193 2010 a
3247 1954 3414 2021 Saul,
3475 1970 3636 2025 quem
3685 1953 3837 2008 amovi

2237 2057 2269 2093 a
2302 2040 2445 2096 faeie
2478 2057 2607 2096 mea
2637 2043 2677 2098 ³.
2707 2042 2775 2097 Et
2798 2041 2987 2098 ﬁdelis
3019 2042 3129 2098 erit
3159 2043 3378 2099 domus
3406 2047 3526 2110 tua,
3549 2047 3604 2098 et
3632 2058 3833 2114 regnum

2237 2131 2427 2195 tuum,
2458 2147 2644 2203 usque
2668 2132 2728 2186 in
2753 2136 3033 2187 aeternum
3061 2137 3195 2188 ante
3219 2132 3428 2188 faciem
3450 2138 3625 2199 tuam,
3649 2137 3700 2187 et
3715 2131 3835 2186 thro

2238 2234 2351 2273 nus
2397 2223 2534 2274 tuus
2583 2219 2692 2274 erit
2736 2220 2938 2275 ﬁrmus
2988 2221 3235 2293 jugiter.
3296 2222 3624 2276 Secundum
3677 2219 3835 2274 omnia

2236 2306 2411 2361 verba
2439 2306 2578 2374 haec,
2613 2313 2669 2363 et
2691 2308 2862 2379 juxta
2893 2325 3228 2364 universam
3260 2309 3543 2365 visionem
3575 2309 3747 2375 istam,
3769 2306 3833 2360 sic

2235 2395 2468 2452 locutus
2497 2403 2586 2452 est
2615 2397 2844 2453 Nathan
2875 2400 2946 2454 ad
2976 2399 3181 2454 David.
3215 2403 3297 2462 (Τ.
3337 2398 3544 2469 XCIX.)
3571 2401 3834 2468 Ingressus

2235 2490 2323 2540 est
2345 2491 2538 2541 autem
2571 2487 2940 2554 rexDavid,et
2971 2488 3122 2543 sedit
3143 2487 3670 2553 coramDomino,et
3687 2484 3834 2540 dixit:

2236 2573 2340 2639 Qui
2372 2590 2477 2646 ego
2508 2591 2660 2642 sum,
2695 2578 2940 2631 Domine
2970 2577 3146 2645 Deus,
3181 2584 3238 2632 et
3269 2593 3405 2649 quas
3464 2577 3664 2631 domus
3716 2589 3837 2635 mea,

2237 2663 2375 2734 quia
2405 2665 2701 2720 adduxisti
2763 2682 2853 2720 me
2888 2667 3193 2738 hucusque
3225 2671 3247 2722 Ρ
3275 2666 3392 2722 Sed
3440 2672 3497 2721 et
3537 2666 3639 2720 hoc
3669 2676 3837 2735 parum

2237 2753 2432 2808 visum
2463 2761 2554 2809 est
2585 2755 2641 2808 in
2677 2761 2992 2826 conspectu
3026 2761 3126 2810 tuo
3159 2756 3240 2826 (h.
3275 2756 3341 2811 in
3373 2755 3554 2811 oculis
3585 2753 3730 2820 tuis),
3759 2756 3841 2804 Do-

2239 2843 2397 2897 mine
2433 2844 2604 2912 Deus,
2627 2843 2739 2898 nisi
2771 2843 3028 2914 loqueris
3061 2846 3236 2899 etiam
3253 2845 3330 2901 de
3347 2845 3520 2900 domo
3551 2843 3687 2898 servi
3717 2840 3839 2895 luiin

2234 2933 2624 3005 longinquum
2654 2955 2668 3001 ;
2703 2934 2816 2989 ista
2848 2941 2938 2990 est
2965 2935 3122 2990 enim
3153 2934 3246 2990 lex
3268 2938 3459 2991 Adam
3485 2935 3564 3006 (h.
3587 2928 3843 2998 hominis].

2238 3022 2480 3078 Demine
2510 3023 2685 3080 Deus.
2719 3024 2867 3088 Quid
2887 3041 3023 3092 ergo
3038 3025 3252 3080 addere
3269 3025 3485 3096 poterit
3501 3017 3844 3079 adhchavid,

2240 3119 2302 3166 ut
2324 3111 2598 3182 loquatur
2627 3115 2694 3167 ad
2728 3113 2828 3168 te?
2859 3114 2943 3168 Tu
2971 3115 3127 3169 enim
3151 3115 3270 3170 scis
3293 3130 3532 3170 servum
3557 3119 3731 3175 tuum,
3761 3109 3842 3162 Do-

480 3173 778 3269 tuo,vade,
805 3201 891 3254 l‘ae
917 3217 928 3254 :
955 3173 1384 3270 quiaDominus
1411 3173 1738 3254 tecum'est.
1764 3198 2126 3270 (T.XCVIII.)
2158 3173 2200 3239 Ο
2241 3173 2573 3256 ωἱῑιθιθρυε
2605 3201 2686 3272 (h.
2723 3201 2985 3258 Domine.
3022 3202 3320 3270 Domine.)
3348 3209 3590 3274 Pr0pter
3643 3173 3842 3253 verbum

476 3289 716 3344 Factum
750 3294 839 3344 est
872 3295 1065 3344 autem
1116 3289 1175 3342 in
1233 3288 1336 3343 illa
1387 3293 1574 3353 nocte,
1635 3293 1689 3342 et
1746 3304 1876 3343 ecce
1934 3304 2125 3343 sermo

477 3377 710 3432 Domini
743 3379 811 3432 ad
841 3377 1091 3444 Nalhan,
1127 3376 1361 3432 dicens:
1395 3377 1554 3431 Vade
1571 3381 1628 3430 et
1656 3376 1889 3446 loquere
1912 3377 1980 3431 ad
2008 3393 2124 3430 ser-

472 3483 609 3520 vum
644 3483 838 3520 meum
877 3465 1047 3520 David
1077 3466 1234 3519 :Ilzee
1257 3465 1695 3520 dicitDominus
1722 3481 1734 3518 :
1760 3464 2036 3536 Nunquid
2061 3469 2120 3518 tu

473 3555 792 3611 aedificabis
810 3553 1208 3609 mihidomum
1233 3553 1302 3608 ad
1323 3553 1708 3608 habitandum
1724 3552 1947 3624 ?Neque
1964 3553 2119 3608 enim

475 3644 729 3700 habitavi
756 3645 811 3698 in
827 3643 1000 3698 domo
1020 3658 1088 3698 ex
1103 3642 1195 3697 die
1210 3641 1452 3712 illa,qua
1467 3641 1640 3696 eduxi
1661 3641 1834 3697 ‘ﬁlios
1851 3641 2024 3697 Israel
2051 3643 2120 3697 de

474 3742 626 3789 terra
645 3733 895 3805 Egypti,
921 3748 1107 3803 usque
1140 3732 1198 3785 in
1231 3731 1382 3786 diem
1399 3730 1547 3785 hanc
1573 3749 1585 3786 :
1612 3731 1710 3785 sed
1740 3730 2118 3787 ambulabam

467 3822 528 3878 in
559 3821 959 3885 tabernaculo,
991 3824 1049 3875 et
1077 3819 1136 3874 in
1162 3819 1433 3875 tentorio.
1458 3824 1566 3874 Per
1587 3825 1800 3875 cuncta
1821 3819 1966 3889 loca,
1991 3837 2119 3891 quae

473 3911 716 3967 transivi
737 3927 870 3966 cum
902 3910 1179 3964 omnibus
1202 3908 1554 3976 ﬁliislsrael,
1582 3909 1845 3980 nunquid
1871 3908 2117 3980 loquens

467 4000 700 4056 locutus
731 4015 862 4055 sum
897 3999 967 4054 ad
1002 4015 1179 4054 unam
1212 3999 1282 4054 de
1315 3999 1587 4054 tribubus
1619 3999 1819 4065 Israel,
1852 3999 1944 4054 cui
1976 4016 2118 4071 prae.

468 4089 620 4160 cepit
653 4095 716 4143 ut
747 4093 1006 4160 pasceret
1039 4086 1320 4160 populum
1376 4104 1569 4143 meum
1614 4088 1814 4156 Israel,
1873 4089 2111 4144 dicens:

467 4181 654 4244 Quare
668 4176 1122 4232 uonaadiﬁcastis
1137 4176 1533 4231 mihidomum
1549 4176 1948 4233 cedrinam?Et
1963 4194 2114 4233 nunc

467 4267 589 4322 hmc
612 4268 769 4322 dices
802 4284 968 4323 servo
1002 4264 1312 4321 meoDavid
1338 4265 2110 4322 :HeecdicitDominusexer-

466 4356 732 4412 cituum:
761 4356 878 4427 Ego
908 4354 1014 4410 tuli
1039 4359 1096 4410 te
1126 4357 1193 4410 de
1226 4355 1457 4425 pascuis
1478 4360 1819 4426 sequentem
1849 4372 2106 4428 gregem,

2232 3294 2488 3358 tuum,et
2512 3291 2837 3345 secundum
2854 3307 2952 3346 cor
2971 3296 3135 3346 tuum
3163 3292 3356 3348 fecisti
3385 3291 3583 3348 omnia
3604 3283 3849 3357 magnalia

2234 3379 2378 3447 haec,
2411 3380 2491 3433 ita
2532 3385 2595 3433 ut
2625 3386 2831 3434 notum
2865 3380 3084 3435 faceres
3117 3396 3280 3436 servo
3314 3386 3441 3436 tuo.
3494 3379 3702 3435 Idcirco
3747 3390 3846 3428 ma-

2232 3469 2548 3540 gnificatus
2579 3485 2660 3534 es,
2697 3468 2936 3523 Domine
2964 3471 3112 3524 Deus
3143 3469 3226 3540 (h.
3256 3470 3534 3538 Domine,
3558 3467 3780 3523 Domine
3797 3463 3846 3525 ³),

2234 3557 2369 3630 quia
2404 3575 2517 3613 non
2550 3563 2638 3612 est
2661 3557 2874 3612 similis
2899 3560 3006 3624 tui,
3033 3574 3223 3628 neque
3247 3560 3412 3615 enim
3446 3563 3536 3614 est
3558 3559 3702 3613 Deus
3721 3557 3848 3607 extra

2234 3647 2674 3713 te,inomnibus
2707 3663 2834 3717 quis
2869 3647 3209 3702 audivimus
3236 3642 3850 3706 auribusnostrisﬂua‘

2232 3742 2320 3792 est
2352 3741 2569 3802 autem,
2604 3741 2668 3790 ut
2700 3736 2950 3806 pepulus
2973 3742 3114 3792 tuus
3147 3738 3354 3805 Israel,
3391 3753 3538 3808 gens
3561 3736 3638 3803 (h.
3673 3737 3786 3792 una)
3808 3729 3851 3781 in

2228 3830 2647 3896 terra,propter
2667 3841 2845 3895 quam
2866 3825 2970 3881 ivit
3005 3831 3180 3890 Deus,
3209 3832 3272 3881 ut
3302 3827 3618 3884 redimeret
3635 3838 3750 3879 eam
3768 3816 3854 3873 sibi

2229 3913 2286 3968 in
2321 3914 2628 3984 populum,
2661 3921 2718 3968 et
2749 3920 2991 3985 poneret
3023 3914 3137 3969 sibi
3174 3931 3421 3980 nomen,
3449 3916 3764 3982 faceretque
3787 3906 3851 3960 eis

2227 4002 2542 4075 magnalia,
2565 4008 2622 4057 et
2649 4001 3160 4074 horribilia,super
3185 4008 3436 4071 terram,
3467 4021 3503 4059 a
3533 4003 3671 4058 facie
3686 3992 3853 4070 populi

2224 4094 2332 4160 tui,
2366 4107 2540 4163 quem
2577 4091 2879 4145 redemisti
2922 4091 3027 4146 tibi
3081 4108 3149 4147 ex
3193 4093 3472 4166 Egypto,
3531 4095 3770 4164 gentem,
3810 4086 3855 4135 ei

2225 4185 2400 4238 deum
2430 4181 2662 4251 ejus(h.
2697 4181 2978 4252 gentibus
3028 4184 3086 4236 et
3142 4181 3260 4237 diis
3314 4181 3569 4253 earum).
3621 4170 3852 4234 Firmasti

2221 4272 2378 4328 enim
2409 4270 2513 4325 tibi
2547 4268 2833 4340 populum
2865 4274 3029 4324 tuum
3055 4269 3236 4324 Israel
3261 4270 3321 4325 in
3349 4270 3636 4343 populum
3669 4259 3854 4332 sempi-

2218 4376 2475 4428 ternum,
2510 4364 2567 4414 et
2597 4364 2682 4426 tu,
2719 4357 2958 4414 Domine
2981 4359 3165 4430 (Vulg.
3193 4359 3416 4416 addunt
3441 4357 3638 4429 Deus),
3695 4353 3857 4409 factus

467 4450 531 4500 ut
562 4461 722 4500 esses
752 4445 868 4499 dux
890 4461 1068 4516 super
1098 4443 1380 4516 populum
1415 4461 1610 4499 meum
1646 4443 1842 4514 Israel,
1894 4450 1950 4500 et
2000 4447 2109 4502 fuit
2217 4465 2280 4505 es
2309 4449 2392 4504 eis
2424 4448 2480 4502 in
2513 4448 2720 4503 Deum.
2753 4447 2918 4502 Nune
2950 4463 3106 4518 ergo,
3139 4447 3396 4504 Domine
3443 4453 3594 4503 Deus
3637 4445 3715 4516 (h.
3765 4454 3856 4495 non

463 4537 660 4588 tecum
684 4533 741 4587 in
765 4533 1040 4588 omnibus
1065 4532 1402 4604 ubicunque
1425 4531 2111 4599 ambulasti,etinterfeei
2143 4543 2191 4605 Ι)
2223 4539 2398 4594 habet
2425 4537 2624 4607 Deus),
2659 4535 2904 4590 verbum
2939 4536 2960 4571 ‘
2991 4537 3147 4607 quod
3180 4537 3424 4593 locutus
3457 4554 3522 4594 es
3565 4548 3731 4607 super
3756 4543 3857 4585 ser-

541 4661 556 4692 ¹
583 4659 691 4714 Ms.
725 4657 1044 4714 Veronens.
1077 4674 1146 4713 ex
1172 4657 1263 4713 die
1295 4674 1405 4731 qua
1434 4657 1622 4728 eduxi,
1663 4658 1902 4714 Hebraeo
1953 4678 2116 4731 pres-

471 4747 621 4786 eius.

542 4803 563 4836 ²
595 4801 848 4858 Omnino
881 4801 1096 4856 rectius
1129 4818 1168 4856 α
1197 4801 1345 4872 facie
1375 4809 1468 4857 tua
1504 4801 1736 4872 praefert
1791 4801 2114 4860 Veronens.

468 4907 580 4946 ms.
609 4892 777 4960 juxta
808 4889 1111 4945 Hebraeum
1144 4874 1387 4975 ’νεεδ-υς.

534 4981 556 5014 ³
590 4979 746 5045 LXX,
778 4979 1068 5034 similiter.
1102 4979 1352 5042 Domine,
1382 4979 1464 5034 mi
1507 4978 1756 5034 Domine.
1819 4979 1880 5032 In
1937 4980 2113 5037 Hebr.

464 5050 763 5126 scripturn
785 5051 961 5106 habet
990 5060 1303 5126 anJ'tN,
1326 5051 1509 5126 idque
1539 5050 1934 5126 legiturjuxta
1967 5069 2112 5126 pun-

463 5132 554 5178 cta
584 5121 806 5179 vocalia
838 5121 1338 5177 Massoretharum
1369 5141 1382 5179 :
1412 5121 1647 5177 Ἀάοηὰί
1702 5121 1937 5189 Elohim,
1968 5121 2113 5178 ‘non

464 5194 941 5266 utimperitiores
982 5193 1339 5261 existimant,
1401 5194 1614 5249 Adonei
1667 5192 1897 5266 Jehovpa.
1939 5195 2112 5250 Eloz’m

461 5263 658 5322 autem
689 5283 920 5337 semper
940 5267 1079 5320 Deus
1110 5267 1564 5336 interpretatur:
1618 5266 1764 5337 bene
1822 5263 2002 5336 igitur
2055 5270 2111 5320 S.

462 5336 853 5410 Hieronymus
883 5337 1078 5393 Latine
1108 5338 1319 5410 reddit,
1345 5338 1584 5410 Domine
1614 5336 1757 5391 Deus
1783 5336 2112 5410 Leuietiam

460 5406 840 5466 consentiunt
898 5407 1279 5463 Orientalium
1340 5408 1710 5479 interpretes,
1783 5406 2112 5478 Chaldaeus,

458 5483 636 5553 Syrus
661 5489 719 5536 et
752 5481 958 5538 Arabs.
994 5479 1109 5553 Iftec
1141 5479 1521 5553 dissimulare
1563 5494 1898 5553 possumus
1943 5481 2112 5553 scho-

457 5549 690 5610 liastem
713 5554 967 5608 Canonis
998 5551 1171 5606 Hebr.
1195 5550 1462 5606 veritatis
1485 5549 1906 5606 hallucinatum
1932 5552 2114 5609 fuisse

457 5622 517 5679 in
559 5625 938 5681 adnotatione
993 5623 1334 5679 immediate
1390 5621 1680 5696 sequenti,
1741 5622 1879 5693 quia
1935 5623 2110 5681 Hebr.

2225 4678 2341 4718 non
2373 4660 2551 4715 habet
2577 4659 2657 4714 ibi
2689 4669 2819 4733 rum
2843 4669 2994 4726 iam,
3019 4661 3174 4730 quod
3199 4665 3514 4733 utcunque
3557 4664 3862 4733 pateremur

2224 4734 2699 4804 interpretatum,
2733 4723 2990 4796 Domine,
3015 4723 3271 4800 Domine,
3315 4723 3432 4789 sed
3461 4723 3742 4804 scriptum
3795 4723 3862 4777 le-

2225 4823 2422 4893 gimus
2456 4821 2791 4893 bocreodem
2829 4820 2914 4876 loc
2948 4805 3138 4881 :1is
3183 4832 3318 4883 iam
3381 4822 3601 4878 Adonei
3653 4815 3857 4875 Elohim,

2225 4892 2380 4966 quod
2396 4892 2733 4966 significat,
2761 4894 2996 4948 Domine
3012 4893 3188 4966 Deus.
3226 4893 3424 4948 MART.

2294 4996 2363 5006 -—
2394 4958 2698 5019 Hebraeum
2725 4964 2916 5038 ipsum
2944 4960 3715 5038 scholiastengreprehendit
3733 4958 3859 5013 Mar-

2224 5036 2490 5103 tianaaus,
2527 5052 2660 5090 cum
2685 5036 2969 5107 scriptum
2993 5036 3086 5090 hic
3111 5035 3186 5091 sit
3215 5035 3274 5090 in
3302 5035 3556 5092 Hebraeo
3581 5042 3707 5107 mi't'
3727 5040 3859 5107 ‘J'ttt.

2224 5109 2377 5179 quod
2410 5102 2484 5162 ex
2506 5102 3002 5163 Massoretharum
3050 5112 3339 5179 praecepto
3401 5106 3719 5180 legendum
3769 5102 3860 5165 est.

2223 5194 2440 5268 Adonei
2472 5195 2722 5253 Elohim:
2757 5213 2893 5252 max
2914 5211 3048 5251 vero
3074 5195 3220 5268 ipsis
3250 5196 3456 5252 verbis
3474 5179 3683 5268 binim
3727 5200 3860 5268 ’.ηκ-

2222 5267 2488 5322 Diximus
2522 5267 2810 5336 suspicari
2844 5285 2950 5324 nos
2973 5265 3352 5323 scholiastem
3387 5268 3496 5324 has
3553 5265 3861 5322 adnotatio-

2224 5356 2328 5412 nes
2359 5356 2472 5394 non
2503 5356 2571 5412 ea
2600 5340 2841 5395 Hebraeo
2875 5339 3213 5412 archetypo,
3248 5341 3354 5394 sed
3393 5357 3466 5394 ex
3496 5337 3701 5412 Latino
3734 5347 3864 5412 quo;

2223 5411 2378 5482 piam
2412 5411 2610 5466 codice
2660 5412 2976 5483 derivasse,
3032 5398 3100 5465 in"
3122 5398 3240 5483 quo
3303 5410 3580 5466 nonnula
3635 5425 3701 5463 ex
3748 5398 3862 5459 LXX

2219 5483 2487 5538 versione
2517 5482 2691 5538 veteri
2729 5483 3075 5538 insederint.

2291 5555 2316 5636 ‘.
2393 5554 2578 5638 Αέξεξι
2635 5571 2928 5638 aneane.
3014 5553 3122 5608 hoc
3179 5553 3340 5638 αρε.ιά
3445 5551 3596 5638 LXX
3677 5558 3862 5638 re"???

2221 5625 2318 5682 Dei
2373 5640 2387 5680 :
2451 5623 2547 5681 Καὶ
2602 5618 2714 5694 νῦνξ
2775 5618 2936 5701 Κῦριὲ
3013 5645 3145 5698 μου,
3217 5618 3404 5700 βῆμα,
3465 5629 3604 5694 ete.;
3678 5620 3733 5677 id
3767 5618 3862 5702 est,
