3982 6178
182 343 275 398 677
1491 337 1703 392 LIBER
1742 337 1791 390 II

1937 337 2214 394 MUELIS.
3450 347 3560 402 678

173 485 294 526 vum
317 471 475 524 tuum
503 468 561 520 et
589 479 770 538 super
798 464 1040 520 domum
1072 463 1454 534 ejus,suscita
1481 461 1544 518 in
1577 460 1794 533 sempl-
1820 467 1872 532 Α
1903 461 2022 517 suit
2041 461 2219 518 David
2241 463 2579 535 prasidium
2605 466 2663 522 in
2685 467 2849 540 Syria
2872 469 3437 544 Damasci,factaque
3468 477 3559 529 est

177 566 383 614 ternum
407 575 422 614 :
447 557 500 610 et
524 554 612 609 fac
643 553 798 608 sicut
826 552 1061 608 locutus
1091 568 1173 620 es,
1213 557 1275 607 ut
1305 553 1430 623 (ms.
1463 550 1541 622 et)
1573 549 1797 621 magni-
1904 550 2066 621 Syria
2114 550 2293 607 David
2341 555 2601 610 serviens
2645 556 2754 610 sub
2805 557 3023 612 tributo
3053 558 3133 629 (b.
3168 575 3332 615 serva
3365 563 3556 618 ferens

176 649 358 703 licetur
384 659 589 699 nomen
618 647 788 696 tuum
840 657 1023 710 usque
1055 640 1113 696 in
1147 641 1596 712 sempiternum,
1627 643 1798 708 atque
1909 641 2204 712 munera);
2229 644 2690 714 servavitque(b.
2713 644 2976 716 salvavit)
2999 647 3281 704 Dominus
3306 649 3556 706 Davidin

175 737 379 791 dicatur
407 750 420 788 :
473 731 755 787 Dominus
787 730 1176 796 exercituum,
1213 734 1361 784 Deus
1393 745 1570 800 super
1599 727 1795 782 Israel.
1910 729 2183 784 omnibus
2205 731 2275 785 ad
2303 747 2667 804 quaecunque
2701 735 2992 806 profectus
3013 737 3203 792 cst.Et
3224 737 3356 794 tulit
3377 739 3556 796 David

175 826 231 882 Et
254 825 449 881 domus
470 820 719 876 servitui
744 819 922 875 David
950 819 1061 874 erit
1093 819 1353 875 stabilita
1384 834 1574 873 coram
1608 817 1800 872 Domi-
1910 822 2148 890 torques
2179 836 2350 874 aures
2379 821 2420 889 ¹,
2454 838 2600 892 quas
2632 821 2928 878 habebant
2972 825 3120 880 servi
3153 826 3468 891 Adadezer,
3500 844 3560 900 et

181 930 242 968 no
268 912 344 983 (b.
366 925 560 965 coram
594 909 691 980 te),
715 924 852 979 quia
873 913 959 975 tu,
984 907 1232 963 Domine
1262 907 1623 964 exercituum
1649 905 1802 960 Deus
1912 907 2122 962 detulit
2139 909 2830 966 easinJerusalem.Etdc
2848 914 2981 968 Bete
2994 915 3132 968 etde
3149 915 3412 972 Berotbai
3435 919 3558 986 (ms.

179 999 356 1069 Israel,
394 997 664 1054 revelasti
697 1011 894 1052 aurem
928 998 1078 1052 servi
1110 996 1217 1064 tui,
1250 996 1451 1051 dicens
1484 1011 1498 1050 :
1549 995 1801 1050 Domum

181 1089 455 1146 editicabo
485 1086 630 1154 tibi;
665 1091 974 1158 propterea
1007 1085 1230 1141 invenit
1275 1101 1477 1140 servus
1520 1088 1658 1140 tuus
1706 1099 1806 1139 cor

179 1195 354 1248 suum,
398 1183 460 1232 ut
509 1181 702 1232 oraret
746 1181 800 1230 te
849 1176 972 1246 (ms.
1025 1178 1169 1230 tacet
1217 1176 1293 1246 te)
1352 1173 1615 1230 oratione
1674 1173 1802 1228 bac.

177 1269 322 1325 Nunc
348 1283 505 1340 ergo,
536 1264 782 1322 Domine
812 1264 987 1327 Deus,
1013 1270 1074 1320 tu
1102 1281 1163 1319 es
1195 1269 1369 1330 Deus,
1403 1269 1460 1318 et
1492 1265 1664 1318 verba
1706 1265 1806 1316 tua

172 1365 321 1414 erunt
347 1373 480 1411 vera
507 1372 520 1410 :
554 1354 788 1409 locutus
819 1370 882 1409 es
906 1353 1064 1408 enim
1096 1354 1166 1407 ad
1188 1369 1420 1408 servum
1453 1357 1622 1407 tuum
1653 1351 1806 1406 bona

170 1448 292 1502 haec.
322 1445 519 1515 Incipe
561 1444 762 1514 igitur,
797 1447 854 1497 et
902 1442 1146 1496 benedic
1178 1441 1381 1496 domui
1409 1441 1561 1496 servi
1596 1441 1704 1509 tui,
1741 1445 1807 1494 ut

173 1536 237 1591 sit
265 1536 317 1590 in
360 1533 791 1604 sempiternum
839 1547 1035 1586 coram
1086 1535 1189 1585 te:
1239 1531 1379 1600 quia
1428 1535 1514 1599 tu,
1561 1529 1805 1584 Domine

173 1627 322 1690 Deus,
352 1626 588 1679 locutus
620 1639 702 1690 es,
737 1629 793 1677 et
827 1619 1230 1676 benedictione
1279 1625 1383 1675 tua
1431 1619 1809 1674 benedicatur

171 1715 358 1769 domus
389 1713 546 1768 servi
577 1711 663 1766 tui
699 1711 757 1765 in
790 1709 1244 1781 sempiternum.

231 1803 308 1874 (T.
339 1804 396 1867 C,
431 1800 567 1871 Cap.
609 1799 778 1870 VIII.)
814 1799 1056 1854 Factum
1100 1803 1190 1852 est
1239 1800 1432 1852 autem
1486 1801 1618 1867 post
1665 1795 1806 1864 huic,

1913 992 2143 1064 Berotb)
2156 1038 2168 1060 ,
2181 995 2514 1051 civitatibus
2527 997 2844 1065 Adadezer,
2861 999 2997 1055 tulit
3011 1016 3110 1055 rex
3123 1001 3298 1057 David
3315 1020 3391 1059 aes
3409 1005 3559 1060 mul-

1915 1087 2038 1138 tum
2065 1084 2504 1140 nimis.Audivit
2526 1091 2722 1142 autem
2745 1087 2910 1143 Tbou
2934 1089 3188 1161 (h.Tboi)
3215 1107 3309 1146 rex
3327 1094 3560 1163 Ematb,

1915 1172 2072 1243 quod
2106 1173 2493 1242 percussisset
2522 1173 2702 1230 David
2737 1192 2909 1231 omne
2930 1177 2951 1212 ³
2971 1179 3152 1234 robur
3180 1180 3491 1252 Adadezer,
3507 1188 3564 1238 et

1916 1261 2079 1316 misit
2106 1261 2272 1317 'l‘bou
2305 1263 2570 1333 (h.Thoi)
2599 1263 2800 1319 Joram
2833 1265 3017 1321 lilium
3051 1284 3225 1323 suum
3258 1271 3327 1324 ad
3363 1286 3558 1341 regem

1916 1349 2117 1419 David,
2153 1355 2214 1404 ut
2261 1350 2541 1407 salutaret
2589 1368 2722 1408 eum
2770 1356 3213 1426 congratulans,
3241 1363 3298 1412 et
3344 1360 3565 1431 gratias

1915 1445 2114 1510 ageret
2139 1455 2205 1494 eo
2237 1440 2391 1511 quod
2423 1448 2814 1512 expugnasset
2843 1443 2924 1514 (b.
2951 1449 3008 1501 et
3037 1445 3407 1504 benediceret
3427 1466 3562 1505 eum

1915 1543 1982 1582 eo
2005 1528 2160 1598 quod
2196 1533 2536 1600 pugnasset)
2567 1530 2957 1601 Adadezer,et
2989 1534 3375 1604 percussisset
3404 1553 3561 1596 eum.

1915 1617 1998 1688 (T.
2037 1616 2146 1684 Cl.)
2178 1617 2377 1673 Hostis
2425 1618 2642 1690 quippe
2686 1626 2809 1675 erat
2859 1621 3022 1678 Thou
3075 1623 3382 1694 Adadezer,
3417 1630 3475 1682 et
3503 1626 3564 1682 in

1918 1722 2094 1760 manu
2127 1706 2254 1776 ejus
2285 1710 2452 1762 erant
2480 1724 2621 1764 vasa
2667 1724 2865 1780 aurea,
2897 1715 2954 1766 et
2995 1728 3130 1768 vasa
3179 1719 3473 1784 argentea,
3507 1719 3565 1772 et

1915 1811 2056 1850 vasa
2087 1811 2270 1850 aerea:
2304 1813 2427 1866 qua:
2449 1802 2505 1852 et
2535 1796 2664 1868 ipsa
2694 1799 3081 1855 sanctificavit
3107 1818 3202 1858 rex
3235 1802 3415 1858 David
3450 1804 3567 1861 Do—

172 1849 436 1964 pelcussyit
495 1849 673 1945 David
730 1849 1094 1951 Plhilistbim,
1125 1891 1181 1942 et
1213 1849 1546 1941 humiliavit
1596 1901 1715 1952 eos,
1749 1849 1806 1939 et
1841 1849 1884 1914 Β
1920 1884 2079 1938 mino
2109 1901 2243 1939 cum
2273 1849 2632 1956 argenteo‘et
2658 1903 2799 1942 auro
2831 1905 2956 1960 qua:
2997 1849 3565 1950 sanctiﬁcaveratude

173 1979 287 2036 tulit
314 1979 496 2035 David
535 1979 764 2032 frenum
799 1976 1004 2030 tributi
1035 1976 1106 2030 de
1140 1992 1318 2030 manu
1351 1973 1705 2029 Philistbim.
1740 1973 1805 2028 Et

171 2069 436 2141 percussit
466 2067 662 2133 Moab,
693 2073 746 2121 et
778 2081 1024 2121 mensus
1059 2068 1150 2119 est
1199 2080 1298 2120 eos
1347 2063 1630 2134 funiculo,
1662 2077 1807 2118 eoa:-

170 2175 336 2231 quans
354 2163 548 2224 terrm;
573 2171 812 2211 mensus
824 2157 913 2210 est
926 2158 1119 2209 autem
1135 2153 1282 2208 duos
1301 2153 1806 2223 funiculos,unum

171 2248 229 2302 ad
276 2245 685 2308 occidendum,
744 2248 802 2299 et
860 2259 1045 2298 unum
1101 2243 1171 2298 ad
1234 2241 1645 2297 viviﬁcandum
1721 2239 1806 2311 (b.

173 2351 388 2392 mensus
414 2338 518 2390 est
549 2337 743 2387 autem
778 2331 928 2386 duos
961 2329 1254 2386 funiculos
1285 2331 1356 2386 ad
1400 2329 1808 2397 occidendum,

172 2428 218 2479 et
259 2440 431 2479 unum
498 2423 571 2477 ad
615 2419 1104 2490 vivificandum);
1152 2420 1455 2490 factusque
1506 2423 1596 2474 est
1643 2418 1810 2473 Moab

173 2513 351 2582 David,
409 2511 686 2567 serviens
742 2511 851 2565 sub
921 2508 1142 2563 tributo
1200 2508 1282 2579 (b.
1342 2514 1432 2564 est
1486 2508 1654 2562 Moab
1703 2507 1816 2562 Da-

171 2602 250 2656 vid
303 2600 593 2668 serviens,
660 2599 851 2653 ferens
911 2597 1197 2668 munera).
1242 2600 1308 2650 Et
1360 2595 1647 2669 percussit
1704 2595 1813 2650 Da-

174 2690 251 2744 vid
282 2691 578 2745 Adadezer
615 2690 630 2722 ί
684 2687 874 2742 filium
922 2687 1100 2755 Roob,
1135 2701 1328 2757 regem
1376 2686 1544 2754 Soba,
1579 2686 1814 2756 quando

177 2780 446 2850 proiectus
478 2781 579 2833 est
611 2781 675 2832 ut
705 2777 1108 2832 dominaretur
1122 2790 1299 2846 super
1317 2775 1534 2830 flumen
1558 2774 1816 2845 Euphra-

175 2873 295 2923 tem.
319 2869 382 2924 Et
406 2867 611 2939 captis
643 2865 826 2921 David
851 2881 918 2920 ex
940 2869 1104 2936 parte
1129 2865 1254 2933 ejus
1289 2863 1450 2919 mille
1481 2863 1818 2935 septingen—

176 2959 241 3013 tis
268 2958 592 3029 equitibus,
627 2959 685 3010 et
715 2953 918 3025 viginti
954 2953 1214 3008 millibus
1257 2954 1540 3024 peditum,
1573 2953 1818 3007 subner-

175 3048 545 3102 vavitomnes
575 3043 804 3115 jugales
834 3059 1146 3109 curruum;
1179 3041 1492 3112 dereliquit
1523 3045 1718 3097 autem
1750 3057 1815 3096 ex

172 3136 244 3192 eis
265 3141 506 3190 centum
537 3148 768 3188 currus.
795 3131 968 3187 Venit
989 3147 1223 3202 quoque
1256 3131 1424 3202 Syria
1456 3131 1817 3198 Damasci,ut

1918 1972 2206 2029 universis
2263 1973 2537 2045 gentibus
2589 1992 2736 2047 quas
2796 1978 3126 2050 subegerat,
3179 1981 3251 2035 de
3293 1981 3477 2054 Syria,
3510 1987 3568 2038 et

1918 2061 2105 2126 Moab,
2137 2066 2195 2116 et
2225 2061 2361 2116 tlliis
2390 2064 2662 2129 Ammon,
2696 2069 2752 2119 et
2785 2065 3134 2134 Philisthim,
3158 2073 3215 2124 et
3236 2069 3492 2141 Amalec,
3512 2078 3569 2127 et

1917 2149 1989 2206 de
2022 2150 2318 2206 manubiis
2343 2151 2637 2207 Adadezer
2669 2152 2770 2208 filii
2805 2153 2963 2210 Roob
2988 2156 3110 2226 (ms.
3140 2157 3389 2224 Roboth)
3413 2159 3567 2231 regis

1917 2239 2086 2294 Soba.
2124 2239 2276 2294 Fecit
2307 2257 2539 2312 quoque
2569 2240 2681 2296 sibi
2710 2242 2891 2297 David
2928 2260 3156 2316 nomen,
3185 2263 3319 2301 cum
3375 2263 3568 2302 rever-

1917 2332 2138 2383 teretur
2168 2334 2338 2400 cnpta
2367 2328 2532 2400 Syria
2569 2328 2629 2384 in
2675 2330 2824 2385 valle
2874 2331 3235 2404 Salinarum,
3270 2336 3434 2393 cassis
3465 2337 3565 2392 de-

1919 2432 2046 2471 cem
2071 2422 2128 2471 et
2149 2423 2277 2472 octo
2301 2416 2562 2473 millibus
2585 2419 2642 2486 ‘;
2676 2426 2733 2473 et
2764 2420 2959 2490 posuit
2989 2420 3049 2476 in
3083 2421 3340 2479 Idumaea
3371 2429 3566 2481 custos

1920 2505 2044 2570 des,
2079 2506 2408 2577 statuitque
2458 2507 2797 2577 praesidium
2833 2525 2847 2564 :
2898 2514 2955 2564 et
3003 2511 3152 2566 facta
3181 2521 3266 2567 est
3301 2513 3572 2570 universa

1925 2595 2179 2650 [dumosa
2227 2595 2487 2650 serviens
2541 2597 2740 2652 David.
2789 2597 2855 2652 Et
2910 2601 3161 2655 servavit
3189 2600 3269 2672 (b.
3304 2603 3572 2671 salvavit)

1924 2683 2206 2738 Dominus
2241 2683 2414 2738 David
2447 2684 2505 2738 in
2539 2686 2816 2740 omnibus
2855 2687 2924 2741 ad
2977 2704 3342 2760 quaecunque
3375 2692 3569 2762 profe-

1926 2777 2056 2827 ctus
2103 2776 2207 2827 est.
2251 2777 2318 2826 Et
2367 2773 2630 2844 regnavit
2661 2774 2833 2828 David
2867 2791 3046 2846 super
3076 2792 3312 2832 omnem
3344 2778 3523 2836 Israel
3557 2797 3572 2836 :

1927 2862 2173 2916 faciebat
2203 2877 2438 2933 quoque
2473 2862 2645 2917 David
2666 2863 2960 2932 judicium
2991 2869 3048 2919 et
3091 2865 3382 2935 justitiam
3415 2869 3572 2923 omni

1928 2949 2143 3022 populo
2175 2966 2300 3004 suo.
2337 2950 2484 3006 Joab
2516 2957 2711 3006 autem
2762 2951 2920 3006 {ilius
2963 2953 3174 3008 Sarviaa
3223 2959 3349 3010 erat
3394 2973 3576 3029 super

1927 3038 2294 3094 exercitum:
2347 3055 2518 3111 porro
2565 3039 2847 3111 Josapbut
2895 3042 3053 3097 illius
3102 3043 3320 3100 Abilud
3369 3051 3494 3101 erat
3544 3064 3576 3102 a
3686 3105 3687 3112 η

1930 3128 2372 3184 commentariis
2402 3145 2415 3183 :
2463 3133 2520 3184 et
2548 3130 2771 3185 Sadoch
2806 3130 2964 3186 filius
2997 3131 3227 3198 Abitob,
3260 3139 3317 3188 et
3344 3135 3581 3190 Abime-

184 3223 503 3295 prasidium
540 3222 719 3277 ferret
751 3220 1046 3275 Adadezer
1077 3219 1198 3290 regi
1229 3221 1415 3286 Soba;
1448 3225 1504 3275 et
1537 3219 1827 3291 percussit
1859 3219 1901 3286 ρ
1939 3217 2065 3272 lech
2087 3218 2108 3251 ³
2130 3218 2287 3272 ﬁlius
2317 3218 2618 3288 Abiatbar,
2646 3223 2812 3274 erant
2842 3222 3174 3276 sacerdotes
3201 3237 3213 3276 :
3247 3228 3303 3277 et
3331 3223 3584 3291 Saraias,

180 3312 334 3368 David
362 3313 432 3367 de
457 3310 629 3383 Syria
657 3308 868 3380 viginti
915 3309 1029 3363 duo
1079 3307 1263 3363 millia
1295 3308 1572 3363 virorum.
1605 3313 1669 3363 Et
1701 3325 1805 3381 po-

184 3421 244 3472 Et
272 3434 429 3488 nunc,
466 3418 705 3473 Domine
732 3419 832 3482 mi,
864 3415 1106 3488 verbum,
1141 3419 1250 3470 etc.
1284 3419 1477 3469 Exstat
1525 3420 1720 3470 tamen
1752 3413 1811 3468 in

183 3487 441 3562 hodierno
477 3505 658 3560 Hebr.
679 3487 1067 3568 textumm‘m
1097 3513 1226 3560 mm
1259 3513 1432 3567 των-ι,
1458 3505 1645 3560 Veatta
1676 3503 1815 3558 Ado-

184 3578 267 3633 uai
292 3577 702 3646 Elohim,quod
729 3578 1082 3630 transfertur
1107 3575 1167 3628 in
1203 3575 1463 3630 Latinum
1486 3591 1817 3639 sermoncn,

185 3651 240 3704 Et
288 3666 454 3718 nunc,
515 3647 747 3703 Domine
804 3649 962 3718 Deus.
1019 3646 1219 3700 Restat
1275 3647 1491 3717 itaque.
1544 3647 1658 3702 nisi
1715 3662 1821 3701 nos

189 3721 332 3776 fallat
380 3717 634 3792 opinio,
693 3719 842 3792 LXX
916 3717 1266 3788 lnterpretes
1319 3735 1406 3792 ac_
1459 3718 1821 3792 Scholiasten

191 3791 424 3848 Canonis
445 3788 638 3846 'Hebr.
671 3791 832 3845 verit.
859 3805 996 3844 usos
1025 3805 1154 3844 esse
1183 3788 1618 3860 exemplaribus
1649 3790 1822 3860 Hebr.

191 3864 238 3918 in
269 3864 476 3936 quibus
506 3864 712 3918 deerat
739 3877 845 3916 vox
874 3860 1089 3936 lito/tim
1139 3868 1272 3932 post
1327 3859 1536 3917 nomen
1593 3859 1824 3928 Adonai,

194 3933 299 4003 aut,
322 3936 368 3990 si
397 3935 616 4006 placet,
645 3937 873 4006 Jehogua.
901 3933 1081 3987 MART.

251 4001 312 4047 -ὲ-
329 4001 474 4062 Hinc
496 4001 695 4061 denuo
709 4004 978 4076 colligere
995 4001 1484 4076 est,scholiastem
1503 4020 1617 4076 non
1635 4003 1827 4076 ipsum

194 4077 479 4202 gebraﬁim
513 4075 814 4148 exemplar
844 4075 1231 4141 consuluisse,
1265 4079 1353 4130 est
1397 4076 1554 4130 enim
1602 4075 1661 4129 in
1715 4075 1826 4130 He-

229 4166 327 4202 raeo
401 4166 517 4202 eus.

229 4166 327 4204 reo
357 4151 517 4205 Deus.

255 4223 268 4256 ¹
298 4221 357 4276 In
389 4221 572 4276 editis
603 4217 880 4274 Adarezer
903 4216 1117 4289 legitur
1140 4232 1163 4289 λι
1207 4217 1367 4289 quod
1388 4287 1395 4289 _
1419 4217 1586 4271 ﬂuxit
1615 4234 1644 4272 e
1677 4217 1832 4272 LXX

193 4290 633 4363 lnterpretibus,
678 4291 802 4363 _qui
841 4283 1075 4363 “legunt
1138 4283 1467 4360 Ἀδρααζὰρ,
1501 4289 1585 4363 __id
1647 4295 1736 4346 est
1800 4301 1830 4350 π

193 4359 474 4433 ΒωσΙίρτο
509 4376 546 4422 ’τ
581 4359 799 4416 Dalelh.
837 4361 1116 4433 Hebraeus,
1167 4375 1298 4433 cum
1355 4359 1631 4433 omnibus
1686 4377 1829 4433 mss.

195 4431 393 4490 Latinis
425 4433 862 4503 antiquioribus
890 4448 955 4486 ac
987 4431 1246 4486 melioris
1273 4437 1428 4503 notae
1461 4432 1635 4503 habet
1655 4431 1833 4488 Adad-

193 4520 316 4560 cier.
352 4507 538 4561 Maa'r.
577 4501 646 4544 4-
677 4505 740 4558 In
777 4520 885 4558 ms.
920 4503 1235 4558 Veronens.
1271 4502 1364 4557 hic
1422 4501 1832 4558 Addadeazer:

195 4575 408 4648 Vulgati
441 4578 476 4632 ,4
485 4577 741 4631 durezer.

257 4643 630 4704 "Veronens.
663 4663 773 4700 ms.
807 4661 940 4699 cum
973 4643 1241 4715 Vulgatis
1271 4660 1430 4698 arma
1462 4660 1654 4718 aurea,
1689 4661 1835 4718 quae,

194 4723 313 4782 etc.,
339 4721 562 4790 quibus
583 4723 640 4773 et
659 4717 937 4790 Hebraeus
971 4721 1182 4790 textus,
1208 4722 1265 4771 et
1297 4715 1645 4786 Bexaplares
1677 4715 1836 4772 Grae-

193 4790 233 4845 ci
261 4789 614 4863 interpretes
648 4789 889 4863 propius
920 4789 1221 4863 accedunt.

255 4861 276 4894 ⁸
300 4864 382 4916 Ad
416 4858 533 4918 me.
561 4858 908 4915 Veronensis
932 4859 1128 4925 tidem,
1154 4863 1277 4913 tum
1312 4858 1536 4913 Hebraei
1568 4862 1762 4916 textus
1785 4864 1840 4915 et

197 4930 385 4998 Greci,
418 4933 762 4990 suﬂ‘ecimus
794 4930 886 4985 hic
914 4937 1154 4985 verbum
1185 4945 1362 4995 omne,
1397 4930 1549 5001 quod
1584 4932 1800 4986 deerat.

258 5005 278 5038 ‘
306 5009 412 5060 Pro
444 5005 626 5060 decem
651 5008 704 5058 el
727 5010 845 5057 octo
866 5001 1138 5069 millibus,
1161 5002 1390 5056 codices
1413 5018 1713 5057 sacrorum
1753 5003 1836 5056 Bi-

194 5071 435 5130 bliorum
471 5074 855 5145 manuscripti
879 5073 1103 5144 legunt,
1119 5075 1278 5129 caesis
1292 5073 1839 5145 duodecimmillibus

193 5149 265 5218 De
292 5163 405 5218 quo
436 5147 701 5216 disputat
720 5143 944 5218 auctor
993 5145 1100 5212 QQ.
1135 5143 1536 5218 Hebraicarum
1567 5145 1624 5218 in
1657 5145 1840 5218 libros

198 5215 698 5288 Begumﬁicenszu
716 5217 780 5271 Et
802 5217 848 5272 si
873 5232 1047 5288 quem
1065 5218 1436 5288 movet,quod
1463 5217 1521 5270 in
1545 5215 1838 5288 plerisque

199 5285 532 5345 Latinorum
563 5289 862 5344 codicibus
893 5285 1395 5356 invenitur,David
1421 5285 1760 5343 non—decem
1783 5293 1840 5345 et

197 5364 314 5413 octo
346 5359 538 5415 millia
567 5361 624 5414 in
655 5358 800 5414 valle
818 5358 1281 5422 Salinarum,sed
1315 5359 1620 5414 duodecim
1655 5359 1841 5415 millia

200 5430 490 5497 cecidisse,
528 5431 750 5486 noverit
797 5430 906 5485 boc
936 5430 1072 5486 vitio
1105 5430 1455 5501 scriptorum
1484 5431 1542 5485 in
1574 5431 1837 5501 ejusdem

199 5501 489 5558 codicibus
522 5503 787 5558 inclitum
819 5518 949 5557 esse
981 5518 994 5556 :
1029 5502 1306 5558 veraciter
1338 5507 1532 5558 tamen
1566 5503 1743 5558 David
1778 5505 1834 5558 in

200 5573 390 5643 eadem
411 5573 561 5630 valle
590 5573 919 5630 Salinarum
945 5573 1146 5630 decem
1169 5579 1225 5629 et
1248 5579 1375 5630 octo
1401 5573 1584 5629 millia
1605 5575 1835 5643 cecidit,

200 5641 334 5698 Joab
365 5645 836 5717 vero‘duodecim
872 5644 1054 5717 millia
1085 5662 1120 5717 :_
1151 5645 1304 5700 sicut
1352 5647 1410 5701 in
1461 5645 1635 5700 titulo
1665 5641 1838 5717 quin-

205 5714 523 5787 quagesimi
555 5717 734 5774 octavi
769 5716 980 5790 psalmi
1011 5715 1306 5774 scribitur.
1343 5741 1370 5768 ››
1419 5714 1701 5774 Advertet
1753 5717 1836 5774 le-

1865 4585 1912 4649 D

1925 3306 2154 3375 scriba;
2190 3306 2439 3362 Banaias
2471 3312 2668 3362 autem
2705 3309 2862 3363 filius
2890 3309 3133 3375 Joiadae,
3167 3327 3344 3382 super
3374 3312 3589 3387 Chere_

1923 3419 2050 3469 ctor
2101 3429 2355 3467 errorem
2408 3411 2503 3467 hic
2552 3429 2681 3468 esse
2740 3414 2799 3469 in
2859 3432 3103 3470 numero
3165 3421 3282 3471 tam
3318 3417 3376 3472 in
3406 3419 3585 3473 editis

1927 3485 2091 3561 libris
2122 3500 2298 3554 quam
2332 3485 2388 3538 in
2425 3486 2844 3561 manuscriptis
2871 3504 2883 3554 ;
2939 3504 3074 3543 nam
3105 3505 3208 3561 pro
3239 3488 3588 3561 quinquage-

1926 3557 2066 3611 simo
2091 3566 2284 3632 octauo
2330 3558 2562 3632 psalmo,
2589 3557 2909 3632 legendum
2961 3565 3066 3628 est,
3101 3559 3163 3632 in
3210 3557 3584 3632 titulo—quin-

1929 3627 2243 3701 quagesimi
2294 3630 2427 3682 noni
2477 3627 2700 3700 psalmi,
2753 3630 2840 3684 vel
2887 3627 3216 3701 sexagesimi
3259 3627 3585 3701 juxta‘lle-

1931 3701 2139 3755 brzeos.
2170 3700 2355 3754 MART.

2005 3769 2446 3835 —Veronensis
2469 3786 2698 3841 quoque
2717 3773 3357 3841 ms.,quemadmodum
3383 3779 3440 3828 et
3459 3773 3587 3828 reli-

1938 3843 2059 3915 qui_
2088 3858 2293 3897 omnes
2317 3858 2471 3915 quos
2503 3843 2771 3915 Martian.
2807 3844 3106 3915 consuluit
3138 3861 3348 3915 magno
3385 3861 3614 3900 numer

1938 3912 2023 3980 ro,
2049 3912 2267 3988 habent
2297 3914 2580 3988 duntaxat
2603 3914 2887 3988 duodecim
2915 3915 3168 3970 millibus
3193 3931 3210 3988 :7
3231 3912 3406 3988 quem
3439 3933 3592 3971 erro-

1939 4002 2086 4050 rem,
2125 3987 2477 4056 scriptorum
2526 3986 2663 4040 vitio
2719 3985 2992 4040 inclitum
3027 3985 3589 4043 Latinis—codicibus

1945 4057 2164 4128 iamdiu
2200 4062 2371 4110 antea
2417 4062 2622 4128 auctor
2668 4056 2979 4128 ()uzestion.
3014 4059 3261 4114 llebraic.
3297 4058 3355 4113 in
3407 4058 3591 4113 libros

1992 4145 2192 4202 egum,
2223 4129 2294 4182 ab
2329 4129 2456 4202 ipso
2489 4127 2821 4202 Martiaan
2851 4128 3147 4197 laudatus,
3180 4131 3589 4202 castigaverat.

1942 4201 2050 4256 Sed
2085 4205 2143 4254 et
2178 4199 2358 4272 Lucas
2387 4199 2698 4271 Brugensis
2730 4205 3061 4272 corruptam
3098 4199 3364 4258 eamdem
3387 4202 3441 4255 in
3462 4203 3588 4256 suis

1944 4288 2088 4328 mss.
2124 4271 2432 4325 lectionem
2467 4272 2701 4342 reperit,
2735 4271 2919 4341 quam
2972 4272 3045 4327 ad
3096 4273 3361 4329 llebraici
3393 4289 3591 4329 exem-

1945 4342 2125 4416 plaris
2147 4343 2550 4397 auctoritatem
2584 4343 2866 4416 repudiat.

2015 4415 2035 4448 ⁵
2069 4415 2281 4468 lterum
2315 4417 2584 4484 corrupte
2632 4413 2846 4484 legitur
2870 4412 2928 4468 in
2962 4416 3276 4470 Veronens.
3313 4432 3424 4470 ms.
3457 4415 3594 4470 Abi-

1944 4485 2151 4567 melech
2182 4502 2292 4567 pro
2323 4485 2696 4567 Achimelecli.
2723 4486 3036 4567 thinebat
3061 4487 3152 4540 bic
3176 4503 3335 4567 error
3366 4489 3423 4541 in
3448 4486 3596 4567 Grie-

1945 4559 2029 4613 cis
2061 4556 2228 4630 libris
2269 4557 2394 4628 jam
2436 4558 2580 4630 inde
2617 4557 2689 4611 ab
2714 4556 2954 4630 Eusebii
2990 4558 3368 4630 temporibus,
3401 4559 3501 4630 qui
3535 4558 3594 4612 in

1990 4626 2367 4705 salm_._xxiuu
2399 4628 2483 4705 sic
2515 4629 2812 4705 disserit_:_
2834 4628 3030 4705 'Hfdsv
3085 4626 3376 4705 βασιλειῶν
3406 4626 3588 4705 ἦραφή

1967 4696 2266 4774 Αχιμὲλςχ
2313 4700 2558 4774 τξεριέχει
2586 4740 2601 4767 ,
2639 4697 2968 4774 Αάναλλαγῆς
3019 4696 3307 4774 ’σέοιχείου
3366 4696 3596 4774 γέἧομίεὲ

1946 4761 2066 4840 νηῒ·
2089 4761 2297 4860 ὀὐδὲὗι
2327 4761 2409 4824 δέῖ
2457 4761 2740 4866 ξίνξςθαιο
2801 4761 3096 4866 πίιξοὲήχᾶρι
3133 4761 3230 4840 -έῆν
3288 4761 3594 4858 ὁμάιότὴτα

1949 4847 2038 4866 ..-π
2095 4860 2341 4866 ___.-._.-,
2410 4845 2500 4866 ..-Ϊ
2597 4852 2662 4866 --Δ
2726 4861 2827 4866 ..---
2944 4858 2952 4866 Α
3017 4862 3072 4866 __.
3108 4864 3119 4866 -
3173 4865 3180 4866 κ
3251 4865 3257 4866 ,
3336 4859 3342 4866 .
3369 4865 3374 4866 ,
3480 4847 3489 4864 '
3539 4864 3588 4866 ,η

1946 4839 2043 4917 “ceu
2089 4839 2364 4917 στοιχείῳ
2408 4845 2504 4917 -ςοῦ
2723 4839 3197 4917 τξᾳιρξξᾼἘϐρᾲὶρςςν
3249 4839 3593 4917 καλουμέέφυ

1948 4914 2037 4991 xuii
2093 4909 2359 4991 EoﬁnKe‘up
2410 4911 2682 4991 διᾳφρρως
2736 4909 2953 4991 ἐξέᾷόθη
3010 4909 3059 4968 ἶς’
3118 4912 3293 4991 ὄνομ-α
3325 4936 3337 4947 ο
3397 4909 3590 4991 σχεδὸν

1945 4986 2045 5058 γὰρ
2090 4981 2152 5062 ,ἓν
2209 4981 2524 5062 καὶβὲαυτᾴκὶ
2552 4981 2662 5062 {oft
2691 4981 2885 5062 told-So
2926 4981 3598 5062 άτοιχεῖα,’βραχυῖἀτης

1947 5054 2184 5131 nepoti“,
2248 5057 2422 5131 μόνης
2477 5054 2936 5131 ἐναλλ-ᾳττούσης.
2973 5054 3598 5128 Ιίιιᾰηονιιὴίδέἱηῴίανα

1946 5129 2293 5185 Achimelec/z
2329 5130 2510 5185 habet:
2533 5146 2600 5185 ne
2625 5129 2834 5187 littera?
2861 5131 3289 5186 commutatione
3320 5133 3598 5201 quispiam

1946 5212 2229 5256 moveatur
2279 5219 2292 5256 :
2352 5219 2483 5256 nam
2539 5219 2604 5257 ea
2661 5219 2780 5272 qum
2841 5202 3125 5257 intercedit
3185 5205 3329 5257 inter
3388 5201 3599 5272 litteras

1946 5273 2083 5328 Beth
2155 5275 2204 5328 el
2272 5273 2442 5344 Chap.
2503 5282 2562 5328 ut
2621 5271 2840 5328 Hebraei
2914 5278 3124 5341 vocant,
3196 5271 3596 5336 similitudine,

1948 5346 2165 5400 diverse
2194 5360 2390 5400 nomen
2421 5347 2532 5415 [uit
2564 5362 2582 5398 :
2640 5344 2911 5415 siquidem
2969 5362 3081 5398 una
3135 5346 3429 5415 eademque
3484 5345 3599 5411 fere

1947 5421 2024 5470 est
2071 5415 2308 5471 duorum
2364 5414 2761 5471 elementorum
2811 5417 3014 5485 ﬁgura,
3048 5414 3371 5469 brevissimo
3421 5415 3600 5468 solum

1945 5486 2102 5556 apice
2157 5487 2549 5556 distinguente.
2613 5487 2825 5544 Verum
2898 5488 3022 5556 ipse
3076 5488 3252 5540 etiam
3312 5485 3598 5540 Eusebius

1947 5559 2191 5625 fallitur,
2237 5576 2426 5630 neque
2483 5559 2640 5614 enim
2696 5576 2794 5629 per
2839 5570 2872 5617 D
2919 5557 3198 5612 scribitur
3246 5557 3304 5611 in
3359 5557 3597 5630 Hebraeo

1944 5640 2198 5716 1173133,
2231 5628 2343 5687 sed
2379 5647 2481 5702 per
2529 5642 2592 5696 Π,
2625 5628 2750 5700 quae
2813 5645 2928 5716 una
2981 5633 3135 5682 recta
3191 5633 3280 5683 est
3335 5628 3597 5700 scriptio,

1945 5715 2206 5808 113mm.
2264 5718 2652 5790 Subsequitur
2725 5716 2783 5771 in
2863 5715 3182 5772 Veronensi
3258 5717 3386 5773 cod.
3446 5718 3600 5789 ﬁlius
