3982 6178
439 301 548 357 679

1489 311 1549 364 s.
1589 303 1996 361 manorum
2036 301 2292 357 mvma
2328 299 2821 356 BIBLIOTHECA.
3706 313 3791 367 δερ

445 431 534 488 thi
563 435 619 488 et
649 432 870 489 Pheleti
911 433 991 506 (h.
1024 432 1271 501 Saraias,
1306 433 1536 490 scriba:
1567 436 1628 490 et
1655 429 1906 487 Banaias
1933 427 2088 483 filius
2120 429 2174 496 Α
2204 425 2416 482 liorum
2449 431 2701 482 Ammon
2732 427 2803 483 ad
2835 431 3003 485 Anon
3037 430 3338 489 dominum
3386 449 3549 491 suum
3582 453 3594 492 :
3647 439 3794 497 Putas

445 522 685 591 Joiadae,
719 522 985 578 Cberethi
1017 527 1074 577 et
1115 522 1444 595 Phelethi):
1498 521 1604 577 filii
1659 525 1856 577 autem
1914 517 2094 574 David

448 613 780 668 sacerdotes
810 615 990 666 erant.

521 701 607 769 (T.
641 702 758 769 CII,
793 699 924 771 Cap.
959 699 1084 768 lX.)
1116 701 1186 755 Et
1225 700 1372 756 dixit
1418 701 1597 757 David
1628 715 1641 754 :
1708 700 1954 754 Putasne
2011 700 2100 752 est

443 787 658 859 aliquis
719 787 820 859 qui
879 789 1165 843 remansit
1223 790 1294 844 de
1347 790 1522 844 domo
1571 788 1816 854 Saul,et
1854 786 1978 857 (ms.
2015 784 2096 854 ul)

443 877 655 932 faciam
686 893 818 931 cum
852 893 918 931 eo
952 877 1419 933 misericordiam
1478 880 1713 948 propter
1753 875 2046 931 Jonathan
2069 871 2096 925 ?

443 966 578 1020 Erat
607 970 803 1020 autem
843 965 914 1020 de
967 965 1142 1022 domo
1193 966 1328 1022 Saul
1379 982 1602 1032 servus,
1637 964 1872 1020 nomine
1903 963 2042 1017 Siba
2077 971 2092 1010 ε

445 1071 618 1126 quem
652 1070 783 1109 cum
813 1064 1075 1110 vocasset
1125 1071 1223 1111 rex
1270 1056 1343 1110 ad
1393 1072 1478 1122 se,
1513 1054 1659 1110 dixit
1688 1054 1738 1109 ei
1774 1071 1786 1109 :
1836 1053 2000 1107 Tunc
2030 1067 2092 1106 es

440 1143 625 1198 Siba?
653 1148 709 1198 et
738 1143 834 1198 ille
865 1146 1170 1215 respondit
1204 1162 1216 1200 :
1252 1145 1358 1215 Ego
1413 1161 1538 1199 sum
1597 1143 1676 1206 (h.
1728 1159 1840 1197 non
1896 1141 2091 1209 habet)

439 1249 644 1289 servus
683 1237 842 1287 tuus.
873 1232 942 1287 Et
973 1232 1054 1287 ait
1085 1248 1203 1287 rex.
1232 1233 1510 1304 Nunquid
1565 1236 1834 1304 superest
1877 1229 2090 1301 aliquis

438 1322 510 1376 de
549 1321 722 1376 domo
770 1321 929 1388 Saul,
964 1326 1027 1376 ut
1059 1322 1265 1377 faciam
1326 1338 1456 1377 cum
1506 1338 1572 1376 eo
1625 1319 2086 1376 misericordiam

436 1409 586 1465 Dei?
615 1409 882 1481 Dixitque
912 1410 1050 1465 Siba
1083 1411 1240 1482 regi:
1273 1411 1550 1480 Superest
1581 1409 1736 1464 filius
1765 1408 2081 1478 Jonathan,

441 1498 652 1554 debilis
676 1499 942 1569 pedibus.
969 1498 1097 1566 Ubi,
1126 1501 1339 1570 inquit,
1365 1501 1498 1554 est?
1518 1504 1580 1553 Et
1599 1499 1736 1554 Siba
1758 1498 1828 1552 ad
1855 1513 2084 1567 regem:

439 1588 604 1655 Ecce,
639 1586 740 1650 ait,
769 1587 827 1641 in
860 1587 1031 1641 domo
1064 1590 1151 1641 est
1181 1586 1403 1642 Machir
1435 1586 1535 1641 filii
1569 1585 1741 1641 Amiel
1786 1587 1844 1640 in
1898 1585 2086 1640 Lodo-

438 1675 563 1730 bar.
598 1675 757 1731 Misit
802 1691 935 1741 ergo
968 1691 1066 1730 rex
1103 1676 1301 1743 David,
1333 1681 1390 1731 et
1436 1675 1574 1730 tulit
1617 1691 1749 1730 eum
1797 1676 1869 1730 de
1914 1676 2088 1730 domo

2211 516 2363 586 quod
2401 520 2635 587 propter
2679 516 2955 574 honorem
3014 521 3197 591 patris
3255 521 3334 577 tui
3389 523 3555 580 David
3610 527 3796 584 miserit

2210 605 2282 660 ad
2315 609 2370 660 te
2399 604 2816 675 consolatores,
2849 611 2908 662 et
2938 625 3050 664 non
3083 609 3213 665 ideo
3260 615 3321 665 ut
3371 611 3728 686 investigaret,
3753 623 3798 673 et

2209 692 2535 764 exploraret
2567 695 2876 764 civitatem,
2909 702 2968 752 et
3014 705 3295 755 everteret
3348 718 3491 767 eam,
3521 703 3667 759 misit
3708 705 3795 761 Da-

2210 783 2303 836 vid
2340 799 2537 861 servos
2568 800 2707 838 suos
2739 785 2809 840 ad
2842 785 2946 856 tei?
2993 786 3153 841 Tulit
3191 788 3384 861 itaque
3432 796 3587 847 Anon
3633 810 3795 851 servos

2208 871 2408 936 David,
2446 871 2706 943 rasitque
2738 874 3044 930 dimidiam
3079 881 3301 947 partem
3334 879 3521 935 barbae
3544 890 3798 948 coruin,et

2207 961 2503 1032 prtescidit
2525 966 2718 1018 vestes
2748 963 2971 1019 medias
3003 980 3187 1036 usque
3216 969 3285 1021 ad
3321 973 3502 1040 nates,
3531 975 3584 1024 et
3611 972 3798 1028 dimisit

2205 1065 2324 1104 eos.
2369 1049 2529 1113 Quod
2581 1067 2715 1105 cum
2763 1053 3096 1108 nuntiatum
3139 1059 3296 1110 esset
3343 1055 3535 1124 David,
3577 1060 3718 1116 misit
3751 1061 3797 1118 in

2204 1154 2514 1194 occursum
2549 1155 2750 1194 eorum
2779 1157 2792 1196 :
2827 1146 2993 1197 erant
3021 1143 3178 1198 enim
3201 1143 3312 1199 viri
3341 1146 3559 1201 confusi
3577 1152 3796 1218 turpiter,

2198 1228 2280 1300 (h.
2316 1245 2430 1283 non
2484 1228 2680 1300 habet)
2732 1229 2921 1296 valde,
2970 1238 3028 1286 et
3079 1233 3375 1289 mandavit
3404 1235 3483 1290 eis
3523 1236 3684 1293 David
3733 1240 3798 1310 (h.

2202 1317 2320 1388 rex)
2347 1334 2358 1371 :
2392 1315 2618 1372 Manete
2639 1317 2696 1371 in
2723 1317 2973 1389 Jericho,
2991 1321 3172 1376 donec
3194 1327 3416 1379 crescat
3437 1324 3605 1380 barba
3623 1332 3800 1393 vestra,

2201 1410 2257 1460 et
2291 1411 2430 1459 tunc
2461 1405 2840 1461 revertimini.
2877 1406 3158 1464 Videntes
3208 1416 3400 1467 autem
3450 1413 3546 1467 filii
3593 1416 3801 1470 Ammon

2200 1495 2354 1565 quod
2385 1494 2663 1565 injuriam
2696 1496 2974 1552 fecissent
3006 1498 3182 1553 David
3231 1499 3314 1571 (h.
3349 1503 3494 1572 quod
3530 1503 3803 1558 foedassent

2202 1584 2428 1655 David),
2466 1583 2756 1640 miserunt
2785 1589 2842 1639 et
2871 1587 3277 1642 conduxerunt
3328 1591 3583 1644 mercede
3627 1591 3802 1662 Syrum

2197 1672 2359 1727 Roob
2383 1673 2464 1742 (h.
2487 1677 2699 1744 Syrum
2732 1675 2948 1730 domus
2973 1675 3220 1748 Rohoh),
3250 1682 3308 1732 et
3332 1678 3536 1750 Syrum
3563 1679 3714 1746 Seba,
3739 1683 3803 1733 vi-

439 1764 663 1820 Machir
695 1765 798 1820 filii
826 1765 1013 1819 Amiel
1045 1766 1115 1820 de
1148 1765 1415 1820 Lodobar
1445 1767 1569 1836 (ms.
1603 1765 1908 1831 Lodabar).
1940 1768 2087 1820 Cum
2119 1797 2165 1862 Β
2379 1761 2562 1862 millia
2594 1763 2880 1832 peditum,
2906 1768 3015 1819 eta
3040 1781 3173 1837 rege
3188 1766 3430 1822 Maacba
3453 1767 3602 1822 mille
3625 1768 3806 1824 viroset

435 1859 630 1910 autem
687 1853 941 1908 venisset
994 1854 1410 1924 Miphiboseth,
1442 1854 1600 1907 filius
1629 1852 1947 1920 Jonathan,
1979 1852 2083 1906 filii

433 1941 591 2010 Saul,
617 1943 686 1997 ad
716 1943 895 1998 David
915 1943 1153 2007 ,corruit
1184 1943 1241 1997 in
1279 1943 1480 1998 faciem
1514 1946 1766 2006 suam,ct
1796 1941 2081 1996 adoravit.

433 2031 704 2101 Dixitque
738 2033 912 2085 David
943 2049 954 2086 :
990 2031 1386 2102 Miphiboseth
1415 2033 1434 2085 ἒ
1464 2031 1569 2094 Qui
1597 2031 1901 2101 respondit
1933 2047 1944 2085 :
1979 2030 2084 2085 Ad-

435 2137 565 2174 sum
601 2136 806 2175 servus
836 2126 994 2176 tuus.
1025 2121 1093 2174 Et
1123 2121 1205 2175 ait
1235 2121 1283 2174 ei
1323 2121 1530 2175 David:
1568 2121 1649 2175 Ne
1681 2121 1909 2180 timeas.
1944 2119 2083 2190 quia

434 2208 655 2263 faciens
688 2208 896 2263 faciam
931 2209 990 2263 in
1023 2213 1078 2263 te
1110 2208 1571 2264 misericordiam
1625 2212 1859 2280 propter
1905 2209 2081 2263 Jona-

431 2296 573 2352 than
608 2301 835 2368 patrem
867 2303 1056 2366 tuum,
1090 2302 1148 2352 et
1195 2297 1500 2352 restituam
1534 2298 1640 2357 tibi
1673 2313 1877 2352 omnes
1909 2313 2081 2368 agros

431 2385 572 2441 Saul
603 2385 786 2457 patris
818 2385 924 2451 tui,
948 2392 1004 2441 et
1025 2392 1086 2440 tu
1114 2387 1384 2441 comedes
1417 2402 1624 2456 panem
1645 2385 1702 2440 in
1724 2401 1926 2440 mensa
1955 2403 2081 2440 mea

430 2491 683 2546 semper.
716 2473 822 2538 Qui
857 2475 1103 2530 adorans
1133 2492 1287 2542 eum,
1322 2475 1467 2531 dixit
1498 2492 1511 2530 :
1545 2476 1687 2539 Quis
1721 2491 1818 2544 ego
1847 2492 1968 2530 sum
1998 2474 2078 2545 (h.

428 2580 542 2618 non
579 2563 775 2632 habet)
807 2579 1012 2619 servus
1063 2569 1224 2629 tuus,
1259 2564 1536 2636 quoniam
1569 2565 1873 2637 respexisti
1908 2580 2084 2635 super

425 2669 630 2708 canem
666 2657 961 2708 mortuum
994 2653 1247 2708 similem
1283 2654 1440 2710 mei?
1481 2653 1724 2710 Vocavit
1757 2653 1954 2724 itaque
1986 2668 2084 2707 rex

2195 1851 2267 1904 ab
2281 1849 2484 1905 Histob
2508 1851 2817 1906 duodecim
2835 1852 3476 1920 milliavirorum.0uod
3501 1874 3621 1911 cum
3641 1857 3806 1912 audis-

2193 1943 2278 1994 set
2291 1939 2467 1994 David
2480 1940 2808 2005 ,misitJoab
2825 1946 2881 1996 et
2897 1959 3129 1998 omnem
3146 1945 3464 1999 exercitum
3479 1944 3803 2001 bellatorum.

2191 2027 2422 2099 Egressi
2465 2033 2604 2082 sunt
2632 2046 2768 2100 ergo
2803 2030 2904 2084 filii
2934 2036 3210 2098 Ammon,
3245 2038 3314 2089 et
3368 2034 3628 2090 dixerunt
3653 2035 3804 2089 aciem

2191 2121 2325 2171 ante
2357 2117 2549 2188 ipsum
2576 2118 2658 2186 (h.
2692 2135 2803 2173 non
2855 2119 3014 2174 habet
3065 2126 3200 2176 ante
3253 2122 3476 2194 ipsum)
3510 2123 3567 2178 in
3600 2123 3804 2178 introitu

2191 2210 2366 2275 portae
2401 2223 2413 2261 :
2465 2210 2644 2278 Syrus
2691 2213 2885 2263 autem
2929 2208 3109 2279 Solia,
3142 2215 3199 2265 et
3230 2210 3412 2277 Roob,
3439 2217 3494 2266 et
3524 2211 3726 2280 Histob,
3757 2217 3805 2267 et

2192 2293 2454 2363 Maacha,
2474 2311 2739 2350 seorsum
2765 2301 2932 2351 erant
2956 2299 3009 2351 in
3036 2299 3486 2366 campo.Videns
3509 2300 3671 2371 igitur
3686 2299 3803 2355 .loab

2192 2383 2344 2451 quod
2376 2389 2764 2454 praeparatum
2783 2389 2940 2441 esset
2963 2386 3276 2442 adversum
3299 2404 3363 2444 se
3386 2388 3654 2459 praelium,
3675 2393 3724 2443 et
3751 2405 3804 2442 ex

2191 2472 2433 2526 adverso
2468 2478 2524 2526 et
2555 2478 2685 2544 post
2739 2477 2992 2545 tergum,
3022 2474 3194 2545 elegit
3223 2492 3294 2532 ex
3326 2479 3591 2533 omnibus
3636 2476 3803 2533 electis

2193 2560 2393 2628 Israel,
2430 2567 2483 2616 et
2520 2563 2792 2618 instruxit
2827 2563 3007 2619 aciem
3038 2569 3244 2620 contra
3269 2567 3519 2639 Syrum:
3558 2565 3804 2636 reliquam

2192 2654 2385 2704 autem
2415 2656 2633 2720 partem
2670 2651 2871 2722 populi
2901 2653 3143 2707 tradidit
3171 2654 3445 2726 Abisa(h.
3465 2656 3650 2724 Abeat)
3671 2653 3805 2708 fratri

2191 2754 2321 2809 suo,
2338 2740 2435 2810 qui
2453 2740 2665 2795 direxit
2681 2741 2864 2796 aciem
2882 2746 3084 2797 contra
3099 2743 3248 2798 filios
3265 2746 3528 2800 Ammon.
3547 2742 3805 2798 Etaitloab

2193 2827 2275 2899 (h.
2302 2844 2414 2882 non
2451 2828 2642 2900 habet)
2669 2845 2681 2883 ε
2717 2830 2771 2884 Si
2805 2829 3215 2900 praevaluerint
3241 2833 3552 2888 adversum
3577 2847 3660 2887 me
3681 2830 3804 2902 Syri,

2190 2916 2306 2971 eris
2332 2916 2474 2971 mibi
2499 2918 2555 2971 in
2581 2918 2940 2988 adjutorium
2970 2937 2984 2988 ;
3017 2920 3290 2976 siautem
3309 2920 3412 2975 filii
3430 2922 3663 2976 Ammon
3686 2936 3806 2991 pre-

422 2742 619 2797 Sibam
654 2758 900 2812 puerum
932 2742 1152 2807 Saul,et
1181 2743 1330 2797 dixit
1361 2743 1434 2796 ei:
1471 2742 1690 2798 Omnia
1721 2759 2082 2814 quaecunque

422 2833 664 2886 fuerunt
695 2830 853 2896 Saul,
886 2836 945 2886 et
976 2832 1310 2887 universam
1345 2833 1584 2888 domum
1620 2834 1770 2902 ejus,
1802 2831 1934 2886 dedi
1964 2831 2080 2887 ﬁlio

421 2919 640 2975 domini
677 2919 784 2976 tui.
810 2919 1064 2991 Operare
1097 2920 1279 2992 igitur
1308 2921 1360 2976 ei
1391 2925 1603 2976 terram
1637 2925 1719 2988 tu,
1752 2924 1810 2975 et
1841 2919 1942 2974 filii
1973 2920 2080 2988 tui,

420 3014 478 3063 et
525 3009 676 3063 servi
726 3009 812 3062 tui
848 3023 862 3062 :
917 3013 974 3062 et
1023 3008 1239 3065 interea
1285 3009 1405 3065 filio
1453 3009 1675 3064 domini
1707 3014 1770 3064 tu
1803 3009 1964 3064 cibos
1992 3009 2077 3078 (h.
2189 3004 2479 3060 valuerint
2508 3007 2819 3062 adversum
2854 3012 2928 3071 te,
2953 3007 3282 3064 auxiliabor
3315 3010 3441 3066 tibi.
3467 3011 3595 3065 Esto
3616 3007 3803 3062 virfor-

414 3099 632 3168 panem)
668 3100 732 3150 ut
762 3096 987 3152 alatur:
1024 3097 1417 3169 Miphiboseth
1453 3103 1646 3153 autem
1672 3098 1828 3154 filius
1846 3097 2068 3153 domini
2108 3159 2142 3169 _
2188 3093 2286 3159 tis,
2319 3099 2375 3149 et
2411 3111 2742 3167 pugnemus
2792 3113 2894 3166 pro
2944 3096 3156 3168 populo
3189 3104 3413 3166 nostro,
3447 3115 3478 3154 e
3504 3098 3714 3154 civitate
3754 3096 3801 3150 b.

417 3187 503 3240 tui
535 3186 801 3241 comedet
831 3202 1060 3257 semper
1092 3203 1302 3257 panem
1329 3203 1506 3256 super
1524 3203 1787 3242 mensam
1816 3204 2001 3242 meam
2027 3189 2064 3257 ί,
2100 3159 2143 3226 C
2180 3186 2238 3236 et
2281 3182 2640 3254 civitatibus)
2672 3184 2770 3239 Dei
2806 3185 3028 3253 nostri;
3089 3185 3377 3243 Dominus
3433 3193 3621 3243 autem
3650 3185 3802 3240 faciet

419 3277 596 3327 Erant
627 3280 823 3328 autem
854 3275 1000 3328 Siba:
1033 3275 1368 3344 quindecim
1405 3275 1530 3343 filii,
1563 3280 1619 3330 et
1647 3275 1851 3346 viginti
1901 3275 2072 3332 servi.
2186 3273 2339 3342 quod
2377 3273 2591 3327 bonum
2623 3278 2712 3328 est
2734 3273 2791 3326 in
2815 3279 3129 3344 conspectu
3161 3291 3270 3330 suo
3293 3277 3442 3346 (h.in
3466 3275 3644 3333 oculis
3659 3273 3800 3340 suis).

418 3361 692 3434 Dixitque
721 3363 854 3418 Siba
883 3363 954 3416 ad
989 3379 1225 3434 regem:
1258 3363 1694 3434 Sicutjussisti,
1727 3364 1962 3419 domine
1993 3366 2073 3420 mi
2185 3361 2321 3415 Idiit
2353 3361 2549 3432 itaque
2578 3361 2743 3429 Joab,
2772 3369 2828 3416 et
2860 3362 3114 3434 populus
3147 3365 3246 3431 qui
3279 3370 3564 3420 eratcum
3595 3380 3675 3429 eo,
3705 3378 3800 3417 cer-

421 3468 540 3519 rex,
566 3467 731 3506 servo
763 3450 994 3518 tuo,sic
1025 3451 1197 3508 faciet
1226 3469 1430 3507 servus
1465 3459 1599 3508 tuus
1637 3469 1651 3506 :
1696 3457 1753 3508 et
1784 3453 2074 3524 Miphibo-
2185 3454 2380 3504 tamen
2416 3460 2615 3505 contra
2644 3455 2857 3522 Syros;
2909 3451 3007 3522 qui
3057 3453 3257 3506 statim
3312 3455 3586 3525 fugerunt
3611 3470 3642 3508 a
3682 3450 3801 3505 facie

419 3538 547 3594 seth
581 3540 847 3594 comedet
879 3555 1058 3610 super
1097 3557 1360 3596 mensam
1386 3546 1547 3596 tuam
1572 3540 2073 3613 (h.meani),quasi
2183 3539 2329 3607 ejus.
2358 3538 2481 3593 Filii
2517 3545 2711 3593 autem
2742 3544 3013 3604 Ammon,
3045 3540 3316 3597 videntes
3361 3544 3499 3614 quia
3547 3543 3798 3614 fugissent

416 3644 572 3683 unus
605 3627 676 3682 de
707 3625 843 3684 filiis
870 3629 1045 3699 regis.
1071 3629 1338 3685 Habebat
1369 3635 1563 3685 autem
1597 3630 1986 3702 Miphiboseth
2015 3631 2074 3684 Η·
2183 3629 2328 3698 Syri,
2364 3627 2664 3698 fugierunt
2715 3635 2768 3682 et
2830 3628 2940 3699 ipsi
2985 3645 3018 3682 a
3069 3630 3212 3684 facie
3243 3631 3468 3697 Abisai,
3505 3636 3560 3686 et
3584 3625 3796 3702 ingressi

413 3715 562 3771 lium
595 3717 907 3788 parvulum
941 3718 1179 3774 nomine
1211 3719 1402 3774 Micha
1430 3736 1442 3774 :
1477 3720 1672 3774 omnis
1703 3736 1835 3775 vero
1867 3735 2073 3790 cogna-
2183 3721 2322 3770 sunt
2348 3716 2639 3772 civitatem
2678 3733 2689 3769 :
2725 3733 3112 3789 reversusque
3144 3724 3233 3773 est
3264 3720 3412 3776 Joab
3447 3738 3479 3775 a
3511 3718 3641 3774 filiis
3682 3720 3797 3772 Am-

416 3805 498 3860 tio
531 3806 744 3860 domus
796 3805 946 3860 Siba:
991 3805 1283 3862 serviebat
1317 3807 1728 3879 Miphiboseth.
1763 3814 1938 3864 Porro
1969 3807 2070 3862 Mi-
2185 3811 2420 3870 mon,et
2449 3805 2609 3860 venit
2637 3804 2983 3860 Jerusalem.
3021 3805 3296 3862 Videntes
3323 3808 3506 3880 igitur
3534 3806 3649 3880 Syri
3678 3819 3796 3877 quo-

412 3893 726 3968 phiboseth
751 3894 1498 3952 habitabatinJerusalem:
1517 3898 1656 3968 quia
1677 3897 1747 3952 de
1769 3913 1972 3952 mensa
1987 3913 2070 3951 re-
2182 3895 2338 3948 niam
2354 3894 2921 3949 corruissentcoram
2949 3894 3146 3965 Israel,
3172 3898 3512 3968 congregati
3535 3892 3800 3966 suntpari-

412 3983 736 4056 gisjugiter
756 3985 1127 4039 vescebatur:
1153 3989 1209 4039 et
1229 3989 1354 4040 erat
1374 3985 1618 4040 claudus
1638 3991 1886 4057 utroque
1901 3987 2066 4058 pede.
2179 3988 2286 4038 ter.
2323 3983 2597 4054 Misitque
2627 3983 2920 4038 Adadezer
2951 3985 2992 4048 ³,
3017 3988 3072 4038 et
3101 3985 3300 4040 eduxit
3329 3986 3504 4059 Syros
3535 3985 3629 4058 qui
3660 3985 3799 4040 erant

489 4071 578 4141 (T.
610 4072 754 4139 CIII,
790 4072 920 4143 Cap.
954 4071 1046 4144 X.)
1080 4073 1316 4128 Factum
1364 4079 1452 4128 est
1501 4079 1695 4129 autem
1749 4080 1881 4146 post
1924 4074 2064 4142 haec,
2179 4079 2342 4128 trans
2377 4072 2642 4137 ﬂuvium,
2673 4077 2730 4126 et
2761 4072 2839 4134 (h.
2873 4077 2929 4126 et
2957 4078 3243 4127 venerunt
3291 4075 3349 4128 in
3404 4075 3620 4140 Helam)
3647 4074 3797 4126 adau-

411 4166 478 4214 ut
508 4165 833 4215 moreretur
865 4177 964 4214 rex
995 4159 1247 4216 filiorum
1281 4164 1553 4229 Ammon,
1575 4167 1632 4217 et
1662 4162 1925 4234 regnavit
1956 4169 2068 4216 An-
2176 4161 2260 4216 xit
2289 4161 2602 4216 exercitum
2637 4176 2837 4216 eorum
2866 4178 2880 4227 ;
2910 4161 3132 4217 Sobach
3167 4168 3393 4232 autem,
3429 4163 3694 4236 magister
3715 4159 3800 4214 mi-

409 4249 569 4303 non’
601 4249 935 4318 (b.Hanon)
976 4249 1135 4304 filius
1187 4251 1317 4320 ejus
1366 4267 1468 4322 pro
1519 4267 1605 4307 eo.
1641 4250 1910 4321 Dixitque
1953 4251 2062 4306 Da-
2175 4250 2312 4305 litize
2360 4250 2674 4315 Adadezer,
2722 4254 2848 4305 erat
2889 4249 3161 4322 princeps
3209 4266 3438 4307 eorum.
3482 4251 3636 4316 Quod
3686 4262 3796 4302 cum

407 4337 543 4391 vid:
581 4336 805 4391 Faciam
841 4337 1307 4393 misericordiam
1341 4355 1473 4393 cum
1505 4341 1669 4394 Anon
1721 4339 1837 4394 lilio
1887 4339 2060 4408 Naas,
2175 4339 2510 4395 nuntiatum
2545 4342 2701 4393 esset
2727 4338 3234 4408 David,contraxit
3265 4357 3500 4396 omnem
3535 4336 3797 4398 lsraelem,

409 4425 562 4480 sicut
591 4423 727 4479 fecit
757 4429 921 4495 pater
951 4427 1080 4496 ejus
1114 4442 1344 4482 mecum
1389 4428 1872 4483 misericordiam.
1907 4429 2065 4484 Misit
2174 4433 2233 4483 et
2282 4427 2554 4482 transivit
2599 4426 2940 4493 Jordanem,
2989 4429 3263 4498 venitque
3311 4428 3371 4483 in
3427 4427 3624 4484 Helam
3655 4428 3709 4492 ‘;
3752 4426 3801 4477 et

406 4528 544 4583 ergo
575 4513 776 4578 David,
810 4515 1120 4569 consolans
1151 4531 1282 4568 eum
1317 4531 1419 4586 per
1452 4533 1648 4571 servos
1697 4533 1834 4571 suos
1885 4533 2061 4587 super
2089 4529 2137 4591 ι)
2170 4518 2506 4571 direxerunt
2567 4517 2747 4570 aciem
2781 4515 2907 4587 Syri
2939 4531 3008 4570 ex
3064 4517 3309 4572 adverso
3369 4517 3573 4586 David,
3610 4518 3664 4570 et
3709 4527 3797 4584 pu-

409 4601 594 4673 patris
624 4601 885 4657 interitu.
919 4606 1061 4658 Cum
1111 4607 1306 4659 autem
1336 4604 1637 4661 venissent
1679 4605 1830 4660 servi
1882 4606 2056 4661 David

406 4689 464 4744 in
497 4695 714 4746 terram
747 4689 1002 4746 filiorum
1051 4693 1321 4760 Ammon,
1350 4693 1628 4749 dixerunt
1671 4693 1962 4766 principes
1992 4693 2058 4749 ﬁ-

405 4899 688 4978 A_biathar_
710 4902 1015 4978 sacerdotis
1043 4919 1055 4958 :
1108 4902 1320 4959 iterum
1356 4903 1584 4978 vitiose,
1614 4906 1726 4962 nisi
1759 4906 1808 4962 si
1837 4907 2057 4978 passim

2168 4611 2494 4678 gnaverunt
2514 4610 2717 4661 contra
2747 4619 2899 4659 eum.
2929 4605 3340 4676 Fugeruntque
3371 4605 3544 4679 Syria
3564 4603 3698 4661 facie
3725 4603 3795 4657 ls-

2169 4695 2309 4763 rael,
2335 4699 2390 4750 et
2410 4693 2624 4750 occidit
2658 4692 2831 4748 David
2863 4693 2933 4748 de
2961 4694 3118 4765 Syris
3151 4695 3557 4768 septingentos
3585 4705 3794 4759 currus,

2170 4907 2390 4980 duplici
2454 4903 3010 4980 daleth,_Adadczer,
3045 4905 3200 4976 quod
3252 4904 3432 4961 etiam
3485 4921 3625 4961 mss.
3657 4899 3796 4958 Lati-

406 4973 577 5050 obvia
605 4974 646 5028 E
676 4973 734 5029 in
770 4975 788 5028 Ι
822 4974 1151 5050 litterarum
1200 4977 1547 5050 mutatione,
1595 4973 1919 5050 putandum
1972 4985 2062 5036 est
2171 4981 2231 5037 ni
2255 4973 2650 5050 retinenthoc
2682 4975 2828 5050 loco.
2862 4980 3046 5050 Maa'r.

405 5043 580 5128 scribi
623 5047 1109 5128 prohsarerdotes,
1141 5048 1504 5120 verbumque
1534 5043 1702 5121 'erat,
1735 5051 2060 5123 elegantius

404 5122 893 5188 praetermittitur.
1835 5122 1846 5123 “

404 5257 414 5260 μ
475 5191 492 5260 ξ
525 5189 910 5260 Manuscripti
942 5188 1137 5259 plures
1171 5189 1427 5245 retinent
1455 5206 1702 5245 mensam
1747 5197 1920 5252 tuam.
1957 5193 2056 5248 alii

401 5257 621 5336 habent
657 5257 916 5336 Amensam
943 5257 1320 5336 ineamjuxta
1349 5261 1784 5336 adnotationem
1814 5266 2058 5336 Amargi-

404 5330 596 5386 nalem
646 5333 916 5388 Canonis.
954 5332 1176 5387 Videsis
1225 5333 1296 5387 de
1345 5331 1446 5386 illa
1494 5333 1754 5389 variante
1811 5330 2058 5391 lectione

401 5403 888 5475 Quzrstionesjam
924 5404 1135 5459 citatas
1165 5403 1456 5475 suppositi
1490 5403 1848 5473 Hieronymi.
1873 5408 2054 5463 MART.

471 5476 493 5508 ²
523 5475 632 5530 Ms.
665 5477 1004 5542 Veronens.,
1039 5484 1090 5531 et
1120 5483 1376 5547 regnaret
1409 5476 1578 5530 Anon.

472 5563 628 5636 _3Hic
677 5565 737 5619 in
787 5565 962 5620 Hebr.
996 5568 1268 5620 contextu
1327 5563 1611 5635 scriptum
1671 5570 1761 5621 est
1813 5578 2051 5636 nun-tn,

401 5633 716 5704 Adarexer;
769 5652 901 5694 cum
934 5653 1114 5709 supra
1143 5636 1333 5710 capite
1371 5633 1570 5693 octavo
1620 5636 1848 5711 legatur
1894 5633 2051 5711 (cum

2238 5082 2308 5092 —
2333 5055 2490 5131 Quoc
2523 5048 2614 5103 hic
2647 5048 2810 5131 effert
2838 5048 3106 5131 H‘ebraic.
3143 5047 3444 5130 exemplar
3473 5064 3574 5131 per
3593 5058 3622 5107 Ἶ

2167 5139 2312 5188 ρων,
2338 5115 2553 5176 laetum
2588 5119 2816 5192 passim,
2839 5119 3008 5176 obvia
3037 5115 3331 5192 perquam'
3354 5115 3636 5175 similium
3665 5115 3796 5188 litte-

2170 5210 2366 5250 rarum
2401 5205 2435 5251 ’ς
2462 5197 2518 5247 et
2548 5190 2957 5253 ﬁ‘mutatione.

2240 5267 2257 5300 ‘
2294 5269 2354 5321 In
2390 5263 2520 5318 aliis
2555 5279 2663 5318 ms.
2697 5261 2865 5318 libris
2915 5261 3169 5333 legimus
3202 5276 3216 5316 :
3271 5261 3494 5316 Heiema
3531 5264 3605 5333 et
3659 5255 3795 5312 Hela-

2165 5354 2275 5392 ma.
2312 5335 2665 5390 Emendator
2689 5351 2820 5390 vero
2842 5330 3151 5390 Canonicis
3181 5333 3465 5404 expunxit
3490 5330 3747 5387 ultimum
3769 5340 3797 5377 α

2165 5425 2233 5464 ex
2265 5410 2512 5464 "clama.
2547 5405 2731 5460 MART.

2235 5511 2302 5519 ——
2338 5479 2658 5534 Vcronens.
2693 5493 2806 5530 ms.
2839 5475 3277 5546 Helama,atque
3308 5474 3549 5530 additur
3578 5469 3790 5544 quidem

2164 5569 2258 5624 hic
2286 5581 2325 5628 Π
2357 5569 2415 5622 ἱη
2449 5567 2708 5636 Ηθὶπωο,
2742 5549 2982 5628 nnxbn.
