3982 6178
193 217 270 273 681

1521 213 1733 268 LIBER
1771 215 1821 266 II
1858 213 2220 268 8AMUKLIS

3449 207 3555 266 682

196 334 808 412 etqnadragintamillia
824 334 1436 407 equitumzetSobach
1459 336 1782 408 principem
1817 337 1867 402 Α
1899 337 2174 393 dormivit
2202 339 2255 392 in
2291 341 2479 394 stratu
2511 353 2616 392 suo
2639 353 2770 393 cum
2798 337 2979 391 servis
3013 336 3234 393 domini
3270 335 3384 402 sui,
3407 339 3466 389 et
3495 335 3552 389 in

195 429 380 486 militias
406 426 728 499 percussit:
753 425 852 495 qui
875 425 1075 479 statim
1111 431 1380 480 mortuus
1402 424 1794 480 est.Videntes

204 527 362 573 autem
393 513 636 569 universi
667 527 853 584 reges,
883 511 982 583 qui
1007 521 1173 568 erant
1194 514 1252 567 in
1276 511 1546 584 praesidio
1570 513 1794 568 Adade-

197 621 286 671 ser,
311 604 472 660 victos
500 618 564 657 se
588 602 660 656 ab
686 601 861 657 Israel
879 604 920 663 ι,
947 603 1204 656 fecerunt
1228 618 1428 674 pacem
1453 617 1587 656 cum
1615 600 1793 657 Israel

199 700 243 751 et
257 697 555 749 servierunt
574 692 683 753 eis,
715 692 1159 760 timueruntque
1182 692 1311 762 Syri
1331 690 1612 746 auxilium
1646 705 1798 762 pm-

199 787 306 840 bere
333 781 470 836 ultra
501 781 628 851 [mm
661 784 805 836 tacet
830 777 1006 852 ultra]
1041 780 1180 835 filiis
1209 783 1480 836 Ammon.

254 875 383 942 [ϐαρ.
412 868 532 940 XL]
574 869 814 924 Factum
845 873 936 924 est
980 874 1199 934 autem,
1231 873 1488 924 vertente
1524 886 1698 930 anno,
1731 884 1796 924 eo

200 965 420 1031 tempore
444 973 559 1028 quo
591 957 783 1012 solent
809 972 974 1028 reges
1003 958 1074 1012 ad
1109 956 1261 1013 bella
1283 960 1595 1030 procedere
1615 959 1696 1026 [h.
1731 973 1798 1012 eo

197 1054 417 1120 tempore
440 1063 554 1119 quo
577 1062 744 1118 reges
767 1049 837 1103 ad
864 1047 1016 1103 bella
1035 1047 1485 1119 processerant].
1511 1047 1672 1103 misit
1699 1052 1802 1101 Da-

194 1138 265 1193 vid
284 1137 496 1204 .loab,et
515 1153 712 1193 servos
736 1153 876 1192 suos
899 1153 1032 1192 cum
1055 1141 1217 1204 eo,et
1238 1138 1576 1194 universum
1601 1134 1800 1197 Israel,

191 1233 238 1282 et
257 1232 606 1282 vastaverunt
629 1226 782 1281 tilios
803 1231 1079 1294 Ammon,
1103 1229 1162 1281 et
1182 1227 1540 1282 obsederunt
1563 1227 1758 1282 Babba
1781 1245 1796 1292 ;

190 1317 341 1372 David
371 1322 558 1370 autem
593 1316 878 1370 remansit
897 1315 984 1386 [h.
1010 1314 1336 1386 habitabat]
1364 1315 1421 1370 in
1443 1315 1796 1371 Jerusalem.

188 1404 262 1475 [Τ.
281 1404 424 1475 ClV.]
452 1404 605 1460 Dum
637 1404 758 1459 haec
805 1408 1138 1475 agerentur,
1191 1403 1400 1459 accidit
1439 1409 1506 1459 ut
1536 1407 1808 1475 surgeret

195 1493 342 1548 David
367 1493 432 1547 de
455 1497 642 1548 stratu
677 1507 785 1547 suo
814 1496 945 1563 post
967 1492 1297 1562 meridiem,
1319 1499 1377 1547 et
1403 1491 1809 1548 deambularet

190 1583 238 1636 in
259 1582 453 1638 salario
471 1583 558 1653 [h.
589 1583 654 1636 Et
675 1584 888 1638 factum
922 1588 1010 1637 est
1033 1582 1091 1635 in
1115 1586 1376 1652 tempore
1395 1581 1723 1652 vespertino
1749 1584 1810 1635 ut

193 1678 422 1742 surgeret
452 1672 638 1727 David
673 1672 744 1725 de
793 1675 988 1725 stratu
1050 1687 1177 1738 suo,
1223 1676 1281 1726 et
1306 1669 1717 1725 deambulabat
1748 1669 1806 1724 in

192 1759 396 1832 salario]
427 1761 644 1816 domus
675 1759 867 1830 regiae,
899 1760 1160 1830 viditque
1190 1759 1492 1814 mulierem
1526 1775 1588 1814 se
1611 1757 1807 1813 lavan-

191 1853 304 1915 tem,
350 1864 414 1905 ex
444 1850 694 1904 adverso
747 1843 827 1910 [h.
862 1864 976 1902 non
1012 1849 1198 1918 habet,
1241 1863 1310 1904 ex
1340 1848 1604 1919 adverso]
1637 1863 1813 1917 super

186 1938 438 1994 solarium
487 1953 674 1994 suum
723 1937 805 2004 [h.
860 1939 1112 2008 desuper
1149 1935 1425 2008 solario]:
1459 1942 1585 1992 erat
1615 1940 1810 1992 autem

187 2025 400 2096 pulchra
421 2026 646 2081 mulier
670 2025 1024 2081 valde.Misit
1047 2041 1184 2097 ergo
1207 2025 1398 2099 rex[h.
1415 2025 1704 2094 David],et
1725 2041 1812 2080 re-

187 2115 398 2184 quisivit
415 2131 547 2186 quis
572 2119 732 2170 esset
755 2113 1811 2185 mulier.Nuntiatumqueestei,quod

187 2203 298 2275 ipsa
317 2210 468 2260 esset
498 2204 828 2259 Bethsabee
852 2203 972 2257 ﬁlia
995 2202 1203 2268 Etiam,
1236 2219 1378 2258 uxor
1399 2203 1550 2258 Urize
1571 2202 1816 2258 Hetthsei

189 2291 257 2363 [h.
291 2293 351 2348 Et
379 2294 569 2348 dixit:
596 2293 800 2347 Nonne
823 2292 934 2347 ista
955 2297 1043 2347 est
1075 2292 1392 2348 Bethsabec
1424 2291 1542 2346 tilia
1575 2291 1816 2361 Heliam,

193 2397 315 2437 uxor
346 2381 492 2438 Uria
547 2381 837 2452 Hetthazi].
888 2381 1082 2436 Missis
1113 2380 1312 2452 itaque
1362 2381 1536 2436 David
1568 2381 1816 2449 nuntiis,

188 2470 303 2526 tulit
321 2473 623 2537 eam.Quaa
639 2485 774 2525 cum
789 2471 1055 2540 ingressa
1068 2474 1223 2524 esset
1243 2471 1313 2524 ad
1344 2468 1533 2536 illum,
1549 2470 1821 2525 dormivit

187 2574 299 2615 cum
320 2577 384 2616 ea
410 2577 424 2616 ε
455 2559 787 2630 statimque
821 2559 1181 2614 sanctiﬁcata
1215 2565 1307 2614 est
1337 2559 1407 2613 ab
1442 2559 1821 2614 immunditia

187 2664 278 2704 sua
296 2649 374 2719 [h.
395 2653 462 2704 Bt
485 2651 625 2718 ipsa
640 2647 1046 2702 sanctiﬁcabat
1074 2664 1136 2702 se
1158 2649 1230 2703 ab
1253 2647 1632 2702 immunditia
1652 2650 1816 2719 sua]:

186 2741 234 2790 et
244 2753 464 2794 reversa
475 2743 572 2794 est
587 2736 828 2792 domum
844 2752 1012 2792 suam
1028 2740 1306 2807 concepto
1323 2738 1434 2791 t‘etu
1446 2736 1823 2808 .Mittensque

187 2826 464 2881 nuntiavit
490 2824 704 2889 David,
735 2829 792 2878 et
814 2826 896 2880 ait
918 2841 932 2879 :
955 2824 1388 2896 Concepi.Misit
1418 2831 1612 2879 autem
1649 2825 1821 2880 David

186 2916 246 2968 ad
267 2914 649 2982 Joah,dicens
675 2929 688 2968 :
715 2913 876 2968 Mitte
899 2914 969 2968 ad
1005 2928 1095 2968 me
1120 2913 1314 2968 Uriam
1336 2913 1683 2969 Hetthaaum.
1713 2913 1826 2968 Mi-

185 3003 359 3074 sitque
383 3004 536 3059 .loab
569 3001 767 3057 Uriam
795 3002 863 3056 ad
890 3001 1090 3058 David.
1123 3005 1191 3057 Et
1219 3002 1376 3072 venit
1405 3001 1576 3057 Urias
1606 3004 1678 3057 ad
1716 3004 1827 3058 Da-

1907 429 2148 482 domum
2183 444 2349 482 suam
2387 444 2502 482 non
2527 427 2847 483 descendit.
2865 427 3104 482 Factum
3139 432 3229 482 est
3256 441 3394 498 ergo
3425 441 3554 480 ma-

1907 533 2000 579 ne,
2064 522 2122 571 et
2153 517 2391 587 scripsit
2447 515 2624 571 David
2687 516 2994 586 epistolam
3049 516 3132 586 (h.
3195 515 3435 583 librum)
3482 515 3553 569 ad

1905 604 2094 661 Joab3
2139 623 2152 673 ;
2205 606 2481 676 misitque
2527 621 2629 674 per
2677 621 2918 660 manum
2977 604 3148 673 Uriaa,
3198 604 3466 660 scribens
3495 603 3554 657 in

1907 694 2152 765 epistola
2211 695 2293 764 (h.
2341 694 2397 747 in
2449 693 2660 764 libro):
2713 693 2912 749 Ponite
2961 695 3150 750 Uriam
3201 709 3270 748 ex
3313 692 3553 748 adverso

1909 783 2067 847 belli,
2100 784 2196 838 ubi
2223 783 2614 838 fortissimum
2638 782 2902 850 praelium
2934 787 3054 839 est:
3079 787 3136 838 et
3163 779 3554 853 derelinquite

1905 877 2135 930 eum.ut
2156 888 2470 944 percussus
2496 873 2760 927 intereat.
2779 871 2962 943 igitur
2991 887 3124 926 cum
3147 871 3293 926 Joab
3316 870 3548 926 obside-

1907 967 1993 1019 ret
2037 963 2262 1026 urbem,
2310 962 2507 1032 posuit
2554 960 2750 1016 Uriam
2795 961 2853 1014 in
2906 959 3032 1015 loco
3080 960 3136 1014 in
3183 975 3298 1031 quo
3330 960 3552 1016 sciebat

1908 1052 2061 1106 viros
2091 1067 2220 1106 esse
2259 1049 2632 1106 fortissimos.
2667 1047 3018 1120 Egressique
3066 1049 3173 1103 viri
3204 1050 3275 1103 de
3301 1047 3555 1114 civitate,

1910 1140 2208 1196 bellabant
2238 1141 2544 1196 adversum
2576 1138 2750 1201 Joab,
2779 1143 2837 1192 et
2873 1139 3210 1194 ceciderunt
3239 1137 3311 1193 de
3340 1135 3556 1209 populo

1912 1245 2212 1286 servorum
2265 1229 2468 1296 David,
2497 1231 2556 1283 et
2588 1237 2859 1282 mortuus
2888 1231 2978 1282 est
3007 1226 3185 1282 etiam
3216 1225 3386 1281 Urias
3418 1225 3555 1281 Het-

1913 1319 2126 1374 thzeus.
2159 1319 2315 1373 Misit
2339 1318 2534 1387 itaque
2563 1317 2730 1381 Joab,
2765 1321 2820 1372 et
2841 1315 3134 1372 nuntiavit
3164 1314 3340 1369 David
3361 1312 3560 1370 omnia

1915 1408 2089 1462 verba
2139 1406 2358 1477 praelii;
2414 1405 2803 1476 praecepitque
2861 1404 3089 1462 nuntio.
3145 1403 3384 1458 dicens:
3417 1401 3561 1456 Cum

1915 1496 2296 1568 compleveris
2323 1495 2628 1550 universos
2669 1509 2968 1549 sermones
2994 1492 3130 1548 belli
3155 1491 3226 1547 ad
3261 1506 3478 1563 regem,
3512 1488 3564 1545 si

1915 1602 2048 1642 eum
2077 1582 2680 1651 viderisindignari,et
2697 1581 3122 1644 dixeritzouare
3144 1578 3479 1636 accessistis
3492 1579 3564 1634 ad

1920 1681 2246 1743 mnrum,ut
2265 1673 2715 1748 prmliaremini?
2732 1689 2802 1727 an
2825 1671 3184 1744 ignorabatis
3202 1671 3355 1742 quod
3378 1668 3566 1726 multa

1922 1771 2174 1839 desuper
2202 1783 2268 1820 ex
2319 1781 2489 1819 muro
2527 1762 2644 1818 tela
2693 1761 3054 1816 mittantur?
3101 1761 3243 1825 Quis
3274 1758 3568 1831 percussit

1921 1854 2258 1911 Ahimelech
2283 1852 2464 1908 tilium
2493 1851 2938 1918 Jerobeset(m:.
2963 1846 3340 1904 Hieroboseth
3363 1867 3377 1915 ;
3403 1845 3564 1916 Vulg.

1919 1943 2213 2013 Jerobaal)
2239 1959 2252 1997 :
2277 1957 2472 1997 nonne
2511 1939 2724 1996 mulier
2747 1939 2908 1994 misit
2946 1954 3122 2009 super
3143 1953 3276 1992 eum
3303 1937 3567 2008 fragmen

1923 2034 2093 2091 mola:
2125 2033 2196 2088 de
2219 2047 2408 2101 muro,
2443 2033 2500 2086 et
2522 2029 2816 2085 interfecit
2845 2043 2976 2082 eum
3007 2027 3063 2081 in
3086 2026 3359 2081 Thebes?
3389 2041 3570 2096 quare

1915 2125 2087 2195 juxta
2143 2135 2375 2176 murum
2428 2117 2758 2174 accessistis
2798 2116 2826 2171 ?
2881 2115 3078 2170 dices:
3130 2114 3316 2170 Etiam
3367 2128 3570 2169 servus

1925 2219 2064 2270 tuus
2090 2210 2258 2267 Urias
2284 2207 2582 2264 Hetthaaus
2619 2205 2915 2260 occubuit.
2949 2203 3104 2258 Abiit
3142 2219 3279 2275 ergo
3301 2202 3570 2268 nuntius,

1925 2308 1982 2358 et
2012 2301 2189 2367 venit,
2222 2303 2279 2353 et
2300 2296 2560 2352 narravit
2602 2293 2776 2350 David
2801 2294 3020 2359 omnia,
3049 2308 3179 2364 quae
3213 2291 3263 2348 ei
3287 2305 3572 2363 praecepe-

1927 2395 2016 2446 rat
2036 2389 2202 2446 Joab.
2237 2388 2303 2442 Et
2325 2385 2471 2440 dixit
2510 2385 2753 2438 nuntius
2777 2383 2846 2437 ad
2892 2382 3071 2438 David
3100 2399 3112 2436 :
3140 2379 3576 2436 Prsevaluerunt

1929 2480 2238 2535 adversum
2298 2492 2406 2531 nos
2460 2473 2590 2541 viri,
2647 2477 2705 2527 et
2761 2472 2982 2543 egressi
3038 2474 3180 2526 sunt
3223 2470 3292 2525 ad
3327 2469 3574 2525 nos‘in

1931 2581 2174 2636 agrum:
2228 2580 2334 2620 nos
2391 2567 2609 2630 autem,
2656 2561 2807 2616 facto
2850 2559 3097 2630 impetu,
3149 2558 3435 2629 persecuti
3474 2572 3576 2614 eos

1931 2673 2138 2712 sumus
2183 2669 2365 2724 usque
2413 2652 2482 2706 ad
2536 2653 2763 2722 portam
2805 2647 3073 2703 civitatis.
3125 2647 3193 2701 Et
3237 2646 3578 2701 direxerunt

1924 2744 2121 2817 jacula
2151 2741 2439 2812 sagittarii
2471 2740 2542 2795 ad
2575 2753 2773 2794 servos
2821 2741 2954 2791 tuos
2983 2751 3050 2790 ex
3083 2751 3250 2790 muro
3281 2735 3573 2805 desuper:

1935 2834 2268 2904 mortuique
2304 2833 2443 2885 sunt
2464 2829 2533 2883 de
2564 2827 2747 2883 servis
2786 2826 2962 2896 regis,
2997 2825 3138 2897 quin
3171 2823 3346 2880 etiam
3377 2839 3578 2880 servus

1934 2929 2074 2980 tuus
2107 2921 2274 2976 Urias
2324 2917 2621 2974 Hetthaeus
2671 2919 2942 2970 mortuus
2989 2919 3098 2969 est.
3127 2913 3197 2968 Et
3227 2911 3372 2968 dixit
3406 2911 3580 2967 David

1939 3013 2009 3068 ad
2048 3010 2321 3066 nuntium
2359 3025 2372 3063 :
2406 3007 2535 3062 llmc
2568 3005 2728 3060 dices
2757 3004 2944 3060 Joab:
2980 3002 3104 3059 Non
3137 3009 3193 3057 te
3220 3001 3587 3072 fraugatista

182 3091 282 3145 vid.
316 3093 722 3162 Qumsivitque
746 3091 924 3146 David
950 3106 1128 3161 quam
1165 3095 1317 3144 recte
1348 3097 1542 3159 ageret
1567 3091 1737 3159 Joab,
1771 3095 1816 3146 et

1943 3118 2068 3156 res:
2100 3099 2290 3154 Varius
2333 3098 2484 3151 enim
2517 3099 2733 3150 eventus
2787 3101 2865 3149 est
2884 3093 3080 3164 przelii
3110 3091 3187 3152 th.
3222 3107 3336 3146 non
3370 3090 3586 3157 habet),

184 3181 440 3252 p0pulus,
497 3187 560 3236 et
593 3179 890 3251 quomodo
939 3179 1458 3234 administraretur
1487 3179 1726 3235 bellum.
1760 3180 1829 3234 Et

183 3270 314 3325 dixit
335 3272 521 3326 David
545 3270 622 3325 ad
652 3267 846 3323 Uriam
874 3284 888 3322 :
909 3267 1063 3322 Vade
1085 3267 1142 3322 in
1167 3269 1406 3324 domum
1430 3273 1678 3334 tuam,et
1704 3270 1831 3324 lava

189 3363 350 3430 pedes
369 3367 531 3416 tuos.
560 3363 633 3413 Et
654 3374 927 3431 egressus
952 3363 1040 3413 est
1064 3358 1228 3414 Urias
1251 3360 1320 3413 de
1343 3359 1516 3414 domo
1536 3360 1706 3431 regis,
1739 3375 1830 3416 se-

186 3459 467 3522 cutusque
500 3452 604 3505 est
629 3463 763 3502 eum
796 3449 964 3503 cibus
992 3446 1186 3519 regius
1209 3447 1290 3516 [h.
1323 3453 1713 3520 secutumque
1741 3453 1831 3504 est

185 3553 303 3594 eum
321 3537 751 3596 munusculum
771 3536 1539 3608 regium].Dormivitautem
1557 3537 1832 3593 Uriasan-

179 3631 228 3684 te
247 3637 477 3700 portam
504 3630 728 3684 domus
753 3626 921 3698 regia
941 3642 1073 3682 cum
1099 3625 1233 3681 aliis
1255 3626 1436 3681 servis
1459 3626 1679 3682 domini
1714 3627 1828 3696 sui,

180 3722 357 3773 etnon
379 3715 780 3774 descenditad
795 3716 1032 3770 domum
1049 3731 1241 3770 suam.
1263 3715 1728 3787 Nuntiatumque
1744 3719 1834 3772 est

178 3805 343 3862 David
369 3824 406 3863 a
428 3804 810 3862 dicentibus:
835 3803 961 3860 Non
983 3803 1270 3858 ivitUrias
1294 3803 1352 3858 in
1375 3804 1612 3859 domum
1639 3822 1830 3860 suam.

176 3895 232 3950 Et
252 3897 329 3951 ait
348 3896 544 3952 David
567 3894 641 3950 ad
664 3892 862 3949 Uriam
879 3909 892 3948 :
912 3892 1187 3964 Nunquid
1214 3909 1326 3948 non
1350 3893 1421 3947 de
1442 3892 1533 3948 via
1553 3894 1764 3949 venisti
1805 3895 1834 3949 ‘I

176 3997 345 4054 quare
369 3999 492 4039 non
520 3979 886 4038 descendisti
914 3979 968 4034 in
996 3980 1236 4035 domum
1253 3985 1414 4036 tuam
1434 3981 1462 4036 ?
1478 3982 1545 4037 Et
1567 3983 1647 4038 ait
1669 3982 1836 4038 Urias

177 4071 238 4125 ad
267 4074 451 4128 David
477 4089 492 4127 :
530 4073 686 4126 Arca
719 4073 777 4124 et
808 4069 987 4124 Israel
1020 4073 1078 4125 et
1108 4069 1264 4124 Juda
1293 4069 1561 4126 habitant
1589 4071 1646 4126 in
1680 4071 1837 4143 papi,

175 4157 426 4218 lionibus
456 4162 550 4234 [h.
590 4157 1025 4230 tabernaculis],
1057 4163 1114 4214 et
1157 4159 1434 4215 dominus
1468 4176 1636 4216 meus
1661 4161 1840 4216 Joab-

179 4254 228 4304 et
256 4251 406 4306 servi
447 4248 696 4305 domini
748 4248 862 4302 mei
913 4263 1091 4319 super
1122 4247 1326 4303 faciem
1375 4253 1540 4304 terra
1573 4255 1840 4305 manent:

179 4343 230 4394 et
255 4356 360 4412 ego
393 4337 714 4412 ingrediar
761 4339 1000 4392 domum
1059 4351 1275 4403 meam,
1328 4341 1393 4392 ut
1427 4339 1754 4405 comedam,
1788 4345 1846 4394 et

1940 3195 1996 3245 et
2031 3190 2116 3259 (h.
2149 3187 2453 3260 quoniam)
2486 3201 2640 3240 nunc
2672 3184 2847 3247 hunc,
2873 3197 3028 3236 nunc
3059 3180 3225 3236 illum
3251 3178 3591 3235 consumit‘

1939 3278 2212 3351 gladius:
2246 3276 2510 3330 conferta
2540 3273 2852 3328 bellatores
2877 3275 3010 3326 tuos
3047 3269 3129 3341 (h.
3154 3268 3370 3325 bellum
3395 3268 3588 3338 tuum)

1939 3369 2223 3425 adversus
2280 3365 2508 3431 urbem,
2558 3367 2625 3418 ut
2672 3361 2944 3416 destruas
2995 3375 3146 3423 eam,
3196 3363 3254 3414 et
3283 3358 3589 3414 exhortare

1939 3474 2039 3514 eos
2085 3458 2167 3528 (h.
2227 3453 2417 3518 illud).
2477 3452 2710 3508 Audivit
2768 3455 2965 3504 autem
3025 3465 3170 3503 uxor
3226 3447 3374 3503 Uria:
3432 3447 3590 3517 quod:

1942 3550 2208 3603 mortuus
2248 3548 2401 3599 esset
2443 3541 2610 3597 Urias
2649 3539 2738 3594 vir
2767 3555 2936 3602 suus,
2977 3544 3030 3593 et
3080 3537 3303 3607 planxit
3332 3552 3465 3591 eum
3499 3534 3583 3605 (h.

1937 3637 2256 3693 lamentata
2301 3633 2427 3702 est).
2477 3631 2913 3698 Transactoque
2961 3625 3143 3692 luctu,
3181 3625 3342 3680 misit
3378 3623 3583 3690 David,

1941 3731 1998 3782 et
2046 3723 2370 3779 introduxit
2407 3736 2533 3774 eam
2559 3718 2616 3772 in
2663 3719 2902 3772 domum
2929 3731 3120 3780 suam,
3154 3718 3210 3769 et.
3239 3715 3388 3768 facta
3421 3719 3508 3766 est
3537 3712 3589 3766 ei

1945 3831 2111 3881 uxor,
2159 3811 2498 3884 peperitque
2549 3808 2600 3862 ei
2651 3805 2879 3869 ﬁlium;
2913 3809 2969 3858 et
3018 3802 3318 3872 displicuit
3346 3802 3589 3856 verbum

1945 3904 2076 3972 hoc,
2107 3901 2262 3974 quod
2287 3899 2500 3953 fecerat
2523 3895 2720 3961 David,
2751 3909 2942 3948 coram
2970 3892 3219 3947 Domino
3240 3891 3322 3960 (h.
3358 3889 3414 3944 in
3448 3905 3593 3944 ocu-

1947 3992 2019 4048 lis
2057 3989 2336 4054 Domini).

2019 4082 2110 4152 (T.
2142 4078 2254 4145 CV,
2308 4076 2436 4146 Cap.
2484 4073 2637 4143 XII.)
2672 4071 2829 4128 Misit
2880 4085 3017 4140 ergo
3049 4067 3334 4123 Dominus
3364 4066 3593 4123 Nathan

1952 4170 2022 4224 ad
2058 4166 2237 4223 David
2268 4180 2281 4219 :
2315 4162 2414 4234 qui
2448 4178 2580 4216 cum
2615 4158 2872 4215 venisset
2895 4157 2967 4211 ad
2997 4172 3153 4220 eum,
3187 4153 3332 4209 dixit
3352 4155 3442 4209 ei:
3479 4158 3596 4216 Duo

1950 4258 2059 4315 viri
2093 4259 2258 4311 erant
2286 4254 2341 4308 iu
2378 4252 2608 4308 civitate
2636 4265 2772 4315 una,
2799 4262 2954 4302 unus
2977 4247 3158 4310 dives,
3189 4249 3247 4298 et
3277 4244 3425 4299 alter
3456 4259 3598 4314 pau-

1955 4364 2077 4421 per.
2110 4347 2280 4402 Dives
2315 4341 2570 4397 habebat
2609 4355 2764 4395 oves.
2798 4341 2856 4392 et
2896 4336 3069 4390 boves
3103 4333 3388 4405 plurimos
3409 4333 3598 4386 valde.

179 4427 398 4496 bibam.
457 4433 524 4484 εἴ
572 4425 862 4484 dormiam
913 4441 1045 4481 cum
1096 4441 1273 4481 υκοτθ
1319 4441 1449 4481 mea
1479 4426 1505 4480 Ῠ
1553 4443 1656 4498 P9P
1684 4427 1843 4482 ΒαῙυο
1880 4444 1924 4508 ι)
1958 4439 2184 4508 Pauper
2213 4438 2410 4488 autem
2437 4428 2580 4484 nihil
2618 4426 2866 4482 habebat
2901 4424 3161 4489 omnino,
3200 4427 3408 4493 praeter
3435 4437 3601 4476 ovem

180 4521 284 4573 tem
316 4525 518 4583 tuam,
557 4521 620 4572 et
644 4531 746 4588 per
767 4515 1016 4570 salutem
1051 4515 1259 4570 animm
1290 4519 1424 4580 tum,
1449 4532 1564 4571 non
1589 4516 1799 4572 faciam
1825 4517 1847 4552 ³

178 4623 291 4664 rem
336 4608 504 4664 hanc
547 4607 638 4679 (h.
693 4604 860 4661 Vivas
909 4608 996 4670 tu,
1045 4608 1100 4659 et
1144 4604 1298 4659 vivat
1349 4605 1548 4659 anima
1579 4609 1700 4669 tua,
1733 4622 1847 4662 non

179 4696 384 4754 faciam
420 4698 591 4754 hanc
624 4694 789 4765 rem).
822 4694 916 4749 Ait
944 4707 1080 4764 ergo
1112 4692 1291 4749 David
1317 4694 1386 4748 ad
1410 4693 1645 4750 Uriam:
1683 4695 1851 4751 Mane

179 4785 268 4842 hic
291 4787 476 4844 etiam
507 4783 716 4849 hodie,
751 4787 808 4839 et
837 4799 966 4839 cras
988 4782 1282 4838 dimittam
1309 4791 1359 4837 te
1381 4782 1463 4853 (h.
1494 4783 1720 4838 mittam
1752 4791 1849 4852 te).

182 4874 395 4933 Mansit
421 4882 640 4932 autem
668 4872 838 4929 Urias
878 4871 934 4926 in
959 4870 1286 4927 Jerusalem
1329 4871 1422 4925 die
1443 4871 1541 4926 illa
1564 4878 1621 4928 et
1650 4872 1852 4939 altera,

183 4969 236 5020 et
263 4966 508 5022 vocavit
564 4979 701 5018 eum
736 4960 940 5029 David,
995 4964 1057 5015 ut
1104 4960 1432 5016 comederet
1462 4977 1655 5016 coram
1685 4978 1768 5032 se,
1800 4966 1857 5018 et

184 5053 433 5124 biberet,
473 5057 540 5110 et
572 5049 883 5108 inebriavit
915 5064 1086 5106 eum:
1135 5048 1258 5121 qui,
1291 5064 1564 5120 egressus
1596 5066 1854 5123 vespere.

252 5187 269 5219 ¹
305 5181 699 5238 lnterserunt
743 5175 941 5249 vagati
1000 5175 1130 5232 libri
1186 5175 1336 5249 hec,
1388 5176 1751 5247 Expaverunt
1807 5192 1860 5238 et

183 5255 415 5322 fuerunt
475 5247 897 5324 quinquaginta
954 5251 1006 5304 et
1064 5251 1184 5303 octo
1215 5247 1418 5324 millia,
1458 5263 1641 5324 coram
1673 5252 1860 5324 Israel.

184 5318 318 5390 Qua:
343 5318 806 5393 Hieronymiani
826 5335 937 5375 ms.
955 5335 1020 5393 ac
1035 5323 1228 5374 textus
1242 5318 1557 5374 orieinales
1571 5321 1860 5378 nesciunt.

255 5399 277 5432 ²
300 5399 416 5453 Ms.
450 5391 811 5460 Veronens.,
852 5391 992 5463 quod
1023 5407 1128 5445 non
1159 5393 1385 5462 faciam,
1419 5394 1659 5448 Hebraea
1690 5395 1864 5466 phra-

189 5468 268 5527 sis
302 5474 424 5536 est,
454 5469 513 5523 si
544 5467 778 5536 faciam.

261 5543 284 5578 ³
317 5531 653 5598 ltecentior
683 5551 890 5593 manus
920 5533 978 5590 in
1035 5531 1348 5586 Veronam.
1399 5533 1522 5588 cod.
1557 5533 1652 5588 hic
1686 5538 1867 5602 nil-Iit.

540 5658 802 5717 PATHDL.
849 5654 1114 5715 XXVIII.

1959 4542 2134 4583 unam
2163 4521 2484 4595 parvulam.
2513 4533 2688 4589 quam
2715 4519 2956 4578 emerat,
2981 4519 3035 4567 et
3061 4513 3368 4576 nutrierat,
3397 4518 3451 4565 et
3475 4527 3603 4582 qua!

1959 4618 2217 4673 creverat
2250 4612 2403 4683 apud
2438 4624 2573 4664 eum
2625 4623 2758 4661 cum
2793 4604 2930 4660 ﬁliis
2961 4604 3091 4673 ejus
3124 4601 3321 4670 simul,
3356 4603 3427 4657 de
3458 4616 3607 4672 pane

1961 4705 2042 4777 (h.
2077 4701 2362 4770 huccella)
2398 4698 2557 4752 illius
2588 4695 2924 4761 comedens,
2967 4699 3023 4746 et
3051 4692 3120 4746 de
3153 4689 3330 4747 calice
3361 4691 3490 4761 ejus
3523 4689 3607 4744 hi-

1963 4796 2129 4859 bens,
2162 4794 2219 4846 et
2257 4789 2312 4843 in
2345 4791 2475 4841 sinu
2512 4786 2670 4840 illius
2700 4782 3038 4838 dormiens:
3073 4784 3314 4851 eratque
3345 4777 3427 4833 illi
3459 4778 3613 4834 sicut

1964 4883 2084 4939 {ilia
2118 4881 2243 4953 (ms.
2306 4876 2508 4947 ﬁlius).
2568 4875 2710 4930 Cum
2756 4880 2950 4928 autem
2999 4869 3342 4942 peregrinus
3374 4868 3610 4938 quidam

1965 4972 2223 5028 venisset
2243 4967 2314 5022 ad
2349 4964 2608 5025 divitem.
2635 4978 2881 5033 parcens
2913 4959 3012 5014 ille
3041 4974 3274 5014 sumere
3304 4957 3375 5011 de
3405 4955 3613 5010 ovibus

1966 5066 2024 5118 et
2054 5060 2122 5117 de
2154 5058 2342 5114 bobus
2367 5055 2514 5121 suis,
2539 5058 2598 5107 ut
2621 5051 2916 5108 exhiberet
2946 5049 3273 5103 convivium
3309 5043 3611 5116 peregrino

1969 5201 2136 5241 manu
2160 5199 2260 5237 sua
2304 5180 2610 5253 obsignauit
2647 5176 2865 5230 annulo
2894 5173 3178 5253 suo,quod
3219 5171 3530 5241 glossema,
3563 5166 3615 5223 si

1973 5257 2031 5312 in
2065 5256 2178 5310 alio
2211 5269 2458 5324 usquam
2495 5252 2642 5304 ιιι)Γο
2673 5257 2876 5312 exstet,
2914 5250 3064 5324 haud
3100 5250 3241 5324 scio.

2047 5329 2067 5362 ⁴
2101 5329 2161 5382 in
2200 5315 2514 5379 Veronens.
2581 5337 2716 5376 ηιμ..
2748 5321 2956 5385 egressi
2999 5322 3128 5371 sunt
3157 5315 3447 5368 adversum
3476 5326 3612 5366 nos:

1975 5399 2290 5454 Versiones
2323 5411 2554 5466 (pioque
2587 5397 2732 5455 alia),
2765 5398 2956 5466 contra
2986 5403 3082 5440 nos
3112 5387 3342 5439 habent.

2051 5471 2071 5506 ⁵
2121 5470 2270 5527 Idem
2335 5461 2799 5522 insfconsumet.
2861 5461 3136 5515 Hebraeus
3185 5469 3416 5523 quoque
3446 5463 3622 5513 trama

3228 5648 3305 5705 2'2
