3982 6178
455 243 563 300 683
1491 255 1550 308 s.
1593 252 1994 308 HIERONYMI
2031 254 2285 307 DIVINA
2321 251 2816 309 BIBLIOTHECA.
3693 256 3776 314 eat

449 369 556 438 illi,
587 370 685 441 qui
709 374 948 428 venerat
976 372 1047 428 ad
1081 389 1164 441 se,
1212 373 1347 430 tulit
1378 391 1542 432 ovem
1572 377 1678 431 viri
1712 376 2010 448 pauperis,
2042 379 2100 430 et
2128 379 2181 444 Α
2211 380 2300 431 est
2331 392 2474 448 puer
2502 377 2581 445 (h.
2608 367 2930 448 parvulus),
2958 391 3018 431 se
3043 374 3305 447 afﬂiget?
3334 375 3467 432 Cum
3489 393 3607 452 ergo
3631 380 3775 438 vidis-

451 460 794 530 praeparavit
822 460 984 516 cibos
1033 461 1258 517 homini
1290 463 1372 535 (h.
1422 464 1594 536 viro),
1628 465 1730 537 qui
1758 468 2000 521 venerat
2027 464 2097 518 ad
2209 467 2339 521 set’
2369 465 2548 522 David
2574 482 2773 522 servos
2793 481 2934 522 suos
2955 464 3358 535 mussitantes,
3378 464 3629 523 intellexit
3655 471 3778 540 quod

449 563 529 603 se.
563 550 752 604 Iratus
782 553 976 606 autem
1007 549 1416 624 indignatione
1445 555 1627 613 David
1682 555 1963 610 adversus
1993 553 2098 609 bo-
2209 559 2479 611 mortuus
2500 560 2654 611 esset
2675 553 3006 610 infantulus
3038 554 3120 622 (h.
3145 555 3458 626 parvulus),
3480 556 3707 628 dixitque
3722 561 3776 614 ad

447 635 667 694 minem
714 638 793 708 (h.
841 638 1052 711 virum)
1085 640 1252 698 illum
1301 644 1502 713 nimis,
1537 645 1685 700 dixit
1711 646 1779 701 ad
1814 643 2043 700 Nathan
2080 661 2094 699 :
2207 659 2402 700 servos
2425 660 2562 700 suos
2586 660 2598 700 :
2623 649 2770 699 Num
2805 647 3075 699 mortuus
3104 647 3194 699 est
3222 659 3363 716 puer
3381 643 3458 714 (h.
3489 645 3780 717 parvulus)?

445 725 600 782 Vivit
630 725 939 797 Dominus,
969 731 1248 802 quoniam
1301 731 1456 789 filius
1496 735 1703 791 mortis
1732 742 1819 790 est
1847 733 1958 801 vir,
1992 734 2095 806 qui
2203 731 2313 796 Qui
2343 733 2776 805 responderunt
2824 733 2874 788 ei
2904 749 2917 788 :
2967 732 3235 788 Mortuus
3276 737 3382 788 est.
3411 734 3646 789 Surrexit
3671 750 3778 807 ergo

441 815 577 872 fecit
605 815 916 875 hoc.0vem
950 820 1155 876 reddet
1185 821 1246 877 in
1277 823 1703 895 quadruplum,
1736 839 1803 880 eo
1834 823 1990 894 quod
2012 822 2095 878 fe-
2208 821 2382 877 David
2439 823 2509 877 de
2558 827 2732 893 terra,
2784 827 2840 878 et
2870 821 3026 878 lotus
3071 826 3397 895 unctusque
3437 826 3537 878 est.
3563 823 3781 895 Cumque

440 904 582 961 cerit
607 907 850 963 verbum
882 907 1062 978 istud,
1098 913 1154 967 et
1183 927 1299 967 non
1328 913 1671 984 pepercerit.
1705 912 1864 968 Dixit
1893 915 2090 968 autem
2203 915 2491 966 mutasset
2517 915 2728 980 vestes,
2763 911 3070 982 ingressus
3117 914 3206 966 est
3236 910 3465 966 domum
3496 910 3714 976 Domini,
3738 916 3780 967 et

440 993 671 1052 Nathan
703 996 774 1052 ad
813 997 990 1052 David
1020 1015 1032 1053 :
1063 999 1150 1055 Tu
1185 1016 1248 1055 es
1279 999 1379 1056 ille
1409 1002 1534 1056 vir:
1569 1005 1701 1056 Haec
1733 1001 1874 1056 dicit
1902 1000 2095 1056 Domi-
2201 1000 2484 1066 adoravit,
2521 1004 2578 1054 et
2622 999 2783 1055 venit
2815 1001 2877 1054 in
2921 1000 3165 1055 domum
3211 1015 3396 1066 suam,
3429 999 3712 1071 petivitque
3735 1007 3783 1055 ut

436 1099 550 1138 nus
602 1089 754 1140 Deus
801 1085 1018 1142 Israel:
1076 1089 1192 1160 Ego
1253 1091 1393 1145 unxi
1452 1095 1510 1146 te
1557 1091 1616 1145 in
1668 1106 1862 1162 regem
1914 1106 2093 1162 super
2201 1092 2481 1160 ponerent
2512 1087 2562 1144 ei
2595 1104 2829 1159 panem,
2862 1092 2919 1144 et
2948 1087 3223 1143 comedit.
3257 1087 3520 1142 Dixerunt
3550 1091 3718 1143 autem
3742 1089 3782 1144 ei

438 1172 636 1243 Israel,
669 1177 726 1228 et
773 1189 878 1245 ego
913 1177 1041 1232 erui
1071 1182 1126 1232 te
1175 1178 1244 1233 de
1293 1195 1473 1235 manu
1523 1180 1684 1237 Saul.
1719 1180 1786 1234 Et
1818 1179 1951 1234 dedi
1982 1179 2090 1234 tibi
2199 1177 2348 1232 servi
2400 1177 2533 1232 sui:
2584 1177 2725 1242 Quis
2773 1180 2864 1233 est
2911 1192 3127 1247 sermo,
3187 1192 3360 1248 quem
3391 1177 3612 1232 fecisti?
3640 1192 3782 1248 prop-

437 1261 679 1318 domum
714 1263 938 1319 domini
984 1266 1090 1335 lui,
1124 1272 1182 1322 et
1233 1285 1440 1325 uxores
1489 1268 1712 1326 domini
1739 1269 1825 1324 tui
1859 1269 1918 1323 in
1953 1269 2085 1323 sinu
2197 1270 2284 1320 ter
2313 1265 2597 1320 infantem
2633 1265 2715 1335 (h.
2751 1265 3112 1337 parvulum),
3137 1281 3270 1320 cum
3291 1263 3478 1320 adhuc
3500 1264 3786 1335 viveret,je-

433 1355 556 1418 tuo,
582 1353 834 1423 dedique
853 1354 958 1409 tibi
983 1355 1222 1412 domum
1248 1357 1425 1413 Israel
1453 1359 1679 1414 etJuda
1704 1377 1718 1426 ;
1743 1363 1800 1414 et
1829 1357 1879 1413 si
1910 1374 2087 1429 parva
2191 1354 2420 1424 juuasti
2451 1360 2508 1410 et
2538 1353 2741 1421 ﬂebas,
2789 1358 3020 1409 mortuo
3071 1357 3267 1409 autem
3298 1369 3472 1425 puero
3499 1352 3572 1424 (h.
3607 1368 3784 1424 parvu-

433 1445 574 1496 sunt
598 1441 728 1511 ista,
763 1443 1037 1514 adjiciam
1064 1444 1168 1500 tibi
1195 1448 1419 1517 majora
1441 1447 1524 1519 (h.
1560 1448 1861 1519 duplicia).
1899 1449 2086 1513 Quare
2194 1444 2272 1514 lo)
2307 1444 2634 1514 surrexisti,
2665 1449 2722 1498 et
2748 1444 3054 1500 comedisti
3088 1443 3347 1516 panem?
3376 1432 3478 1510 Qui
3510 1443 3616 1498 ait:
3641 1441 3786 1513 Prop-

431 1544 569 1601 ergo
596 1533 1006 1602 contempsisti
1041 1535 1284 1590 verbum
1322 1536 1580 1605 Domini,
1616 1541 1680 1592 ut
1710 1536 1929 1593 faceres
1961 1552 2085 1592 ma-
2195 1537 2284 1588 ter
2313 1532 2595 1589 infantem
2649 1533 2730 1605 (h.
2782 1532 3139 1605 parvulum),
3191 1534 3332 1588 dum
3378 1532 3562 1588 adhuc
3587 1532 3786 1596 viveret,

429 1617 550 1675 lum
585 1619 646 1675 in
676 1626 993 1693 conspectu
1027 1639 1156 1679 meo
1199 1624 1282 1696 (h.
1317 1624 1376 1680 in
1409 1626 1599 1682 oculis
1652 1626 1851 1696 ejus)?
1881 1625 2082 1682 Uriam
2185 1620 2444 1692 jejunavi
2478 1626 2535 1678 et
2578 1622 2730 1692 ﬂevi,
2773 1621 3038 1677 dicebam
3071 1621 3228 1676 enim
3256 1639 3270 1677 :
3305 1621 3441 1688 Quis
3469 1621 3573 1677 scit
3600 1620 3644 1677 si
3671 1620 3789 1676 forte

430 1709 760 1765 Hettbzeum
806 1712 1153 1783 percussisti
1188 1714 1404 1786 gladio,
1439 1720 1495 1770 et
1525 1732 1763 1771 uxorem
1791 1715 1954 1771 illius
1986 1732 2079 1770 ac-
2112 1757 2157 1786 η
2192 1710 2369 1766 donet
2397 1727 2529 1767 eum
2570 1709 2716 1766 mihi
2739 1710 3050 1778 Dominus,
3075 1718 3129 1766 et
3151 1710 3544 1767 vivatsinfans
3573 1710 3646 1781 (h.
3673 1708 3789 1773 Qui!

359 1805 361 1807 ’
432 1798 638 1870 cepisti
667 1799 774 1855 tibi
805 1801 930 1872 (ms.
987 1811 1126 1859 tacet
1175 1803 1305 1876 tibi)
1350 1820 1612 1874 uxorem,
1655 1809 1710 1861 et
1737 1804 2081 1860 interfecisti
2111 1798 2159 1822 ”
2192 1800 2304 1855 scit
2332 1800 2381 1854 si
2415 1800 2560 1857 forte
2593 1800 2941 1856 misereatur
2971 1799 3083 1856 mei
3117 1800 3406 1856 Dominus
3435 1804 3491 1856 et
3518 1800 3656 1856 vivet
3682 1815 3792 1870 par-

429 1904 566 1943 eum
596 1887 791 1960 gladio
812 1889 1068 1946 filiorum
1098 1894 1369 1950 Ammon.
1413 1895 1805 1958 Quamobrem
1839 1911 1955 1949 non
1989 1910 2078 1950 re-
2189 1887 2385 1960 vulus)
2406 1889 2434 1944 ‘I
2465 1889 2629 1944 Nunc
2652 1895 2848 1946 autem
2871 1888 3012 1960 quia
3033 1893 3306 1945 mortuus
3330 1895 3438 1959 est,
3471 1905 3639 1960 quare
3657 1888 3790 1958 jeju-

429 1980 595 2036 cedet
615 1980 851 2052 gladius
875 1983 944 2038 de
981 1984 1155 2039 domo
1195 1989 1300 2040 tua
1334 2001 1516 2056 usque
1539 1987 1598 2041 in
1632 1987 2075 2058 sempiternum,
2189 1992 2322 2032 nem
2345 1977 2372 2032 ?
2406 1977 2681 2048 Nunquid
2714 1982 2910 2050 potero
2940 1993 3074 2034 eum
3099 1994 3369 2034 revocare
3398 1976 3681 2050 amplius?
3707 1990 3793 2047 ego

427 2084 496 2124 eo
554 2070 709 2139 quod
760 2070 1094 2142 despexeris
1144 2089 1256 2142 me,
1304 2077 1361 2129 et
1398 2073 1607 2130 tuleris
1656 2090 1896 2130 uxorem
1929 2073 2076 2130 Uria;
2184 2071 2394 2126 vadam
2420 2070 2607 2141 magis
2637 2071 2709 2125 ad
2744 2087 2919 2138 eum;
2953 2069 3050 2125 ille
3098 2085 3232 2126 vero
3265 2087 3382 2126 non
3412 2072 3710 2125 revertetur
3733 2066 3790 2121 ad

425 2157 695 2226 Hetthaei,
728 2163 795 2213 ut
844 2163 1002 2214 esset
1050 2177 1195 2216 uxor
1241 2165 1362 2218 tua.
1421 2164 1622 2234 Itaque
1663 2164 1743 2237 (h.
1775 2180 1886 2220 non
1916 2165 2076 2222 habet
2186 2176 2300 2216 me.
2333 2161 2404 2216 Et
2461 2158 2802 2215 consolatus
2859 2163 2949 2214 est
3007 2157 3189 2222 David
3239 2159 3558 2214 Bethsabee
3586 2169 3791 2212 uxorem

421 2244 642 2318 itaque)
693 2246 816 2302 hac
861 2249 1006 2304 dicit
1053 2249 1378 2307 Dominus:
1429 2255 1592 2319 Ecce,
1639 2269 1744 2326 ego
1775 2253 2073 2310 suscitabo
2183 2265 2374 2305 suam.
2408 2250 2498 2318 (T.
2549 2248 2768 2315 CVIII.)
2810 2253 3238 2321 Ingressusque
3285 2249 3358 2304 ad
3403 2264 3528 2304 eam
3559 2241 3794 2301 dormivit

421 2351 603 2407 super
657 2340 714 2392 te
745 2336 966 2392 malum
1021 2339 1091 2394 de
1144 2339 1319 2396 domo
1372 2346 1492 2411 tua,
1538 2346 1596 2397 et
1624 2341 1824 2398 tollam
1862 2359 2070 2400 uxores
2182 2355 2311 2394 cum
2347 2353 2451 2404 ea;
2485 2353 2615 2409 quae
2645 2337 2848 2409 genuit
2878 2336 3091 2403 filium,
3121 2341 3178 2393 et
3207 2336 3434 2393 vocavit
3463 2351 3662 2391 nomen
3689 2333 3796 2402 ejus

420 2424 555 2476 tuas
574 2421 632 2477 in
655 2422 840 2478 oculis
863 2423 1002 2491 tuis,
1035 2429 1091 2480 et
1112 2426 1261 2481 dabo
1284 2426 1547 2498 proximo
1577 2433 1697 2498 tuo,
1729 2434 1786 2484 et
1817 2430 2070 2487 dormiet
2178 2425 2541 2496 Salomon,et
2560 2426 2850 2482 Dominus
2872 2424 3072 2481 dilexit
3093 2441 3250 2481 eum.
3271 2425 3548 2497 Misitque
3565 2425 3620 2478 in
3641 2436 3790 2477 manu

421 2525 556 2566 cum
585 2511 866 2568 uxoribus
913 2513 1033 2569 tuis
1081 2514 1138 2570 in
1173 2514 1360 2572 oculis
1392 2516 1534 2572 solis
1563 2517 1764 2589 hujus.
1795 2522 1877 2574 Tu
1908 2519 2064 2576 enim
2182 2515 2412 2573 Nathan
2445 2515 2760 2588 prophetae,
2793 2521 2850 2570 et
2879 2514 3105 2571 vocavit
3143 2531 3360 2571 nomen
3403 2514 3552 2585 ejus,
3582 2509 3794 2569 Amabi-

417 2595 606 2656 fecisti
628 2601 1140 2676 abscondite;ego
1161 2620 1294 2660 vero
1315 2605 1791 2663 faciamverbum
1818 2607 1974 2664 istud
2003 2610 2064 2664 in
2175 2603 2247 2659 lis
2281 2604 2545 2671 Domino,
2605 2620 2672 2660 eo
2725 2604 2879 2676 quod
2933 2602 3202 2675 diligeret
3253 2620 3390 2660 eum
3425 2600 3696 2658 Dominus
3721 2598 3790 2668 (h.

417 2693 734 2761 conspectu
765 2690 960 2746 omnis
1004 2693 1202 2760 Israel,
1237 2698 1293 2750 et
1340 2693 1398 2750 in
1433 2701 1747 2768 conspectu
1781 2697 1942 2754 solis.
1975 2698 2060 2769 (T.
2173 2692 2242 2747 Et
2271 2691 2496 2748 vocavit
2522 2708 2734 2748 nomen
2767 2691 2999 2747 Domini
3050 2696 3287 2764 propter
3316 2689 3666 2761 Dominum).
3695 2687 3796 2760 lgi-

413 2778 574 2848 CVI.)
605 2779 675 2834 Et
704 2779 850 2835 dixit
883 2781 1056 2836 David
1107 2783 1178 2837 ad
1210 2782 1442 2838 Nathan
1479 2801 1491 2838 :
1525 2784 1759 2841 Peccavi
1793 2786 2059 2844 Domino.
2172 2782 2592 2854 turpugnabat
2621 2781 2764 2837 Joab
2795 2785 2998 2837 contra
3031 2781 3299 2837 Rabbath
3334 2781 3523 2836 ﬁlium
3551 2781 3793 2839 Ammon,

411 2865 683 2940 Dixitque
702 2869 931 2925 Nathan
959 2870 1031 2926 ad
1053 2870 1234 2927 David
1263 2888 1277 2926 :
1311 2873 1592 2930 Dominus
1616 2890 1843 2946 quoque
1875 2881 2062 2933 trans-
2170 2876 2227 2927 et
2243 2873 2618 2943 expugnabat
2640 2871 2844 2927 urbem
2871 2869 3108 2941 regiam.
3125 2869 3405 2942 Misitque
3420 2869 3564 2927 Joab
3585 2865 3798 2923 nuntios

410 2955 547 3013 tulit
573 2963 876 3029 peccatum
906 2963 1112 3015 tuum:
1149 2976 1264 3017 non
1294 2963 1581 3018 morieris.
1619 2964 2054 3034 Verumtamen,
2170 2963 2240 3015 ad
2303 2960 2500 3031 David,
2562 2959 2802 3016 dicens:
2859 2958 3138 3015 Dimicavi
3195 2960 3513 3016 adversum
3557 2953 3796 3012 Rabbﬂlh

411 3047 689 3117 quoniam
739 3047 1148 3120 blasphemare
1193 3050 1380 3106 fecisti
1437 3051 1709 3109 inimicos
1759 3054 2055 3124 Dominii,
2167 3049 2251 3121 (h.
2285 3049 2532 3120 Rabba),
2565 3053 2622 3104 et
2670 3049 2954 3121 capienda
3001 3048 3262 3105 esturbs
3298 3056 3622 3120 Aquarum.
3650 3045 3796 3100 Nunc

409 3140 649 3208 propter
721 3138 962 3194 verbum
1023 3137 1153 3206 hoc,
1218 3139 1376 3196 filius
1434 3140 1517 3211 (h.
1590 3141 2055 3214 blasphemando
2087 3127 2129 3195 C
2167 3137 2344 3210 igitur
2365 3153 2656 3210 congrege
2696 3137 2980 3210 reliquam
3019 3142 3244 3209 partem
3277 3136 3509 3210 populi,
3539 3141 3595 3192 et
3621 3132 3800 3190 obside

405 3223 827 3298 blasphemasti
884 3226 1155 3284 inimicos
1210 3228 1468 3294 Domini,
1525 3235 1764 3302 propter
1807 3233 2053 3290 verbum
2169 3228 2490 3297 civitatem,
2527 3232 2582 3283 et
2624 3242 2766 3298 cape
2799 3243 2927 3283 eam
2980 3243 3050 3282 ne
3089 3243 3226 3283 cum
3253 3243 3287 3283 a
3317 3243 3415 3283 me
3445 3230 3666 3282 vastata
3689 3223 3799 3278 fue-

404 3310 537 3381 hoc,
569 3312 746 3368 etiam
777 3317 833 3370 et
863 3313 1064 3385 filius),
1099 3315 1197 3386 qui
1230 3319 1404 3372 natus
1432 3322 1520 3373 est
1551 3318 1679 3384 tibi,
1715 3325 1900 3377 morte
1923 3337 2052 3377 mo-
2164 3318 2240 3372 rit
2272 3318 2432 3387 urbs,
2468 3317 2692 3371 nomini
2723 3333 2850 3374 meo
2873 3316 3204 3372 ascribatur
3224 3316 3800 3386 victoria.Congrega-

405 3400 678 3458 rietur.Et
711 3417 979 3458 reversus
1005 3404 1348 3461 estNathan
1375 3405 1433 3460 in
1466 3407 1708 3462 domum
1741 3425 1932 3466 suam.
1956 3412 2046 3482 (T.
2161 3407 2242 3461 vit
2274 3406 2467 3476 itaque
2498 3405 2676 3461 David
2701 3422 2936 3462 omnem
2976 3406 3290 3478 populum,
3326 3410 3386 3462 et
3423 3403 3799 3478 profectusest

404 3489 588 3562 CVII.)
620 3491 1031 3564 Percussitque
1063 3493 1346 3549 Dominus
1379 3495 1713 3567 parvulum,
1747 3514 1921 3570 quem
1954 3516 2049 3571 pe-
2161 3496 2469 3550 adversum
2494 3495 2695 3551 Rabba
2719 3497 2760 3550 ‘.
2788 3494 3053 3565 Cumque
3085 3494 3460 3560 dimicasset,
3494 3493 3645 3565 cepit
3666 3505 3798 3547 eam.

403 3583 634 3651 pererat
662 3597 808 3637 uxor
827 3581 975 3637 Uriae
997 3581 1199 3651 David,
1235 3586 1292 3638 et
1313 3583 1659 3655 desperatus
1690 3591 1799 3642 est.
1832 3593 2045 3660 Depre-
2157 3584 2227 3640 Et
2258 3583 2392 3640 tulit
2422 3585 2694 3640 diadema
2741 3583 2896 3656 regis
2946 3600 3147 3640 eorum
3197 3583 3283 3656 (h.
3317 3583 3630 3651 Melcbom,
3658 3576 3796 3652 quod

403 3674 686 3742 catusque
715 3674 805 3727 est
851 3670 1030 3726 David
1067 3671 1373 3727 Dominum
1423 3690 1526 3744 pro
1561 3675 1838 3746 parvulo:
1871 3683 1928 3733 et
1951 3679 2043 3750 je-
2158 3674 2599 3745 interpretatur,
2658 3689 2758 3728 rex
2787 3672 3016 3744 eorum)
3075 3673 3147 3728 de
3175 3674 3379 3745 capite
3438 3674 3591 3744 ejus,
3624 3668 3796 3743 pondo

396 3758 625 3828 junavit
653 3759 835 3815 David
861 3758 1090 3831 jejunio
1129 3760 1253 3831 (ms.
1280 3761 1621 3834 jejunium),
1653 3769 1711 3820 et
1741 3764 2044 3838 ingressus
2157 3764 2282 3819 auri
2315 3762 2620 3834 talentum,
2669 3762 2892 3818 habens
2940 3779 3200 3835 gemmas
3237 3761 3724 3834 pretiosissimas,
3749 3760 3799 3812 et

396 3848 888 3920 seorsum,jacuit
918 3864 1097 3919 super
1127 3853 1362 3906 terram.
1396 3853 1695 3908 Venerunt
1724 3860 1919 3911 autem
1950 3873 2044 3913 se-
2155 3852 2498 3924 impositum
2531 3855 2620 3908 est
2668 3866 2846 3923 super
2877 3856 3052 3922 caput
3080 3851 3290 3908 David.
3327 3853 3446 3909 Sed
3475 3856 3533 3908 et
3563 3847 3799 3922 praedam

397 3937 589 3993 niores
621 3937 834 3992 domus
882 3937 1031 4007 ejus,
1083 3943 1356 4010 cogentes
1407 3957 1539 3996 cum
1572 3946 1634 3996 ut
1669 3949 1937 4015 surgeret
1965 3945 2037 4002 de
2153 3940 2409 3996 civitatis
2437 3939 2758 4012 asportavit
2801 3939 3044 3996 multam
3089 3940 3298 4010 valde;
3356 3939 3647 4014 populum
3674 3950 3800 4008 quo-

392 4029 590 4095 terra;
623 4025 722 4098 qui
774 4024 982 4092 noluit,
1016 4043 1206 4098 neque
1259 4031 1509 4085 comedit
1552 4046 1684 4086 cum
1717 4032 1802 4087 eis
1833 4033 2030 4090 cibum
2150 4046 2264 4102 que
2293 4030 2421 4101 ejus
2452 4030 2752 4085 adducens
2783 4028 3027 4085 serravit
3049 4035 3108 4085 et
3133 4030 3499 4103 circumegit
3519 4044 3696 4101 super
3711 4039 3798 4082 eos

390 4115 474 4184 (b.
499 4115 984 4188 panem).Accidit
1004 4119 1200 4172 autem
1233 4117 1325 4173 die
1355 4117 1602 4190 septima
1622 4124 1687 4176 ut
1709 4128 2033 4179 moreretur
2147 4121 2362 4176 ferrata
2391 4124 2669 4190 carpenta
2702 4139 2716 4187 ;
2749 4118 3066 4190 divisitque
3096 4118 3329 4185 cultris,
3365 4125 3426 4175 et
3457 4116 3714 4174 traduxit
3741 4113 3792 4168 in

386 4203 583 4259 infans
631 4204 712 4275 (h.
761 4203 1062 4277 parvulus)
1109 4223 1123 4272 ;
1162 4205 1605 4279 timueruntque
1651 4211 1799 4265 servi
1848 4211 2026 4269 David
2143 4213 2278 4280 typo
2308 4207 2600 4264 laterum:
2633 4208 2718 4264 sic
2749 4207 2884 4263 fecit
2931 4208 3220 4264 universis
3268 4207 3617 4264 civitatibus
3657 4202 3796 4260 ﬁlio-

386 4293 656 4350 nuntiare
687 4295 738 4351 ei
771 4295 927 4366 quod
959 4301 1228 4352 mortuus
1252 4302 1406 4353 esset
1423 4298 1720 4370 parvulus.
1746 4301 2030 4360 Dixerunt
2143 4313 2275 4352 rum
2310 4299 2584 4353 Ammon.
2621 4298 2689 4352 Et
2714 4313 2985 4353 reversus
3014 4302 3105 4354 est
3137 4297 3320 4355 David
3351 4303 3413 4354 et
3444 4295 3637 4353 omnis
3655 4307 3797 4349 8161“

383 4384 539 4440 enim
567 4400 581 4440 :
614 4384 755 4441 Ecce
771 4385 912 4440 dum
935 4385 1214 4458 parvulus
1245 4387 1435 4443 adhuc
1468 4388 1706 4455 viveret,
1743 4389 2024 4461 loqueba-
2139 4388 2289 4442 citus
2319 4385 2379 4441 in
2409 4386 2747 4442 Jerusalem.

381 4489 512 4529 mur
547 4474 639 4568 ad
670 4490 824 4568 eum,
995 4491 1110 4531 non
1156 4475 1433 4568 audiebat
1487 4493 1686 4568 vocem
1721 4483 2016 4551 nostram;
2052 4503 2098 4568 Β
2134 4564 2146 4568 7
2204 4477 2295 4568 (ΤΣ
2355 4475 2685 4568 CIX,7Ca7p.
2745 4474 2915 4568 X7l717l7.)
2943 4475 3216 4568 Factum
3279 4480 3378 4532 est
3437 4478 3644 4568 αυίθῐῐξ
3672 4472 3794 4568 Ρίξεί

375 4567 597 4634 quanto
629 4563 814 4636 magis
845 4563 894 4620 si
927 4563 1049 4636 (ms.
1083 4567 1224 4620 tacet
1255 4564 1327 4637 si)
1361 4564 1680 4623 dixerimus
1711 4583 1724 4622 :
1757 4570 2018 4627 Mortuus
2052 4559 2092 4568 ’
2131 4564 2254 4621 haec
2275 4565 2316 4635 ⁸,
2351 4568 2416 4620 ut
2471 4564 2721 4621 Absalon
2781 4563 2886 4620 lilii
2942 4564 3124 4620 David
3173 4581 3453 4623 sororem
3487 4559 3792 4638 speciosis-

442 4725 459 4760 ¹
493 4722 744 4780 Consule
791 4723 949 4780 hunc
997 4723 1191 4781 locum
1223 4724 1282 4780 in
1317 4726 1721 4794 Qua’slionibus
1751 4730 1916 4786 Hebr.
1951 4730 2011 4787 in
2125 4725 2370 4782 Αἱ)δαίοη
2405 4724 2519 4794 ﬁlio
2553 4723 2721 4780 David
2767 4729 2907 4780 esset
2953 4739 3105 4780 soror
3147 4727 3600 4794 speciosissima,
3637 4736 3788 4794 voca-

367 4793 548 4868 libros
579 4800 824 4868 Regum.
860 4797 1045 4852 MART.
1132 4867 1135 4868 7
1340 4793 1347 4794 ί
2123 4797 2251 4854 buto
2284 4793 2520 4852 Thamar
2543 4840 2556 4863 ,
2591 4795 2984 4868 adamaretque
3003 4812 3127 4852 eam
3154 4798 3387 4853 Amnon
3419 4797 3582 4868 ﬁlius
3602 4793 3785 4860 David,

436 4867 458 4902 ³
489 4867 626 4923 Cod.
659 4867 975 4943 veronens.
1027 4867 1284 4936 audisset,
1335 4869 1573 4925 Hebraeo
1621 4870 1858 4943 propior
1897 4872 2010 4929 im-
2118 4879 2170 4924 et
2201 4867 2462 4943 diligeret
2510 4867 2702 4943 valde;
2762 4869 2846 4923 ita
2874 4872 2936 4923 ut
2961 4873 3259 4943 aegrotaret
3273 4867 3531 4943 propter
3550 4879 3784 4943 amorem

365 4954 570 5010 pressa
599 4944 690 4996 est
719 4939 911 4996 lectio.
1621 4936 1640 4943 ’
1731 4936 1748 4943 ’
2115 4936 2347 5007 eiutha
2375 4940 2491 4994 fere
2513 4939 2654 4994 LXX
2675 4936 3042 5011 interpretes,
3077 4946 3134 4996 et
3155 4941 3241 4996 sic
3273 4936 3476 4998 'Hebr.
3513 4937 3703 5011 Major
3724 4936 3784 5011 ξ.

429 5011 451 5045 ³
481 5011 641 5068 Idem
689 5029 825 5080 ms.,
868 5016 933 5067 Et
980 5011 1162 5068 vivet:
1213 5011 1492 5068 Ilebraice
1535 5013 1710 5070 etiam
1762 5019 1850 5070 est
1890 5025 2001 5074 7m.
2112 5011 2568 5077 Germani,n.tl,
2603 5008 2874 5068 eumdem
2903 5027 3144 5067 sensum
3169 5013 3502 5082 expressit,
3529 5008 3633 5068 sed
3659 5008 3784 5082 aliis

355 5083 533 5158 Paulo
565 5088 997 5158 quoque7_post,
1037 5085 1237 5158 jejano
1286 5101 1388 5156 pro
1424 5085 1695 5156 jejunem,
1739 5087 2001 5158 pressius
2112 5085 2304 5158 verbis
2323 5100 2367 5158 _:
2417 5083 2649 5158 Factam
2691 5092 2774 5139 est
2824 5091 3006 5139 autem
3045 5093 3167 5152 post
3220 5081 3368 5158 haec,
3432 5090 3500 5140 ut
3554 5081 3786 5139 Absalon

354 5153 615 5222 Hebraeo,
646 5153 1305 5226 et‘reliquistextibusf
1385 5226 1388 5227 7
1426 5153 1436 5155 ἡ
1480 5153 1488 5156 ⁷
1739 5153 1756 5158 “
2107 5156 2262 5225 ﬁlius
2316 5153 2508 5218 David,
2554 5154 2778 5210 haberet
2815 5172 3065 5212 sororem
3103 5155 3596 5227 speciosissimam
3629 5169 3782 5227 voca-

423 5227 537 5299 ‘7In
569 5228 808 5283 Hebraeo
839 5225 1032 5296 .‘172'1;
1086 5229 1320 5299 praefert
1351 5226 1676 5283 Veronens.
1708 5243 1818 5283 ms.
1857 5228 1993 5284 liab-
2109 5229 2236 5283 bulo
2290 5227 2534 5299 Thamar
2574 5244 2588 5293 ;
2634 5227 3022 5299 adamaretque
3047 5225 3180 5299 eain
3220 5228 3457 5299 Amnon
3489 5227 3648 5298 ﬁlius
3681 5225 3780 5299 Da-

351 5297 500 5353 bath.
1086 5297 1103 5299 ’
1493 5368 1498 5369 7
1715 5368 1720 5369 7
2103 5299 2217 5365 vid,
2249 5302 2297 5354 et
2328 5298 2586 5366 diligeret
2633 5313 2753 5353 eam
2795 5297 2991 5369 valde;
3033 5298 3114 5354 ita
3150 5305 3231 5362 ut,
3267 5303 3392 5355 etc.
3429 5297 3782 5356 Colbet‘tinm

416 5369 437 5404 ⁸
464 5369 658 5427 Multis
707 5374 1041 5442 occurrunt_
1072 5369 1180 5424 hoc
1210 5370 1336 5426 loco
1383 5368 1676 5442 variantes
1708 5368 1992 5428 lectiones
2104 5370 2466 5426 bibliothecae
2498 5369 2634 5442 duo,
2663 5378 2716 5426 et
2763 5371 2820 5426 S.
2852 5368 3126 5426 Germani
3176 5369 3341 5425 alter
3373 5372 3592 5442 legunt
3613 5371 3782 5442 juxta

416 5388 437 5404 -
464 5388 658 5427 multae
707 5388 1024 5428 occurrunt
1072 5388 1180 5424 noc
1210 5388 1336 5426 IOCO
1383 5388 1676 5425 variantes
1710 5388 1992 5428 lectiones
2104 5388 2466 5426 ornuornecae
2498 5388 2634 5437 uuo,
2663 5388 2716 5426 et
2763 5388 2820 5426 δ.
2852 5388 3126 5426 uermani
3176 5388 3341 5425 alter
3373 5388 3430 5427 1e
3480 5388 3775 5442 untjuxts

342 5440 398 5494 in
435 5443 775 5499 mss.libris.
809 5443 1004 5515 Canon
1030 5440 1173 5515 legit
1204 5445 1396 5515 utnos
1418 5440 1749 5515 edidimus;
1774 5444 1990 5515 Regius
2103 5442 2407 5514 Vulgatam
2432 5441 2699 5496 Latinam
2746 5443 3072 5498 versionem
3094 5445 3398 5514 nostram,
3435 5388 3552 5499 ξος
3585 5439 3775 5498 solum

336 5520 529 5589 autem
559 5516 740 5589 codex
789 5531 925 5589 cum
973 5513 1308 5589 C_orbeiensi
1361 5530 1475 5570 uno
1503 5530 1562 5569 n.
1592 5514 1684 5582 22,
1717 5518 1782 5589 et_
1803 5513 1986 5572 altero
2098 5513 2356 5589 excepto,
2387 5516 2445 5589 et_
2465 5515 2712 5589 peperjet
2745 5515 2805 5589 ia
2832 5531 2961 5572 eam
2990 5515 3291 5589 valde,pro
3324 5513 3778 5589 deperireteam

335 5584 392 5639 S.
430 5586 705 5644 Germani
757 5603 814 5642 n.
863 5587 936 5643 5:
987 5586 1213 5642 Factum
1255 5592 1335 5644 est
1382 5589 1564 5642 autem
1615 5587 1894 5659 posthaec,
1922 5591 1986 5644 ut
2094 5584 2274 5643 valde.
2309 5584 2564 5658 Denique
2613 5584 3196 5644 San-Germanensis
3227 5584 3476 5658 noster,
3511 5604 3573 5645 n.
3605 5588 3665 5659 7,
3697 5584 3777 5642 le-
