  <div class='ocr_page' id='page_1' title='image "/cluster/home/n/w/nwhite01/storage/ocr_20150623/28/hvd.32044052824265/386.png"; bbox 0 0 3982 6178; ppageno 0'>
   <div class='ocr_carea' id='block_1_1' title="bbox 149 354 229 410">
    <p class='ocr_par' dir='ltr' id='par_1_1' title="bbox 149 354 229 410">
     <span class='ocr_line' id='line_1_1' title="bbox 149 354 229 410; baseline 0 0"><span class='ocrx_word' id='word_1_1' title='bbox 149 354 229 410; x_wconf 84' lang='grc'><strong>685</strong></span> 
     </span>
    </p>
   </div>
   <div class='ocr_carea' id='block_1_2' title="bbox 1460 337 2177 394">
    <p class='ocr_par' dir='ltr' id='par_1_2' title="bbox 1460 337 2177 394">
     <span class='ocr_line' id='line_1_2' title="bbox 1460 337 2177 394; baseline -0.006 -1"><span class='ocrx_word' id='word_1_2' title='bbox 1460 340 1672 394; x_wconf 74' lang='lat' dir='ltr'><strong>LIBER</strong></span> <span class='ocrx_word' id='word_1_3' title='bbox 1710 341 1760 392; x_wconf 83' lang='lat' dir='ltr'><strong>Il</strong></span> <span class='ocrx_word' id='word_1_4' title='bbox 1798 337 2177 391; x_wconf 82' lang='lat' dir='ltr'><strong>SAMUELIS.</strong></span> 
     </span>
    </p>
   </div>
   <div class='ocr_carea' id='block_1_3' title="bbox 3384 338 3492 395">
    <p class='ocr_par' dir='ltr' id='par_1_3' title="bbox 3384 338 3492 395">
     <span class='ocr_line' id='line_1_3' title="bbox 3384 338 3492 395; baseline -0.019 0"><span class='ocrx_word' id='word_1_5' title='bbox 3384 338 3492 395; x_wconf 83' lang='grc'><strong>686</strong></span> 
     </span>
    </p>
   </div>
   <div class='ocr_carea' id='block_1_4' title="bbox 148 458 3491 545">
    <p class='ocr_par' dir='ltr' id='par_1_4' title="bbox 148 458 3491 545">
     <span class='ocr_line' id='line_1_4' title="bbox 148 458 3491 545; baseline -0.004 -10"><span class='ocrx_word' id='word_1_6' title='bbox 148 482 337 545; x_wconf 80' lang='lat' dir='ltr'><strong>simam,</strong></span> <span class='ocrx_word' id='word_1_7' title='bbox 362 470 631 531; x_wconf 89' lang='lat' dir='ltr'><strong>vocabulo</strong></span> <span class='ocrx_word' id='word_1_8' title='bbox 659 470 934 537; x_wconf 80' lang='lat' dir='ltr'><strong>Thamar,</strong></span> <span class='ocrx_word' id='word_1_9' title='bbox 966 468 1271 524; x_wconf 84' lang='lat' dir='ltr'><strong>adamarat</strong></span> <span class='ocrx_word' id='word_1_10' title='bbox 1301 468 1531 519; x_wconf 82' lang='lat' dir='ltr'><strong>Amnon</strong></span> <span class='ocrx_word' id='word_1_11' title='bbox 1566 461 1722 517; x_wconf 85' lang='lat' dir='ltr'><strong>filius</strong></span> <span class='ocrx_word' id='word_1_12' title='bbox 1752 461 1799 528; x_wconf 78' lang='grc' dir='ltr'><strong>Α</strong></span> <span class='ocrx_word' id='word_1_13' title='bbox 1834 460 2010 527; x_wconf 90' lang='lat' dir='ltr'><strong>foras,</strong></span> <span class='ocrx_word' id='word_1_14' title='bbox 2043 463 2101 514; x_wconf 92' lang='lat' dir='ltr'><strong>et</strong></span> <span class='ocrx_word' id='word_1_15' title='bbox 2129 458 2337 515; x_wconf 85' lang='lat' dir='ltr'><strong>claude</strong></span> <span class='ocrx_word' id='word_1_16' title='bbox 2368 459 2589 516; x_wconf 86' lang='lat' dir='ltr'><strong>ostium</strong></span> <span class='ocrx_word' id='word_1_17' title='bbox 2624 464 2756 531; x_wconf 90' lang='lat' dir='ltr'><strong>post</strong></span> <span class='ocrx_word' id='word_1_18' title='bbox 2785 476 2936 517; x_wconf 91' lang='lat' dir='ltr'><strong>eam.</strong></span> <span class='ocrx_word' id='word_1_19' title='bbox 2969 462 3103 526; x_wconf 70' lang='lat' dir='ltr'><strong>Quae</strong></span> <span class='ocrx_word' id='word_1_20' title='bbox 3134 462 3344 520; x_wconf 89' lang='lat' dir='ltr'><strong>induta</strong></span> <span class='ocrx_word' id='word_1_21' title='bbox 3364 469 3491 520; x_wconf 88' lang='lat' dir='ltr'><strong>erat</strong></span> 
     </span>
    </p>
   </div>
   <div class='ocr_carea' id='block_1_5' title="bbox 146 554 1722 637">
    <p class='ocr_par' dir='ltr' id='par_1_5' title="bbox 146 554 1722 637">
     <span class='ocr_line' id='line_1_5' title="bbox 146 554 1722 637; baseline -0.011 -14"><span class='ocrx_word' id='word_1_22' title='bbox 146 567 303 637; x_wconf 80' lang='lat' dir='ltr'>David,</span> <span class='ocrx_word' id='word_1_23' title='bbox 330 569 379 620; x_wconf 89' lang='lat' dir='ltr'><strong>et</strong></span> <span class='ocrx_word' id='word_1_24' title='bbox 404 562 690 635; x_wconf 72' lang='lat' dir='ltr'><strong>deperiret</strong></span> <span class='ocrx_word' id='word_1_25' title='bbox 724 564 739 596; x_wconf 79' lang='grc' dir='ltr'>ί</span> <span class='ocrx_word' id='word_1_26' title='bbox 775 563 1014 631; x_wconf 80' lang='lat' dir='ltr'><strong>propter</strong></span> <span class='ocrx_word' id='word_1_27' title='bbox 1044 573 1195 625; x_wconf 89' lang='lat' dir='ltr'><strong>eam,</strong></span> <span class='ocrx_word' id='word_1_28' title='bbox 1229 556 1312 610; x_wconf 88' lang='lat' dir='ltr'><strong>ita</strong></span> <span class='ocrx_word' id='word_1_29' title='bbox 1342 554 1722 625; x_wconf 81' lang='lat' dir='ltr'><strong>utaegrotaret</strong></span> 
     </span>
    </p>
   </div>
   <div class='ocr_carea' id='block_1_6' title="bbox 145 639 1731 731">
    <p class='ocr_par' dir='ltr' id='par_1_6' title="bbox 145 639 1731 731">
     <span class='ocr_line' id='line_1_6' title="bbox 145 639 1731 731; baseline -0.013 -18"><span class='ocrx_word' id='word_1_30' title='bbox 145 662 334 731; x_wconf 76' lang='lat' dir='ltr'><strong>prapter</strong></span> <span class='ocrx_word' id='word_1_31' title='bbox 358 667 606 708; x_wconf 82' lang='lat' dir='ltr'><strong>amorem</strong></span> <span class='ocrx_word' id='word_1_32' title='bbox 630 650 782 720; x_wconf 84' lang='lat' dir='ltr'><strong>ejus:</strong></span> <span class='ocrx_word' id='word_1_33' title='bbox 810 648 950 719; x_wconf 84' lang='lat' dir='ltr'><strong>quia</strong></span> <span class='ocrx_word' id='word_1_34' title='bbox 981 663 1113 701; x_wconf 90' lang='lat' dir='ltr'><strong>cum</strong></span> <span class='ocrx_word' id='word_1_35' title='bbox 1144 648 1299 701; x_wconf 81' lang='lat' dir='ltr'>esset</span> <span class='ocrx_word' id='word_1_36' title='bbox 1338 644 1520 714; x_wconf 89' lang='lat' dir='ltr'><strong>virgo,</strong></span> <span class='ocrx_word' id='word_1_37' title='bbox 1574 639 1731 695; x_wconf 76' lang='lat' dir='ltr'><strong>diffi~</strong></span> 
     </span>
    </p>
   </div>
   <div class='ocr_carea' id='block_1_7' title="bbox 149 734 1732 809">
    <p class='ocr_par' dir='ltr' id='par_1_7' title="bbox 149 734 1732 809">
     <span class='ocr_line' id='line_1_7' title="bbox 149 734 1732 809; baseline -0.011 -8"><span class='ocrx_word' id='word_1_38' title='bbox 149 746 232 802; x_wconf 96' lang='lat' dir='ltr'><strong>cile</strong></span> <span class='ocrx_word' id='word_1_39' title='bbox 254 744 296 799; x_wconf 91' lang='lat' dir='ltr'><strong>ei</strong></span> <span class='ocrx_word' id='word_1_40' title='bbox 321 741 614 797; x_wconf 80' lang='lat' dir='ltr'><strong>videbatur</strong></span> <span class='ocrx_word' id='word_1_41' title='bbox 636 744 701 794; x_wconf 94' lang='lat' dir='ltr'><strong>ut</strong></span> <span class='ocrx_word' id='word_1_42' title='bbox 724 737 1026 809; x_wconf 81' lang='lat' dir='ltr'><strong>quidpiam</strong></span> <span class='ocrx_word' id='word_1_43' title='bbox 1052 735 1361 790; x_wconf 81' lang='lat' dir='ltr'><strong>inhoneste</strong></span> <span class='ocrx_word' id='word_1_44' title='bbox 1378 734 1576 803; x_wconf 90' lang='lat' dir='ltr'><strong>ageret</strong></span> <span class='ocrx_word' id='word_1_45' title='bbox 1597 746 1732 785; x_wconf 91' lang='lat' dir='ltr'><strong>cum</strong></span> 
     </span>
    </p>
   </div>
   <div class='ocr_carea' id='block_1_8' title="bbox 145 819 1732 892">
    <p class='ocr_par' dir='ltr' id='par_1_8' title="bbox 145 819 1732 892">
     <span class='ocr_line' id='line_1_8' title="bbox 145 819 1732 892; baseline -0.012 0"><span class='ocrx_word' id='word_1_46' title='bbox 145 835 251 892; x_wconf 83' lang='lat' dir='ltr'><strong>ea’.</strong></span> <span class='ocrx_word' id='word_1_47' title='bbox 278 836 396 887; x_wconf 86' lang='lat' dir='ltr'><strong>Erat</strong></span> <span class='ocrx_word' id='word_1_48' title='bbox 435 834 629 885; x_wconf 89' lang='lat' dir='ltr'><strong>autem</strong></span> <span class='ocrx_word' id='word_1_49' title='bbox 662 825 950 882; x_wconf 82' lang='lat' dir='ltr'><strong>Amnonis</strong></span> <span class='ocrx_word' id='word_1_50' title='bbox 999 824 1225 880; x_wconf 90' lang='lat' dir='ltr'><strong>amicus</strong></span> <span class='ocrx_word' id='word_1_51' title='bbox 1269 820 1507 877; x_wconf 84' lang='lat' dir='ltr'><strong>nomine</strong></span> <span class='ocrx_word' id='word_1_52' title='bbox 1553 819 1732 875; x_wconf 88' lang='lat' dir='ltr'><strong>Jona-</strong></span> 
     </span>
    </p>
   </div>
   <div class='ocr_carea' id='block_1_9' title="bbox 150 908 1733 988">
    <p class='ocr_par' dir='ltr' id='par_1_9' title="bbox 150 908 1733 988">
     <span class='ocr_line' id='line_1_9' title="bbox 150 908 1733 988; baseline -0.011 -9"><span class='ocrx_word' id='word_1_53' title='bbox 150 920 418 988; x_wconf 82' lang='lat' dir='ltr'><strong>bab,tilius</strong></span> <span class='ocrx_word' id='word_1_54' title='bbox 443 918 715 974; x_wconf 90' lang='lat' dir='ltr'><strong>Semmaa</strong></span> <span class='ocrx_word' id='word_1_55' title='bbox 750 916 873 985; x_wconf 79' lang='lat' dir='ltr'><strong>(ms.</strong></span> <span class='ocrx_word' id='word_1_56' title='bbox 933 912 1210 983; x_wconf 88' lang='lat' dir='ltr'><strong>Semmai)</strong></span> <span class='ocrx_word' id='word_1_57' title='bbox 1270 909 1466 967; x_wconf 90' lang='lat' dir='ltr'><strong>fratris</strong></span> <span class='ocrx_word' id='word_1_58' title='bbox 1526 908 1733 977; x_wconf 82' lang='lat' dir='ltr'><strong>David,</strong></span> 
     </span>
    </p>
   </div>
   <div class='ocr_carea' id='block_1_10' title="bbox 148 997 1737 1084">
    <p class='ocr_par' dir='ltr' id='par_1_10' title="bbox 148 997 1737 1084">
     <span class='ocr_line' id='line_1_10' title="bbox 148 997 1737 1084; baseline -0.009 -16"><span class='ocrx_word' id='word_1_59' title='bbox 148 1011 461 1084; x_wconf 85' lang='lat' dir='ltr'><strong>virprudens</strong></span> <span class='ocrx_word' id='word_1_60' title='bbox 490 1006 679 1062; x_wconf 81' lang='lat' dir='ltr'><strong>valde.</strong></span> <span class='ocrx_word' id='word_1_61' title='bbox 723 1003 832 1070; x_wconf 86' lang='lat' dir='ltr'><strong>Qui</strong></span> <span class='ocrx_word' id='word_1_62' title='bbox 886 1002 1032 1059; x_wconf 89' lang='lat' dir='ltr'><strong>dixit</strong></span> <span class='ocrx_word' id='word_1_63' title='bbox 1079 1003 1151 1058; x_wconf 93' lang='lat' dir='ltr'><strong>ad</strong></span> <span class='ocrx_word' id='word_1_64' title='bbox 1192 1017 1365 1058; x_wconf 92' lang='lat' dir='ltr'><strong>eum:</strong></span> <span class='ocrx_word' id='word_1_65' title='bbox 1400 999 1605 1069; x_wconf 87' lang='lat' dir='ltr'><strong>_Quare</strong></span> <span class='ocrx_word' id='word_1_66' title='bbox 1652 997 1737 1053; x_wconf 89' lang='lat' dir='ltr'><strong>sic</strong></span> 
     </span>
    </p>
   </div>
   <div class='ocr_carea' id='block_1_11' title="bbox 147 1086 1739 1165">
    <p class='ocr_par' dir='ltr' id='par_1_11' title="bbox 147 1086 1739 1165">
     <span class='ocr_line' id='line_1_11' title="bbox 147 1086 1739 1165; baseline -0.011 -7"><span class='ocrx_word' id='word_1_67' title='bbox 147 1098 423 1158; x_wconf 82' lang='lat' dir='ltr'><strong>attenuaris</strong></span> <span class='ocrx_word' id='word_1_68' title='bbox 451 1095 659 1161; x_wconf 82' lang='lat' dir='ltr'><strong>macie,</strong></span> <span class='ocrx_word' id='word_1_69' title='bbox 692 1093 774 1149; x_wconf 87' lang='lat' dir='ltr'><strong>fili</strong></span> <span class='ocrx_word' id='word_1_70' title='bbox 806 1093 983 1165; x_wconf 89' lang='lat' dir='ltr'><strong>regis,</strong></span> <span class='ocrx_word' id='word_1_71' title='bbox 1007 1108 1109 1165; x_wconf 90' lang='lat' dir='ltr'><strong>per</strong></span> <span class='ocrx_word' id='word_1_72' title='bbox 1132 1090 1398 1162; x_wconf 89' lang='lat' dir='ltr'><strong>singulos</strong></span> <span class='ocrx_word' id='word_1_73' title='bbox 1431 1086 1596 1144; x_wconf 86' lang='lat' dir='ltr'><strong>dies?</strong></span> <span class='ocrx_word' id='word_1_74' title='bbox 1634 1103 1739 1143; x_wconf 92' lang='lat' dir='ltr'><strong>cur</strong></span> 
     </span>
    </p>
   </div>
   <div class='ocr_carea' id='block_1_12' title="bbox 148 1178 1740 1255">
    <p class='ocr_par' dir='ltr' id='par_1_12' title="bbox 148 1178 1740 1255">
     <span class='ocr_line' id='line_1_12' title="bbox 148 1178 1740 1255; baseline -0.009 -9"><span class='ocrx_word' id='word_1_75' title='bbox 148 1207 242 1246; x_wconf 88' lang='lat' dir='ltr'><strong>non</strong></span> <span class='ocrx_word' id='word_1_76' title='bbox 270 1187 481 1245; x_wconf 87' lang='lat' dir='ltr'><strong>indicas</strong></span> <span class='ocrx_word' id='word_1_77' title='bbox 512 1184 657 1241; x_wconf 91' lang='lat' dir='ltr'><strong>mihi</strong></span> <span class='ocrx_word' id='word_1_78' title='bbox 685 1184 713 1239; x_wconf 84' lang='lat'><strong>‘?</strong></span> <span class='ocrx_word' id='word_1_79' title='bbox 740 1182 1017 1255; x_wconf 91' lang='lat' dir='ltr'><strong>Dixitque</strong></span> <span class='ocrx_word' id='word_1_80' title='bbox 1062 1182 1114 1237; x_wconf 90' lang='lat' dir='ltr'><strong>ei</strong></span> <span class='ocrx_word' id='word_1_81' title='bbox 1163 1182 1435 1237; x_wconf 91' lang='lat' dir='ltr'><strong>Amnon:</strong></span> <span class='ocrx_word' id='word_1_82' title='bbox 1480 1178 1740 1233; x_wconf 79' lang='lat' dir='ltr'><strong>Thamar</strong></span> 
     </span>
    </p>
   </div>
   <div class='ocr_carea' id='block_1_13' title="bbox 139 1264 1741 1339">
    <p class='ocr_par' dir='ltr' id='par_1_13' title="bbox 139 1264 1741 1339">
     <span class='ocr_line' id='line_1_13' title="bbox 139 1264 1741 1339; baseline -0.009 -4"><span class='ocrx_word' id='word_1_83' title='bbox 139 1293 356 1335; x_wconf 87' lang='lat' dir='ltr'><strong>sororem</strong></span> <span class='ocrx_word' id='word_1_84' title='bbox 386 1274 656 1331; x_wconf 87' lang='lat' dir='ltr'><strong>Ahsalom</strong></span> <span class='ocrx_word' id='word_1_85' title='bbox 704 1271 906 1328; x_wconf 87' lang='lat' dir='ltr'><strong>fratris</strong></span> <span class='ocrx_word' id='word_1_86' title='bbox 951 1270 1061 1326; x_wconf 92' lang='lat' dir='ltr'><strong>mei</strong></span> <span class='ocrx_word' id='word_1_87' title='bbox 1103 1286 1255 1326; x_wconf 89' lang='lat' dir='ltr'><strong>amo.</strong></span> <span class='ocrx_word' id='word_1_88' title='bbox 1302 1268 1407 1324; x_wconf 90' lang='lat' dir='ltr'><strong>Cui</strong></span> <span class='ocrx_word' id='word_1_89' title='bbox 1438 1264 1741 1339; x_wconf 88' lang='lat' dir='ltr'><strong>respondit</strong></span> 
     </span>
    </p>
   </div>
   <div class='ocr_carea' id='block_1_14' title="bbox 141 1356 1739 1433">
    <p class='ocr_par' dir='ltr' id='par_1_14' title="bbox 141 1356 1739 1433">
     <span class='ocr_line' id='line_1_14' title="bbox 141 1356 1739 1433; baseline -0.008 -10"><span class='ocrx_word' id='word_1_90' title='bbox 141 1367 386 1424; x_wconf 87' lang='lat' dir='ltr'><strong>Jonadab:</strong></span> <span class='ocrx_word' id='word_1_91' title='bbox 413 1364 575 1422; x_wconf 88' lang='lat' dir='ltr'><strong>Cuba</strong></span> <span class='ocrx_word' id='word_1_92' title='bbox 601 1377 778 1433; x_wconf 89' lang='lat' dir='ltr'><strong>super</strong></span> <span class='ocrx_word' id='word_1_93' title='bbox 803 1359 1081 1416; x_wconf 84' lang='lat' dir='ltr'><strong>lectulum</strong></span> <span class='ocrx_word' id='word_1_94' title='bbox 1105 1363 1297 1426; x_wconf 89' lang='lat' dir='ltr'><strong>tuum,</strong></span> <span class='ocrx_word' id='word_1_95' title='bbox 1317 1362 1373 1413; x_wconf 89' lang='lat' dir='ltr'><strong>et</strong></span> <span class='ocrx_word' id='word_1_96' title='bbox 1394 1356 1739 1427; x_wconf 84' lang='lat' dir='ltr'><strong>languorem</strong></span> 
     </span>
    </p>
   </div>
   <div class='ocr_carea' id='block_1_15' title="bbox 138 1445 1739 1525">
    <p class='ocr_par' dir='ltr' id='par_1_15' title="bbox 138 1445 1739 1525">
     <span class='ocr_line' id='line_1_15' title="bbox 138 1445 1739 1525; baseline -0.008 -13"><span class='ocrx_word' id='word_1_97' title='bbox 138 1456 338 1525; x_wconf 90' lang='lat' dir='ltr'><strong>simula;</strong></span> <span class='ocrx_word' id='word_1_98' title='bbox 370 1468 624 1524; x_wconf 91' lang='lat' dir='ltr'><strong>cumque</strong></span> <span class='ocrx_word' id='word_1_99' title='bbox 656 1449 884 1506; x_wconf 87' lang='lat' dir='ltr'><strong>venerit</strong></span> <span class='ocrx_word' id='word_1_100' title='bbox 912 1452 1075 1519; x_wconf 89' lang='lat' dir='ltr'><strong>pater</strong></span> <span class='ocrx_word' id='word_1_101' title='bbox 1124 1453 1263 1503; x_wconf 92' lang='lat' dir='ltr'><strong>tuus</strong></span> <span class='ocrx_word' id='word_1_102' title='bbox 1308 1450 1374 1502; x_wconf 88' lang='lat' dir='ltr'><strong>ut</strong></span> <span class='ocrx_word' id='word_1_103' title='bbox 1415 1445 1611 1501; x_wconf 88' lang='lat' dir='ltr'><strong>visitet</strong></span> <span class='ocrx_word' id='word_1_104' title='bbox 1662 1449 1739 1512; x_wconf 92' lang='lat' dir='ltr'><strong>te,</strong></span> 
     </span>
    </p>
   </div>
   <div class='ocr_carea' id='block_1_16' title="bbox 139 1533 1743 1608">
    <p class='ocr_par' dir='ltr' id='par_1_16' title="bbox 139 1533 1743 1608">
     <span class='ocr_line' id='line_1_16' title="bbox 139 1533 1743 1608; baseline -0.008 -7"><span class='ocrx_word' id='word_1_105' title='bbox 139 1547 214 1601; x_wconf 89' lang='lat' dir='ltr'><strong>dic</strong></span> <span class='ocrx_word' id='word_1_106' title='bbox 254 1545 344 1601; x_wconf 89' lang='lat' dir='ltr'><strong>ei:</strong></span> <span class='ocrx_word' id='word_1_107' title='bbox 399 1542 629 1608; x_wconf 84' lang='lat' dir='ltr'><strong>Veniat,</strong></span> <span class='ocrx_word' id='word_1_108' title='bbox 687 1556 786 1596; x_wconf 95' lang='lat' dir='ltr'><strong>oro</strong></span> <span class='ocrx_word' id='word_1_109' title='bbox 833 1538 1085 1593; x_wconf 85' lang='lat' dir='ltr'><strong>Thamar</strong></span> <span class='ocrx_word' id='word_1_110' title='bbox 1120 1554 1286 1593; x_wconf 91' lang='lat' dir='ltr'><strong>soror</strong></span> <span class='ocrx_word' id='word_1_111' title='bbox 1332 1551 1489 1601; x_wconf 86' lang='lat' dir='ltr'><strong>mea,</strong></span> <span class='ocrx_word' id='word_1_112' title='bbox 1534 1542 1597 1589; x_wconf 87' lang='lat' dir='ltr'><strong>ut</strong></span> <span class='ocrx_word' id='word_1_113' title='bbox 1644 1533 1743 1589; x_wconf 93' lang='lat' dir='ltr'><strong>det</strong></span> 
     </span>
    </p>
   </div>
   <div class='ocr_carea' id='block_1_17' title="bbox 134 1624 1744 1701">
    <p class='ocr_par' dir='ltr' id='par_1_17' title="bbox 134 1624 1744 1701">
     <span class='ocr_line' id='line_1_17' title="bbox 134 1624 1744 1701; baseline -0.008 -10"><span class='ocrx_word' id='word_1_114' title='bbox 134 1635 251 1691; x_wconf 90' lang='lat' dir='ltr'><strong>mihi</strong></span> <span class='ocrx_word' id='word_1_115' title='bbox 279 1634 461 1690; x_wconf 90' lang='lat' dir='ltr'><strong>cibum</strong></span> <span class='ocrx_word' id='word_1_116' title='bbox 493 1631 581 1693; x_wconf 91' lang='lat' dir='ltr'><strong>(h.</strong></span> <span class='ocrx_word' id='word_1_117' title='bbox 636 1629 895 1701; x_wconf 86' lang='lat' dir='ltr'><strong>panem),</strong></span> <span class='ocrx_word' id='word_1_118' title='bbox 938 1632 993 1684; x_wconf 90' lang='lat' dir='ltr'><strong>et</strong></span> <span class='ocrx_word' id='word_1_119' title='bbox 1036 1626 1212 1683; x_wconf 79' lang='lat' dir='ltr'><strong>faciat</strong></span> <span class='ocrx_word' id='word_1_120' title='bbox 1260 1624 1632 1697; x_wconf 88' lang='lat' dir='ltr'><strong>pulmentum</strong></span> <span class='ocrx_word' id='word_1_121' title='bbox 1678 1626 1744 1678; x_wconf 90' lang='lat' dir='ltr'><strong>ut</strong></span> 
     </span>
    </p>
   </div>
   <div class='ocr_carea' id='block_1_18' title="bbox 134 1714 1740 1788">
    <p class='ocr_par' dir='ltr' id='par_1_18' title="bbox 134 1714 1740 1788">
     <span class='ocr_line' id='line_1_18' title="bbox 134 1714 1740 1788; baseline -0.009 -8"><span class='ocrx_word' id='word_1_122' title='bbox 134 1723 395 1781; x_wconf 88' lang='lat' dir='ltr'><strong>comedam</strong></span> <span class='ocrx_word' id='word_1_123' title='bbox 428 1723 499 1778; x_wconf 91' lang='lat' dir='ltr'><strong>de</strong></span> <span class='ocrx_word' id='word_1_124' title='bbox 533 1735 715 1775; x_wconf 90' lang='lat' dir='ltr'><strong>manu</strong></span> <span class='ocrx_word' id='word_1_125' title='bbox 742 1719 890 1788; x_wconf 84' lang='lat' dir='ltr'><strong>ejus.</strong></span> <span class='ocrx_word' id='word_1_126' title='bbox 926 1716 1217 1772; x_wconf 83' lang='lat' dir='ltr'><strong>Accubuit</strong></span> <span class='ocrx_word' id='word_1_127' title='bbox 1249 1714 1449 1786; x_wconf 89' lang='lat' dir='ltr'><strong>itaque</strong></span> <span class='ocrx_word' id='word_1_128' title='bbox 1490 1715 1740 1780; x_wconf 86' lang='lat' dir='ltr'><strong>Amnon,</strong></span> 
     </span>
    </p>
   </div>
   <div class='ocr_carea' id='block_1_19' title="bbox 1844 550 3490 628">
    <p class='ocr_par' dir='ltr' id='par_1_19' title="bbox 1844 550 3490 628">
     <span class='ocr_line' id='line_1_19' title="bbox 1844 550 3490 628; baseline 0.003 -22"><span class='ocrx_word' id='word_1_129' title='bbox 1844 550 2013 606; x_wconf 88' lang='lat' dir='ltr'><strong>talari</strong></span> <span class='ocrx_word' id='word_1_130' title='bbox 2044 551 2263 607; x_wconf 87' lang='lat' dir='ltr'><strong>tunica:</strong></span> <span class='ocrx_word' id='word_1_131' title='bbox 2299 551 2711 621; x_wconf 86' lang='lat' dir='ltr'><strong>hujuscemodi</strong></span> <span class='ocrx_word' id='word_1_132' title='bbox 2742 553 2899 609; x_wconf 91' lang='lat' dir='ltr'><strong>enim</strong></span> <span class='ocrx_word' id='word_1_133' title='bbox 2933 552 3063 609; x_wconf 71' lang='lat' dir='ltr'><strong>filia:</strong></span> <span class='ocrx_word' id='word_1_134' title='bbox 3114 554 3269 628; x_wconf 88' lang='lat' dir='ltr'><strong>regis</strong></span> <span class='ocrx_word' id='word_1_135' title='bbox 3314 556 3490 628; x_wconf 87' lang='lat' dir='ltr'><strong>virgi-</strong></span> 
     </span>
    </p>
   </div>
   <div class='ocr_carea' id='block_1_20' title="bbox 1844 640 3496 715">
    <p class='ocr_par' dir='ltr' id='par_1_20' title="bbox 1844 640 3496 715">
     <span class='ocr_line' id='line_1_20' title="bbox 1844 640 3496 715; baseline 0.005 -20"><span class='ocrx_word' id='word_1_136' title='bbox 1844 656 1948 696; x_wconf 90' lang='lat' dir='ltr'><strong>nes</strong></span> <span class='ocrx_word' id='word_1_137' title='bbox 1978 640 2240 696; x_wconf 81' lang='lat' dir='ltr'><strong>vestibus</strong></span> <span class='ocrx_word' id='word_1_138' title='bbox 2273 642 2602 698; x_wconf 85' lang='lat' dir='ltr'><strong>utebantur.</strong></span> <span class='ocrx_word' id='word_1_139' title='bbox 2636 642 2820 711; x_wconf 87' lang='lat' dir='ltr'><strong>Ejecit</strong></span> <span class='ocrx_word' id='word_1_140' title='bbox 2849 644 3049 715; x_wconf 89' lang='lat' dir='ltr'><strong>itaque</strong></span> <span class='ocrx_word' id='word_1_141' title='bbox 3074 660 3202 701; x_wconf 92' lang='lat' dir='ltr'><strong>eam</strong></span> <span class='ocrx_word' id='word_1_142' title='bbox 3227 644 3496 703; x_wconf 84' lang='lat' dir='ltr'><strong>minister</strong></span> 
     </span>
    </p>
   </div>
   <div class='ocr_carea' id='block_1_21' title="bbox 1844 728 3490 806">
    <p class='ocr_par' dir='ltr' id='par_1_21' title="bbox 1844 728 3490 806">
     <span class='ocr_line' id='line_1_21' title="bbox 1844 728 3490 806; baseline 0.004 -23"><span class='ocrx_word' id='word_1_143' title='bbox 1844 728 2007 784; x_wconf 91' lang='lat' dir='ltr'><strong>illius</strong></span> <span class='ocrx_word' id='word_1_144' title='bbox 2039 729 2214 785; x_wconf 89' lang='lat' dir='ltr'><strong>foras:</strong></span> <span class='ocrx_word' id='word_1_145' title='bbox 2248 729 2577 802; x_wconf 87' lang='lat' dir='ltr'><strong>clausitque</strong></span> <span class='ocrx_word' id='word_1_146' title='bbox 2610 732 2763 787; x_wconf 86' lang='lat' dir='ltr'><strong>fores</strong></span> <span class='ocrx_word' id='word_1_147' title='bbox 2797 738 2928 803; x_wconf 91' lang='lat' dir='ltr'><strong>post</strong></span> <span class='ocrx_word' id='word_1_148' title='bbox 2950 749 3100 789; x_wconf 90' lang='lat' dir='ltr'><strong>eam.</strong></span> <span class='ocrx_word' id='word_1_149' title='bbox 3124 733 3262 797; x_wconf 70' lang='lat' dir='ltr'><strong>Qum</strong></span> <span class='ocrx_word' id='word_1_150' title='bbox 3285 750 3490 806; x_wconf 88' lang='lat' dir='ltr'><strong>asper-</strong></span> 
     </span>
    </p>
   </div>
   <div class='ocr_carea' id='block_1_22' title="bbox 1846 818 3497 891">
    <p class='ocr_par' dir='ltr' id='par_1_22' title="bbox 1846 818 3497 891">
     <span class='ocr_line' id='line_1_22' title="bbox 1846 818 3497 891; baseline 0.004 -18"><span class='ocrx_word' id='word_1_151' title='bbox 1846 833 1989 890; x_wconf 90' lang='lat' dir='ltr'><strong>gens</strong></span> <span class='ocrx_word' id='word_1_152' title='bbox 2020 818 2275 874; x_wconf 89' lang='lat' dir='ltr'><strong>cinerem</strong></span> <span class='ocrx_word' id='word_1_153' title='bbox 2308 819 2484 891; x_wconf 87' lang='lat' dir='ltr'><strong>capiti</strong></span> <span class='ocrx_word' id='word_1_154' title='bbox 2512 837 2642 886; x_wconf 89' lang='lat' dir='ltr'><strong>suo,</strong></span> <span class='ocrx_word' id='word_1_155' title='bbox 2682 821 2868 878; x_wconf 87' lang='lat' dir='ltr'><strong>scissa</strong></span> <span class='ocrx_word' id='word_1_156' title='bbox 2918 822 3089 879; x_wconf 88' lang='lat' dir='ltr'><strong>talari</strong></span> <span class='ocrx_word' id='word_1_157' title='bbox 3129 823 3351 891; x_wconf 90' lang='lat' dir='ltr'><strong>tunica,</strong></span> <span class='ocrx_word' id='word_1_158' title='bbox 3383 823 3497 879; x_wconf 84' lang='lat' dir='ltr'><strong>im-</strong></span> 
     </span>
    </p>
   </div>
   <div class='ocr_carea' id='block_1_23' title="bbox 1847 909 3495 987">
    <p class='ocr_par' dir='ltr' id='par_1_23' title="bbox 1847 909 3495 987">
     <span class='ocr_line' id='line_1_23' title="bbox 1847 909 3495 987; baseline 0.004 -23"><span class='ocrx_word' id='word_1_159' title='bbox 1847 909 2176 981; x_wconf 87' lang='lat' dir='ltr'><strong>positisque</strong></span> <span class='ocrx_word' id='word_1_160' title='bbox 2204 909 2480 966; x_wconf 90' lang='lat' dir='ltr'><strong>manibus</strong></span> <span class='ocrx_word' id='word_1_161' title='bbox 2512 927 2688 981; x_wconf 89' lang='lat' dir='ltr'><strong>super</strong></span> <span class='ocrx_word' id='word_1_162' title='bbox 2725 916 2900 983; x_wconf 91' lang='lat' dir='ltr'><strong>caput</strong></span> <span class='ocrx_word' id='word_1_163' title='bbox 2926 929 3124 985; x_wconf 88' lang='lat' dir='ltr'><strong>suum,</strong></span> <span class='ocrx_word' id='word_1_164' title='bbox 3152 914 3274 970; x_wconf 87' lang='lat' dir='ltr'><strong>ibat</strong></span> <span class='ocrx_word' id='word_1_165' title='bbox 3303 915 3495 987; x_wconf 80' lang='lat' dir='ltr'><strong>ingre-</strong></span> 
     </span>
    </p>
   </div>
   <div class='ocr_carea' id='block_1_24' title="bbox 1848 995 3500 1060">
    <p class='ocr_par' dir='ltr' id='par_1_24' title="bbox 1848 995 3500 1060">
     <span class='ocr_line' id='line_1_24' title="bbox 1848 995 3500 1060; baseline 0.005 -9"><span class='ocrx_word' id='word_1_166' title='bbox 1848 995 2014 1052; x_wconf 89' lang='lat' dir='ltr'><strong>diens</strong></span> <span class='ocrx_word' id='word_1_167' title='bbox 2046 1002 2102 1054; x_wconf 93' lang='lat' dir='ltr'><strong>et</strong></span> <span class='ocrx_word' id='word_1_168' title='bbox 2128 997 2413 1054; x_wconf 90' lang='lat' dir='ltr'><strong>clamans.</strong></span> <span class='ocrx_word' id='word_1_169' title='bbox 2464 998 2617 1055; x_wconf 84' lang='lat' dir='ltr'><strong>Dixit</strong></span> <span class='ocrx_word' id='word_1_170' title='bbox 2667 1005 2861 1056; x_wconf 88' lang='lat' dir='ltr'><strong>autem</strong></span> <span class='ocrx_word' id='word_1_171' title='bbox 2910 1000 2963 1056; x_wconf 91' lang='lat' dir='ltr'><strong>ei</strong></span> <span class='ocrx_word' id='word_1_172' title='bbox 3009 1002 3284 1058; x_wconf 85' lang='lat' dir='ltr'><strong>Ahsalom</strong></span> <span class='ocrx_word' id='word_1_173' title='bbox 3320 1004 3500 1060; x_wconf 89' lang='lat' dir='ltr'><strong>frater</strong></span> 
     </span>
    </p>
   </div>
   <div class='ocr_carea' id='block_1_25' title="bbox 1848 1086 3493 1163">
    <p class='ocr_par' dir='ltr' id='par_1_25' title="bbox 1848 1086 3493 1163">
     <span class='ocr_line' id='line_1_25' title="bbox 1848 1086 3493 1163; baseline 0.005 -23"><span class='ocrx_word' id='word_1_174' title='bbox 1848 1102 2015 1142; x_wconf 89' lang='lat' dir='ltr'><strong>suus:</strong></span> <span class='ocrx_word' id='word_1_175' title='bbox 2045 1086 2190 1142; x_wconf 91' lang='lat' dir='ltr'><strong>Num</strong></span> <span class='ocrx_word' id='word_1_176' title='bbox 2218 1088 2446 1144; x_wconf 85' lang='lat' dir='ltr'><strong>Amnon</strong></span> <span class='ocrx_word' id='word_1_177' title='bbox 2491 1089 2619 1158; x_wconf 90' lang='lat' dir='ltr'><strong>(Hic</strong></span> <span class='ocrx_word' id='word_1_178' title='bbox 2667 1089 2727 1145; x_wconf 92' lang='lat' dir='ltr'><strong>h.</strong></span> <span class='ocrx_word' id='word_1_179' title='bbox 2777 1090 3052 1161; x_wconf 87' lang='lat' dir='ltr'><strong>Aminon,</strong></span> <span class='ocrx_word' id='word_1_180' title='bbox 3102 1092 3257 1163; x_wconf 91' lang='lat' dir='ltr'><strong>quod</strong></span> <span class='ocrx_word' id='word_1_181' title='bbox 3308 1092 3493 1148; x_wconf 85' lang='lat' dir='ltr'><strong>inter-</strong></span> 
     </span>
    </p>
   </div>
   <div class='ocr_carea' id='block_1_26' title="bbox 1849 1174 3498 1251">
    <p class='ocr_par' dir='ltr' id='par_1_26' title="bbox 1849 1174 3498 1251">
     <span class='ocr_line' id='line_1_26' title="bbox 1849 1174 3498 1251; baseline 0.005 -22"><span class='ocrx_word' id='word_1_182' title='bbox 1849 1179 2111 1247; x_wconf 90' lang='lat' dir='ltr'><strong>pretatur</strong></span> <span class='ocrx_word' id='word_1_183' title='bbox 2140 1191 2347 1247; x_wconf 91' lang='lat' dir='ltr'><strong>exsp...</strong></span> <span class='ocrx_word' id='word_1_184' title='bbox 2384 1176 2443 1231; x_wconf 92' lang='lat' dir='ltr'><strong>in</strong></span> <span class='ocrx_word' id='word_1_185' title='bbox 2476 1174 2610 1232; x_wconf 89' lang='lat' dir='ltr'><strong>aliis</strong></span> <span class='ocrx_word' id='word_1_186' title='bbox 2641 1181 2837 1233; x_wconf 90' lang='lat' dir='ltr'><strong>autem</strong></span> <span class='ocrx_word' id='word_1_187' title='bbox 2869 1180 3097 1235; x_wconf 88' lang='lat' dir='ltr'><strong>Amnon</strong></span> <span class='ocrx_word' id='word_1_188' title='bbox 3128 1182 3284 1251; x_wconf 90' lang='lat' dir='ltr'><strong>quod</strong></span> <span class='ocrx_word' id='word_1_189' title='bbox 3317 1180 3498 1237; x_wconf 88' lang='lat' dir='ltr'><strong>inter-</strong></span> 
     </span>
    </p>
   </div>
   <div class='ocr_carea' id='block_1_27' title="bbox 1848 1264 3496 1336">
    <p class='ocr_par' dir='ltr' id='par_1_27' title="bbox 1848 1264 3496 1336">
     <span class='ocr_line' id='line_1_27' title="bbox 1848 1264 3496 1336; baseline 0.002 -17"><span class='ocrx_word' id='word_1_190' title='bbox 1848 1268 2113 1336; x_wconf 88' lang='lat' dir='ltr'><strong>pretatur</strong></span> <span class='ocrx_word' id='word_1_191' title='bbox 2144 1264 2553 1333; x_wconf 82' lang='lat' dir='ltr'><strong>fidelissimus)</strong></span> <span class='ocrx_word' id='word_1_192' title='bbox 2583 1266 2761 1321; x_wconf 80' lang='lat' dir='ltr'><strong>frater</strong></span> <span class='ocrx_word' id='word_1_193' title='bbox 2791 1271 2930 1323; x_wconf 92' lang='lat' dir='ltr'><strong>tuus</strong></span> <span class='ocrx_word' id='word_1_194' title='bbox 2962 1267 3280 1325; x_wconf 89' lang='lat' dir='ltr'><strong>concubuit</strong></span> <span class='ocrx_word' id='word_1_195' title='bbox 3301 1273 3496 1325; x_wconf 90' lang='lat' dir='ltr'><strong>tecum</strong></span> 
     </span>
    </p>
   </div>
   <div class='ocr_carea' id='block_1_28' title="bbox 1850 1353 3499 1428">
    <p class='ocr_par' dir='ltr' id='par_1_28' title="bbox 1850 1353 3499 1428">
     <span class='ocr_line' id='line_1_28' title="bbox 1850 1353 3499 1428; baseline 0.003 -19"><span class='ocrx_word' id='word_1_196' title='bbox 1850 1353 1952 1409; x_wconf 89' lang='lat' dir='ltr'><strong>sed</strong></span> <span class='ocrx_word' id='word_1_197' title='bbox 1982 1369 2161 1423; x_wconf 91' lang='lat' dir='ltr'><strong>nunc,</strong></span> <span class='ocrx_word' id='word_1_198' title='bbox 2194 1370 2377 1419; x_wconf 93' lang='lat' dir='ltr'><strong>soror,</strong></span> <span class='ocrx_word' id='word_1_199' title='bbox 2412 1358 2558 1423; x_wconf 87' lang='lat' dir='ltr'><strong>tace,</strong></span> <span class='ocrx_word' id='word_1_200' title='bbox 2587 1354 2763 1410; x_wconf 84' lang='lat' dir='ltr'><strong>frater</strong></span> <span class='ocrx_word' id='word_1_201' title='bbox 2795 1364 2929 1412; x_wconf 88' lang='lat' dir='ltr'><strong>tuus</strong></span> <span class='ocrx_word' id='word_1_202' title='bbox 2952 1361 3077 1413; x_wconf 75' lang='lat' dir='ltr'><strong>est:</strong></span> <span class='ocrx_word' id='word_1_203' title='bbox 3112 1372 3300 1428; x_wconf 90' lang='lat' dir='ltr'><strong>neque</strong></span> <span class='ocrx_word' id='word_1_204' title='bbox 3344 1358 3499 1414; x_wconf 81' lang='lat' dir='ltr'><strong>affli-</strong></span> 
     </span>
    </p>
   </div>
   <div class='ocr_carea' id='block_1_29' title="bbox 1849 1442 3497 1517">
    <p class='ocr_par' dir='ltr' id='par_1_29' title="bbox 1849 1442 3497 1517">
     <span class='ocr_line' id='line_1_29' title="bbox 1849 1442 3497 1517; baseline 0.004 -20"><span class='ocrx_word' id='word_1_205' title='bbox 1849 1457 1953 1513; x_wconf 86' lang='lat' dir='ltr'><strong>gas</strong></span> <span class='ocrx_word' id='word_1_206' title='bbox 1982 1458 2083 1496; x_wconf 93' lang='lat' dir='ltr'><strong>cor</strong></span> <span class='ocrx_word' id='word_1_207' title='bbox 2112 1446 2280 1496; x_wconf 92' lang='lat' dir='ltr'><strong>tuum</strong></span> <span class='ocrx_word' id='word_1_208' title='bbox 2306 1459 2408 1513; x_wconf 92' lang='lat' dir='ltr'><strong>pro</strong></span> <span class='ocrx_word' id='word_1_209' title='bbox 2442 1442 2551 1498; x_wconf 91' lang='lat' dir='ltr'><strong>hac</strong></span> <span class='ocrx_word' id='word_1_210' title='bbox 2585 1442 2746 1516; x_wconf 93' lang='lat' dir='ltr'><strong>re(h.</strong></span> <span class='ocrx_word' id='word_1_211' title='bbox 2775 1460 2890 1500; x_wconf 90' lang='lat' dir='ltr'><strong>non</strong></span> <span class='ocrx_word' id='word_1_212' title='bbox 2936 1462 3123 1517; x_wconf 86' lang='lat' dir='ltr'><strong>ponas</strong></span> <span class='ocrx_word' id='word_1_213' title='bbox 3174 1446 3324 1503; x_wconf 91' lang='lat' dir='ltr'><strong>hanc</strong></span> <span class='ocrx_word' id='word_1_214' title='bbox 3374 1464 3497 1503; x_wconf 91' lang='lat' dir='ltr'><strong>rem</strong></span> 
     </span>
    </p>
   </div>
   <div class='ocr_carea' id='block_1_30' title="bbox 1850 1530 3501 1603">
    <p class='ocr_par' dir='ltr' id='par_1_30' title="bbox 1850 1530 3501 1603">
     <span class='ocr_line' id='line_1_30' title="bbox 1850 1530 3501 1603; baseline 0.004 -18"><span class='ocrx_word' id='word_1_215' title='bbox 1850 1530 1909 1585; x_wconf 92' lang='lat' dir='ltr'><strong>in</strong></span> <span class='ocrx_word' id='word_1_216' title='bbox 1945 1530 2118 1585; x_wconf 91' lang='lat' dir='ltr'><strong>corde</strong></span> <span class='ocrx_word' id='word_1_217' title='bbox 2149 1531 2297 1601; x_wconf 89' lang='lat' dir='ltr'><strong>tuo).</strong></span> <span class='ocrx_word' id='word_1_218' title='bbox 2332 1530 2548 1586; x_wconf 88' lang='lat' dir='ltr'><strong>Mansit</strong></span> <span class='ocrx_word' id='word_1_219' title='bbox 2569 1531 2767 1603; x_wconf 86' lang='lat' dir='ltr'><strong>itaque</strong></span> <span class='ocrx_word' id='word_1_220' title='bbox 2799 1532 3057 1589; x_wconf 88' lang='lat' dir='ltr'><strong>Thamar</strong></span> <span class='ocrx_word' id='word_1_221' title='bbox 3087 1536 3501 1592; x_wconf 88' lang='lat' dir='ltr'><strong>contabescens</strong></span> 
     </span>
    </p>
   </div>
   <div class='ocr_carea' id='block_1_31' title="bbox 1851 1618 3497 1682">
    <p class='ocr_par' dir='ltr' id='par_1_31' title="bbox 1851 1618 3497 1682">
     <span class='ocr_line' id='line_1_31' title="bbox 1851 1618 3497 1682; baseline 0.005 -8"><span class='ocrx_word' id='word_1_222' title='bbox 1851 1620 1911 1674; x_wconf 93' lang='lat' dir='ltr'><strong>in</strong></span> <span class='ocrx_word' id='word_1_223' title='bbox 1943 1620 2117 1674; x_wconf 93' lang='lat' dir='ltr'><strong>domo</strong></span> <span class='ocrx_word' id='word_1_224' title='bbox 2146 1618 2397 1675; x_wconf 87' lang='lat' dir='ltr'><strong>Absalon</strong></span> <span class='ocrx_word' id='word_1_225' title='bbox 2434 1620 2631 1676; x_wconf 84' lang='lat' dir='ltr'><strong>fratris</strong></span> <span class='ocrx_word' id='word_1_226' title='bbox 2662 1621 2778 1677; x_wconf 91' lang='lat' dir='ltr'><strong>sui.</strong></span> <span class='ocrx_word' id='word_1_227' title='bbox 2810 1625 2955 1678; x_wconf 89' lang='lat' dir='ltr'><strong>Cum</strong></span> <span class='ocrx_word' id='word_1_228' title='bbox 2989 1624 3257 1680; x_wconf 87' lang='lat' dir='ltr'><strong>audisset</strong></span> <span class='ocrx_word' id='word_1_229' title='bbox 3298 1629 3497 1682; x_wconf 89' lang='lat' dir='ltr'><strong>autem</strong></span> 
     </span>
    </p>
   </div>
   <div class='ocr_carea' id='block_1_32' title="bbox 1853 1707 3501 1786">
    <p class='ocr_par' dir='ltr' id='par_1_32' title="bbox 1853 1707 3501 1786">
     <span class='ocr_line' id='line_1_32' title="bbox 1853 1707 3501 1786; baseline 0.004 -23"><span class='ocrx_word' id='word_1_230' title='bbox 1853 1724 1954 1763; x_wconf 87' lang='lat' dir='ltr'><strong>rex</strong></span> <span class='ocrx_word' id='word_1_231' title='bbox 1982 1707 2157 1763; x_wconf 86' lang='lat' dir='ltr'><strong>David</strong></span> <span class='ocrx_word' id='word_1_232' title='bbox 2190 1708 2366 1763; x_wconf 90' lang='lat' dir='ltr'><strong>verba</strong></span> <span class='ocrx_word' id='word_1_233' title='bbox 2399 1708 2539 1780; x_wconf 73' lang='lat' dir='ltr'><strong>haec,</strong></span> <span class='ocrx_word' id='word_1_234' title='bbox 2585 1710 2967 1767; x_wconf 87' lang='lat' dir='ltr'><strong>contristatue</strong></span> <span class='ocrx_word' id='word_1_235' title='bbox 3020 1712 3103 1783; x_wconf 92' lang='lat' dir='ltr'><strong>(h.</strong></span> <span class='ocrx_word' id='word_1_236' title='bbox 3158 1713 3366 1786; x_wconf 90' lang='lat' dir='ltr'><strong>iratus)</strong></span> <span class='ocrx_word' id='word_1_237' title='bbox 3409 1718 3501 1770; x_wconf 88' lang='lat' dir='ltr'><strong>est</strong></span> 
     </span>
    </p>
   </div>
   <div class='ocr_carea' id='block_1_33' title="bbox 129 1795 3495 1904">
    <p class='ocr_par' dir='ltr' id='par_1_33' title="bbox 129 1795 3495 1904">
     <span class='ocr_line' id='line_1_33' title="bbox 129 1795 3495 1904; baseline -0.002 -36"><span class='ocrx_word' id='word_1_238' title='bbox 129 1819 175 1869; x_wconf 89' lang='lat' dir='ltr'><strong>et</strong></span> <span class='ocrx_word' id='word_1_239' title='bbox 211 1812 364 1884; x_wconf 88' lang='lat' dir='ltr'><strong>quasi</strong></span> <span class='ocrx_word' id='word_1_240' title='bbox 424 1813 707 1882; x_wconf 67' lang='lat' dir='ltr'><strong>egrotare</strong></span> <span class='ocrx_word' id='word_1_241' title='bbox 766 1806 938 1879; x_wconf 91' lang='lat' dir='ltr'><strong>coepit</strong></span> <span class='ocrx_word' id='word_1_242' title='bbox 970 1826 984 1873; x_wconf 91' lang='lat'><strong>;</strong></span> <span class='ocrx_word' id='word_1_243' title='bbox 1037 1819 1290 1875; x_wconf 78' lang='lat' dir='ltr'><strong>cumque</strong></span> <span class='ocrx_word' id='word_1_244' title='bbox 1334 1802 1588 1858; x_wconf 86' lang='lat' dir='ltr'><strong>venisset</strong></span> <span class='ocrx_word' id='word_1_245' title='bbox 1644 1816 1742 1856; x_wconf 90' lang='lat' dir='ltr'><strong>rex</strong></span> <span class='ocrx_word' id='word_1_246' title='bbox 1771 1839 1817 1904; x_wconf 75' lang='grc' dir='ltr'><strong>Β</strong></span> <span class='ocrx_word' id='word_1_247' title='bbox 1853 1795 2021 1852; x_wconf 90' lang='lat' dir='ltr'><strong>valde</strong></span> <span class='ocrx_word' id='word_1_248' title='bbox 2052 1797 2300 1904; x_wconf 50' lang='lat' dir='ltr'><strong>5.‘Porro</strong></span> <span class='ocrx_word' id='word_1_249' title='bbox 2332 1814 2453 1904; x_wconf 63' lang='lat' dir='ltr'><strong>non</strong></span> <span class='ocrx_word' id='word_1_250' title='bbox 2480 1804 2569 1854; x_wconf 89' lang='lat' dir='ltr'><strong>est</strong></span> <span class='ocrx_word' id='word_1_251' title='bbox 2597 1798 2828 1904; x_wconf 70' lang='lat' dir='ltr'><strong>locutus</strong></span> <span class='ocrx_word' id='word_1_252' title='bbox 2860 1800 3136 1903; x_wconf 79' lang='lat' dir='ltr'><strong>Ahsalom</strong></span> <span class='ocrx_word' id='word_1_253' title='bbox 3167 1804 3238 1859; x_wconf 90' lang='lat' dir='ltr'><strong>ad</strong></span> <span class='ocrx_word' id='word_1_254' title='bbox 3266 1805 3495 1904; x_wconf 61' lang='lat' dir='ltr'><strong>Amnon</strong></span> 
     </span>
    </p>
   </div>
   <div class='ocr_carea' id='block_1_34' title="bbox 131 1890 1735 1967">
    <p class='ocr_par' dir='ltr' id='par_1_34' title="bbox 131 1890 1735 1967">
     <span class='ocr_line' id='line_1_34' title="bbox 131 1890 1735 1967; baseline -0.009 -9"><span class='ocrx_word' id='word_1_255' title='bbox 131 1903 189 1958; x_wconf 87' lang='lat' dir='ltr'><strong>ad</strong></span> <span class='ocrx_word' id='word_1_256' title='bbox 214 1901 565 1957; x_wconf 87' lang='lat' dir='ltr'><strong>visitandum</strong></span> <span class='ocrx_word' id='word_1_257' title='bbox 597 1913 756 1967; x_wconf 88' lang='lat' dir='ltr'><strong>eum,</strong></span> <span class='ocrx_word' id='word_1_258' title='bbox 783 1896 864 1951; x_wconf 88' lang='lat' dir='ltr'><strong>ait</strong></span> <span class='ocrx_word' id='word_1_259' title='bbox 893 1897 1122 1950; x_wconf 85' lang='lat' dir='ltr'><strong>Amnon</strong></span> <span class='ocrx_word' id='word_1_260' title='bbox 1154 1893 1226 1948; x_wconf 91' lang='lat' dir='ltr'><strong>ad</strong></span> <span class='ocrx_word' id='word_1_261' title='bbox 1259 1908 1472 1961; x_wconf 82' lang='lat' dir='ltr'><strong>regem:</strong></span> <span class='ocrx_word' id='word_1_262' title='bbox 1504 1890 1735 1958; x_wconf 86' lang='lat' dir='ltr'><strong>Veniat,</strong></span> 
     </span>
    </p>
   </div>
   <div class='ocr_carea' id='block_1_35' title="bbox 127 1978 1741 2057">
    <p class='ocr_par' dir='ltr' id='par_1_35' title="bbox 127 1978 1741 2057">
     <span class='ocr_line' id='line_1_35' title="bbox 127 1978 1741 2057; baseline -0.009 -10"><span class='ocrx_word' id='word_1_263' title='bbox 127 1992 355 2057; x_wconf 85' lang='lat' dir='ltr'><strong>obsecro,</strong></span> <span class='ocrx_word' id='word_1_264' title='bbox 387 1988 652 2044; x_wconf 86' lang='lat' dir='ltr'><strong>Thamar</strong></span> <span class='ocrx_word' id='word_1_265' title='bbox 680 2000 847 2041; x_wconf 89' lang='lat' dir='ltr'><strong>soror</strong></span> <span class='ocrx_word' id='word_1_266' title='bbox 903 1999 1053 2050; x_wconf 88' lang='lat' dir='ltr'><strong>mea,</strong></span> <span class='ocrx_word' id='word_1_267' title='bbox 1106 1991 1170 2037; x_wconf 88' lang='lat' dir='ltr'><strong>ut</strong></span> <span class='ocrx_word' id='word_1_268' title='bbox 1217 1981 1389 2038; x_wconf 85' lang='lat' dir='ltr'><strong>faciat</strong></span> <span class='ocrx_word' id='word_1_269' title='bbox 1437 1980 1497 2035; x_wconf 92' lang='lat' dir='ltr'><strong>in</strong></span> <span class='ocrx_word' id='word_1_270' title='bbox 1553 1978 1741 2035; x_wconf 89' lang='lat' dir='ltr'><strong>oculis</strong></span> 
     </span>
    </p>
   </div>
   <div class='ocr_carea' id='block_1_36' title="bbox 128 2069 1740 2142">
    <p class='ocr_par' dir='ltr' id='par_1_36' title="bbox 128 2069 1740 2142">
     <span class='ocr_line' id='line_1_36' title="bbox 128 2069 1740 2142; baseline -0.008 -6"><span class='ocrx_word' id='word_1_271' title='bbox 128 2080 399 2136; x_wconf 90' lang='lat' dir='ltr'><strong>meisduas</strong></span> <span class='ocrx_word' id='word_1_272' title='bbox 416 2073 902 2140; x_wconf 88' lang='lat' dir='ltr'><strong>sorbitiunculas,</strong></span> <span class='ocrx_word' id='word_1_273' title='bbox 924 2077 981 2128; x_wconf 91' lang='lat' dir='ltr'><strong>et</strong></span> <span class='ocrx_word' id='word_1_274' title='bbox 1003 2072 1199 2127; x_wconf 91' lang='lat' dir='ltr'><strong>cibum</strong></span> <span class='ocrx_word' id='word_1_275' title='bbox 1218 2071 1445 2142; x_wconf 86' lang='lat' dir='ltr'><strong>capiam</strong></span> <span class='ocrx_word' id='word_1_276' title='bbox 1468 2069 1539 2125; x_wconf 91' lang='lat' dir='ltr'><strong>de</strong></span> <span class='ocrx_word' id='word_1_277' title='bbox 1563 2085 1740 2125; x_wconf 92' lang='lat' dir='ltr'><strong>manu</strong></span> 
     </span>
    </p>
   </div>
   <div class='ocr_carea' id='block_1_37' title="bbox 122 2159 1738 2240">
    <p class='ocr_par' dir='ltr' id='par_1_37' title="bbox 122 2159 1738 2240">
     <span class='ocr_line' id='line_1_37' title="bbox 122 2159 1738 2240; baseline -0.006 -16"><span class='ocrx_word' id='word_1_278' title='bbox 122 2170 245 2240; x_wconf 84' lang='lat' dir='ltr'><strong>ejus.</strong></span> <span class='ocrx_word' id='word_1_279' title='bbox 275 2169 429 2225; x_wconf 80' lang='lat' dir='ltr'><strong>Misit</strong></span> <span class='ocrx_word' id='word_1_280' title='bbox 460 2182 607 2237; x_wconf 86' lang='lat' dir='ltr'><strong>ergo</strong></span> <span class='ocrx_word' id='word_1_281' title='bbox 637 2164 815 2221; x_wconf 89' lang='lat' dir='ltr'><strong>David</strong></span> <span class='ocrx_word' id='word_1_282' title='bbox 851 2163 923 2218; x_wconf 90' lang='lat' dir='ltr'><strong>ad</strong></span> <span class='ocrx_word' id='word_1_283' title='bbox 952 2162 1209 2217; x_wconf 89' lang='lat' dir='ltr'><strong>Thamar</strong></span> <span class='ocrx_word' id='word_1_284' title='bbox 1229 2162 1493 2229; x_wconf 88' lang='lat' dir='ltr'><strong>domum,</strong></span> <span class='ocrx_word' id='word_1_285' title='bbox 1517 2159 1738 2215; x_wconf 89' lang='lat' dir='ltr'><strong>dicens:</strong></span> 
     </span>
    </p>
   </div>
   <div class='ocr_carea' id='block_1_38' title="bbox 126 2247 1741 2319">
    <p class='ocr_par' dir='ltr' id='par_1_38' title="bbox 126 2247 1741 2319">
     <span class='ocr_line' id='line_1_38' title="bbox 126 2247 1741 2319; baseline -0.006 -7"><span class='ocrx_word' id='word_1_286' title='bbox 126 2258 241 2313; x_wconf 83' lang='lat' dir='ltr'><strong>Veni</strong></span> <span class='ocrx_word' id='word_1_287' title='bbox 267 2258 323 2313; x_wconf 92' lang='lat' dir='ltr'><strong>in</strong></span> <span class='ocrx_word' id='word_1_288' title='bbox 353 2258 605 2314; x_wconf 89' lang='lat' dir='ltr'><strong>domum</strong></span> <span class='ocrx_word' id='word_1_289' title='bbox 635 2256 867 2309; x_wconf 88' lang='lat' dir='ltr'><strong>Amnon</strong></span> <span class='ocrx_word' id='word_1_290' title='bbox 900 2250 1095 2306; x_wconf 85' lang='lat' dir='ltr'><strong>fratris</strong></span> <span class='ocrx_word' id='word_1_291' title='bbox 1124 2249 1236 2319; x_wconf 90' lang='lat' dir='ltr'><strong>tui,</strong></span> <span class='ocrx_word' id='word_1_292' title='bbox 1285 2253 1342 2305; x_wconf 89' lang='lat' dir='ltr'><strong>et</strong></span> <span class='ocrx_word' id='word_1_293' title='bbox 1386 2248 1474 2304; x_wconf 86' lang='lat' dir='ltr'><strong>fac</strong></span> <span class='ocrx_word' id='word_1_294' title='bbox 1526 2248 1575 2303; x_wconf 95' lang='lat' dir='ltr'><strong>ei</strong></span> <span class='ocrx_word' id='word_1_295' title='bbox 1608 2247 1741 2319; x_wconf 91' lang='lat' dir='ltr'><strong>pul-</strong></span> 
     </span>
    </p>
   </div>
   <div class='ocr_carea' id='block_1_39' title="bbox 125 2339 1743 2415">
    <p class='ocr_par' dir='ltr' id='par_1_39' title="bbox 125 2339 1743 2415">
     <span class='ocr_line' id='line_1_39' title="bbox 125 2339 1743 2415; baseline -0.006 -12"><span class='ocrx_word' id='word_1_296' title='bbox 125 2352 378 2403; x_wconf 87' lang='lat' dir='ltr'><strong>mentum.</strong></span> <span class='ocrx_word' id='word_1_297' title='bbox 415 2344 709 2415; x_wconf 86' lang='lat' dir='ltr'><strong>Venitque</strong></span> <span class='ocrx_word' id='word_1_298' title='bbox 734 2340 1069 2398; x_wconf 89' lang='lat' dir='ltr'><strong>Thamarin</strong></span> <span class='ocrx_word' id='word_1_299' title='bbox 1095 2340 1337 2395; x_wconf 91' lang='lat' dir='ltr'><strong>domum</strong></span> <span class='ocrx_word' id='word_1_300' title='bbox 1368 2340 1591 2394; x_wconf 80' lang='lat' dir='ltr'><strong>Amnon</strong></span> <span class='ocrx_word' id='word_1_301' title='bbox 1625 2339 1743 2393; x_wconf 89' lang='lat' dir='ltr'><strong>fra-</strong></span> 
     </span>
    </p>
   </div>
   <div class='ocr_carea' id='block_1_40' title="bbox 122 2426 1743 2503">
    <p class='ocr_par' dir='ltr' id='par_1_40' title="bbox 122 2426 1743 2503">
     <span class='ocr_line' id='line_1_40' title="bbox 122 2426 1743 2503; baseline -0.006 -13"><span class='ocrx_word' id='word_1_302' title='bbox 122 2438 209 2492; x_wconf 82' lang='lat' dir='ltr'><strong>tris</strong></span> <span class='ocrx_word' id='word_1_303' title='bbox 236 2436 341 2503; x_wconf 87' lang='lat' dir='ltr'><strong>sui;</strong></span> <span class='ocrx_word' id='word_1_304' title='bbox 372 2435 475 2490; x_wconf 90' lang='lat' dir='ltr'><strong>ille</strong></span> <span class='ocrx_word' id='word_1_305' title='bbox 511 2437 719 2490; x_wconf 89' lang='lat' dir='ltr'><strong>autem</strong></span> <span class='ocrx_word' id='word_1_306' title='bbox 755 2430 1008 2502; x_wconf 88' lang='lat' dir='ltr'><strong>jacebat;</strong></span> <span class='ocrx_word' id='word_1_307' title='bbox 1057 2445 1182 2498; x_wconf 72' lang='lat' dir='ltr'><strong>quae</strong></span> <span class='ocrx_word' id='word_1_308' title='bbox 1232 2426 1444 2483; x_wconf 91' lang='lat' dir='ltr'><strong>tollens</strong></span> <span class='ocrx_word' id='word_1_309' title='bbox 1493 2427 1743 2482; x_wconf 89' lang='lat' dir='ltr'><strong>farinam</strong></span> 
     </span>
    </p>
   </div>
   <div class='ocr_carea' id='block_1_41' title="bbox 125 2516 1746 2597">
    <p class='ocr_par' dir='ltr' id='par_1_41' title="bbox 125 2516 1746 2597">
     <span class='ocr_line' id='line_1_41' title="bbox 125 2516 1746 2597; baseline -0.006 -16"><span class='ocrx_word' id='word_1_310' title='bbox 125 2526 179 2581; x_wconf 79' lang='lat' dir='ltr'><strong>l1.</strong></span> <span class='ocrx_word' id='word_1_311' title='bbox 215 2539 600 2597; x_wconf 75' lang='lat' dir='ltr'><strong>conspersum</strong></span> <span class='ocrx_word' id='word_1_312' title='bbox 627 2519 902 2591; x_wconf 88' lang='lat' dir='ltr'><strong>farinam)</strong></span> <span class='ocrx_word' id='word_1_313' title='bbox 943 2516 1353 2585; x_wconf 87' lang='lat' dir='ltr'><strong>commiscuit;</strong></span> <span class='ocrx_word' id='word_1_314' title='bbox 1406 2521 1463 2572; x_wconf 91' lang='lat' dir='ltr'><strong>et</strong></span> <span class='ocrx_word' id='word_1_315' title='bbox 1500 2516 1746 2587; x_wconf 86' lang='lat' dir='ltr'><strong>liquefa-</strong></span> 
     </span>
    </p>
   </div>
   <div class='ocr_carea' id='block_1_42' title="bbox 120 2605 1746 2685">
    <p class='ocr_par' dir='ltr' id='par_1_42' title="bbox 120 2605 1746 2685">
     <span class='ocr_line' id='line_1_42' title="bbox 120 2605 1746 2685; baseline -0.005 -16"><span class='ocrx_word' id='word_1_316' title='bbox 120 2614 276 2685; x_wconf 89' lang='lat' dir='ltr'><strong>ciens,</strong></span> <span class='ocrx_word' id='word_1_317' title='bbox 304 2615 364 2670; x_wconf 91' lang='lat' dir='ltr'><strong>in</strong></span> <span class='ocrx_word' id='word_1_318' title='bbox 414 2612 616 2671; x_wconf 85' lang='lat' dir='ltr'><strong>oculis</strong></span> <span class='ocrx_word' id='word_1_319' title='bbox 665 2610 820 2666; x_wconf 89' lang='lat' dir='ltr'><strong>coxit</strong></span> <span class='ocrx_word' id='word_1_320' title='bbox 865 2606 1343 2664; x_wconf 85' lang='lat' dir='ltr'><strong>sorbitiunculas.</strong></span> <span class='ocrx_word' id='word_1_321' title='bbox 1397 2605 1746 2676; x_wconf 90' lang='lat' dir='ltr'><strong>Tollensque</strong></span> 
     </span>
    </p>
   </div>
   <div class='ocr_carea' id='block_1_43' title="bbox 119 2694 1785 2774">
    <p class='ocr_par' dir='ltr' id='par_1_43' title="bbox 119 2694 1785 2774">
     <span class='ocr_line' id='line_1_43' title="bbox 119 2694 1785 2774; baseline -0.005 -14"><span class='ocrx_word' id='word_1_322' title='bbox 119 2705 249 2774; x_wconf 92' lang='lat' dir='ltr'><strong>quod</strong></span> <span class='ocrx_word' id='word_1_323' title='bbox 282 2708 542 2769; x_wconf 85' lang='lat' dir='ltr'><strong>coxerat,</strong></span> <span class='ocrx_word' id='word_1_324' title='bbox 579 2699 807 2765; x_wconf 76' lang='lat' dir='ltr'><strong>effudit,</strong></span> <span class='ocrx_word' id='word_1_325' title='bbox 840 2702 899 2753; x_wconf 91' lang='lat' dir='ltr'><strong>et</strong></span> <span class='ocrx_word' id='word_1_326' title='bbox 930 2697 1126 2768; x_wconf 90' lang='lat' dir='ltr'><strong>posuit</strong></span> <span class='ocrx_word' id='word_1_327' title='bbox 1156 2712 1352 2752; x_wconf 85' lang='lat' dir='ltr'><strong>coram</strong></span> <span class='ocrx_word' id='word_1_328' title='bbox 1370 2712 1457 2763; x_wconf 89' lang='lat' dir='ltr'><strong>eo,</strong></span> <span class='ocrx_word' id='word_1_329' title='bbox 1482 2701 1537 2750; x_wconf 91' lang='lat' dir='ltr'><strong>et</strong></span> <span class='ocrx_word' id='word_1_330' title='bbox 1558 2694 1748 2751; x_wconf 91' lang='lat' dir='ltr'><strong>noluit</strong></span> <span class='ocrx_word' id='word_1_331' title='bbox 1771 2734 1785 2751; x_wconf 94' lang='lat'><strong>.</strong></span> 
     </span>
    </p>
   </div>
   <div class='ocr_carea' id='block_1_44' title="bbox 116 2784 1747 2863">
    <p class='ocr_par' dir='ltr' id='par_1_44' title="bbox 116 2784 1747 2863">
     <span class='ocr_line' id='line_1_44' title="bbox 116 2784 1747 2863; baseline -0.005 -15"><span class='ocrx_word' id='word_1_332' title='bbox 116 2795 439 2863; x_wconf 85' lang='lat' dir='ltr'><strong>comedere;</strong></span> <span class='ocrx_word' id='word_1_333' title='bbox 503 2790 775 2861; x_wconf 83' lang='lat' dir='ltr'><strong>dixitque</strong></span> <span class='ocrx_word' id='word_1_334' title='bbox 833 2789 1107 2842; x_wconf 90' lang='lat' dir='ltr'><strong>Amnon:</strong></span> <span class='ocrx_word' id='word_1_335' title='bbox 1173 2785 1375 2856; x_wconf 88' lang='lat' dir='ltr'><strong>Ejicite</strong></span> <span class='ocrx_word' id='word_1_336' title='bbox 1443 2784 1747 2840; x_wconf 89' lang='lat' dir='ltr'><strong>universos</strong></span> 
     </span>
    </p>
   </div>
   <div class='ocr_carea' id='block_1_45' title="bbox 113 2874 1748 2950">
    <p class='ocr_par' dir='ltr' id='par_1_45' title="bbox 113 2874 1748 2950">
     <span class='ocr_line' id='line_1_45' title="bbox 113 2874 1748 2950; baseline -0.006 -13"><span class='ocrx_word' id='word_1_337' title='bbox 113 2882 325 2940; x_wconf 72' lang='lat' dir='ltr'><strong>foras’a</strong></span> <span class='ocrx_word' id='word_1_338' title='bbox 342 2897 457 2938; x_wconf 90' lang='lat' dir='ltr'><strong>me.</strong></span> <span class='ocrx_word' id='word_1_339' title='bbox 483 2882 760 2950; x_wconf 89' lang='lat' dir='ltr'><strong>Cumque</strong></span> <span class='ocrx_word' id='word_1_340' title='bbox 782 2876 1095 2947; x_wconf 88' lang='lat' dir='ltr'><strong>ejecissent</strong></span> <span class='ocrx_word' id='word_1_341' title='bbox 1115 2890 1338 2942; x_wconf 90' lang='lat' dir='ltr'><strong>omnes,</strong></span> <span class='ocrx_word' id='word_1_342' title='bbox 1356 2874 1504 2929; x_wconf 88' lang='lat' dir='ltr'><strong>dixit</strong></span> <span class='ocrx_word' id='word_1_343' title='bbox 1522 2880 1748 2930; x_wconf 86' lang='lat' dir='ltr'><strong>Amnon</strong></span> 
     </span>
    </p>
   </div>
   <div class='ocr_carea' id='block_1_46' title="bbox 109 2962 1752 3029">
    <p class='ocr_par' dir='ltr' id='par_1_46' title="bbox 109 2962 1752 3029">
     <span class='ocr_line' id='line_1_46' title="bbox 109 2962 1752 3029; baseline -0.005 -2"><span class='ocrx_word' id='word_1_344' title='bbox 109 2973 171 3027; x_wconf 90' lang='lat' dir='ltr'><strong>ad</strong></span> <span class='ocrx_word' id='word_1_345' title='bbox 198 2973 453 3029; x_wconf 85' lang='lat' dir='ltr'><strong>Thamar</strong></span> <span class='ocrx_word' id='word_1_346' title='bbox 491 2969 697 3026; x_wconf 89' lang='lat' dir='ltr'><strong>:Infer</strong></span> <span class='ocrx_word' id='word_1_347' title='bbox 749 2966 948 3022; x_wconf 88' lang='lat' dir='ltr'><strong>cibum</strong></span> <span class='ocrx_word' id='word_1_348' title='bbox 991 2964 1051 3019; x_wconf 91' lang='lat' dir='ltr'><strong>in</strong></span> <span class='ocrx_word' id='word_1_349' title='bbox 1111 2962 1402 3029; x_wconf 87' lang='lat' dir='ltr'><strong>conclave,</strong></span> <span class='ocrx_word' id='word_1_350' title='bbox 1433 2968 1499 3019; x_wconf 89' lang='lat' dir='ltr'><strong>ut</strong></span> <span class='ocrx_word' id='word_1_351' title='bbox 1552 2980 1752 3018; x_wconf 88' lang='lat' dir='ltr'><strong>vescar</strong></span> 
     </span>
    </p>
   </div>
   <div class='ocr_carea' id='block_1_47' title="bbox 110 3051 1749 3127">
    <p class='ocr_par' dir='ltr' id='par_1_47' title="bbox 110 3051 1749 3127">
     <span class='ocr_line' id='line_1_47' title="bbox 110 3051 1749 3127; baseline -0.005 -12"><span class='ocrx_word' id='word_1_352' title='bbox 110 3062 168 3116; x_wconf 89' lang='lat' dir='ltr'><strong>dc</strong></span> <span class='ocrx_word' id='word_1_353' title='bbox 198 3078 366 3117; x_wconf 89' lang='lat' dir='ltr'><strong>manu</strong></span> <span class='ocrx_word' id='word_1_354' title='bbox 395 3066 529 3118; x_wconf 81' lang='lat' dir='ltr'><strong>tua.</strong></span> <span class='ocrx_word' id='word_1_355' title='bbox 557 3056 724 3113; x_wconf 89' lang='lat' dir='ltr'><strong>Tulit</strong></span> <span class='ocrx_word' id='word_1_356' title='bbox 773 3070 910 3127; x_wconf 87' lang='lat' dir='ltr'><strong>ergo</strong></span> <span class='ocrx_word' id='word_1_357' title='bbox 961 3053 1223 3109; x_wconf 90' lang='lat' dir='ltr'><strong>Thamar</strong></span> <span class='ocrx_word' id='word_1_358' title='bbox 1269 3051 1749 3121; x_wconf 87' lang='lat' dir='ltr'><strong>sorbitiunculas,</strong></span> 
     </span>
    </p>
   </div>
   <div class='ocr_carea' id='block_1_48' title="bbox 103 3142 1749 3220">
    <p class='ocr_par' dir='ltr' id='par_1_48' title="bbox 103 3142 1749 3220">
     <span class='ocr_line' id='line_1_48' title="bbox 103 3142 1749 3220; baseline -0.008 -13"><span class='ocrx_word' id='word_1_359' title='bbox 103 3166 231 3220; x_wconf 84' lang='lat' dir='ltr'><strong>quas</strong></span> <span class='ocrx_word' id='word_1_360' title='bbox 262 3151 508 3216; x_wconf 86' lang='lat' dir='ltr'><strong>fecerat,</strong></span> <span class='ocrx_word' id='word_1_361' title='bbox 539 3152 607 3204; x_wconf 80' lang='lat' dir='ltr'><strong>et</strong></span> <span class='ocrx_word' id='word_1_362' title='bbox 634 3144 842 3202; x_wconf 88' lang='lat' dir='ltr'><strong>intulit</strong></span> <span class='ocrx_word' id='word_1_363' title='bbox 870 3143 940 3198; x_wconf 89' lang='lat' dir='ltr'><strong>ad</strong></span> <span class='ocrx_word' id='word_1_364' title='bbox 1003 3148 1232 3198; x_wconf 78' lang='lat' dir='ltr'><strong>Amnon</strong></span> <span class='ocrx_word' id='word_1_365' title='bbox 1280 3142 1518 3197; x_wconf 85' lang='lat' dir='ltr'><strong>fratrem</strong></span> <span class='ocrx_word' id='word_1_366' title='bbox 1575 3156 1749 3197; x_wconf 92' lang='lat' dir='ltr'><strong>suum</strong></span> 
     </span>
    </p>
   </div>
   <div class='ocr_carea' id='block_1_49' title="bbox 105 3230 1750 3307">
    <p class='ocr_par' dir='ltr' id='par_1_49' title="bbox 105 3230 1750 3307">
     <span class='ocr_line' id='line_1_49' title="bbox 105 3230 1750 3307; baseline -0.005 -14"><span class='ocrx_word' id='word_1_367' title='bbox 105 3238 156 3293; x_wconf 90' lang='lat' dir='ltr'><strong>in</strong></span> <span class='ocrx_word' id='word_1_368' title='bbox 202 3238 497 3295; x_wconf 87' lang='lat' dir='ltr'><strong>conclave.</strong></span> <span class='ocrx_word' id='word_1_369' title='bbox 562 3236 834 3307; x_wconf 86' lang='lat' dir='ltr'><strong>Cumque</strong></span> <span class='ocrx_word' id='word_1_370' title='bbox 882 3230 1192 3288; x_wconf 86' lang='lat' dir='ltr'><strong>obtulisset</strong></span> <span class='ocrx_word' id='word_1_371' title='bbox 1218 3232 1267 3286; x_wconf 90' lang='lat' dir='ltr'><strong>ei</strong></span> <span class='ocrx_word' id='word_1_372' title='bbox 1328 3233 1447 3299; x_wconf 76' lang='lat' dir='ltr'><strong>(ms.</strong></span> <span class='ocrx_word' id='word_1_373' title='bbox 1506 3234 1643 3286; x_wconf 84' lang='lat' dir='ltr'><strong>tacet</strong></span> <span class='ocrx_word' id='word_1_374' title='bbox 1675 3230 1750 3301; x_wconf 84' lang='lat' dir='ltr'><strong>ei)</strong></span> 
     </span>
    </p>
   </div>
   <div class='ocr_carea' id='block_1_50' title="bbox 102 3319 1752 3399">
    <p class='ocr_par' dir='ltr' id='par_1_50' title="bbox 102 3319 1752 3399">
     <span class='ocr_line' id='line_1_50' title="bbox 102 3319 1752 3399; baseline -0.003 -20"><span class='ocrx_word' id='word_1_375' title='bbox 102 3326 304 3394; x_wconf 89' lang='lat' dir='ltr'><strong>cibum,</strong></span> <span class='ocrx_word' id='word_1_376' title='bbox 327 3322 745 3399; x_wconf 86' lang='lat' dir='ltr'><strong>apprehendit</strong></span> <span class='ocrx_word' id='word_1_377' title='bbox 769 3336 895 3379; x_wconf 89' lang='lat' dir='ltr'><strong>eam</strong></span> <span class='ocrx_word' id='word_1_378' title='bbox 909 3324 985 3387; x_wconf 84' lang='lat' dir='ltr'><strong>,et</strong></span> <span class='ocrx_word' id='word_1_379' title='bbox 1013 3320 1115 3376; x_wconf 91' lang='lat' dir='ltr'><strong>ait:</strong></span> <span class='ocrx_word' id='word_1_380' title='bbox 1137 3319 1304 3387; x_wconf 91' lang='lat' dir='ltr'><strong>Veni,</strong></span> <span class='ocrx_word' id='word_1_381' title='bbox 1324 3320 1476 3375; x_wconf 88' lang='lat' dir='ltr'><strong>cuba</strong></span> <span class='ocrx_word' id='word_1_382' title='bbox 1502 3334 1752 3390; x_wconf 83' lang='lat' dir='ltr'><strong>mecum,</strong></span> 
     </span>
    </p>
   </div>
   <div class='ocr_carea' id='block_1_51' title="bbox 103 3408 1754 3483">
    <p class='ocr_par' dir='ltr' id='par_1_51' title="bbox 103 3408 1754 3483">
     <span class='ocr_line' id='line_1_51' title="bbox 103 3408 1754 3483; baseline -0.002 -15"><span class='ocrx_word' id='word_1_383' title='bbox 103 3431 247 3471; x_wconf 86' lang='lat' dir='ltr'><strong>soror</strong></span> <span class='ocrx_word' id='word_1_384' title='bbox 275 3433 431 3472; x_wconf 89' lang='lat' dir='ltr'><strong>mea.</strong></span> <span class='ocrx_word' id='word_1_385' title='bbox 468 3418 624 3481; x_wconf 67' lang='lat' dir='ltr'><strong>Qum</strong></span> <span class='ocrx_word' id='word_1_386' title='bbox 655 3410 963 3483; x_wconf 89' lang='lat' dir='ltr'><strong>respondit</strong></span> <span class='ocrx_word' id='word_1_387' title='bbox 981 3410 1053 3465; x_wconf 90' lang='lat' dir='ltr'><strong>ei:</strong></span> <span class='ocrx_word' id='word_1_388' title='bbox 1087 3408 1237 3475; x_wconf 90' lang='lat' dir='ltr'><strong>Noli,</strong></span> <span class='ocrx_word' id='word_1_389' title='bbox 1285 3408 1465 3465; x_wconf 89' lang='lat' dir='ltr'><strong>frater</strong></span> <span class='ocrx_word' id='word_1_390' title='bbox 1498 3410 1598 3477; x_wconf 89' lang='lat' dir='ltr'><strong>mi,</strong></span> <span class='ocrx_word' id='word_1_391' title='bbox 1634 3408 1754 3465; x_wconf 92' lang='lat' dir='ltr'><strong>noli</strong></span> 
     </span>
    </p>
   </div>
   <div class='ocr_carea' id='block_1_52' title="bbox 98 3496 1751 3574">
    <p class='ocr_par' dir='ltr' id='par_1_52' title="bbox 98 3496 1751 3574">
     <span class='ocr_line' id='line_1_52' title="bbox 98 3496 1751 3574; baseline -0.003 -18"><span class='ocrx_word' id='word_1_392' title='bbox 98 3504 411 3574; x_wconf 86' lang='lat' dir='ltr'><strong>opprimere</strong></span> <span class='ocrx_word' id='word_1_393' title='bbox 447 3518 578 3568; x_wconf 86' lang='lat' dir='ltr'><strong>me,</strong></span> <span class='ocrx_word' id='word_1_394' title='bbox 617 3515 805 3570; x_wconf 91' lang='lat' dir='ltr'><strong>neque</strong></span> <span class='ocrx_word' id='word_1_395' title='bbox 836 3498 995 3554; x_wconf 89' lang='lat' dir='ltr'><strong>enim</strong></span> <span class='ocrx_word' id='word_1_396' title='bbox 1040 3496 1149 3553; x_wconf 92' lang='lat' dir='ltr'><strong>hoc</strong></span> <span class='ocrx_word' id='word_1_397' title='bbox 1191 3498 1277 3551; x_wconf 87' lang='lat' dir='ltr'><strong>fas</strong></span> <span class='ocrx_word' id='word_1_398' title='bbox 1299 3500 1389 3552; x_wconf 90' lang='lat' dir='ltr'><strong>est</strong></span> <span class='ocrx_word' id='word_1_399' title='bbox 1420 3496 1481 3551; x_wconf 91' lang='lat' dir='ltr'><strong>in</strong></span> <span class='ocrx_word' id='word_1_400' title='bbox 1528 3496 1704 3552; x_wconf 88' lang='lat' dir='ltr'><strong>Israel</strong></span> <span class='ocrx_word' id='word_1_401' title='bbox 1738 3514 1751 3563; x_wconf 90' lang='lat'><strong>;</strong></span> 
     </span>
    </p>
   </div>
   <div class='ocr_carea' id='block_1_53' title="bbox 101 3584 1754 3657">
    <p class='ocr_par' dir='ltr' id='par_1_53' title="bbox 101 3584 1754 3657">
     <span class='ocr_line' id='line_1_53' title="bbox 101 3584 1754 3657; baseline -0.004 -13"><span class='ocrx_word' id='word_1_402' title='bbox 101 3590 199 3645; x_wconf 84' lang='lat' dir='ltr'><strong>noli</strong></span> <span class='ocrx_word' id='word_1_403' title='bbox 229 3592 422 3647; x_wconf 89' lang='lat' dir='ltr'><strong>facere</strong></span> <span class='ocrx_word' id='word_1_404' title='bbox 456 3587 787 3647; x_wconf 88' lang='lat' dir='ltr'><strong>stultitiam</strong></span> <span class='ocrx_word' id='word_1_405' title='bbox 836 3585 1010 3641; x_wconf 90' lang='lat' dir='ltr'><strong>hanc.</strong></span> <span class='ocrx_word' id='word_1_406' title='bbox 1061 3585 1179 3657; x_wconf 86' lang='lat' dir='ltr'><strong>Ego</strong></span> <span class='ocrx_word' id='word_1_407' title='bbox 1234 3584 1390 3639; x_wconf 90' lang='lat' dir='ltr'><strong>enim</strong></span> <span class='ocrx_word' id='word_1_408' title='bbox 1444 3585 1590 3639; x_wconf 89' lang='lat' dir='ltr'><strong>ferre</strong></span> <span class='ocrx_word' id='word_1_409' title='bbox 1640 3601 1754 3640; x_wconf 92' lang='lat' dir='ltr'><strong>non</strong></span> 
     </span>
    </p>
   </div>
   <div class='ocr_carea' id='block_1_54' title="bbox 96 3673 1756 3753">
    <p class='ocr_par' dir='ltr' id='par_1_54' title="bbox 96 3673 1756 3753">
     <span class='ocr_line' id='line_1_54' title="bbox 96 3673 1756 3753; baseline -0.003 -20"><span class='ocrx_word' id='word_1_410' title='bbox 96 3684 273 3748; x_wconf 88' lang='lat' dir='ltr'><strong>potero</strong></span> <span class='ocrx_word' id='word_1_411' title='bbox 303 3676 724 3753; x_wconf 85' lang='lat' dir='ltr'><strong>opprobrium</strong></span> <span class='ocrx_word' id='word_1_412' title='bbox 760 3690 978 3743; x_wconf 91' lang='lat' dir='ltr'><strong>meum,</strong></span> <span class='ocrx_word' id='word_1_413' title='bbox 1011 3677 1066 3729; x_wconf 88' lang='lat' dir='ltr'><strong>et</strong></span> <span class='ocrx_word' id='word_1_414' title='bbox 1095 3678 1157 3728; x_wconf 89' lang='lat' dir='ltr'><strong>tu</strong></span> <span class='ocrx_word' id='word_1_415' title='bbox 1178 3673 1293 3729; x_wconf 88' lang='lat' dir='ltr'><strong>eris</strong></span> <span class='ocrx_word' id='word_1_416' title='bbox 1316 3673 1483 3743; x_wconf 91' lang='lat' dir='ltr'><strong>quasi</strong></span> <span class='ocrx_word' id='word_1_417' title='bbox 1511 3690 1663 3729; x_wconf 90' lang='lat' dir='ltr'><strong>unus</strong></span> <span class='ocrx_word' id='word_1_418' title='bbox 1686 3674 1756 3728; x_wconf 88' lang='lat' dir='ltr'><strong>de</strong></span> 
     </span>
    </p>
   </div>
   <div class='ocr_carea' id='block_1_55' title="bbox 101 3762 1755 3841">
    <p class='ocr_par' dir='ltr' id='par_1_55' title="bbox 101 3762 1755 3841">
     <span class='ocr_line' id='line_1_55' title="bbox 101 3762 1755 3841; baseline -0.001 -22"><span class='ocrx_word' id='word_1_419' title='bbox 101 3767 528 3841; x_wconf 84' lang='lat' dir='ltr'><strong>insipientibus</strong></span> <span class='ocrx_word' id='word_1_420' title='bbox 599 3766 657 3821; x_wconf 91' lang='lat' dir='ltr'><strong>in</strong></span> <span class='ocrx_word' id='word_1_421' title='bbox 711 3763 936 3820; x_wconf 89' lang='lat' dir='ltr'><strong>Israel:</strong></span> <span class='ocrx_word' id='word_1_422' title='bbox 989 3763 1086 3834; x_wconf 89' lang='lat' dir='ltr'><strong>qui</strong></span> <span class='ocrx_word' id='word_1_423' title='bbox 1147 3762 1343 3834; x_wconf 88' lang='lat' dir='ltr'><strong>potius</strong></span> <span class='ocrx_word' id='word_1_424' title='bbox 1390 3762 1627 3834; x_wconf 92' lang='lat' dir='ltr'><strong>loquere</strong></span> <span class='ocrx_word' id='word_1_425' title='bbox 1685 3763 1755 3817; x_wconf 93' lang='lat' dir='ltr'><strong>ad</strong></span> 
     </span>
    </p>
   </div>
   <div class='ocr_carea' id='block_1_56' title="bbox 94 3851 1758 3931">
    <p class='ocr_par' dir='ltr' id='par_1_56' title="bbox 94 3851 1758 3931">
     <span class='ocr_line' id='line_1_56' title="bbox 94 3851 1758 3931; baseline -0.002 -20"><span class='ocrx_word' id='word_1_426' title='bbox 94 3873 295 3931; x_wconf 82' lang='lat' dir='ltr'><strong>regem,</strong></span> <span class='ocrx_word' id='word_1_427' title='bbox 356 3863 422 3915; x_wconf 90' lang='lat' dir='ltr'><strong>et</strong></span> <span class='ocrx_word' id='word_1_428' title='bbox 479 3872 615 3914; x_wconf 88' lang='lat' dir='ltr'><strong>non</strong></span> <span class='ocrx_word' id='word_1_429' title='bbox 664 3852 906 3925; x_wconf 84' lang='lat' dir='ltr'><strong>negabit</strong></span> <span class='ocrx_word' id='word_1_430' title='bbox 952 3868 1047 3907; x_wconf 92' lang='lat' dir='ltr'><strong>me</strong></span> <span class='ocrx_word' id='word_1_431' title='bbox 1098 3851 1245 3907; x_wconf 89' lang='lat' dir='ltr'><strong>tibi.</strong></span> <span class='ocrx_word' id='word_1_432' title='bbox 1301 3851 1500 3909; x_wconf 85' lang='lat' dir='ltr'><strong>Noluit</strong></span> <span class='ocrx_word' id='word_1_433' title='bbox 1561 3856 1758 3908; x_wconf 84' lang='lat' dir='ltr'><strong>autem</strong></span> 
     </span>
    </p>
   </div>
   <div class='ocr_carea' id='block_1_57' title="bbox 97 3940 1761 4018">
    <p class='ocr_par' dir='ltr' id='par_1_57' title="bbox 97 3940 1761 4018">
     <span class='ocr_line' id='line_1_57' title="bbox 97 3940 1761 4018; baseline -0.002 -19"><span class='ocrx_word' id='word_1_434' title='bbox 97 3949 475 4018; x_wconf 81' lang='lat' dir='ltr'><strong>acquiescere</strong></span> <span class='ocrx_word' id='word_1_435' title='bbox 543 3943 824 4018; x_wconf 88' lang='lat' dir='ltr'><strong>precibus</strong></span> <span class='ocrx_word' id='word_1_436' title='bbox 881 3942 1029 4011; x_wconf 90' lang='lat' dir='ltr'><strong>ejus,</strong></span> <span class='ocrx_word' id='word_1_437' title='bbox 1089 3941 1189 3996; x_wconf 89' lang='lat' dir='ltr'><strong>sed</strong></span> <span class='ocrx_word' id='word_1_438' title='bbox 1249 3940 1566 4012; x_wconf 76' lang='lat' dir='ltr'><strong>praevalens</strong></span> <span class='ocrx_word' id='word_1_439' title='bbox 1623 3941 1761 3997; x_wconf 86' lang='lat' dir='ltr'><strong>viri-</strong></span> 
     </span>
    </p>
   </div>
   <div class='ocr_carea' id='block_1_58' title="bbox 100 4029 1761 4110">
    <p class='ocr_par' dir='ltr' id='par_1_58' title="bbox 100 4029 1761 4110">
     <span class='ocr_line' id='line_1_58' title="bbox 100 4029 1761 4110; baseline -0.001 -22"><span class='ocrx_word' id='word_1_440' title='bbox 100 4032 197 4093; x_wconf 85' lang='lat' dir='ltr'><strong>bus</strong></span> <span class='ocrx_word' id='word_1_441' title='bbox 224 4036 553 4110; x_wconf 89' lang='lat' dir='ltr'><strong>oppressit</strong></span> <span class='ocrx_word' id='word_1_442' title='bbox 583 4049 740 4100; x_wconf 90' lang='lat' dir='ltr'><strong>eam,</strong></span> <span class='ocrx_word' id='word_1_443' title='bbox 773 4035 830 4087; x_wconf 90' lang='lat' dir='ltr'><strong>et</strong></span> <span class='ocrx_word' id='word_1_444' title='bbox 873 4030 1107 4087; x_wconf 87' lang='lat' dir='ltr'><strong>cubavit</strong></span> <span class='ocrx_word' id='word_1_445' title='bbox 1158 4046 1293 4085; x_wconf 90' lang='lat' dir='ltr'><strong>cum</strong></span> <span class='ocrx_word' id='word_1_446' title='bbox 1342 4029 1466 4085; x_wconf 90' lang='lat' dir='ltr'><strong>illa.</strong></span> <span class='ocrx_word' id='word_1_447' title='bbox 1509 4030 1579 4086; x_wconf 86' lang='lat' dir='ltr'><strong>Et</strong></span> <span class='ocrx_word' id='word_1_448' title='bbox 1629 4047 1761 4086; x_wconf 81' lang='lat' dir='ltr'><strong>exo-</strong></span> 
     </span>
    </p>
   </div>
   <div class='ocr_carea' id='block_1_59' title="bbox 98 4118 1764 4191">
    <p class='ocr_par' dir='ltr' id='par_1_59' title="bbox 98 4118 1764 4191">
     <span class='ocr_line' id='line_1_59' title="bbox 98 4118 1764 4191; baseline -0.001 -15"><span class='ocrx_word' id='word_1_449' title='bbox 98 4139 213 4181; x_wconf 86' lang='lat' dir='ltr'><strong>sam</strong></span> <span class='ocrx_word' id='word_1_450' title='bbox 242 4142 376 4181; x_wconf 88' lang='lat' dir='ltr'><strong>eam</strong></span> <span class='ocrx_word' id='word_1_451' title='bbox 414 4121 653 4181; x_wconf 88' lang='lat' dir='ltr'><strong>habuit</strong></span> <span class='ocrx_word' id='word_1_452' title='bbox 705 4126 931 4175; x_wconf 86' lang='lat' dir='ltr'><strong>Amnon</strong></span> <span class='ocrx_word' id='word_1_453' title='bbox 979 4118 1112 4175; x_wconf 90' lang='lat' dir='ltr'><strong>odio</strong></span> <span class='ocrx_word' id='word_1_454' title='bbox 1157 4135 1370 4191; x_wconf 91' lang='lat' dir='ltr'><strong>magno</strong></span> <span class='ocrx_word' id='word_1_455' title='bbox 1414 4120 1631 4186; x_wconf 89' lang='lat' dir='ltr'><strong>nimis;</strong></span> <span class='ocrx_word' id='word_1_456' title='bbox 1681 4119 1764 4175; x_wconf 88' lang='lat' dir='ltr'><strong>ita</strong></span> 
     </span>
    </p>
   </div>
   <div class='ocr_carea' id='block_1_60' title="bbox 100 4208 1766 4286">
    <p class='ocr_par' dir='ltr' id='par_1_60' title="bbox 100 4208 1766 4286">
     <span class='ocr_line' id='line_1_60' title="bbox 100 4208 1766 4286; baseline -0.002 -20"><span class='ocrx_word' id='word_1_457' title='bbox 100 4216 153 4267; x_wconf 87' lang='lat' dir='ltr'><strong>ut</strong></span> <span class='ocrx_word' id='word_1_458' title='bbox 193 4215 396 4286; x_wconf 83' lang='lat' dir='ltr'><strong>majus</strong></span> <span class='ocrx_word' id='word_1_459' title='bbox 450 4214 635 4269; x_wconf 86' lang='lat' dir='ltr'><strong>esset</strong></span> <span class='ocrx_word' id='word_1_460' title='bbox 690 4209 890 4265; x_wconf 90' lang='lat' dir='ltr'><strong>odium</strong></span> <span class='ocrx_word' id='word_1_461' title='bbox 938 4224 1053 4279; x_wconf 92' lang='lat' dir='ltr'><strong>quo</strong></span> <span class='ocrx_word' id='word_1_462' title='bbox 1104 4208 1306 4262; x_wconf 91' lang='lat' dir='ltr'><strong>oderat</strong></span> <span class='ocrx_word' id='word_1_463' title='bbox 1359 4224 1507 4277; x_wconf 90' lang='lat' dir='ltr'><strong>eam,</strong></span> <span class='ocrx_word' id='word_1_464' title='bbox 1568 4225 1766 4265; x_wconf 89' lang='lat' dir='ltr'><strong>amore</strong></span> 
     </span>
    </p>
   </div>
   <div class='ocr_carea' id='block_1_61' title="bbox 97 4295 1764 4369">
    <p class='ocr_par' dir='ltr' id='par_1_61' title="bbox 97 4295 1764 4369">
     <span class='ocr_line' id='line_1_61' title="bbox 97 4295 1764 4369; baseline -0.001 -15"><span class='ocrx_word' id='word_1_465' title='bbox 97 4316 204 4369; x_wconf 88' lang='lat' dir='ltr'><strong>quo</strong></span> <span class='ocrx_word' id='word_1_466' title='bbox 226 4308 367 4358; x_wconf 89' lang='lat' dir='ltr'><strong>ante</strong></span> <span class='ocrx_word' id='word_1_467' title='bbox 399 4300 734 4357; x_wconf 85' lang='lat' dir='ltr'><strong>dilexerat.</strong></span> <span class='ocrx_word' id='word_1_468' title='bbox 786 4297 871 4367; x_wconf 94' lang='lat' dir='ltr'><strong>(T.</strong></span> <span class='ocrx_word' id='word_1_469' title='bbox 921 4298 1062 4364; x_wconf 81' lang='lat' dir='ltr'><strong>CX.)</strong></span> <span class='ocrx_word' id='word_1_470' title='bbox 1109 4295 1381 4367; x_wconf 86' lang='lat' dir='ltr'><strong>Dixitque</strong></span> <span class='ocrx_word' id='word_1_471' title='bbox 1420 4297 1473 4352; x_wconf 91' lang='lat' dir='ltr'><strong>ei</strong></span> <span class='ocrx_word' id='word_1_472' title='bbox 1518 4298 1764 4354; x_wconf 87' lang='lat' dir='ltr'><strong>Amnon:</strong></span> 
     </span>
    </p>
   </div>
   <div class='ocr_carea' id='block_1_62' title="bbox 93 4385 1770 4464">
    <p class='ocr_par' dir='ltr' id='par_1_62' title="bbox 93 4385 1770 4464">
     <span class='ocr_line' id='line_1_62' title="bbox 93 4385 1770 4464; baseline 0 -21"><span class='ocrx_word' id='word_1_473' title='bbox 93 4392 285 4464; x_wconf 84' lang='lat' dir='ltr'><strong>Surge,</strong></span> <span class='ocrx_word' id='word_1_474' title='bbox 304 4392 491 4449; x_wconf 89' lang='lat' dir='ltr'><strong>vade.</strong></span> <span class='ocrx_word' id='word_1_475' title='bbox 522 4390 670 4453; x_wconf 66' lang='lat' dir='ltr'><strong>Quae</strong></span> <span class='ocrx_word' id='word_1_476' title='bbox 692 4386 1077 4458; x_wconf 90' lang='lat' dir='ltr'><strong>responditei:</strong></span> <span class='ocrx_word' id='word_1_477' title='bbox 1100 4385 1289 4456; x_wconf 88' lang='lat' dir='ltr'><strong>Majus</strong></span> <span class='ocrx_word' id='word_1_478' title='bbox 1311 4393 1398 4441; x_wconf 85' lang='lat' dir='ltr'><strong>est</strong></span> <span class='ocrx_word' id='word_1_479' title='bbox 1417 4386 1526 4441; x_wconf 91' lang='lat' dir='ltr'><strong>hoc</strong></span> <span class='ocrx_word' id='word_1_480' title='bbox 1549 4387 1770 4443; x_wconf 90' lang='lat' dir='ltr'><strong>malum</strong></span> 
     </span>
    </p>
   </div>
   <div class='ocr_carea' id='block_1_63' title="bbox 93 4472 1770 4551">
    <p class='ocr_par' dir='ltr' id='par_1_63' title="bbox 93 4472 1770 4551">
     <span class='ocr_line' id='line_1_63' title="bbox 93 4472 1770 4551; baseline -0.001 -18"><span class='ocrx_word' id='word_1_481' title='bbox 93 4482 235 4549; x_wconf 88' lang='lat' dir='ltr'><strong>quod</strong></span> <span class='ocrx_word' id='word_1_482' title='bbox 271 4497 441 4537; x_wconf 89' lang='lat' dir='ltr'><strong>nunc</strong></span> <span class='ocrx_word' id='word_1_483' title='bbox 476 4478 629 4551; x_wconf 83' lang='lat' dir='ltr'><strong>agis</strong></span> <span class='ocrx_word' id='word_1_484' title='bbox 656 4478 961 4532; x_wconf 85' lang='lat' dir='ltr'><strong>adversum</strong></span> <span class='ocrx_word' id='word_1_485' title='bbox 994 4472 1291 4547; x_wconf 85' lang='lat' dir='ltr'><strong>me,quam</strong></span> <span class='ocrx_word' id='word_1_486' title='bbox 1331 4477 1484 4546; x_wconf 92' lang='lat' dir='ltr'><strong>quod</strong></span> <span class='ocrx_word' id='word_1_487' title='bbox 1520 4480 1653 4532; x_wconf 90' lang='lat' dir='ltr'><strong>ante</strong></span> <span class='ocrx_word' id='word_1_488' title='bbox 1684 4476 1770 4531; x_wconf 87' lang='lat' dir='ltr'><strong>fe-</strong></span> 
     </span>
    </p>
   </div>
   <div class='ocr_carea' id='block_1_64' title="bbox 93 4564 1769 4644">
    <p class='ocr_par' dir='ltr' id='par_1_64' title="bbox 93 4564 1769 4644">
     <span class='ocr_line' id='line_1_64' title="bbox 93 4564 1769 4644; baseline 0.001 -23"><span class='ocrx_word' id='word_1_489' title='bbox 93 4566 235 4635; x_wconf 85' lang='lat' dir='ltr'><strong>cisti,</strong></span> <span class='ocrx_word' id='word_1_490' title='bbox 268 4568 608 4644; x_wconf 78' lang='lat' dir='ltr'><strong>expellens</strong></span> <span class='ocrx_word' id='word_1_491' title='bbox 639 4568 679 4621; x_wconf 78' lang='grc'><strong>⁴.</strong></span> <span class='ocrx_word' id='word_1_492' title='bbox 714 4568 781 4620; x_wconf 85' lang='lat' dir='ltr'><strong>Et</strong></span> <span class='ocrx_word' id='word_1_493' title='bbox 811 4564 1000 4620; x_wconf 90' lang='lat' dir='ltr'><strong>uoluit</strong></span> <span class='ocrx_word' id='word_1_494' title='bbox 1022 4564 1227 4619; x_wconf 90' lang='lat' dir='ltr'><strong>audire</strong></span> <span class='ocrx_word' id='word_1_495' title='bbox 1255 4580 1405 4619; x_wconf 90' lang='lat' dir='ltr'><strong>eam:</strong></span> <span class='ocrx_word' id='word_1_496' title='bbox 1441 4566 1541 4621; x_wconf 91' lang='lat' dir='ltr'><strong>sed</strong></span> <span class='ocrx_word' id='word_1_497' title='bbox 1566 4570 1769 4622; x_wconf 87' lang='lat' dir='ltr'><strong>vocato</strong></span> 
     </span>
    </p>
   </div>
   <div class='ocr_carea' id='block_1_65' title="bbox 89 4653 1774 4732">
    <p class='ocr_par' dir='ltr' id='par_1_65' title="bbox 89 4653 1774 4732">
     <span class='ocr_line' id='line_1_65' title="bbox 89 4653 1774 4732; baseline -0.002 -19"><span class='ocrx_word' id='word_1_498' title='bbox 89 4674 280 4727; x_wconf 89' lang='lat' dir='ltr'><strong>puero,</strong></span> <span class='ocrx_word' id='word_1_499' title='bbox 318 4660 435 4732; x_wconf 88' lang='lat' dir='ltr'><strong>qui</strong></span> <span class='ocrx_word' id='word_1_500' title='bbox 472 4654 876 4714; x_wconf 86' lang='lat' dir='ltr'><strong>ministrabat</strong></span> <span class='ocrx_word' id='word_1_501' title='bbox 922 4653 995 4724; x_wconf 90' lang='lat' dir='ltr'><strong>ei,</strong></span> <span class='ocrx_word' id='word_1_502' title='bbox 1030 4653 1179 4709; x_wconf 83' lang='lat' dir='ltr'><strong>dixit</strong></span> <span class='ocrx_word' id='word_1_503' title='bbox 1210 4670 1222 4709; x_wconf 93' lang='lat'><strong>:</strong></span> <span class='ocrx_word' id='word_1_504' title='bbox 1258 4654 1413 4725; x_wconf 88' lang='lat' dir='ltr'><strong>Ejice</strong></span> <span class='ocrx_word' id='word_1_505' title='bbox 1441 4653 1594 4712; x_wconf 90' lang='lat' dir='ltr'><strong>hanc</strong></span> <span class='ocrx_word' id='word_1_506' title='bbox 1620 4673 1653 4711; x_wconf 93' lang='lat' dir='ltr'><strong>a</strong></span> <span class='ocrx_word' id='word_1_507' title='bbox 1682 4671 1774 4711; x_wconf 89' lang='lat' dir='ltr'><strong>me</strong></span> 
     </span>
    </p>
   </div>
   <div class='ocr_carea' id='block_1_66' title="bbox 91 4796 1779 4872">
    <p class='ocr_par' dir='ltr' id='par_1_66' title="bbox 91 4796 1779 4872">
     <span class='ocr_line' id='line_1_66' title="bbox 91 4796 1779 4872; baseline -0.001 -15"><span class='ocrx_word' id='word_1_508' title='bbox 91 4802 167 4872; x_wconf 84' lang='lat' dir='ltr'><strong>git</strong></span> <span class='ocrx_word' id='word_1_509' title='bbox 199 4803 264 4860; x_wconf 88' lang='lat' dir='ltr'><strong>iu</strong></span> <span class='ocrx_word' id='word_1_510' title='bbox 319 4820 513 4861; x_wconf 87' lang='lat' dir='ltr'><strong>sacro</strong></span> <span class='ocrx_word' id='word_1_511' title='bbox 556 4803 864 4872; x_wconf 82' lang='lat' dir='ltr'><strong>contextu,</strong></span> <span class='ocrx_word' id='word_1_512' title='bbox 921 4802 973 4853; x_wconf 82' lang='lat' dir='ltr'><strong>et</strong></span> <span class='ocrx_word' id='word_1_513' title='bbox 1030 4796 1267 4867; x_wconf 77' lang='lat' dir='ltr'><strong>diligere</strong></span> <span class='ocrx_word' id='word_1_514' title='bbox 1323 4814 1447 4872; x_wconf 61' lang='lat' dir='ltr'><strong>eam</strong></span> <span class='ocrx_word' id='word_1_515' title='bbox 1478 4798 1683 4867; x_wconf 69' lang='lat' dir='ltr'><strong>valu’e;</strong></span> <span class='ocrx_word' id='word_1_516' title='bbox 1720 4798 1779 4855; x_wconf 92' lang='lat' dir='ltr'><strong>in</strong></span> 
     </span>
    </p>
   </div>
   <div class='ocr_carea' id='block_1_67' title="bbox 98 4869 1783 4947">
    <p class='ocr_par' dir='ltr' id='par_1_67' title="bbox 98 4869 1783 4947">
     <span class='ocr_line' id='line_1_67' title="bbox 98 4869 1783 4947; baseline -0.001 -18"><span class='ocrx_word' id='word_1_517' title='bbox 98 4869 372 4947; x_wconf 69' lang='lat' dir='ltr'><strong>margine</strong></span> <span class='ocrx_word' id='word_1_518' title='bbox 406 4872 716 4947; x_wconf 77' lang='lat' dir='ltr'><strong>vero,_vel</strong></span> <span class='ocrx_word' id='word_1_519' title='bbox 746 4870 1109 4947; x_wconf 61' lang='lat' dir='ltr'><strong>depqrireljn</strong></span> <span class='ocrx_word' id='word_1_520' title='bbox 1160 4886 1303 4925; x_wconf 87' lang='lat' dir='ltr'><strong>eam.</strong></span> <span class='ocrx_word' id='word_1_521' title='bbox 1356 4869 1457 4925; x_wconf 88' lang='lat' dir='ltr'><strong>His</strong></span> <span class='ocrx_word' id='word_1_522' title='bbox 1496 4872 1783 4947; x_wconf 78' lang='lat' dir='ltr'><strong>addendis</strong></span> 
     </span>
    </p>
   </div>
   <div class='ocr_carea' id='block_1_68' title="bbox 95 4940 1784 5014">
    <p class='ocr_par' dir='ltr' id='par_1_68' title="bbox 95 4940 1784 5014">
     <span class='ocr_line' id='line_1_68' title="bbox 95 4940 1784 5014; baseline -0.003 -11"><span class='ocrx_word' id='word_1_523' title='bbox 95 4940 449 5005; x_wconf 58' lang='lat' dir='ltr'><strong>Corbeiensi</strong></span> <span class='ocrx_word' id='word_1_524' title='bbox 491 4945 726 5014; x_wconf 81' lang='lat' dir='ltr'><strong>major,</strong></span> <span class='ocrx_word' id='word_1_525' title='bbox 749 4940 821 4997; x_wconf 50' lang='lat' dir='ltr'><strong>n.&#39;</strong></span> <span class='ocrx_word' id='word_1_526' title='bbox 860 4943 912 5011; x_wconf 81' lang='lat' dir='ltr'><strong>i,</strong></span> <span class='ocrx_word' id='word_1_527' title='bbox 963 4940 1126 5014; x_wconf 88' lang='lat' dir='ltr'><strong>solus</strong></span> <span class='ocrx_word' id='word_1_528' title='bbox 1166 4958 1373 5013; x_wconf 93' lang='lat' dir='ltr'><strong>puram</strong></span> <span class='ocrx_word' id='word_1_529' title='bbox 1424 4942 1654 4997; x_wconf 82' lang='lat' dir='ltr'><strong>exhibet</strong></span> <span class='ocrx_word' id='word_1_530' title='bbox 1702 4944 1784 4999; x_wconf 91' lang='lat' dir='ltr'><strong>le-</strong></span> 
     </span>
    </p>
   </div>
   <div class='ocr_carea' id='block_1_69' title="bbox 96 5013 1787 5088">
    <p class='ocr_par' dir='ltr' id='par_1_69' title="bbox 96 5013 1787 5088">
     <span class='ocr_line' id='line_1_69' title="bbox 96 5013 1787 5088; baseline -0.001 -15"><span class='ocrx_word' id='word_1_531' title='bbox 96 5022 355 5076; x_wconf 87' lang='lat' dir='ltr'><strong>ctionem</strong></span> <span class='ocrx_word' id='word_1_532' title='bbox 398 5018 717 5088; x_wconf 67' lang='lat' dir='ltr'><strong>Vulgata;</strong></span> <span class='ocrx_word' id='word_1_533' title='bbox 750 5030 885 5070; x_wconf 88' lang='lat' dir='ltr'><strong>nam</strong></span> <span class='ocrx_word' id='word_1_534' title='bbox 934 5013 1055 5088; x_wconf 77' lang='lat' dir='ltr'><strong>qui</strong></span> <span class='ocrx_word' id='word_1_535' title='bbox 1086 5018 1355 5085; x_wconf 90' lang='lat' dir='ltr'><strong>superest</strong></span> <span class='ocrx_word' id='word_1_536' title='bbox 1399 5030 1462 5069; x_wconf 86' lang='lat' dir='ltr'><strong>ex</strong></span> <span class='ocrx_word' id='word_1_537' title='bbox 1516 5014 1787 5088; x_wconf 87' lang='lat' dir='ltr'><strong>undecim</strong></span> 
     </span>
    </p>
   </div>
   <div class='ocr_carea' id='block_1_70' title="bbox 100 5084 1786 5157">
    <p class='ocr_par' dir='ltr' id='par_1_70' title="bbox 100 5084 1786 5157">
     <span class='ocr_line' id='line_1_70' title="bbox 100 5084 1786 5157; baseline -0.001 -14"><span class='ocrx_word' id='word_1_538' title='bbox 100 5106 238 5149; x_wconf 86' lang='lat' dir='ltr'><strong>mss.</strong></span> <span class='ocrx_word' id='word_1_539' title='bbox 304 5084 883 5157; x_wconf 76' lang='lat' dir='ltr'><strong>codicibus,quos</strong></span> <span class='ocrx_word' id='word_1_540' title='bbox 934 5084 992 5140; x_wconf 89' lang='lat' dir='ltr'><strong>in</strong></span> <span class='ocrx_word' id='word_1_541' title='bbox 1042 5084 1362 5157; x_wconf 8' lang='lat' dir='ltr'><strong>hocjopere</strong></span> <span class='ocrx_word' id='word_1_542' title='bbox 1402 5086 1786 5155; x_wconf 89' lang='lat' dir='ltr'><strong>contulimus,</strong></span> 
     </span>
    </p>
   </div>
   <div class='ocr_carea' id='block_1_71' title="bbox 98 5155 1793 5229">
    <p class='ocr_par' dir='ltr' id='par_1_71' title="bbox 98 5155 1793 5229">
     <span class='ocr_line' id='line_1_71' title="bbox 98 5155 1793 5229; baseline -0.002 -13"><span class='ocrx_word' id='word_1_543' title='bbox 98 5161 241 5220; x_wconf 83' lang='lat' dir='ltr'><strong>hanc</strong></span> <span class='ocrx_word' id='word_1_544' title='bbox 274 5164 622 5219; x_wconf 80' lang='lat' dir='ltr'><strong>diversam</strong></span> <span class='ocrx_word' id='word_1_545' title='bbox 656 5155 724 5212; x_wconf 83' lang='lat' dir='ltr'><strong>ab</strong></span> <span class='ocrx_word' id='word_1_546' title='bbox 754 5155 889 5213; x_wconf 83' lang='lat' dir='ltr'><strong>aliis</strong></span> <span class='ocrx_word' id='word_1_547' title='bbox 921 5157 1129 5229; x_wconf 88' lang='lat' dir='ltr'><strong>retinet</strong></span> <span class='ocrx_word' id='word_1_548' title='bbox 1158 5155 1485 5229; x_wconf 86' lang='lat' dir='ltr'><strong>lectionem,</strong></span> <span class='ocrx_word' id='word_1_549' title='bbox 1536 5162 1584 5211; x_wconf 83' lang='lat' dir='ltr'><strong>et</strong></span> <span class='ocrx_word' id='word_1_550' title='bbox 1636 5158 1793 5229; x_wconf 80' lang='lat' dir='ltr'><strong>depe-</strong></span> 
     </span>
    </p>
   </div>
   <div class='ocr_carea' id='block_1_72' title="bbox 100 5228 1789 5306">
    <p class='ocr_par' dir='ltr' id='par_1_72' title="bbox 100 5228 1789 5306">
     <span class='ocr_line' id='line_1_72' title="bbox 100 5228 1789 5306; baseline -0.002 -17"><span class='ocrx_word' id='word_1_551' title='bbox 100 5236 227 5291; x_wconf 80' lang='lat' dir='ltr'><strong>riret</strong></span> <span class='ocrx_word' id='word_1_552' title='bbox 248 5253 356 5306; x_wconf 87' lang='lat' dir='ltr'><strong>pro</strong></span> <span class='ocrx_word' id='word_1_553' title='bbox 412 5251 491 5290; x_wconf 84' lang='lat' dir='ltr'><strong>ea</strong></span> <span class='ocrx_word' id='word_1_554' title='bbox 552 5230 741 5306; x_wconf 77' lang='lat' dir='ltr'><strong>valde.</strong></span> <span class='ocrx_word' id='word_1_555' title='bbox 794 5228 1041 5306; x_wconf 77' lang='lat' dir='ltr'><strong>Phrasis</strong></span> <span class='ocrx_word' id='word_1_556' title='bbox 1094 5228 1293 5306; x_wconf 77' lang='lat' dir='ltr'><strong>isthzec</strong></span> <span class='ocrx_word' id='word_1_557' title='bbox 1330 5228 1595 5306; x_wconf 64' lang='lat' dir='ltr'><strong>deperire</strong></span> <span class='ocrx_word' id='word_1_558' title='bbox 1649 5228 1789 5306; x_wconf 77' lang='lat' dir='ltr'><strong>eam,</strong></span> 
     </span>
    </p>
   </div>
   <div class='ocr_carea' id='block_1_73' title="bbox 100 5298 1793 5381">
    <p class='ocr_par' dir='ltr' id='par_1_73' title="bbox 100 5298 1793 5381">
     <span class='ocr_line' id='line_1_73' title="bbox 100 5298 1793 5381; baseline -0.003 -20"><span class='ocrx_word' id='word_1_559' title='bbox 100 5306 203 5373; x_wconf 78' lang='lat' dir='ltr'><strong>vel,</strong></span> <span class='ocrx_word' id='word_1_560' title='bbox 248 5298 565 5381; x_wconf 55' lang='lat' dir='ltr'><strong>&#39;deperire</strong></span> <span class='ocrx_word' id='word_1_561' title='bbox 604 5302 666 5355; x_wconf 83' lang='lat' dir='ltr'><strong>in</strong></span> <span class='ocrx_word' id='word_1_562' title='bbox 705 5316 846 5381; x_wconf 69' lang='lat' dir='ltr'><strong>eam,</strong></span> <span class='ocrx_word' id='word_1_563' title='bbox 879 5299 1148 5381; x_wconf 30' lang='lat' dir='ltr'><strong>‘mipime‘</strong></span> <span class='ocrx_word' id='word_1_564' title='bbox 1196 5298 1591 5381; x_wconf 52' lang='lat' dir='ltr'><strong>insolensuest</strong></span> <span class='ocrx_word' id='word_1_565' title='bbox 1639 5304 1793 5373; x_wconf 91' lang='lat' dir='ltr'><strong>apud</strong></span> 
     </span>
    </p>
   </div>
   <div class='ocr_carea' id='block_1_74' title="bbox 100 5371 1631 5449">
    <p class='ocr_par' dir='ltr' id='par_1_74' title="bbox 100 5371 1631 5449">
     <span class='ocr_line' id='line_1_74' title="bbox 100 5371 1631 5449; baseline -0.006 -15"><span class='ocrx_word' id='word_1_566' title='bbox 100 5371 592 5449; x_wconf 68' lang='lat' dir='ltr'><strong>Hieronjmum,</strong></span> <span class='ocrx_word' id='word_1_567' title='bbox 635 5378 696 5426; x_wconf 91' lang='lat' dir='ltr'><strong>ut</strong></span> <span class='ocrx_word' id='word_1_568' title='bbox 724 5373 849 5428; x_wconf 92' lang='lat' dir='ltr'><strong>suis</strong></span> <span class='ocrx_word' id='word_1_569' title='bbox 878 5371 1023 5428; x_wconf 91' lang='lat' dir='ltr'><strong>locis</strong></span> <span class='ocrx_word' id='word_1_570' title='bbox 1056 5372 1416 5426; x_wconf 88' lang='lat' dir='ltr'><strong>notabimus.</strong></span> <span class='ocrx_word' id='word_1_571' title='bbox 1452 5371 1631 5427; x_wconf 77' lang='lat' dir='ltr'><strong>MART.</strong></span> 
     </span>
    </p>
   </div>
   <div class='ocr_carea' id='block_1_75' title="bbox 172 5461 1798 5534">
    <p class='ocr_par' dir='ltr' id='par_1_75' title="bbox 172 5461 1798 5534">
     <span class='ocr_line' id='line_1_75' title="bbox 172 5461 1798 5534; baseline -0.005 -9"><span class='ocrx_word' id='word_1_572' title='bbox 172 5473 188 5504; x_wconf 73' lang='grc' dir='ltr'>ί</span> <span class='ocrx_word' id='word_1_573' title='bbox 223 5471 381 5524; x_wconf 88' lang='lat' dir='ltr'><strong>Cum</strong></span> <span class='ocrx_word' id='word_1_574' title='bbox 422 5461 726 5534; x_wconf 74' lang='lat' dir='ltr'><strong>Vulgatis</strong></span> <span class='ocrx_word' id='word_1_575' title='bbox 755 5462 1074 5534; x_wconf 89' lang='lat' dir='ltr'><strong>Veroneus.</strong></span> <span class='ocrx_word' id='word_1_576' title='bbox 1110 5476 1344 5534; x_wconf 88' lang='lat' dir='ltr'><strong>quoque</strong></span> <span class='ocrx_word' id='word_1_577' title='bbox 1374 5477 1506 5534; x_wconf 88' lang='lat' dir='ltr'><strong>ms.,</strong></span> <span class='ocrx_word' id='word_1_578' title='bbox 1539 5466 1593 5516; x_wconf 80' lang='lat' dir='ltr'><strong>et</strong></span> <span class='ocrx_word' id='word_1_579' title='bbox 1634 5461 1798 5533; x_wconf 74' lang='lat' dir='ltr'><strong>depe-</strong></span> 
     </span>
    </p>
   </div>
   <div class='ocr_carea' id='block_1_76' title="bbox 100 5532 1801 5605">
    <p class='ocr_par' dir='ltr' id='par_1_76' title="bbox 100 5532 1801 5605">
     <span class='ocr_line' id='line_1_76' title="bbox 100 5532 1801 5605; baseline 0.001 -15"><span class='ocrx_word' id='word_1_580' title='bbox 100 5542 237 5599; x_wconf 69' lang='grc' dir='ltr'><em>νίνει</em></span> <span class='ocrx_word' id='word_1_581' title='bbox 270 5558 409 5600; x_wconf 75' lang='lat' dir='ltr'><strong>eam</strong></span> <span class='ocrx_word' id='word_1_582' title='bbox 444 5532 659 5594; x_wconf 77' lang='lat' dir='ltr'><strong>valde.</strong></span> <span class='ocrx_word' id='word_1_583' title='bbox 690 5533 971 5591; x_wconf 82' lang='lat' dir='ltr'><strong>Hebraica</strong></span> <span class='ocrx_word' id='word_1_584' title='bbox 1001 5532 1234 5605; x_wconf 81' lang='lat' dir='ltr'><strong>phrasis</strong></span> <span class='ocrx_word' id='word_1_585' title='bbox 1265 5533 1499 5605; x_wconf 86' lang='lat' dir='ltr'><strong>longius</strong></span> <span class='ocrx_word' id='word_1_586' title='bbox 1530 5550 1563 5588; x_wconf 91' lang='lat' dir='ltr'><strong>a</strong></span> <span class='ocrx_word' id='word_1_587' title='bbox 1596 5532 1801 5591; x_wconf 86' lang='lat' dir='ltr'><strong>Latina</strong></span> 
     </span>
    </p>
   </div>
   <div class='ocr_carea' id='block_1_77' title="bbox 101 5614 366 5669">
    <p class='ocr_par' dir='ltr' id='par_1_77' title="bbox 101 5614 366 5669">
     <span class='ocr_line' id='line_1_77' title="bbox 101 5614 366 5669; baseline 0.008 -2"><span class='ocrx_word' id='word_1_588' title='bbox 101 5614 366 5669; x_wconf 88' lang='lat' dir='ltr'><strong>abludit.</strong></span> 
     </span>
    </p>
   </div>
   <div class='ocr_carea' id='block_1_78' title="bbox 171 5675 1803 5769">
    <p class='ocr_par' dir='ltr' id='par_1_78' title="bbox 171 5675 1803 5769">
     <span class='ocr_line' id='line_1_78' title="bbox 171 5675 1803 5769; baseline 0.001 -27"><span class='ocrx_word' id='word_1_589' title='bbox 171 5686 190 5721; x_wconf 82' lang='grc'>³</span> <span class='ocrx_word' id='word_1_590' title='bbox 221 5689 415 5746; x_wconf 84' lang='lat' dir='ltr'><strong>Tacet</strong></span> <span class='ocrx_word' id='word_1_591' title='bbox 454 5682 690 5740; x_wconf 85' lang='lat' dir='ltr'><strong>Veron.</strong></span> <span class='ocrx_word' id='word_1_592' title='bbox 724 5676 797 5733; x_wconf 79' lang='lat' dir='ltr'><strong>ei.</strong></span> <span class='ocrx_word' id='word_1_593' title='bbox 831 5675 1107 5735; x_wconf 65' lang='lat' dir='ltr'><strong>Hebraeus</strong></span> <span class='ocrx_word' id='word_1_594' title='bbox 1132 5692 1341 5734; x_wconf 90' lang='lat' dir='ltr'><strong>nomen</strong></span> <span class='ocrx_word' id='word_1_595' title='bbox 1390 5677 1599 5750; x_wconf 83' lang='lat' dir='ltr'><strong>repetit</strong></span> <span class='ocrx_word' id='word_1_596' title='bbox 1630 5687 1803 5769; x_wconf 58' lang='lat' dir='ltr'><strong>Vna</strong></span> 
     </span>
    </p>
   </div>
   <div class='ocr_carea' id='block_1_79' title="bbox 1854 1885 3491 1948">
    <p class='ocr_par' dir='ltr' id='par_1_79' title="bbox 1854 1885 3491 1948">
     <span class='ocr_line' id='line_1_79' title="bbox 1854 1885 3491 1948; baseline 0.005 -8"><span class='ocrx_word' id='word_1_597' title='bbox 1854 1902 1958 1941; x_wconf 91' lang='lat' dir='ltr'><strong>nec</strong></span> <span class='ocrx_word' id='word_1_598' title='bbox 2006 1885 2227 1941; x_wconf 87' lang='lat' dir='ltr'><strong>malum</strong></span> <span class='ocrx_word' id='word_1_599' title='bbox 2280 1903 2386 1943; x_wconf 90' lang='lat' dir='ltr'><strong>nec</strong></span> <span class='ocrx_word' id='word_1_600' title='bbox 2440 1888 2661 1943; x_wconf 89' lang='lat' dir='ltr'><strong>bonum</strong></span> <span class='ocrx_word' id='word_1_601' title='bbox 2692 1906 2710 1943; x_wconf 88' lang='lat'><strong>:</strong></span> <span class='ocrx_word' id='word_1_602' title='bbox 2744 1889 2947 1945; x_wconf 84' lang='lat' dir='ltr'><strong>oderat</strong></span> <span class='ocrx_word' id='word_1_603' title='bbox 3001 1891 3157 1947; x_wconf 89' lang='lat' dir='ltr'><strong>enim</strong></span> <span class='ocrx_word' id='word_1_604' title='bbox 3216 1892 3491 1948; x_wconf 89' lang='lat' dir='ltr'><strong>Ahsalom</strong></span> 
     </span>
    </p>
   </div>
   <div class='ocr_carea' id='block_1_80' title="bbox 1846 1978 3495 2049">
    <p class='ocr_par' dir='ltr' id='par_1_80' title="bbox 1846 1978 3495 2049">
     <span class='ocr_line' id='line_1_80' title="bbox 1846 1978 3495 2049; baseline 0.005 -16"><span class='ocrx_word' id='word_1_605' title='bbox 1846 1980 2103 2045; x_wconf 85' lang='lat' dir='ltr'><strong>Amnon,</strong></span> <span class='ocrx_word' id='word_1_606' title='bbox 2135 1994 2201 2034; x_wconf 91' lang='lat' dir='ltr'><strong>eo</strong></span> <span class='ocrx_word' id='word_1_607' title='bbox 2234 1980 2387 2049; x_wconf 93' lang='lat' dir='ltr'><strong>quod</strong></span> <span class='ocrx_word' id='word_1_608' title='bbox 2420 1978 2695 2037; x_wconf 90' lang='lat' dir='ltr'><strong>violasset</strong></span> <span class='ocrx_word' id='word_1_609' title='bbox 2725 1982 2984 2037; x_wconf 90' lang='lat' dir='ltr'><strong>Thamar</strong></span> <span class='ocrx_word' id='word_1_610' title='bbox 3021 2000 3280 2040; x_wconf 89' lang='lat' dir='ltr'><strong>sororem</strong></span> <span class='ocrx_word' id='word_1_611' title='bbox 3323 2002 3495 2042; x_wconf 89' lang='lat' dir='ltr'><strong>suam</strong></span> 
     </span>
    </p>
   </div>
   <div class='ocr_carea' id='block_1_81' title="bbox 1850 2067 3494 2144">
    <p class='ocr_par' dir='ltr' id='par_1_81' title="bbox 1850 2067 3494 2144">
     <span class='ocr_line' id='line_1_81' title="bbox 1850 2067 3494 2144; baseline 0.004 -22"><span class='ocrx_word' id='word_1_612' title='bbox 1850 2067 1972 2138; x_wconf 69' lang='grc' dir='ltr'><strong>[τηε.</strong></span> <span class='ocrx_word' id='word_1_613' title='bbox 2006 2067 2433 2137; x_wconf 89' lang='lat' dir='ltr'><strong>ejus].Factum</strong></span> <span class='ocrx_word' id='word_1_614' title='bbox 2466 2072 2557 2124; x_wconf 89' lang='lat' dir='ltr'><strong>est</strong></span> <span class='ocrx_word' id='word_1_615' title='bbox 2587 2076 2783 2126; x_wconf 90' lang='lat' dir='ltr'><strong>autem</strong></span> <span class='ocrx_word' id='word_1_616' title='bbox 2814 2074 2947 2143; x_wconf 90' lang='lat' dir='ltr'><strong>post</strong></span> <span class='ocrx_word' id='word_1_617' title='bbox 2968 2076 3205 2144; x_wconf 89' lang='lat' dir='ltr'><strong>tempus</strong></span> <span class='ocrx_word' id='word_1_618' title='bbox 3250 2073 3494 2141; x_wconf 90' lang='lat' dir='ltr'><strong>biennii,</strong></span> 
     </span>
    </p>
   </div>
   <div class='ocr_carea' id='block_1_82' title="bbox 1850 2156 3498 2234">
    <p class='ocr_par' dir='ltr' id='par_1_82' title="bbox 1850 2156 3498 2234">
     <span class='ocr_line' id='line_1_82' title="bbox 1850 2156 3498 2234; baseline 0.004 -22"><span class='ocrx_word' id='word_1_619' title='bbox 1850 2161 1915 2212; x_wconf 92' lang='lat' dir='ltr'><strong>ut</strong></span> <span class='ocrx_word' id='word_1_620' title='bbox 1945 2156 2326 2211; x_wconf 89' lang='lat' dir='ltr'><strong>tonderentur</strong></span> <span class='ocrx_word' id='word_1_621' title='bbox 2356 2173 2489 2214; x_wconf 88' lang='lat' dir='ltr'><strong>oves</strong></span> <span class='ocrx_word' id='word_1_622' title='bbox 2509 2158 2786 2215; x_wconf 87' lang='lat' dir='ltr'><strong>Ahsalom</strong></span> <span class='ocrx_word' id='word_1_623' title='bbox 2808 2159 2865 2215; x_wconf 91' lang='lat' dir='ltr'><strong>in</strong></span> <span class='ocrx_word' id='word_1_624' title='bbox 2889 2159 3233 2229; x_wconf 83' lang='lat' dir='ltr'><strong>Baal-Asor,</strong></span> <span class='ocrx_word' id='word_1_625' title='bbox 3258 2178 3386 2234; x_wconf 65' lang='lat' dir='ltr'><strong>qua:</strong></span> <span class='ocrx_word' id='word_1_626' title='bbox 3406 2167 3498 2218; x_wconf 89' lang='lat' dir='ltr'><strong>est</strong></span> 
     </span>
    </p>
   </div>
   <div class='ocr_carea' id='block_1_83' title="bbox 1842 2245 3498 2317">
    <p class='ocr_par' dir='ltr' id='par_1_83' title="bbox 1842 2245 3498 2317">
     <span class='ocr_line' id='line_1_83' title="bbox 1842 2245 3498 2317; baseline 0.005 -17"><span class='ocrx_word' id='word_1_627' title='bbox 1842 2246 2014 2317; x_wconf 84' lang='lat' dir='ltr'><strong>juxta</strong></span> <span class='ocrx_word' id='word_1_628' title='bbox 2044 2245 2355 2316; x_wconf 90' lang='lat' dir='ltr'><strong>Ephraim:</strong></span> <span class='ocrx_word' id='word_1_629' title='bbox 2388 2251 2444 2302; x_wconf 90' lang='lat' dir='ltr'><strong>et</strong></span> <span class='ocrx_word' id='word_1_630' title='bbox 2491 2248 2717 2304; x_wconf 83' lang='lat' dir='ltr'><strong>vocavit</strong></span> <span class='ocrx_word' id='word_1_631' title='bbox 2763 2249 3040 2306; x_wconf 85' lang='lat' dir='ltr'><strong>Ahsalom</strong></span> <span class='ocrx_word' id='word_1_632' title='bbox 3089 2268 3296 2308; x_wconf 91' lang='lat' dir='ltr'><strong>omnes</strong></span> <span class='ocrx_word' id='word_1_633' title='bbox 3343 2251 3498 2309; x_wconf 87' lang='lat' dir='ltr'><strong>filios</strong></span> 
     </span>
    </p>
   </div>
   <div class='ocr_carea' id='block_1_84' title="bbox 1857 2333 3496 2407">
    <p class='ocr_par' dir='ltr' id='par_1_84' title="bbox 1857 2333 3496 2407">
     <span class='ocr_line' id='line_1_84' title="bbox 1857 2333 3496 2407; baseline 0.005 -18"><span class='ocrx_word' id='word_1_634' title='bbox 1857 2334 2035 2406; x_wconf 87' lang='lat' dir='ltr'><strong>regis,</strong></span> <span class='ocrx_word' id='word_1_635' title='bbox 2067 2333 2341 2407; x_wconf 90' lang='lat' dir='ltr'><strong>venitque</strong></span> <span class='ocrx_word' id='word_1_636' title='bbox 2371 2335 2441 2391; x_wconf 90' lang='lat' dir='ltr'><strong>ad</strong></span> <span class='ocrx_word' id='word_1_637' title='bbox 2472 2351 2691 2407; x_wconf 89' lang='lat' dir='ltr'><strong>regem,</strong></span> <span class='ocrx_word' id='word_1_638' title='bbox 2724 2341 2781 2392; x_wconf 90' lang='lat' dir='ltr'><strong>et</strong></span> <span class='ocrx_word' id='word_1_639' title='bbox 2810 2338 2892 2393; x_wconf 88' lang='lat' dir='ltr'><strong>ait</strong></span> <span class='ocrx_word' id='word_1_640' title='bbox 2913 2340 2983 2394; x_wconf 89' lang='lat' dir='ltr'><strong>ad</strong></span> <span class='ocrx_word' id='word_1_641' title='bbox 3017 2356 3174 2395; x_wconf 91' lang='lat' dir='ltr'><strong>eum:</strong></span> <span class='ocrx_word' id='word_1_642' title='bbox 3207 2345 3496 2399; x_wconf 83' lang='lat' dir='ltr'><strong>Ecceton-</strong></span> 
     </span>
    </p>
   </div>
   <div class='ocr_carea' id='block_1_85' title="bbox 1852 2424 3497 2494">
    <p class='ocr_par' dir='ltr' id='par_1_85' title="bbox 1852 2424 3497 2494">
     <span class='ocr_line' id='line_1_85' title="bbox 1852 2424 3497 2494; baseline 0.005 -15"><span class='ocrx_word' id='word_1_643' title='bbox 1852 2425 2067 2479; x_wconf 90' lang='lat' dir='ltr'><strong>dentur</strong></span> <span class='ocrx_word' id='word_1_644' title='bbox 2088 2439 2225 2482; x_wconf 85' lang='lat' dir='ltr'><strong>oves</strong></span> <span class='ocrx_word' id='word_1_645' title='bbox 2255 2424 2406 2480; x_wconf 89' lang='lat' dir='ltr'><strong>servi</strong></span> <span class='ocrx_word' id='word_1_646' title='bbox 2437 2426 2543 2481; x_wconf 92' lang='lat' dir='ltr'><strong>tui:</strong></span> <span class='ocrx_word' id='word_1_647' title='bbox 2578 2428 2794 2494; x_wconf 88' lang='lat' dir='ltr'><strong>veniat,</strong></span> <span class='ocrx_word' id='word_1_648' title='bbox 2826 2444 2947 2485; x_wconf 87' lang='lat' dir='ltr'><strong>oro.</strong></span> <span class='ocrx_word' id='word_1_649' title='bbox 2979 2446 3079 2485; x_wconf 87' lang='lat' dir='ltr'><strong>rex</strong></span> <span class='ocrx_word' id='word_1_650' title='bbox 3126 2446 3261 2486; x_wconf 90' lang='lat' dir='ltr'><strong>cum</strong></span> <span class='ocrx_word' id='word_1_651' title='bbox 3312 2430 3497 2487; x_wconf 79' lang='lat' dir='ltr'><strong>servis</strong></span> 
     </span>
    </p>
   </div>
   <div class='ocr_carea' id='block_1_86' title="bbox 1853 2514 3495 2589">
    <p class='ocr_par' dir='ltr' id='par_1_86' title="bbox 1853 2514 3495 2589">
     <span class='ocr_line' id='line_1_86' title="bbox 1853 2514 3495 2589; baseline 0.004 -20"><span class='ocrx_word' id='word_1_652' title='bbox 1853 2514 1979 2569; x_wconf 90' lang='lat' dir='ltr'><strong>suis</strong></span> <span class='ocrx_word' id='word_1_653' title='bbox 2009 2514 2078 2569; x_wconf 93' lang='lat' dir='ltr'><strong>ad</strong></span> <span class='ocrx_word' id='word_1_654' title='bbox 2113 2530 2344 2569; x_wconf 91' lang='lat' dir='ltr'><strong>servum</strong></span> <span class='ocrx_word' id='word_1_655' title='bbox 2380 2531 2580 2569; x_wconf 91' lang='lat' dir='ltr'><strong>suum.</strong></span> <span class='ocrx_word' id='word_1_656' title='bbox 2615 2516 2887 2588; x_wconf 88' lang='lat' dir='ltr'><strong>Dixitque</strong></span> <span class='ocrx_word' id='word_1_657' title='bbox 2920 2534 3019 2573; x_wconf 89' lang='lat' dir='ltr'><strong>rex</strong></span> <span class='ocrx_word' id='word_1_658' title='bbox 3048 2519 3119 2574; x_wconf 92' lang='lat' dir='ltr'><strong>ad</strong></span> <span class='ocrx_word' id='word_1_659' title='bbox 3169 2520 3446 2577; x_wconf 84' lang='lat' dir='ltr'><strong>Ahsalom</strong></span> <span class='ocrx_word' id='word_1_660' title='bbox 3480 2538 3495 2589; x_wconf 90' lang='lat'><strong>;</strong></span> 
     </span>
    </p>
   </div>
   <div class='ocr_carea' id='block_1_87' title="bbox 1852 2602 3499 2676">
    <p class='ocr_par' dir='ltr' id='par_1_87' title="bbox 1852 2602 3499 2676">
     <span class='ocr_line' id='line_1_87' title="bbox 1852 2602 3499 2676; baseline 0.005 -17"><span class='ocrx_word' id='word_1_661' title='bbox 1852 2602 2000 2670; x_wconf 89' lang='lat' dir='ltr'><strong>Noli,</strong></span> <span class='ocrx_word' id='word_1_662' title='bbox 2035 2602 2117 2656; x_wconf 87' lang='lat' dir='ltr'><strong>fili</strong></span> <span class='ocrx_word' id='word_1_663' title='bbox 2152 2604 2254 2673; x_wconf 90' lang='lat' dir='ltr'><strong>mi,</strong></span> <span class='ocrx_word' id='word_1_664' title='bbox 2288 2602 2408 2657; x_wconf 94' lang='lat' dir='ltr'><strong>noli</strong></span> <span class='ocrx_word' id='word_1_665' title='bbox 2448 2620 2651 2676; x_wconf 90' lang='lat' dir='ltr'><strong>rogare</strong></span> <span class='ocrx_word' id='word_1_666' title='bbox 2700 2608 2764 2659; x_wconf 92' lang='lat' dir='ltr'><strong>ut</strong></span> <span class='ocrx_word' id='word_1_667' title='bbox 2810 2606 3119 2663; x_wconf 90' lang='lat' dir='ltr'><strong>veniamus</strong></span> <span class='ocrx_word' id='word_1_668' title='bbox 3167 2624 3395 2676; x_wconf 87' lang='lat' dir='ltr'><strong>omnes,</strong></span> <span class='ocrx_word' id='word_1_669' title='bbox 3440 2614 3499 2667; x_wconf 87' lang='lat' dir='ltr'><strong>et</strong></span> 
     </span>
    </p>
   </div>
   <div class='ocr_carea' id='block_1_88' title="bbox 1854 2694 3498 2767">
    <p class='ocr_par' dir='ltr' id='par_1_88' title="bbox 1854 2694 3498 2767">
     <span class='ocr_line' id='line_1_88' title="bbox 1854 2694 3498 2767; baseline 0.006 -20"><span class='ocrx_word' id='word_1_670' title='bbox 1854 2710 2164 2765; x_wconf 80' lang='lat' dir='ltr'><strong>grnvemus</strong></span> <span class='ocrx_word' id='word_1_671' title='bbox 2196 2698 2271 2748; x_wconf 92' lang='lat' dir='ltr'><strong>te.</strong></span> <span class='ocrx_word' id='word_1_672' title='bbox 2306 2694 2446 2750; x_wconf 92' lang='lat' dir='ltr'><strong>Cum</strong></span> <span class='ocrx_word' id='word_1_673' title='bbox 2481 2699 2673 2751; x_wconf 89' lang='lat' dir='ltr'><strong>autem</strong></span> <span class='ocrx_word' id='word_1_674' title='bbox 2698 2701 2931 2767; x_wconf 87' lang='lat' dir='ltr'><strong>cogeret</strong></span> <span class='ocrx_word' id='word_1_675' title='bbox 2952 2712 3109 2765; x_wconf 91' lang='lat' dir='ltr'><strong>eum,</strong></span> <span class='ocrx_word' id='word_1_676' title='bbox 3129 2703 3187 2754; x_wconf 90' lang='lat' dir='ltr'><strong>et</strong></span> <span class='ocrx_word' id='word_1_677' title='bbox 3209 2699 3498 2757; x_wconf 88' lang='lat' dir='ltr'><strong>noluisset</strong></span> 
     </span>
    </p>
   </div>
   <div class='ocr_carea' id='block_1_89' title="bbox 1854 2781 3498 2853">
    <p class='ocr_par' dir='ltr' id='par_1_89' title="bbox 1854 2781 3498 2853">
     <span class='ocr_line' id='line_1_89' title="bbox 1854 2781 3498 2853; baseline 0.005 -17"><span class='ocrx_word' id='word_1_678' title='bbox 1854 2781 1961 2853; x_wconf 91' lang='lat' dir='ltr'><strong>ire,</strong></span> <span class='ocrx_word' id='word_1_679' title='bbox 1993 2781 2288 2838; x_wconf 83' lang='lat' dir='ltr'><strong>benedixit</strong></span> <span class='ocrx_word' id='word_1_680' title='bbox 2317 2783 2390 2838; x_wconf 93' lang='lat' dir='ltr'><strong>ei.</strong></span> <span class='ocrx_word' id='word_1_681' title='bbox 2424 2784 2493 2838; x_wconf 90' lang='lat' dir='ltr'><strong>Et</strong></span> <span class='ocrx_word' id='word_1_682' title='bbox 2522 2783 2604 2839; x_wconf 91' lang='lat' dir='ltr'><strong>ait</strong></span> <span class='ocrx_word' id='word_1_683' title='bbox 2633 2784 2905 2841; x_wconf 85' lang='lat' dir='ltr'><strong>Ahsalom</strong></span> <span class='ocrx_word' id='word_1_684' title='bbox 2941 2802 2953 2841; x_wconf 93' lang='lat'><strong>:</strong></span> <span class='ocrx_word' id='word_1_685' title='bbox 2987 2785 3048 2841; x_wconf 90' lang='lat' dir='ltr'><strong>Si</strong></span> <span class='ocrx_word' id='word_1_686' title='bbox 3107 2804 3224 2844; x_wconf 88' lang='lat' dir='ltr'><strong>non</strong></span> <span class='ocrx_word' id='word_1_687' title='bbox 3265 2788 3352 2844; x_wconf 90' lang='lat' dir='ltr'><strong>vis</strong></span> <span class='ocrx_word' id='word_1_688' title='bbox 3399 2803 3498 2845; x_wconf 84' lang='lat' dir='ltr'><strong>ve-</strong></span> 
     </span>
    </p>
   </div>
   <div class='ocr_carea' id='block_1_90' title="bbox 1858 2872 3497 2942">
    <p class='ocr_par' dir='ltr' id='par_1_90' title="bbox 1858 2872 3497 2942">
     <span class='ocr_line' id='line_1_90' title="bbox 1858 2872 3497 2942; baseline 0.005 -16"><span class='ocrx_word' id='word_1_689' title='bbox 1858 2872 2005 2941; x_wconf 90' lang='lat' dir='ltr'><strong>nire,</strong></span> <span class='ocrx_word' id='word_1_690' title='bbox 2064 2872 2281 2942; x_wconf 87' lang='lat' dir='ltr'><strong>veniat,</strong></span> <span class='ocrx_word' id='word_1_691' title='bbox 2342 2872 2607 2941; x_wconf 87' lang='lat' dir='ltr'><strong>obsecro,</strong></span> <span class='ocrx_word' id='word_1_692' title='bbox 2655 2873 2963 2930; x_wconf 90' lang='lat' dir='ltr'><strong>uobiscum</strong></span> <span class='ocrx_word' id='word_1_693' title='bbox 3012 2874 3219 2933; x_wconf 86' lang='lat' dir='ltr'><strong>saltem</strong></span> <span class='ocrx_word' id='word_1_694' title='bbox 3265 2881 3497 2934; x_wconf 79' lang='lat' dir='ltr'><strong>Amnon</strong></span> 
     </span>
    </p>
   </div>
   <div class='ocr_carea' id='block_1_91' title="bbox 1858 2960 3501 3033">
    <p class='ocr_par' dir='ltr' id='par_1_91' title="bbox 1858 2960 3501 3033">
     <span class='ocr_line' id='line_1_91' title="bbox 1858 2960 3501 3033; baseline 0.005 -18"><span class='ocrx_word' id='word_1_695' title='bbox 1858 2962 2039 3017; x_wconf 88' lang='lat' dir='ltr'><strong>frater</strong></span> <span class='ocrx_word' id='word_1_696' title='bbox 2068 2977 2253 3017; x_wconf 91' lang='lat' dir='ltr'><strong>meus:</strong></span> <span class='ocrx_word' id='word_1_697' title='bbox 2282 2960 2547 3033; x_wconf 85' lang='lat' dir='ltr'><strong>dixitque</strong></span> <span class='ocrx_word' id='word_1_698' title='bbox 2577 2962 2649 3017; x_wconf 90' lang='lat' dir='ltr'><strong>ad</strong></span> <span class='ocrx_word' id='word_1_699' title='bbox 2680 2979 2813 3018; x_wconf 91' lang='lat' dir='ltr'><strong>eum</strong></span> <span class='ocrx_word' id='word_1_700' title='bbox 2848 2980 2966 3019; x_wconf 85' lang='lat' dir='ltr'><strong>rex:</strong></span> <span class='ocrx_word' id='word_1_701' title='bbox 3000 2963 3123 3020; x_wconf 92' lang='lat' dir='ltr'><strong>Non</strong></span> <span class='ocrx_word' id='word_1_702' title='bbox 3156 2970 3245 3021; x_wconf 89' lang='lat' dir='ltr'><strong>est</strong></span> <span class='ocrx_word' id='word_1_703' title='bbox 3261 2983 3501 3024; x_wconf 85' lang='lat' dir='ltr'><strong>necesse</strong></span> 
     </span>
    </p>
   </div>
   <div class='ocr_carea' id='block_1_92' title="bbox 1860 3050 3504 3128">
    <p class='ocr_par' dir='ltr' id='par_1_92' title="bbox 1860 3050 3504 3128">
     <span class='ocr_line' id='line_1_92' title="bbox 1860 3050 3504 3128; baseline 0.004 -23"><span class='ocrx_word' id='word_1_704' title='bbox 1860 3054 1925 3105; x_wconf 91' lang='lat' dir='ltr'><strong>ut</strong></span> <span class='ocrx_word' id='word_1_705' title='bbox 1956 3051 2131 3106; x_wconf 89' lang='lat' dir='ltr'><strong>vadat</strong></span> <span class='ocrx_word' id='word_1_706' title='bbox 2160 3055 2356 3106; x_wconf 88' lang='lat' dir='ltr'><strong>tecum</strong></span> <span class='ocrx_word' id='word_1_707' title='bbox 2390 3050 2474 3112; x_wconf 90' lang='lat' dir='ltr'><strong>(h.</strong></span> <span class='ocrx_word' id='word_1_708' title='bbox 2509 3050 2626 3107; x_wconf 84' lang='lat' dir='ltr'><strong>Cur</strong></span> <span class='ocrx_word' id='word_1_709' title='bbox 2656 3051 2767 3107; x_wconf 90' lang='lat' dir='ltr'><strong>ibit</strong></span> <span class='ocrx_word' id='word_1_710' title='bbox 2796 3055 3062 3125; x_wconf 77' lang='lat' dir='ltr'><strong>tecumP).</strong></span> <span class='ocrx_word' id='word_1_711' title='bbox 3092 3055 3504 3128; x_wconf 90' lang='lat' dir='ltr'><strong>Coegititaque</strong></span> 
     </span>
    </p>
   </div>
   <div class='ocr_carea' id='block_1_93' title="bbox 1861 3138 3503 3215">
    <p class='ocr_par' dir='ltr' id='par_1_93' title="bbox 1861 3138 3503 3215">
     <span class='ocr_line' id='line_1_93' title="bbox 1861 3138 3503 3215; baseline 0.004 -20"><span class='ocrx_word' id='word_1_712' title='bbox 1861 3154 1997 3195; x_wconf 90' lang='lat' dir='ltr'><strong>eum</strong></span> <span class='ocrx_word' id='word_1_713' title='bbox 2020 3138 2320 3205; x_wconf 89' lang='lat' dir='ltr'><strong>Ahsalom,</strong></span> <span class='ocrx_word' id='word_1_714' title='bbox 2351 3144 2407 3195; x_wconf 90' lang='lat' dir='ltr'><strong>et</strong></span> <span class='ocrx_word' id='word_1_715' title='bbox 2436 3140 2665 3196; x_wconf 90' lang='lat' dir='ltr'><strong>dimisit</strong></span> <span class='ocrx_word' id='word_1_716' title='bbox 2693 3142 2775 3212; x_wconf 92' lang='lat' dir='ltr'><strong>[h.</strong></span> <span class='ocrx_word' id='word_1_717' title='bbox 2813 3140 2993 3215; x_wconf 87' lang='lat' dir='ltr'><strong>misit]</strong></span> <span class='ocrx_word' id='word_1_718' title='bbox 3016 3159 3149 3199; x_wconf 92' lang='lat' dir='ltr'><strong>cum</strong></span> <span class='ocrx_word' id='word_1_719' title='bbox 3179 3160 3246 3201; x_wconf 92' lang='lat' dir='ltr'><strong>eo</strong></span> <span class='ocrx_word' id='word_1_720' title='bbox 3270 3150 3503 3202; x_wconf 84' lang='lat' dir='ltr'><strong>Amnon</strong></span> 
     </span>
    </p>
   </div>
   <div class='ocr_carea' id='block_1_94' title="bbox 1865 3228 3507 3303">
    <p class='ocr_par' dir='ltr' id='par_1_94' title="bbox 1865 3228 3507 3303">
     <span class='ocr_line' id='line_1_94' title="bbox 1865 3228 3507 3303; baseline 0.005 -20"><span class='ocrx_word' id='word_1_721' title='bbox 1865 3233 1921 3283; x_wconf 91' lang='lat' dir='ltr'><strong>et</strong></span> <span class='ocrx_word' id='word_1_722' title='bbox 1951 3228 2249 3285; x_wconf 82' lang='lat' dir='ltr'><strong>universos</strong></span> <span class='ocrx_word' id='word_1_723' title='bbox 2276 3228 2427 3285; x_wconf 85' lang='lat' dir='ltr'><strong>filios</strong></span> <span class='ocrx_word' id='word_1_724' title='bbox 2456 3230 2610 3301; x_wconf 90' lang='lat' dir='ltr'><strong>regis</strong></span> <span class='ocrx_word' id='word_1_725' title='bbox 2642 3231 2682 3285; x_wconf 82' lang='grc'><strong>⁸.</strong></span> <span class='ocrx_word' id='word_1_726' title='bbox 2717 3230 3075 3303; x_wconf 62' lang='lat' dir='ltr'><strong>Praeceperat</strong></span> <span class='ocrx_word' id='word_1_727' title='bbox 3104 3239 3301 3290; x_wconf 91' lang='lat' dir='ltr'><strong>autem</strong></span> <span class='ocrx_word' id='word_1_728' title='bbox 3328 3235 3507 3292; x_wconf 85' lang='lat' dir='ltr'><strong>Ahsa-</strong></span> 
     </span>
    </p>
   </div>
   <div class='ocr_carea' id='block_1_95' title="bbox 1860 3317 3506 3389">
    <p class='ocr_par' dir='ltr' id='par_1_95' title="bbox 1860 3317 3506 3389">
     <span class='ocr_line' id='line_1_95' title="bbox 1860 3317 3506 3389; baseline 0.004 -15"><span class='ocrx_word' id='word_1_729' title='bbox 1860 3317 1979 3374; x_wconf 92' lang='lat' dir='ltr'><strong>lom</strong></span> <span class='ocrx_word' id='word_1_730' title='bbox 2013 3317 2212 3389; x_wconf 90' lang='lat' dir='ltr'><strong>pueris</strong></span> <span class='ocrx_word' id='word_1_731' title='bbox 2246 3318 2392 3383; x_wconf 89' lang='lat' dir='ltr'><strong>suis,</strong></span> <span class='ocrx_word' id='word_1_732' title='bbox 2426 3319 2652 3376; x_wconf 89' lang='lat' dir='ltr'><strong>dicens:</strong></span> <span class='ocrx_word' id='word_1_733' title='bbox 2684 3319 2998 3378; x_wconf 83' lang='lat' dir='ltr'><strong>Observata</strong></span> <span class='ocrx_word' id='word_1_734' title='bbox 3051 3339 3185 3379; x_wconf 90' lang='lat' dir='ltr'><strong>cum</strong></span> <span class='ocrx_word' id='word_1_735' title='bbox 3216 3324 3506 3380; x_wconf 90' lang='lat' dir='ltr'><strong>temulen-</strong></span> 
     </span>
    </p>
   </div>
   <div class='ocr_carea' id='block_1_96' title="bbox 1864 3407 3508 3477">
    <p class='ocr_par' dir='ltr' id='par_1_96' title="bbox 1864 3407 3508 3477">
     <span class='ocr_line' id='line_1_96' title="bbox 1864 3407 3508 3477; baseline 0.005 -15"><span class='ocrx_word' id='word_1_736' title='bbox 1864 3412 1961 3463; x_wconf 91' lang='lat' dir='ltr'><strong>tus</strong></span> <span class='ocrx_word' id='word_1_737' title='bbox 1994 3407 2168 3463; x_wconf 88' lang='lat' dir='ltr'><strong>fuerit</strong></span> <span class='ocrx_word' id='word_1_738' title='bbox 2197 3412 2435 3463; x_wconf 81' lang='lat' dir='ltr'><strong>Amnon</strong></span> <span class='ocrx_word' id='word_1_739' title='bbox 2464 3408 2620 3477; x_wconf 90' lang='lat' dir='ltr'><strong>vino,</strong></span> <span class='ocrx_word' id='word_1_740' title='bbox 2654 3414 2710 3465; x_wconf 92' lang='lat' dir='ltr'><strong>et</strong></span> <span class='ocrx_word' id='word_1_741' title='bbox 2739 3410 2937 3468; x_wconf 89' lang='lat' dir='ltr'><strong>dixero</strong></span> <span class='ocrx_word' id='word_1_742' title='bbox 2970 3412 3169 3468; x_wconf 89' lang='lat' dir='ltr'><strong>vobis:</strong></span> <span class='ocrx_word' id='word_1_743' title='bbox 3218 3415 3508 3471; x_wconf 91' lang='lat' dir='ltr'><strong>Percutite</strong></span> 
     </span>
    </p>
   </div>
   <div class='ocr_carea' id='block_1_97' title="bbox 1864 3496 3508 3575">
    <p class='ocr_par' dir='ltr' id='par_1_97' title="bbox 1864 3496 3508 3575">
     <span class='ocr_line' id='line_1_97' title="bbox 1864 3496 3508 3575; baseline 0.004 -22"><span class='ocrx_word' id='word_1_744' title='bbox 1864 3512 2017 3553; x_wconf 90' lang='lat' dir='ltr'><strong>eum.</strong></span> <span class='ocrx_word' id='word_1_745' title='bbox 2052 3500 2111 3552; x_wconf 90' lang='lat' dir='ltr'><strong>et</strong></span> <span class='ocrx_word' id='word_1_746' title='bbox 2154 3496 2486 3553; x_wconf 89' lang='lat' dir='ltr'><strong>interficite:</strong></span> <span class='ocrx_word' id='word_1_747' title='bbox 2523 3497 2701 3554; x_wconf 90' lang='lat' dir='ltr'><strong>nolite</strong></span> <span class='ocrx_word' id='word_1_748' title='bbox 2732 3499 2977 3567; x_wconf 88' lang='lat' dir='ltr'><strong>timere;</strong></span> <span class='ocrx_word' id='word_1_749' title='bbox 3011 3517 3117 3575; x_wconf 88' lang='lat' dir='ltr'><strong>ego</strong></span> <span class='ocrx_word' id='word_1_750' title='bbox 3168 3503 3325 3559; x_wconf 90' lang='lat' dir='ltr'><strong>enim</strong></span> <span class='ocrx_word' id='word_1_751' title='bbox 3374 3522 3508 3560; x_wconf 90' lang='lat' dir='ltr'><strong>sum</strong></span> 
     </span>
    </p>
   </div>
   <div class='ocr_carea' id='block_1_98' title="bbox 1867 3585 3510 3657">
    <p class='ocr_par' dir='ltr' id='par_1_98' title="bbox 1867 3585 3510 3657">
     <span class='ocr_line' id='line_1_98' title="bbox 1867 3585 3510 3657; baseline 0.006 -18"><span class='ocrx_word' id='word_1_752' title='bbox 1867 3585 1963 3657; x_wconf 91' lang='lat' dir='ltr'><strong>qui</strong></span> <span class='ocrx_word' id='word_1_753' title='bbox 1998 3585 2270 3657; x_wconf 74' lang='lat' dir='ltr'><strong>praecipio</strong></span> <span class='ocrx_word' id='word_1_754' title='bbox 2302 3587 2320 3620; x_wconf 75' lang='grc' dir='ltr'><em>ἰ</em></span> <span class='ocrx_word' id='word_1_755' title='bbox 2376 3587 2541 3643; x_wconf 90' lang='lat' dir='ltr'><strong>vobis</strong></span> <span class='ocrx_word' id='word_1_756' title='bbox 2576 3605 2588 3653; x_wconf 90' lang='lat'><strong>;</strong></span> <span class='ocrx_word' id='word_1_757' title='bbox 2647 3588 3015 3656; x_wconf 90' lang='lat' dir='ltr'><strong>robofamini,</strong></span> <span class='ocrx_word' id='word_1_758' title='bbox 3065 3596 3123 3647; x_wconf 92' lang='lat' dir='ltr'><strong>et</strong></span> <span class='ocrx_word' id='word_1_759' title='bbox 3160 3596 3348 3648; x_wconf 89' lang='lat' dir='ltr'><strong>estote</strong></span> <span class='ocrx_word' id='word_1_760' title='bbox 3406 3594 3510 3648; x_wconf 85' lang='lat' dir='ltr'><strong>viri</strong></span> 
     </span>
    </p>
   </div>
   <div class='ocr_carea' id='block_1_99' title="bbox 1867 3675 3513 3751">
    <p class='ocr_par' dir='ltr' id='par_1_99' title="bbox 1867 3675 3513 3751">
     <span class='ocr_line' id='line_1_99' title="bbox 1867 3675 3513 3751; baseline 0.006 -23"><span class='ocrx_word' id='word_1_761' title='bbox 1867 3675 2043 3729; x_wconf 90' lang='lat' dir='ltr'><strong>fortes</strong></span> <span class='ocrx_word' id='word_1_762' title='bbox 2103 3675 2188 3741; x_wconf 92' lang='lat' dir='ltr'><strong>(h.</strong></span> <span class='ocrx_word' id='word_1_763' title='bbox 2252 3675 2365 3731; x_wconf 89' lang='lat' dir='ltr'><strong>viri</strong></span> <span class='ocrx_word' id='word_1_764' title='bbox 2415 3676 2820 3745; x_wconf 87' lang='lat' dir='ltr'><strong>fortitudinis).</strong></span> <span class='ocrx_word' id='word_1_765' title='bbox 2874 3678 2957 3749; x_wconf 92' lang='lat' dir='ltr'><strong>[T.</strong></span> <span class='ocrx_word' id='word_1_766' title='bbox 3012 3678 3176 3751; x_wconf 82' lang='lat' dir='ltr'><strong>CXL]</strong></span> <span class='ocrx_word' id='word_1_767' title='bbox 3227 3681 3513 3737; x_wconf 88' lang='lat' dir='ltr'><strong>Fecerunt</strong></span> 
     </span>
    </p>
   </div>
   <div class='ocr_carea' id='block_1_100' title="bbox 1867 3763 3512 3841">
    <p class='ocr_par' dir='ltr' id='par_1_100' title="bbox 1867 3763 3512 3841">
     <span class='ocr_line' id='line_1_100' title="bbox 1867 3763 3512 3841; baseline 0.004 -22"><span class='ocrx_word' id='word_1_768' title='bbox 1867 3778 2001 3835; x_wconf 89' lang='lat' dir='ltr'><strong>ergo</strong></span> <span class='ocrx_word' id='word_1_769' title='bbox 2036 3763 2201 3835; x_wconf 91' lang='lat' dir='ltr'><strong>pueri</strong></span> <span class='ocrx_word' id='word_1_770' title='bbox 2234 3763 2508 3819; x_wconf 86' lang='lat' dir='ltr'><strong>Ahsalom</strong></span> <span class='ocrx_word' id='word_1_771' title='bbox 2546 3766 2859 3822; x_wconf 90' lang='lat' dir='ltr'><strong>adversum</strong></span> <span class='ocrx_word' id='word_1_772' title='bbox 2892 3770 3145 3835; x_wconf 80' lang='lat' dir='ltr'><strong>Amnon,</strong></span> <span class='ocrx_word' id='word_1_773' title='bbox 3181 3769 3337 3825; x_wconf 90' lang='lat' dir='ltr'><strong>sicut</strong></span> <span class='ocrx_word' id='word_1_774' title='bbox 3368 3787 3512 3841; x_wconf 77' lang='lat' dir='ltr'><strong>prae-</strong></span> 
     </span>
    </p>
   </div>
   <div class='ocr_carea' id='block_1_101' title="bbox 1869 3852 3512 3929">
    <p class='ocr_par' dir='ltr' id='par_1_101' title="bbox 1869 3852 3512 3929">
     <span class='ocr_line' id='line_1_101' title="bbox 1869 3852 3512 3929; baseline 0.004 -21"><span class='ocrx_word' id='word_1_775' title='bbox 1869 3857 2104 3923; x_wconf 90' lang='lat' dir='ltr'><strong>ceperat</strong></span> <span class='ocrx_word' id='word_1_776' title='bbox 2133 3852 2216 3908; x_wconf 92' lang='lat' dir='ltr'><strong>eis</strong></span> <span class='ocrx_word' id='word_1_777' title='bbox 2261 3852 2343 3923; x_wconf 85' lang='lat' dir='ltr'><strong>[h.</strong></span> <span class='ocrx_word' id='word_1_778' title='bbox 2398 3869 2507 3909; x_wconf 84' lang='lat' dir='ltr'><strong>non</strong></span> <span class='ocrx_word' id='word_1_779' title='bbox 2548 3853 2706 3911; x_wconf 76' lang='lat' dir='ltr'><strong>habet</strong></span> <span class='ocrx_word' id='word_1_780' title='bbox 2755 3855 2862 3927; x_wconf 91' lang='lat' dir='ltr'><strong>eis]</strong></span> <span class='ocrx_word' id='word_1_781' title='bbox 2918 3856 3211 3913; x_wconf 88' lang='lat' dir='ltr'><strong>Ahsalom.</strong></span> <span class='ocrx_word' id='word_1_782' title='bbox 3257 3858 3512 3929; x_wconf 87' lang='lat' dir='ltr'><strong>Surgen-</strong></span> 
     </span>
    </p>
   </div>
   <div class='ocr_carea' id='block_1_102' title="bbox 1870 3941 3519 4019">
    <p class='ocr_par' dir='ltr' id='par_1_102' title="bbox 1870 3941 3519 4019">
     <span class='ocr_line' id='line_1_102' title="bbox 1870 3941 3519 4019; baseline 0.005 -22"><span class='ocrx_word' id='word_1_783' title='bbox 1870 3946 2076 4012; x_wconf 91' lang='lat' dir='ltr'><strong>tesque</strong></span> <span class='ocrx_word' id='word_1_784' title='bbox 2106 3958 2309 3997; x_wconf 89' lang='lat' dir='ltr'><strong>omnes</strong></span> <span class='ocrx_word' id='word_1_785' title='bbox 2338 3941 2443 3996; x_wconf 86' lang='lat' dir='ltr'><strong>filii</strong></span> <span class='ocrx_word' id='word_1_786' title='bbox 2476 3944 2628 4015; x_wconf 88' lang='lat' dir='ltr'><strong>regis</strong></span> <span class='ocrx_word' id='word_1_787' title='bbox 2658 3946 3052 4001; x_wconf 89' lang='lat' dir='ltr'><strong>ascenderunt</strong></span> <span class='ocrx_word' id='word_1_788' title='bbox 3081 3947 3300 4019; x_wconf 86' lang='lat' dir='ltr'><strong>singuli</strong></span> <span class='ocrx_word' id='word_1_789' title='bbox 3327 3947 3519 4005; x_wconf 89' lang='lat' dir='ltr'><strong>mulas</strong></span> 
     </span>
    </p>
   </div>
   <div class='ocr_carea' id='block_1_103' title="bbox 1873 4029 3521 4107">
    <p class='ocr_par' dir='ltr' id='par_1_103' title="bbox 1873 4029 3521 4107">
     <span class='ocr_line' id='line_1_103' title="bbox 1873 4029 3521 4107; baseline 0.004 -21"><span class='ocrx_word' id='word_1_790' title='bbox 1873 4046 2013 4086; x_wconf 91' lang='lat' dir='ltr'><strong>suas</strong></span> <span class='ocrx_word' id='word_1_791' title='bbox 2046 4030 2129 4099; x_wconf 92' lang='lat' dir='ltr'><strong>(h.</strong></span> <span class='ocrx_word' id='word_1_792' title='bbox 2164 4029 2356 4086; x_wconf 92' lang='lat' dir='ltr'><strong>mulos</strong></span> <span class='ocrx_word' id='word_1_793' title='bbox 2388 4036 2572 4100; x_wconf 89' lang='lat' dir='ltr'><strong>suos),</strong></span> <span class='ocrx_word' id='word_1_794' title='bbox 2605 4036 2664 4088; x_wconf 92' lang='lat' dir='ltr'><strong>et</strong></span> <span class='ocrx_word' id='word_1_795' title='bbox 2704 4034 3001 4106; x_wconf 90' lang='lat' dir='ltr'><strong>fugerunt.</strong></span> <span class='ocrx_word' id='word_1_796' title='bbox 3025 4036 3290 4107; x_wconf 90' lang='lat' dir='ltr'><strong>Cumque</strong></span> <span class='ocrx_word' id='word_1_797' title='bbox 3328 4037 3521 4094; x_wconf 89' lang='lat' dir='ltr'><strong>adhuc</strong></span> 
     </span>
    </p>
   </div>
   <div class='ocr_carea' id='block_1_104' title="bbox 1875 4118 3524 4194">
    <p class='ocr_par' dir='ltr' id='par_1_104' title="bbox 1875 4118 3524 4194">
     <span class='ocr_line' id='line_1_104' title="bbox 1875 4118 3524 4194; baseline 0.005 -21"><span class='ocrx_word' id='word_1_798' title='bbox 1875 4123 2185 4191; x_wconf 89' lang='lat' dir='ltr'><strong>pergerent</strong></span> <span class='ocrx_word' id='word_1_799' title='bbox 2214 4118 2271 4174; x_wconf 91' lang='lat' dir='ltr'><strong>in</strong></span> <span class='ocrx_word' id='word_1_800' title='bbox 2299 4120 2529 4189; x_wconf 87' lang='lat' dir='ltr'><strong>itinere,</strong></span> <span class='ocrx_word' id='word_1_801' title='bbox 2564 4121 2721 4177; x_wconf 89' lang='lat' dir='ltr'><strong>fama</strong></span> <span class='ocrx_word' id='word_1_802' title='bbox 2752 4122 3013 4193; x_wconf 89' lang='lat' dir='ltr'><strong>pervenit</strong></span> <span class='ocrx_word' id='word_1_803' title='bbox 3057 4125 3128 4180; x_wconf 89' lang='lat' dir='ltr'><strong>ad</strong></span> <span class='ocrx_word' id='word_1_804' title='bbox 3174 4125 3380 4194; x_wconf 89' lang='lat' dir='ltr'><strong>David,</strong></span> <span class='ocrx_word' id='word_1_805' title='bbox 3428 4127 3524 4182; x_wconf 90' lang='lat' dir='ltr'><strong>di-</strong></span> 
     </span>
    </p>
   </div>
   <div class='ocr_carea' id='block_1_105' title="bbox 1875 4208 3523 4287">
    <p class='ocr_par' dir='ltr' id='par_1_105' title="bbox 1875 4208 3523 4287">
     <span class='ocr_line' id='line_1_105' title="bbox 1875 4208 3523 4287; baseline 0.005 -23"><span class='ocrx_word' id='word_1_806' title='bbox 1875 4224 2031 4264; x_wconf 90' lang='lat' dir='ltr'><strong>cens:</strong></span> <span class='ocrx_word' id='word_1_807' title='bbox 2068 4208 2362 4264; x_wconf 90' lang='lat' dir='ltr'><strong>Percussit</strong></span> <span class='ocrx_word' id='word_1_808' title='bbox 2396 4208 2671 4266; x_wconf 79' lang='lat' dir='ltr'><strong>Ahsalom</strong></span> <span class='ocrx_word' id='word_1_809' title='bbox 2703 4227 2909 4268; x_wconf 89' lang='lat' dir='ltr'><strong>omnes</strong></span> <span class='ocrx_word' id='word_1_810' title='bbox 2939 4213 3090 4269; x_wconf 89' lang='lat' dir='ltr'><strong>filios</strong></span> <span class='ocrx_word' id='word_1_811' title='bbox 3121 4215 3298 4287; x_wconf 88' lang='lat' dir='ltr'><strong>regis,</strong></span> <span class='ocrx_word' id='word_1_812' title='bbox 3331 4219 3387 4272; x_wconf 92' lang='lat' dir='ltr'><strong>et</strong></span> <span class='ocrx_word' id='word_1_813' title='bbox 3408 4232 3523 4272; x_wconf 91' lang='lat' dir='ltr'><strong>non</strong></span> 
     </span>
    </p>
   </div>
   <div class='ocr_carea' id='block_1_106' title="bbox 1878 4298 3527 4377">
    <p class='ocr_par' dir='ltr' id='par_1_106' title="bbox 1878 4298 3527 4377">
     <span class='ocr_line' id='line_1_106' title="bbox 1878 4298 3527 4377; baseline 0.005 -25"><span class='ocrx_word' id='word_1_814' title='bbox 1878 4298 2166 4353; x_wconf 89' lang='lat' dir='ltr'><strong>remansit</strong></span> <span class='ocrx_word' id='word_1_815' title='bbox 2196 4314 2266 4353; x_wconf 85' lang='lat' dir='ltr'><strong>ex</strong></span> <span class='ocrx_word' id='word_1_816' title='bbox 2297 4298 2383 4354; x_wconf 92' lang='lat' dir='ltr'><strong>eis</strong></span> <span class='ocrx_word' id='word_1_817' title='bbox 2415 4298 2624 4354; x_wconf 87' lang='lat' dir='ltr'><strong>saltem</strong></span> <span class='ocrx_word' id='word_1_818' title='bbox 2652 4316 2827 4356; x_wconf 90' lang='lat' dir='ltr'><strong>unus.</strong></span> <span class='ocrx_word' id='word_1_819' title='bbox 2860 4303 3122 4359; x_wconf 85' lang='lat' dir='ltr'><strong>Surrexit</strong></span> <span class='ocrx_word' id='word_1_820' title='bbox 3166 4303 3364 4376; x_wconf 88' lang='lat' dir='ltr'><strong>itaque</strong></span> <span class='ocrx_word' id='word_1_821' title='bbox 3403 4320 3527 4377; x_wconf 85' lang='lat' dir='ltr'><strong>rex,</strong></span> 
     </span>
    </p>
   </div>
   <div class='ocr_carea' id='block_1_107' title="bbox 1878 4385 3525 4464">
    <p class='ocr_par' dir='ltr' id='par_1_107' title="bbox 1878 4385 3525 4464">
     <span class='ocr_line' id='line_1_107' title="bbox 1878 4385 3525 4464; baseline 0.005 -21"><span class='ocrx_word' id='word_1_822' title='bbox 1878 4391 1935 4443; x_wconf 88' lang='lat' dir='ltr'><strong>et</strong></span> <span class='ocrx_word' id='word_1_823' title='bbox 1967 4385 2140 4441; x_wconf 91' lang='lat' dir='ltr'><strong>scidit</strong></span> <span class='ocrx_word' id='word_1_824' title='bbox 2168 4392 2531 4443; x_wconf 89' lang='lat' dir='ltr'><strong>vestamenta</strong></span> <span class='ocrx_word' id='word_1_825' title='bbox 2561 4406 2692 4454; x_wconf 86' lang='lat' dir='ltr'><strong>sua,</strong></span> <span class='ocrx_word' id='word_1_826' title='bbox 2725 4395 2783 4445; x_wconf 90' lang='lat' dir='ltr'><strong>et</strong></span> <span class='ocrx_word' id='word_1_827' title='bbox 2815 4391 3025 4447; x_wconf 92' lang='lat' dir='ltr'><strong>cecidit</strong></span> <span class='ocrx_word' id='word_1_828' title='bbox 3053 4409 3231 4464; x_wconf 90' lang='lat' dir='ltr'><strong>super</strong></span> <span class='ocrx_word' id='word_1_829' title='bbox 3261 4398 3474 4451; x_wconf 90' lang='lat' dir='ltr'><strong>terram</strong></span> <span class='ocrx_word' id='word_1_830' title='bbox 3511 4414 3525 4452; x_wconf 92' lang='lat'><strong>:</strong></span> 
     </span>
    </p>
   </div>
   <div class='ocr_carea' id='block_1_108' title="bbox 1879 4476 3533 4550">
    <p class='ocr_par' dir='ltr' id='par_1_108' title="bbox 1879 4476 3533 4550">
     <span class='ocr_line' id='line_1_108' title="bbox 1879 4476 3533 4550; baseline 0.005 -18"><span class='ocrx_word' id='word_1_831' title='bbox 1879 4484 1932 4532; x_wconf 85' lang='lat' dir='ltr'><strong>et</strong></span> <span class='ocrx_word' id='word_1_832' title='bbox 1963 4492 2166 4531; x_wconf 91' lang='lat' dir='ltr'><strong>omnes</strong></span> <span class='ocrx_word' id='word_1_833' title='bbox 2199 4476 2351 4531; x_wconf 85' lang='lat' dir='ltr'><strong>servi</strong></span> <span class='ocrx_word' id='word_1_834' title='bbox 2375 4476 2591 4549; x_wconf 90' lang='lat' dir='ltr'><strong>ipsius,</strong></span> <span class='ocrx_word' id='word_1_835' title='bbox 2614 4479 2717 4550; x_wconf 92' lang='lat' dir='ltr'><strong>qui</strong></span> <span class='ocrx_word' id='word_1_836' title='bbox 2748 4480 3106 4537; x_wconf 89' lang='lat' dir='ltr'><strong>assistebant</strong></span> <span class='ocrx_word' id='word_1_837' title='bbox 3125 4482 3200 4549; x_wconf 93' lang='lat' dir='ltr'><strong>ei,</strong></span> <span class='ocrx_word' id='word_1_838' title='bbox 3228 4484 3533 4541; x_wconf 90' lang='lat' dir='ltr'><strong>sciderunt</strong></span> 
     </span>
    </p>
   </div>
   <div class='ocr_carea' id='block_1_109' title="bbox 1805 4566 3532 4652">
    <p class='ocr_par' dir='ltr' id='par_1_109' title="bbox 1805 4566 3532 4652">
     <span class='ocr_line' id='line_1_109' title="bbox 1805 4566 3532 4652; baseline 0.006 -32"><span class='ocrx_word' id='word_1_839' title='bbox 1805 4587 1851 4652; x_wconf 65' lang='grc' dir='ltr'><strong>Ι)</strong></span> <span class='ocrx_word' id='word_1_840' title='bbox 1881 4566 2229 4621; x_wconf 86' lang='lat' dir='ltr'><strong>vestimenta</strong></span> <span class='ocrx_word' id='word_1_841' title='bbox 2260 4582 2387 4621; x_wconf 90' lang='lat' dir='ltr'><strong>sua.</strong></span> <span class='ocrx_word' id='word_1_842' title='bbox 2422 4567 2804 4639; x_wconf 80' lang='lat' dir='ltr'><strong>Respondens</strong></span> <span class='ocrx_word' id='word_1_843' title='bbox 2837 4575 3031 4625; x_wconf 90' lang='lat' dir='ltr'><strong>autem</strong></span> <span class='ocrx_word' id='word_1_844' title='bbox 3064 4572 3329 4629; x_wconf 86' lang='lat' dir='ltr'><strong>Jonadab</strong></span> <span class='ocrx_word' id='word_1_845' title='bbox 3372 4573 3532 4630; x_wconf 89' lang='lat' dir='ltr'><strong>filius</strong></span> 
     </span>
    </p>
   </div>
   <div class='ocr_carea' id='block_1_110' title="bbox 1886 4655 3535 4732">
    <p class='ocr_par' dir='ltr' id='par_1_110' title="bbox 1886 4655 3535 4732">
     <span class='ocr_line' id='line_1_110' title="bbox 1886 4655 3535 4732; baseline 0.006 -21"><span class='ocrx_word' id='word_1_846' title='bbox 1886 4655 2315 4725; x_wconf 80' lang='lat' dir='ltr'><strong>Semmaa[ms.</strong></span> <span class='ocrx_word' id='word_1_847' title='bbox 2348 4656 2625 4728; x_wconf 88' lang='lat' dir='ltr'><strong>Semmai]</strong></span> <span class='ocrx_word' id='word_1_848' title='bbox 2685 4658 2881 4714; x_wconf 87' lang='lat' dir='ltr'><strong>fratris</strong></span> <span class='ocrx_word' id='word_1_849' title='bbox 2939 4659 3143 4732; x_wconf 91' lang='lat' dir='ltr'><strong>David,</strong></span> <span class='ocrx_word' id='word_1_850' title='bbox 3200 4661 3391 4720; x_wconf 86' lang='lat' dir='ltr'><strong>dixit:</strong></span> <span class='ocrx_word' id='word_1_851' title='bbox 3450 4663 3535 4720; x_wconf 83' lang='lat' dir='ltr'><strong>Ne</strong></span> 
     </span>
    </p>
   </div>
   <div class='ocr_carea' id='block_1_111' title="bbox 1968 4796 3533 4876">
    <p class='ocr_par' dir='ltr' id='par_1_111' title="bbox 1968 4796 3533 4876">
     <span class='ocr_line' id='line_1_111' title="bbox 1968 4796 3533 4876; baseline 0.008 -26"><span class='ocrx_word' id='word_1_852' title='bbox 1968 4798 1990 4832; x_wconf 83' lang='grc'><strong>³</strong></span> <span class='ocrx_word' id='word_1_853' title='bbox 2022 4796 2181 4851; x_wconf 89' lang='lat' dir='ltr'><strong>Idem</strong></span> <span class='ocrx_word' id='word_1_854' title='bbox 2212 4798 2367 4876; x_wconf 78' lang='lat' dir='ltr'><strong>tacet</strong></span> <span class='ocrx_word' id='word_1_855' title='bbox 2396 4796 2489 4876; x_wconf 79' lang='lat' dir='ltr'><strong>hic</strong></span> <span class='ocrx_word' id='word_1_856' title='bbox 2513 4799 2683 4876; x_wconf 79' lang='lat' dir='ltr'><strong>foras,</strong></span> <span class='ocrx_word' id='word_1_857' title='bbox 2716 4798 2895 4876; x_wconf 87' lang='lat' dir='ltr'><strong>ferme</strong></span> <span class='ocrx_word' id='word_1_858' title='bbox 2943 4801 3309 4876; x_wconf 84' lang='lat' dir='ltr'><strong>concinnius,</strong></span> <span class='ocrx_word' id='word_1_859' title='bbox 3360 4804 3533 4862; x_wconf 88' lang='lat' dir='ltr'><strong>Hebr.</strong></span> 
     </span>
    </p>
   </div>
   <div class='ocr_carea' id='block_1_112' title="bbox 1897 4852 3249 4943">
    <p class='ocr_par' dir='ltr' id='par_1_112' title="bbox 1897 4852 3249 4943">
     <span class='ocr_line' id='line_1_112' title="bbox 1897 4852 3249 4943; baseline 0.009 -25"><span class='ocrx_word' id='word_1_860' title='bbox 1897 4852 2066 4943; x_wconf 52' lang='grc' dir='ltr'><strong>ἦγε),</strong></span> <span class='ocrx_word' id='word_1_861' title='bbox 2092 4868 2254 4943; x_wconf 81' lang='lat' dir='ltr'><strong>quod</strong></span> <span class='ocrx_word' id='word_1_862' title='bbox 2287 4873 2378 4923; x_wconf 90' lang='lat' dir='ltr'><strong>est</strong></span> <span class='ocrx_word' id='word_1_863' title='bbox 2409 4869 2483 4924; x_wconf 90' lang='lat' dir='ltr'><strong>ad</strong></span> <span class='ocrx_word' id='word_1_864' title='bbox 2513 4852 3249 4943; x_wconf 41' lang='lat' dir='ltr'><strong>&#39;v’egbiiuijd’e&#39;sup&#39;eiféi</strong></span> 
     </span>
    </p>
   </div>
   <div class='ocr_carea' id='block_1_113' title="bbox 1968 4939 3536 5017">
    <p class='ocr_par' dir='ltr' id='par_1_113' title="bbox 1968 4939 3536 5017">
     <span class='ocr_line' id='line_1_113' title="bbox 1968 4939 3536 5017; baseline 0.008 -26"><span class='ocrx_word' id='word_1_865' title='bbox 1968 4941 1991 4973; x_wconf 74' lang='grc'><strong>⁴</strong></span> <span class='ocrx_word' id='word_1_866' title='bbox 2023 4939 2202 4994; x_wconf 88' lang='lat' dir='ltr'><strong>Addit</strong></span> <span class='ocrx_word' id='word_1_867' title='bbox 2233 4956 2388 4995; x_wconf 89' lang='lat' dir='ltr'><strong>nunc</strong></span> <span class='ocrx_word' id='word_1_868' title='bbox 2418 4956 2552 4996; x_wconf 93' lang='lat' dir='ltr'><strong>cum</strong></span> <span class='ocrx_word' id='word_1_869' title='bbox 2584 4941 2756 5014; x_wconf 90' lang='lat' dir='ltr'><strong>Vulg.</strong></span> <span class='ocrx_word' id='word_1_870' title='bbox 2790 4939 3087 5001; x_wconf 40' lang='lat' dir='ltr'><strong>idem-ms.</strong></span> <span class='ocrx_word' id='word_1_871' title='bbox 3119 4962 3224 5017; x_wconf 82' lang='lat' dir='ltr'><strong>me,</strong></span> <span class='ocrx_word' id='word_1_872' title='bbox 3258 4948 3328 5003; x_wconf 88' lang='lat' dir='ltr'><strong>ad</strong></span> <span class='ocrx_word' id='word_1_873' title='bbox 3360 4948 3536 5004; x_wconf 89' lang='lat' dir='ltr'><strong>Hebr.</strong></span> 
     </span>
    </p>
   </div>
   <div class='ocr_carea' id='block_1_114' title="bbox 1898 5019 2140 5095">
    <p class='ocr_par' dir='ltr' id='par_1_114' title="bbox 1898 5019 2140 5095">
     <span class='ocr_line' id='line_1_114' title="bbox 1898 5019 2140 5095; baseline -0.029 0"><span class='ocrx_word' id='word_1_874' title='bbox 1898 5019 2140 5095; x_wconf 53' lang='lat' dir='ltr'><strong>vzn‘vwb.</strong></span> 
     </span>
    </p>
   </div>
   <div class='ocr_carea' id='block_1_115' title="bbox 1974 5106 3543 5186">
    <p class='ocr_par' dir='ltr' id='par_1_115' title="bbox 1974 5106 3543 5186">
     <span class='ocr_line' id='line_1_115' title="bbox 1974 5106 3543 5186; baseline 0.008 -27"><span class='ocrx_word' id='word_1_875' title='bbox 1974 5107 1994 5140; x_wconf 86' lang='grc'>⁸</span> <span class='ocrx_word' id='word_1_876' title='bbox 2027 5106 2260 5186; x_wconf 75' lang='lat' dir='ltr'><strong>Vulgati</strong></span> <span class='ocrx_word' id='word_1_877' title='bbox 2294 5108 2541 5186; x_wconf 84' lang='lat' dir='ltr'><strong>addunt,</strong></span> <span class='ocrx_word' id='word_1_878' title='bbox 2588 5111 2655 5186; x_wconf 75' lang='lat' dir='ltr'><strong>Et</strong></span> <span class='ocrx_word' id='word_1_879' title='bbox 2696 5110 2877 5186; x_wconf 59' lang='lat' dir='ltr'><strong>noluit</strong></span> <span class='ocrx_word' id='word_1_880' title='bbox 2923 5115 3247 5186; x_wconf 75' lang='lat' dir='ltr'><strong>contristare</strong></span> <span class='ocrx_word' id='word_1_881' title='bbox 3281 5118 3543 5186; x_wconf 76' lang='lat' dir='ltr'><strong>spiritum</strong></span> 
     </span>
    </p>
   </div>
   <div class='ocr_carea' id='block_1_116' title="bbox 1905 5178 3547 5258">
    <p class='ocr_par' dir='ltr' id='par_1_116' title="bbox 1905 5178 3547 5258">
     <span class='ocr_line' id='line_1_116' title="bbox 1905 5178 3547 5258; baseline 0.005 -25"><span class='ocrx_word' id='word_1_882' title='bbox 1905 5178 2256 5258; x_wconf 70' lang='lat' dir='ltr'><strong>Amnonﬁlii</strong></span> <span class='ocrx_word' id='word_1_883' title='bbox 2283 5181 2390 5244; x_wconf 76' lang='lat' dir='ltr'><strong>sui,</strong></span> <span class='ocrx_word' id='word_1_884' title='bbox 2425 5184 2685 5258; x_wconf 66' lang='lat' dir='ltr'><strong>quoniam</strong></span> <span class='ocrx_word' id='word_1_885' title='bbox 2738 5183 3000 5258; x_wconf 72' lang='lat' dir='ltr'><strong>diligebat</strong></span> <span class='ocrx_word' id='word_1_886' title='bbox 3047 5203 3194 5257; x_wconf 82' lang='lat' dir='ltr'><strong>cum,</strong></span> <span class='ocrx_word' id='word_1_887' title='bbox 3242 5178 3380 5258; x_wconf 53' lang='lat' dir='ltr'><strong>qu&#39;ia</strong></span> <span class='ocrx_word' id='word_1_888' title='bbox 3426 5187 3547 5257; x_wconf 80' lang='lat' dir='ltr'><strong>pri-</strong></span> 
     </span>
    </p>
   </div>
   <div class='ocr_carea' id='block_1_117' title="bbox 1904 5252 3546 5326">
    <p class='ocr_par' dir='ltr' id='par_1_117' title="bbox 1904 5252 3546 5326">
     <span class='ocr_line' id='line_1_117' title="bbox 1904 5252 3546 5326; baseline 0.008 -24"><span class='ocrx_word' id='word_1_889' title='bbox 1904 5252 2220 5321; x_wconf 81' lang='lat' dir='ltr'><strong>mogenitus</strong></span> <span class='ocrx_word' id='word_1_890' title='bbox 2268 5252 2485 5326; x_wconf 42' lang='grc' dir='ltr'><strong>ενα-ξεί</strong></span> <span class='ocrx_word' id='word_1_891' title='bbox 2514 5270 2532 5307; x_wconf 88' lang='grc'><strong>.·</strong></span> <span class='ocrx_word' id='word_1_892' title='bbox 2565 5269 2691 5326; x_wconf 65' lang='lat' dir='ltr'><strong>quae</strong></span> <span class='ocrx_word' id='word_1_893' title='bbox 2752 5252 3026 5326; x_wconf 86' lang='lat' dir='ltr'><strong>ignorant</strong></span> <span class='ocrx_word' id='word_1_894' title='bbox 3078 5252 3209 5313; x_wconf 86' lang='lat' dir='ltr'><strong>cum</strong></span> <span class='ocrx_word' id='word_1_895' title='bbox 3251 5252 3546 5315; x_wconf 59' lang='lat' dir='ltr'><strong>Hebraeus</strong></span> 
     </span>
    </p>
   </div>
   <div class='ocr_carea' id='block_1_118' title="bbox 1908 5323 3305 5393">
    <p class='ocr_par' dir='ltr' id='par_1_118' title="bbox 1908 5323 3305 5393">
     <span class='ocr_line' id='line_1_118' title="bbox 1908 5323 3305 5393; baseline 0.006 -17"><span class='ocrx_word' id='word_1_896' title='bbox 1908 5327 2125 5386; x_wconf 88' lang='lat' dir='ltr'><strong>textus,</strong></span> <span class='ocrx_word' id='word_1_897' title='bbox 2180 5328 2305 5377; x_wconf 89' lang='lat' dir='ltr'><strong>tum</strong></span> <span class='ocrx_word' id='word_1_898' title='bbox 2358 5323 2822 5393; x_wconf 55' lang='lat' dir='ltr'><strong>Hieronymianfe</strong></span> <span class='ocrx_word' id='word_1_899' title='bbox 2850 5329 3133 5383; x_wconf 88' lang='lat' dir='ltr'><strong>versiouis</strong></span> <span class='ocrx_word' id='word_1_900' title='bbox 3164 5347 3305 5384; x_wconf 90' lang='lat' dir='ltr'><strong>mss.</strong></span> 
     </span>
    </p>
   </div>
   <div class='ocr_carea' id='block_1_119' title="bbox 1979 5392 3553 5472">
    <p class='ocr_par' dir='ltr' id='par_1_119' title="bbox 1979 5392 3553 5472">
     <span class='ocr_line' id='line_1_119' title="bbox 1979 5392 3553 5472; baseline 0.008 -28"><span class='ocrx_word' id='word_1_901' title='bbox 1979 5392 1999 5427; x_wconf 75' lang='grc'>⁸</span> <span class='ocrx_word' id='word_1_902' title='bbox 2058 5393 2273 5472; x_wconf 78' lang='lat' dir='ltr'><strong>lterum</strong></span> <span class='ocrx_word' id='word_1_903' title='bbox 2336 5392 2883 5472; x_wconf 12' lang='lat' dir='ltr'><strong>Vulgattqaddunt,</strong></span> <span class='ocrx_word' id='word_1_904' title='bbox 2939 5401 3267 5472; x_wconf 76' lang='lat' dir='ltr'><strong>Feceratque</strong></span> <span class='ocrx_word' id='word_1_905' title='bbox 3319 5401 3553 5457; x_wconf 77' lang='lat' dir='ltr'><strong>Absalon</strong></span> 
     </span>
    </p>
   </div>
   <div class='ocr_carea' id='block_1_120' title="bbox 1910 5466 3551 5543">
    <p class='ocr_par' dir='ltr' id='par_1_120' title="bbox 1910 5466 3551 5543">
     <span class='ocr_line' id='line_1_120' title="bbox 1910 5466 3551 5543; baseline 0.007 -26"><span class='ocrx_word' id='word_1_906' title='bbox 1910 5466 2228 5543; x_wconf 54' lang='lat' dir='ltr'><strong>Qnuivium</strong></span> <span class='ocrx_word' id='word_1_907' title='bbox 2268 5468 2426 5537; x_wconf 78' lang='lat' dir='ltr'><strong>quasi</strong></span> <span class='ocrx_word' id='word_1_908' title='bbox 2453 5466 2774 5543; x_wconf 58' lang='lat' dir='ltr'><strong>conuiuium</strong></span> <span class='ocrx_word' id='word_1_909' title='bbox 2824 5466 2971 5539; x_wconf 70' lang='lat' dir='ltr'><strong>regis</strong></span> <span class='ocrx_word' id='word_1_910' title='bbox 2996 5486 3009 5525; x_wconf 93' lang='lat'><strong>:</strong></span> <span class='ocrx_word' id='word_1_911' title='bbox 3036 5466 3186 5543; x_wconf 59' lang='lat' dir='ltr'><strong>qua;</strong></span> <span class='ocrx_word' id='word_1_912' title='bbox 3243 5473 3460 5529; x_wconf 88' lang='lat' dir='ltr'><strong>frustra</strong></span> <span class='ocrx_word' id='word_1_913' title='bbox 3492 5473 3551 5528; x_wconf 89' lang='lat' dir='ltr'><strong>in</strong></span> 
     </span>
    </p>
   </div>
   <div class='ocr_carea' id='block_1_121' title="bbox 1915 5537 3355 5625">
    <p class='ocr_par' dir='ltr' id='par_1_121' title="bbox 1915 5537 3355 5625">
     <span class='ocr_line' id='line_1_121' title="bbox 1915 5537 3355 5625; baseline 0.007 -36"><span class='ocrx_word' id='word_1_914' title='bbox 1915 5537 2173 5625; x_wconf 42' lang='lat' dir='ltr'><strong>Haeb‘raa‘o</strong></span> <span class='ocrx_word' id='word_1_915' title='bbox 2203 5554 2453 5625; x_wconf 60' lang='lat' dir='ltr'><strong>quaeras,</strong></span> <span class='ocrx_word' id='word_1_916' title='bbox 2485 5540 2686 5625; x_wconf 37' lang='lat' dir='ltr'><strong>autﬁin.</strong></span> <span class='ocrx_word' id='word_1_917' title='bbox 2711 5537 3181 5625; x_wconf 61' lang='lat' dir='ltr'><strong>Hieronymianis</strong></span> <span class='ocrx_word' id='word_1_918' title='bbox 3211 5560 3355 5625; x_wconf 70' lang='lat' dir='ltr'><strong>mss.</strong></span> 
     </span>
    </p>
   </div>
   <div class='ocr_carea' id='block_1_122' title="bbox 1917 5607 3560 5741">
    <p class='ocr_par' dir='ltr' id='par_1_122' title="bbox 1917 5607 3560 5741">
     <span class='ocr_line' id='line_1_122' title="bbox 1917 5607 3560 5741; baseline 0.01 -81"><span class='ocrx_word' id='word_1_919' title='bbox 1917 5607 2175 5741; x_wconf 44' lang='lat' dir='ltr'><strong>ngod.</strong></span> <span class='ocrx_word' id='word_1_920' title='bbox 2203 5609 2545 5679; x_wconf 87' lang='lat' dir='ltr'><strong>Veronens.,</strong></span> <span class='ocrx_word' id='word_1_921' title='bbox 2581 5611 2686 5679; x_wconf 75' lang='lat' dir='ltr'><strong>Qui</strong></span> <span class='ocrx_word' id='word_1_922' title='bbox 2708 5607 2970 5683; x_wconf 52' lang='lat' dir='ltr'><strong>praecepit</strong></span> <span class='ocrx_word' id='word_1_923' title='bbox 3011 5614 3229 5672; x_wconf 84' lang='lat' dir='ltr'><strong>rectius</strong></span> <span class='ocrx_word' id='word_1_924' title='bbox 3261 5617 3333 5674; x_wconf 88' lang='lat' dir='ltr'><strong>ad</strong></span> <span class='ocrx_word' id='word_1_925' title='bbox 3383 5617 3560 5678; x_wconf 84' lang='lat' dir='ltr'><strong>Hebr.</strong></span> 
     </span>
    </p>
   </div>
  </div>
