3982 6178
474 319 581 374 687

1518 327 1575 380 S.
1617 325 2022 379 HJERONYMI
2061 324 2318 379 DIVINA
2355 327 2846 386 ΒΙΒΜΟΤΗΕΟΑ.

3757 338 3845 394 688

475 449 726 502 aestimet
755 447 1030 502 dominus
1073 463 1239 503 meus
1288 464 1386 504 rex
1419 451 1460 519 1,
1509 451 1662 522 quod
1703 467 1908 506 omnes
1952 449 2114 521 pueri
2149 451 2204 519 Α
2236 450 2588 510 interﬁciant
2619 454 2744 527 (ms.
2771 455 3586 530 interﬁcient)ﬁliummeum.
3619 465 3755 530 Quid
3777 467 3849 522 ait

475 535 580 590 ﬁlii
613 535 766 608 regis
798 536 973 591 occisi
1005 537 1152 591 sint:
1187 540 1418 594 Amnon
1467 537 1629 595 solus
1686 543 1955 595 mortuus
2009 543 2118 608 est,

475 626 755 696 quoniam
788 625 848 680 in
881 643 978 682 ore
1010 626 1289 684 Absalom
1323 633 1448 685 erat
1471 629 1719 700 positus,
1768 646 1836 684 ex
1866 629 1958 684 die
2006 645 2123 700 qua

474 714 766 786 oppressit
792 715 1051 772 Thamar
1081 733 1339 773 sororem
1369 717 1514 788 ejus.
1549 719 1716 775 Nunc
1741 735 1876 791 ergo
1919 734 1988 773 ne
2021 736 2121 790 po-

477 809 579 858 nat
602 804 878 861 dominus
913 822 1081 861 meus
1133 822 1232 862 rex
1285 823 1464 879 super
1511 823 1610 863 cor
1656 825 1829 864 suum
1879 808 2120 864 verbum

475 893 659 960 istud,
685 893 911 950 dicens:
940 894 1158 951 Omnes
1190 894 1294 950 ﬁlii
1331 896 1485 969 regis
1516 897 1692 953 occisi
1739 901 1880 952 sunt
1912 911 1924 949 :
1978 912 2120 967 quo-

475 981 636 1038 niam
668 985 896 1039 Amnon
929 982 1089 1041 solus
1123 990 1392 1042 mortuus
1423 991 1534 1042 est.
1569 987 1742 1058 Fugit
1773 990 1970 1044 autem
2004 984 2120 1040 Ab-

477 1071 683 1128 salom:
716 1078 774 1128 et
807 1072 1016 1129 levavit
1041 1090 1187 1145 puer
1232 1075 1569 1146 speculator
1617 1074 1818 1132 oculos
1869 1092 2032 1143 suos,
2067 1078 2123 1130 et

475 1161 726 1234 aspexit:
758 1167 816 1218 et
845 1178 976 1218 ecce
1007 1163 1263 1235 pepulus
1295 1163 1520 1220 multus
1553 1164 1818 1221 veniebat
1863 1181 1967 1236 per
2015 1164 2123 1219 iter

476 1250 710 1307 devium
743 1268 812 1307 ex
838 1250 1017 1307 latere
1044 1253 1283 1308 montis.
1321 1253 1473 1308 Dixit
1503 1259 1700 1309 autem
1749 1254 2015 1310 Jonadab
2047 1253 2119 1308 ad

476 1356 694 1412 regem:
727 1341 870 1396 Ecce
905 1341 1007 1395 ﬁlii
1041 1343 1196 1413 regis
1231 1343 1467 1398 adsunt:
1493 1344 1666 1414 juxta
1698 1344 1934 1398 verbum
1969 1343 2118 1399 servi

474 1430 562 1484 tui
595 1430 679 1485 sic
704 1431 920 1485 factum
951 1435 1060 1485 est.
1107 1431 1372 1502 Cumque
1405 1437 1698 1488 cessasset
1719 1433 1904 1504 loqui,
1936 1450 2119 1504 appa-

476 1525 725 1577 ruerunt
753 1525 810 1577 et
840 1520 944 1575 ﬁlii
979 1521 1155 1592 regis:
1195 1529 1251 1576 et
1304 1521 1595 1578 intrantes
1639 1522 1975 1578 levaverunt
2023 1541 2119 1578 vo-

473 1626 599 1665 cem
633 1625 826 1677 suam,
858 1615 916 1665 et
941 1610 1246 1664 ﬂeverunt:
1277 1611 1380 1666 sed
1412 1615 1469 1666 et
1499 1628 1592 1668 rex
1629 1615 1685 1666 et
1720 1629 1920 1667 omnes
1969 1612 2117 1667 servi

471 1701 599 1770 ejus
629 1700 916 1755 fleverunt
938 1698 1165 1771 ploratu
1192 1717 1401 1771 magno
1418 1701 1614 1756 nimis.
1642 1707 1816 1757 Porro
1841 1701 2116 1757 Absalom

2231 538 2384 596 Vivit
2415 542 2722 615 Dominus,
2757 547 2895 617 quia
2927 564 3040 604 non
3073 549 3241 606 cadet
3271 551 3343 608 de
3373 553 3603 625 capillis
3636 555 3732 610 filii
3767 556 3839 612 tui

2232 645 2412 701 super
2443 635 2677 689 terram.
2711 634 2865 690 Dixit
2893 652 3030 708 ergo
3062 638 3296 697 mulier:
3329 639 3628 713 Loquatur
3658 645 3840 701 ancilla

2229 721 2326 773 tua
2361 720 2429 774 ad
2465 721 2770 778 dominum
2805 740 3002 781 meum
3054 743 3251 800 regem
3310 731 3578 787 verbum.
3632 733 3693 789 Et
3736 735 3844 791 ait:

2233 807 2514 879 Loquere.
2551 810 2818 883 Dixitque
2849 814 3080 872 mulier:
3124 818 3313 883 Quare
3356 819 3626 892 cogitasti
3670 821 3848 879 istius-

2230 897 2388 952 modi
2419 915 2540 955 rem
2573 906 2778 957 contra
2808 903 3090 975 populum
3123 905 3242 975 Dei,
3275 914 3333 963 et
3376 906 3611 966 locutus
3656 917 3738 967 est
3761 929 3847 969 rex

2227 986 2470 1042 verbum
2507 988 2688 1056 istud,
2725 995 2787 1046 ut
2812 997 3032 1063 peccet,
3061 999 3119 1050 et
3165 1011 3282 1050 non
3331 997 3576 1054 reducat
3622 1003 3847 1070 ejectum

2229 1090 2406 1131 suum
2437 1076 2464 1131 ?
2496 1077 2712 1136 Omnes
2736 1079 3043 1152 morimur,
3076 1087 3132 1139 et
3161 1086 3332 1155 quasi
3363 1103 3527 1158 aquae
3550 1087 3844 1145 dilabimur

2228 1164 2286 1218 in
2324 1170 2564 1234 terram,
2598 1185 2726 1239 ques
2762 1185 2877 1225 non
2910 1175 3280 1228 revertuntur
3313 1175 3436 1247 [ηπ.
3458 1179 3850 1251 revertantur],

2229 1271 2336 1311 nec
2369 1254 2489 1310 vult
2518 1255 2674 1312 Deus
2701 1257 2891 1330 perire
2923 1259 3208 1327 animam,
3231 1264 3334 1319 sed
3366 1271 3665 1336 retractat,
3711 1270 3851 1340 cogi-

2228 1348 2362 1401 tans
2391 1363 2461 1401 ne
2493 1347 2728 1418 penitus
2761 1354 2961 1419 pereat
2989 1351 3090 1421 qui
3125 1352 3391 1423 abjectus
3420 1359 3532 1410 est.
3567 1355 3730 1412 Nunc
3757 1357 3856 1430 igi-

2228 1437 2326 1488 tur
2350 1435 2504 1500 veni,
2537 1439 2602 1491 ut
2627 1435 2836 1507 loquar
2865 1438 2938 1492 ad
2970 1438 3279 1496 dominum
3315 1459 3511 1498 meum
3529 1460 3722 1516 regem
3744 1465 3860 1502 ver-

2229 1525 2369 1579 bum
2402 1523 2533 1594 hoc,
2568 1530 2852 1596 praesente
2883 1528 3121 1600 populo.
3155 1533 3224 1585 Et
3271 1530 3420 1587 dixit
3465 1533 3678 1589 ancilla
3722 1540 3857 1592 tua:

2231 1614 2463 1684 Loquar
2493 1613 2565 1668 ad
2594 1630 2812 1685 regem,
2845 1615 2894 1670 si
2927 1632 3042 1686 quo
3075 1618 3248 1673 modo
3275 1619 3453 1674 faciat
3482 1637 3582 1675 rex
3631 1625 3858 1678 verbum

2227 1701 2452 1757 ancillae
2483 1719 2622 1758 suis.
2667 1703 2735 1758 Et
2767 1703 2991 1759 audivit
3021 1721 3142 1774 rex,
3177 1716 3235 1762 ut
3282 1705 3556 1764 liberaret
3598 1711 3861 1768 ancillam

469 1789 724 1860 fugiens,
784 1788 929 1845 abiit
959 1790 1031 1845 ab
1089 1789 1398 1845 Tholomai
1453 1790 1535 1862 (h.
1583 1791 1870 1863 Tbalmai)
1931 1789 2115 1845 tilium
2152 1827 2196 1891 Β
2233 1808 2400 1847 suam
2432 1792 2502 1846 de
2535 1807 2709 1846 manu
2743 1792 3010 1848 omnium
3041 1793 3126 1866 (h.
3157 1796 3308 1866 viri),
3343 1796 3445 1867 qui
3492 1797 3762 1856 volebant
3800 1801 3863 1856 de

467 1879 679 1935 Amiud
701 1881 826 1948 [τηε.
854 1879 1082 1950 Amiur]
1100 1895 1293 1951 regem
1309 1879 1548 1936 Gessur.
1578 1880 1748 1934 Luxit
1774 1898 1911 1952 ergo
1938 1879 2116 1935 David

469 1968 658 2024 ﬁlium
691 1986 864 2024 suum
899 1968 1128 2024 cunctis
1152 1967 1380 2024 diebus.
1431 1967 1705 2024 Absalom
1740 1974 1934 2024 autem
1987 1985 2118 2024 cum

467 2058 738 2129 fugisset,
773 2064 830 2113 et
859 2058 1116 2113 venisset
1145 2057 1204 2113 in
1237 2057 1476 2126 Gessur,
1512 2056 1617 2111 fuit
1651 2057 1728 2112 ibi
1775 2059 1963 2113 tribus
2016 2075 2118 2113 an-

473 2149 589 2204 nis.
623 2147 998 2219 CesSavitque
1029 2147 1206 2202 David
1240 2163 1339 2201 rex
1369 2147 1642 2217 persequi
1675 2147 1756 2218 [h.
1789 2145 1943 2202 exire
1964 2151 2118 2218 post]

466 2237 742 2293 Absalom
766 2238 810 2305 ³,
841 2253 906 2293 eo
941 2237 1094 2309 quod
1127 2235 1463 2292 consolatus
1495 2239 1648 2292 esset
1677 2253 1856 2308 super
1888 2241 2116 2293 Amnon

478 2327 740 2383 interitu.
1153 2325 1156 2329 ’

549 2417 636 2488 [Τ.
669 2414 843 2484 CXII,
877 2415 1004 2487 Cap.
1029 2414 1192 2480 XIVJ
1212 2413 1550 2484 Intelligens
1574 2417 1768 2469 autem
1791 2413 1936 2470 Joab
1960 2413 2118 2470 ﬁlius

474 2507 686 2563 Sarvia
718 2506 872 2577 quod
904 2521 1004 2560 cor
1034 2503 1188 2573 regis
1221 2519 1452 2558 versum
1494 2507 1649 2558 esset
1697 2503 1769 2558 ad
1820 2501 2117 2574 Absalom,

475 2595 637 2653 misit
665 2594 984 2659 Thecuam,
1018 2598 1075 2649 et
1105 2591 1236 2648 tulit
1267 2591 1402 2647 inde
1433 2591 1734 2647 mulierem
1768 2591 2112 2662 sapientem,

472 2686 734 2757 dixitque
792 2685 863 2740 ad
903 2699 1056 2739 eam:
1115 2681 1334 2752 Lugere
1363 2685 1421 2736 te
1479 2678 1721 2751 simula,
1757 2685 1813 2736 et
1870 2681 2114 2736 induere

469 2783 624 2832 veste
651 2773 908 2847 lugubri,
943 2789 1015 2828 ne
1046 2771 1286 2843 ungaris
1317 2769 1464 2839 oleo;
1499 2773 1562 2825 ut
1591 2770 1672 2826 sis
1704 2769 1872 2842 quasi
1905 2768 2115 2824 mulier

470 2866 866 2938 plurimojam
906 2868 1167 2933 tempore
1196 2859 1407 2932 lugens
1439 2863 1735 2915 mortuum
1763 2877 1776 2928 ;
1809 2866 1864 2914 et
1913 2859 2109 2930 ingre-

468 2955 649 3010 dieris
679 2954 751 3008 ad
777 2967 996 3023 regem,
1027 2954 1083 3006 et
1112 2948 1373 3020 loqueris
1405 2949 1473 3004 ad
1505 2964 1640 3003 eum
1673 2963 1972 3004 sermones
2007 2947 2111 3001 hu-

461 3041 815 3114 juscemodi.
852 3040 1051 3096 Posuit
1107 3053 1243 3109 ergo
1273 3037 1418 3093 Joab
1477 3038 1651 3092 verba
1685 3037 1745 3091 in
1805 3053 1900 3092 ore
1955 3037 2105 3107 ejus.

466 3136 668 3203 Itaque
699 3147 832 3187 cum
866 3131 1132 3201 ingressa
1163 3127 1371 3183 fuisset
1421 3125 1632 3181 mulier
1680 3125 1980 3182 Thecuitis
2033 3125 2104 3181 ad

466 3238 685 3294 regem,
717 3220 926 3276 cecidit
957 3235 1152 3274 coram
1186 3233 1252 3272 eo
1284 3233 1463 3287 super
1492 3220 1734 3282 terram,
1757 3224 1806 3271 et
1840 3216 2105 3272 adoravit
2137 3187 2180 3254 α

466 3312 550 3384 [h.
585 3310 794 3367 cecidit
820 3325 983 3381 super
1009 3309 1220 3379 [aciem
1248 3322 1410 3362 suam
1442 3307 1499 3360 in
1530 3309 1760 3376 terram,
1794 3311 1854 3360 et
1895 3306 2105 3361 adora-

461 3402 590 3473 vit],
625 3405 680 3456 et
711 3399 873 3454 dixit:
907 3404 1081 3452 Serva
1115 3413 1224 3465 me,
1257 3412 1373 3451 rex.
1417 3398 1483 3450 Et
1526 3394 1606 3450 ait
1652 3395 1722 3450 ad
1772 3411 1900 3450 eam
1955 3411 2052 3450 rex
2089 3411 2102 3452 :

463 3490 612 3554 Quid
644 3507 831 3545 causa:
867 3486 1086 3543 habes?
1117 3488 1252 3551 Quae
1305 3484 1643 3556 respondit:
1696 3485 1840 3548 Heu,
1897 3483 2106 3540 mulier

461 3582 641 3636 vidua
661 3595 768 3650 ego
800 3594 956 3634 sum:
1002 3580 1272 3631 mortuus
1321 3579 1412 3630 est
1459 3573 1610 3629 enim
1664 3574 1752 3627 vir
1800 3589 1990 3630 meus.
2039 3578 2104 3629 Et

461 3667 685 3726 ancilla:
718 3671 829 3723 tua:
861 3672 1027 3721 erant
1058 3666 1172 3719 duo
1204 3663 1328 3730 lilii,
1361 3662 1460 3735 qui
1495 3662 1662 3718 rixati
1711 3667 1850 3719 sunt
1893 3665 2098 3719 adver-

459 3775 593 3816 sum
625 3774 687 3813 se
719 3758 777 3811 in
811 3772 972 3828 agro,
1002 3754 1318 3824 nullusque
1348 3757 1472 3808 erat
1502 3752 1600 3823 qui
1643 3768 1741 3808 eos
1793 3751 2097 3824 prohibere

455 3854 676 3921 posset:
711 3852 769 3902 et
825 3843 1115 3918 percussit
1169 3842 1316 3898 alter
1371 3841 1638 3909 alterum,
1699 3847 1755 3896 et
1809 3841 2098 3898 interfecit

455 3955 613 3995 eum.
647 3939 714 3990 Et
743 3951 873 3990 ecce
905 3947 1264 4002 consurgens
1298 3930 1568 3985 universa
1599 3931 1866 4002 cognatio
1897 3931 2104 3986 adver-~

455 4044 589 4086 sum
622 4023 900 4080 ancillam
932 4025 1119 4087 tuam,
1169 4018 1329 4074 dicit:
1377 4019 1564 4074 Trade
1613 4035 1769 4087 eum,
1823 4019 1922 4090 qui
1966 4036 2094 4090 per-

455 4116 642 4173 cussit
673 4114 910 4169 fratrem
941 4126 1142 4177 suum,
1171 4114 1228 4164 et
1258 4107 1592 4165 occidamus
1625 4125 1758 4163 eum
1777 4125 1878 4180 pro
1901 4109 2096 4165 anima

455 4205 653 4260 fratris
685 4202 777 4259 sui
809 4217 983 4273 quem
1016 4197 1330 4268 interfecit,
1361 4204 1418 4254 et
1448 4197 1750 4253 deleamus
1782 4197 2092 4254 hazredem:

453 4299 510 4351 et
539 4296 810 4366 quarunt
833 4289 1202 4361 exstinguere
1241 4285 1558 4343 scintillam
1591 4303 1804 4357 meam,
1839 4304 1966 4357 qua:
2013 4304 2095 4343 re-

451 4383 590 4440 licta
623 4389 732 4450 est,
797 4385 861 4437 ut
893 4397 1005 4435 non
1068 4377 1327 4450 supersit
1384 4377 1506 4432 viro
1567 4393 1694 4432 meo
1757 4393 1990 4447 nomen,
2036 4381 2093 4433 et

449 4473 709 4545 reliquiae
736 4487 913 4543 super
935 4474 1149 4525 terram
1182 4467 1262 4540 (h.
1295 4483 1472 4537 super
1520 4466 1725 4521 faciem
1762 4467 1969 4539 terrae).
2026 4467 2092 4521 Et

2231 1879 2568 1936 hisreditate
2599 1881 2698 1936 Dei
2731 1880 2923 1938 delere
2953 1881 3035 1954 (h.
3068 1883 3430 1956 disperdere)
3455 1903 3569 1956 me,
3600 1893 3659 1944 et
3686 1888 3863 1946 ﬁlium

2185 1980 2193 1990 ‘
2230 1985 2427 2025 meum
2461 1969 2657 2026 simul.
2695 1971 2854 2026 Dicat
2884 1988 3017 2043 ergo
3039 1972 3255 2030 ancilla
3281 1981 3400 2043 tua,
3426 1981 3492 2032 ut
3513 1976 3614 2033 ﬁat
3634 1979 3864 2035 verbum

2229 2059 2453 2114 domini
2486 2060 2597 2116 mei
2647 2062 2798 2132 regis
2844 2060 3013 2132 quasi
3056 2062 3411 2120 sacriﬁcium
3461 2065 3545 2134 [h.
3591 2067 3765 2137 quasi
3809 2068 3866 2124 in

2226 2149 2517 2220 requiem].
2551 2148 2716 2205 Sicut
2744 2148 2900 2205 enim
2932 2151 3177 2222 angelus
3199 2151 3324 2218 Dei,
3355 2153 3440 2209 sic
3470 2159 3561 2210 est
3589 2155 3863 2214 dominus

2230 2257 2398 2294 meus
2429 2255 2550 2309 rex,
2585 2243 2647 2293 ut
2678 2255 2783 2294 nec
2836 2240 3258 2308 benedictione,
3307 2258 3414 2298 nec
3466 2243 3868 2303 maledictione

2229 2331 2531 2384 moveatur
2559 2327 2643 2397 [h.
2682 2333 2743 2383 ut
2770 2328 2974 2384 audiat
3005 2330 3211 2385 bonum
3241 2334 3293 2386 et
3319 2333 3557 2404 malum]
3583 2351 3596 2388 :
3633 2336 3790 2392 unde
3815 2343 3869 2393 et

2227 2416 2514 2473 Dominus
2550 2417 2698 2472 Deus
2730 2421 2869 2473 tuus
2903 2417 2982 2488 (h.
3016 2421 3072 2473 et
3100 2417 3412 2489 Dominus)
3445 2427 3534 2478 est
3562 2429 3776 2481 tecum.
3808 2430 3871 2482 Et

2227 2504 2593 2574 respondens
2626 2519 2748 2571 rex,
2781 2503 2928 2559 dixit
2949 2505 3020 2560 ad
3050 2505 3380 2562 mulierem:
3412 2507 3495 2564 Ne
3545 2509 3872 2568 abscondas

2227 2609 2261 2648 a
2292 2609 2384 2648 me
2415 2593 2679 2659 verbum,
2711 2593 2868 2665 quod
2901 2597 2955 2649 te
2987 2594 3303 2668 interrogo.
3335 2595 3612 2669 Dixitque
3643 2600 3874 2656 mulier:

2227 2682 2513 2754 Loquere,
2545 2681 2780 2738 domine
2831 2683 2908 2737 mi
2969 2699 3088 2740 rex.
3146 2684 3216 2740 Et
3244 2683 3329 2740 ait
3385 2703 3528 2742 rex:
3589 2688 3871 2762 Nunquid

2224 2788 2438 2827 manus
2467 2771 2611 2827 Joab
2644 2775 2837 2827 tecum
2870 2776 2956 2828 est
2986 2771 3045 2827 in
3078 2773 3352 2830 omnibus
3383 2774 3876 2850 istis?Respondit

2223 2860 2434 2916 mulier
2464 2866 2522 2916 et
2565 2863 2664 2917 ait:
2698 2865 2804 2916 Per
2852 2860 3102 2916 salutem
3162 2862 3371 2918 animis
3430 2869 3546 2919 tua:
3604 2865 3688 2938 [h.
3741 2867 3873 2925 vita:

2220 2949 2373 3019 tuze],
2407 2948 2641 3005 domine
2673 2948 2754 3004 mi
2786 2966 2902 3015 rex,
2937 2966 3042 3006 nec
3063 2950 3133 3005 ad
3158 2949 3482 3019 sinistram,
3505 2969 3611 3010 nec
3633 2957 3706 3011 ad
3733 2958 3873 3013 dex-

2221 3044 2401 3094 teram
2435 3043 2525 3094 est
2553 3055 2618 3094 ex
2642 3037 2920 3094 omnibus
2951 3038 3044 3095 his
3089 3056 3218 3111 qua:
3261 3040 3493 3098 locutus
3535 3047 3626 3099 est
3674 3045 3870 3102 domi-

2223 3146 2334 3184 nus
2367 3145 2534 3184 meus
2565 3144 2682 3183 rex:
2717 3144 2920 3184 servus
2950 3127 3105 3184 enim
3139 3134 3279 3185 tuus
3305 3129 3454 3187 Joab
3486 3132 3613 3205 ipse
3652 3151 3871 3206 prame-

2221 3218 2309 3290 pit
2341 3216 2506 3288 mihi,
2538 3221 2594 3272 et
2625 3216 2749 3288 ipse
2778 3217 2977 3288 posuit
3009 3217 3067 3272 in
3119 3235 3185 3274 os
3227 3218 3456 3277 ancillas
3502 3227 3620 3278 tum
3661 3226 3870 3280 omnia

2214 3307 2389 3363 verba
2422 3306 2560 3361 haec.
2596 3305 2667 3361 Ut
2697 3311 2979 3362 verterem
3015 3307 3265 3379 ﬁguram
3314 3310 3606 3367 sermonis
3656 3313 3868 3385 hujus,

2214 3412 2420 3452 servus
2453 3400 2590 3452 tuus
2619 3395 2765 3451 Jnab
2797 3395 3069 3467 praecepit
3099 3397 3258 3452 istud
3291 3397 3374 3470 (h.
3409 3399 3547 3456 fecit
3577 3400 3785 3473 istud):
3809 3408 3871 3459 tu

2212 3491 2428 3553 autem,
2463 3485 2698 3540 domine
2731 3483 2832 3549 mi,
2868 3485 3105 3558 sapiens
3133 3501 3219 3553 es,
3251 3486 3406 3543 sicut
3426 3488 3606 3546 habet
3626 3491 3874 3564 sapien-

2210 3575 2355 3631 tiam
2389 3573 2634 3647 angelus
2653 3573 2850 3641 Dei,ut
2877 3573 3174 3646 intelligas
3199 3576 3400 3632 omnia
3423 3595 3605 3650 super
3623 3586 3871 3637 terram.

2211 3665 2294 3735 ('I‘.
2330 3663 2546 3732 CXIII.)
2577 3663 2645 3720 Et
2674 3663 2756 3720 ait
2784 3681 2883 3720 rex
2912 3665 2982 3720 ad
3025 3664 3207 3722 Joab:
3252 3667 3397 3722 Ecce
3443 3667 3716 3740 placatus
3763 3672 3872 3728 feci

2208 3754 2450 3809 verbum
2480 3757 2650 3809 tuum
2683 3752 2767 3824 (h.
2800 3753 3046 3809 verbum
3081 3754 3234 3826 hoc):
3267 3755 3418 3812 vade
3467 3772 3632 3830 ergo,
3666 3767 3728 3816 et
3776 3778 3872 3817 re-

2209 3859 2351 3898 voca
2382 3858 2628 3915 puerum
2659 3841 2958 3899 Absalom.
2985 3842 3325 3916 Cadensque
3353 3843 3498 3902 Joab
3549 3863 3738 3920 super
3785 3849 3871 3906 fa-

2206 3933 2348 3988 ciem
2384 3949 2554 3988 suam
2582 3931 2642 3987 in
2677 3935 2912 4000 terram,
2949 3933 3208 3989 adoravit
3238 3939 3296 3989 et
3325 3935 3628 3992 benedixit
3651 3939 3872 4011 regi,et

2203 4022 2349 4078 dixit
2376 4023 2538 4078 .loab:
2573 4022 2756 4078 Hodie
2787 4021 3072 4077 intellexit
3119 4037 3325 4079 servus
3366 4029 3525 4094 tuus,
3575 4027 3723 4097 quia
3778 4029 3870 4084 in-

2201 4112 2334 4168 veni
2364 4112 2614 4184 gratiam
2649 4112 2706 4166 in
2741 4109 2926 4167 oculis
2961 4111 3101 4181 tuis,
3136 4112 3378 4168 domine
3411 4114 3492 4169 mi
3517 4131 3637 4172 rex:
3676 4117 3872 4174 fecisti

2202 4201 2359 4257 enim
2393 4215 2723 4256 sermonem
2758 4199 2909 4254 servi
2943 4199 3048 4254 tui.
3098 4201 3366 4256 Surrexit
3421 4216 3561 4274 ergo
3608 4205 3766 4260 Joab
3815 4210 3874 4261 et

2204 4290 2349 4346 abiit
2380 4289 2439 4344 in
2471 4288 2711 4357 Gessur,
2745 4295 2802 4344 et
2832 4289 3077 4344 adduxit
3104 4289 3360 4346 Absalon
3397 4291 3454 4345 in
3505 4293 3872 4351 Jerusalem.

2201 4378 2356 4434 Dixit
2381 4382 2578 4434 autem
2613 4379 2652 4432 ¹;
2681 4376 3024 4432 Revertatur
3053 4377 3114 4432 in
3146 4378 3389 4434 domum
3420 4396 3617 4451 suam,
3665 4387 3730 4438 et
3786 4385 3902 4439 far

2201 4468 2348 4525 ciem
2382 4483 2575 4522 meam
2599 4483 2716 4522 non
2749 4465 2959 4522 videat.
2993 4469 3284 4524 Reversus
3313 4473 3403 4524 est
3432 4467 3634 4542 itaque
3684 4472 3880 4528 Absa-

446 4564 530 4618 ait
561 4579 659 4617 rex
691 4562 762 4616 ad
823 4558 1152 4614 mulierem:
1211 4556 1370 4612 Vade
1401 4555 1459 4610 in
1511 4555 1752 4611 domum
1813 4559 2000 4623 tuam,
2034 4559 2091 4611 et
2119 4560 2165 4624 D
2199 4556 2318 4612 lom
2353 4557 2412 4612 in
2447 4557 2688 4612 domum
2723 4572 2917 4622 suam,
2951 4560 3009 4612 et
3039 4556 3248 4612 faciem
3301 4558 3457 4630 regis
3509 4575 3626 4616 non
3691 4560 3874 4618 vidit.

444 4669 550 4725 ego
577 4651 797 4722 jubebo
830 4667 932 4721 pro
966 4655 1041 4704 te.
1087 4645 1355 4715 Dixitque
1403 4643 1616 4700 mulier
1663 4644 1962 4700 Thecuitis
2011 4646 2082 4701 ad

443 4756 661 4812 regem:
695 4743 760 4794 In
788 4755 904 4805 me,
935 4737 1171 4792 domine
1206 4734 1285 4789 mi
1327 4751 1424 4790 rex
1466 4735 1655 4806 (Vulg.
1705 4734 1917 4789 addunt
1959 4733 2080 4804 sit),

438 4828 746 4900 iniquitas,
780 4835 838 4883 et
868 4829 926 4882 in
959 4829 1200 4882 domum
1245 4825 1426 4897 patris
1478 4823 1612 4879 mei:
1665 4842 1763 4880 rex
1798 4833 1994 4880 autem
2025 4832 2084 4880 et

437 4917 688 4973 thronus
717 4921 845 4988 ejus
878 4918 947 4972 sit
984 4919 1285 4972 innocens.
1320 4918 1386 4969 Et
1415 4915 1494 4970 ait
1545 4929 1662 4969 rex:
1696 4915 1799 4980 Qui
1854 4919 2081 4970 contra-

436 5007 644 5064 dixerit
687 5007 768 5080 [h.
805 5006 910 5070 Qui
943 5007 1171 5062 locutus
1202 5004 1395 5076 fuerit]
1432 5004 1558 5069 tibi,
1591 5004 1782 5059 adduc
1821 5019 1954 5060 eum
2004 5005 2075 5059 ad

435 5115 548 5167 me,
579 5103 636 5153 et
671 5098 824 5153 ultra
856 5113 969 5152 non
1002 5096 1178 5150 addet
1211 5101 1273 5149 ut
1302 5099 1506 5165 tangat
1535 5100 1609 5148 te.
1644 5094 1778 5157 Qua:
1829 5094 1929 5149 ait:
1966 5093 2072 5149 Re-

429 5192 702 5241 cordetur
731 5204 828 5242 rex
859 5183 1092 5241 Domini
1125 5186 1221 5238 Dei
1246 5184 1359 5247 sui,
1383 5190 1447 5238 ut
1469 5198 1582 5237 non
1611 5181 2074 5253 multiplicantur

423 5275 674 5347 proximi
709 5274 1020 5347 sanguinis
1054 5273 1122 5329 ad
1159 5271 1586 5340 ulciscendum,
1615 5275 1672 5324 et
1704 5287 2069 5341 nequaquam

2195 4647 2373 4702 Porro
2397 4645 2552 4701 sicut
2580 4643 2856 4699 Absalom
2891 4644 2978 4699 vir
3007 4661 3125 4700 non
3159 4650 3286 4701 erat
3314 4645 3562 4719 pulcher
3591 4649 3656 4704 in
3693 4651 3872 4706 omni

2193 4735 2393 4803 Israel,
2424 4745 2476 4791 et
2499 4734 2579 4805 (h.
2615 4751 2731 4789 non
2766 4732 2962 4805 habet)
2994 4733 3242 4791 decorus
3273 4735 3474 4805 nimis,
3520 4755 3554 4793 a
3597 4740 3873 4813 vestigio

2193 4826 2356 4897 pedis
2387 4839 2576 4895 usque
2598 4825 2670 4878 ad
2703 4822 2974 4878 verticem
3001 4839 3116 4878 non
3151 4830 3274 4879 erat
3305 4824 3362 4880 in
3394 4841 3462 4880 eo
3496 4824 3618 4881 ulla
3654 4845 3875 4884 macu-

2188 4915 2265 4970 la.
2303 4915 2623 4984 thuando
2650 4912 2930 4967 tondebat
2959 4912 3238 4983 capillum
3290 4913 3495 4984 (semel
3547 4920 3761 4973 autem
3798 4917 3865 4972 in

2187 5019 2343 5060 anno
2375 5001 2725 5057 tondebatur
2754 5001 2832 5070 [h.
2868 5000 2934 5054 Et
2974 5002 3209 5072 quando
3261 5002 3614 5060 tondebatur
3670 5010 3872 5078 caput

2185 5094 2314 5163 ejus
2365 5091 2609 5162 [statuto
2669 5095 2861 5145 autem
2921 5093 3186 5161 tempore
3243 5091 3647 5166 tondebatur],
3707 5095 3870 5166 quia.

2183 5183 2610 5254 gravabateum
2629 5178 2944 5249 caesaries),
2971 5179 3594 5251 ponderabatcapillos
3629 5182 3872 5254 capitis

2182 5270 2272 5326 sui
2305 5269 2575 5325 ducentis
2601 5266 2762 5324 siclis
2794 5267 3051 5339 pondere
3081 5267 3316 5338 publico
3343 5268 3422 5339 (h.
3460 5271 3675 5343 regio).
3713 5269 3862 5328 Nati

491 5457 508 5490 ⁸
542 5453 742 5526 Neque
770 5453 1068 5521 Hebrzeus,
1098 5465 1285 5520 neque
1327 5448 1642 5504 Veronens.
1694 5464 1804 5504 ms.
1849 5447 2068 5506 habent
2178 5445 2778 5531 falsidiieronymiin
2811 5445 3038 5531 Regum
3068 5443 3271 5502 libros.
3304 5445 3496 5503 anr.
3604 5519 3647 5531 __
3729 5521 3742 5531 .

415 5523 511 5580 hic
535 5516 664 5582 rex:
1055 5516 1065 5521 '
1188 5516 1207 5520 “
2247 5523 2268 5557 ³
2299 5521 2401 5576 Hie
2432 5516 2773 5575 vero'addix
2803 5516 2920 5573 rex‘
2955 5516 3272 5576 Veroneus.
3322 5534 3437 5576 ms.
3499 5519 3862 5578 rectissimo

411 5651 421 5663 ,
484 5597 674 5661 ²Ουίά
705 5596 777 5652 de
804 5595 918 5652 ista
958 5591 1382 5665 persecutionis
1431 5591 1758 5665 cessatione
1805 5593 2062 5651 sentien-
2173 5609 2309 5651 cum
2349 5590 2588 5649 Hebraeo
2621 5594 2782 5648 textu
2811 5594 2869 5647 et
2896 5587 3186 5662 Vulgatis.

413 5665 555 5723 dum
590 5669 690 5738 sit,
730 5668 880 5738 vide,
913 5664 972 5724 si
997 5665 1272 5735 volueris,
1317 5664 1688 5722 Traditiones
1749 5665 2063 5723 Hebraicas
