  <div class='ocr_page' id='page_1' title='image "/cluster/home/n/w/nwhite01/storage/ocr_20150623/28/hvd.32044052824265/388.png"; bbox 0 0 3982 6178; ppageno 0'>
   <div class='ocr_carea' id='block_1_1' title="bbox 220 419 325 477">
    <p class='ocr_par' dir='ltr' id='par_1_1' title="bbox 220 419 325 477">
     <span class='ocr_line' id='line_1_1' title="bbox 220 419 325 477; baseline 0 0"><span class='ocrx_word' id='word_1_1' title='bbox 220 419 325 477; x_wconf 82' lang='grc'><strong>689</strong></span> 
     </span>
    </p>
   </div>
   <div class='ocr_carea' id='block_1_2' title="bbox 1598 419 2317 475">
    <p class='ocr_par' dir='ltr' id='par_1_2' title="bbox 1598 419 2317 475">
     <span class='ocr_line' id='line_1_2' title="bbox 1598 419 2317 475; baseline -0.001 0"><span class='ocrx_word' id='word_1_2' title='bbox 1598 421 1811 475; x_wconf 78' lang='lat' dir='ltr'><strong>LIBER</strong></span> <span class='ocrx_word' id='word_1_3' title='bbox 1847 421 1898 472; x_wconf 89' lang='grc' dir='ltr'>ῐῐ</span> <span class='ocrx_word' id='word_1_4' title='bbox 1935 419 2317 474; x_wconf 81' lang='lat' dir='ltr'><strong>SAMUELIS.</strong></span> 
     </span>
    </p>
   </div>
   <div class='ocr_carea' id='block_1_3' title="bbox 3535 421 3644 477">
    <p class='ocr_par' dir='ltr' id='par_1_3' title="bbox 3535 421 3644 477">
     <span class='ocr_line' id='line_1_3' title="bbox 3535 421 3644 477; baseline 0.018 -2"><span class='ocrx_word' id='word_1_5' title='bbox 3535 421 3644 477; x_wconf 79' lang='lat'><strong>690</strong></span> 
     </span>
    </p>
   </div>
   <div class='ocr_carea' id='block_1_4' title="bbox 217 543 3639 620">
    <p class='ocr_par' dir='ltr' id='par_1_4' title="bbox 217 543 3639 620">
     <span class='ocr_line' id='line_1_4' title="bbox 217 543 3639 620; baseline 0 -17"><span class='ocrx_word' id='word_1_6' title='bbox 217 551 355 603; x_wconf 82' lang='lat' dir='ltr'><strong>sunt</strong></span> <span class='ocrx_word' id='word_1_7' title='bbox 385 550 583 603; x_wconf 87' lang='lat' dir='ltr'><strong>autem</strong></span> <span class='ocrx_word' id='word_1_8' title='bbox 618 547 848 605; x_wconf 80' lang='lat' dir='ltr'><strong>Asalom</strong></span> <span class='ocrx_word' id='word_1_9' title='bbox 879 547 986 604; x_wconf 83' lang='lat' dir='ltr'><strong>ﬁlii</strong></span> <span class='ocrx_word' id='word_1_10' title='bbox 1017 552 1161 620; x_wconf 86' lang='lat' dir='ltr'><strong>tres,</strong></span> <span class='ocrx_word' id='word_1_11' title='bbox 1192 551 1251 605; x_wconf 92' lang='lat' dir='ltr'><strong>et</strong></span> <span class='ocrx_word' id='word_1_12' title='bbox 1280 547 1418 604; x_wconf 83' lang='lat' dir='ltr'><strong>ﬁliis</strong></span> <span class='ocrx_word' id='word_1_13' title='bbox 1467 564 1587 604; x_wconf 90' lang='lat' dir='ltr'><strong>una</strong></span> <span class='ocrx_word' id='word_1_14' title='bbox 1635 544 1873 601; x_wconf 83' lang='lat' dir='ltr'><strong>nomine</strong></span> <span class='ocrx_word' id='word_1_15' title='bbox 1903 545 1957 612; x_wconf 77' lang='grc' dir='ltr'><strong>Α</strong></span> <span class='ocrx_word' id='word_1_16' title='bbox 1987 543 2246 600; x_wconf 76' lang='lat' dir='ltr'><strong>adoravit</strong></span> <span class='ocrx_word' id='word_1_17' title='bbox 2278 561 2456 617; x_wconf 82' lang='lat' dir='ltr'><strong>super</strong></span> <span class='ocrx_word' id='word_1_18' title='bbox 2490 545 2694 601; x_wconf 80' lang='lat' dir='ltr'><strong>faciem</strong></span> <span class='ocrx_word' id='word_1_19' title='bbox 2728 549 2892 601; x_wconf 67' lang='lat' dir='ltr'><strong>terra:</strong></span> <span class='ocrx_word' id='word_1_20' title='bbox 2927 561 3118 603; x_wconf 87' lang='lat' dir='ltr'><strong>coram</strong></span> <span class='ocrx_word' id='word_1_21' title='bbox 3164 560 3250 617; x_wconf 92' lang='lat' dir='ltr'><strong>eo,</strong></span> <span class='ocrx_word' id='word_1_22' title='bbox 3304 545 3639 604; x_wconf 89' lang='lat' dir='ltr'><strong>osculatus-</strong></span> 
     </span>
    </p>
   </div>
   <div class='ocr_carea' id='block_1_5' title="bbox 216 633 1874 710">
    <p class='ocr_par' dir='ltr' id='par_1_5' title="bbox 216 633 1874 710">
     <span class='ocr_line' id='line_1_5' title="bbox 216 633 1874 710; baseline -0.003 -18"><span class='ocrx_word' id='word_1_23' title='bbox 216 635 499 707; x_wconf 85' lang='lat' dir='ltr'><strong>Thamar,</strong></span> <span class='ocrx_word' id='word_1_24' title='bbox 531 635 819 710; x_wconf 89' lang='lat' dir='ltr'><strong>elegantis</strong></span> <span class='ocrx_word' id='word_1_25' title='bbox 850 637 1050 694; x_wconf 76' lang='lat' dir='ltr'><strong>formae</strong></span> <span class='ocrx_word' id='word_1_26' title='bbox 1084 639 1125 707; x_wconf 88' lang='grc'><strong>¹,</strong></span> <span class='ocrx_word' id='word_1_27' title='bbox 1161 637 1499 710; x_wconf 80' lang='lat' dir='ltr'><strong>mansitque</strong></span> <span class='ocrx_word' id='word_1_28' title='bbox 1529 633 1874 692; x_wconf 88' lang='lat' dir='ltr'><strong>Absalomin</strong></span> 
     </span>
    </p>
   </div>
   <div class='ocr_carea' id='block_1_6' title="bbox 214 723 1872 798">
    <p class='ocr_par' dir='ltr' id='par_1_6' title="bbox 214 723 1872 798">
     <span class='ocr_line' id='line_1_6' title="bbox 214 723 1872 798; baseline -0.003 -17"><span class='ocrx_word' id='word_1_29' title='bbox 214 725 546 781; x_wconf 79' lang='lat' dir='ltr'><strong>Jerusalem</strong></span> <span class='ocrx_word' id='word_1_30' title='bbox 583 726 815 782; x_wconf 89' lang='lat' dir='ltr'><strong>duobus</strong></span> <span class='ocrx_word' id='word_1_31' title='bbox 848 727 1114 792; x_wconf 89' lang='lat' dir='ltr'><strong>annis,et</strong></span> <span class='ocrx_word' id='word_1_32' title='bbox 1146 727 1352 783; x_wconf 85' lang='lat' dir='ltr'><strong>faciem</strong></span> <span class='ocrx_word' id='word_1_33' title='bbox 1389 727 1540 798; x_wconf 82' lang='lat' dir='ltr'><strong>regis</strong></span> <span class='ocrx_word' id='word_1_34' title='bbox 1568 741 1682 780; x_wconf 89' lang='lat' dir='ltr'><strong>non</strong></span> <span class='ocrx_word' id='word_1_35' title='bbox 1709 723 1872 777; x_wconf 85' lang='lat' dir='ltr'><strong>vidit.</strong></span> 
     </span>
    </p>
   </div>
   <div class='ocr_carea' id='block_1_7' title="bbox 216 814 1872 888">
    <p class='ocr_par' dir='ltr' id='par_1_7' title="bbox 216 814 1872 888">
     <span class='ocr_line' id='line_1_7' title="bbox 216 814 1872 888; baseline -0.002 -18"><span class='ocrx_word' id='word_1_36' title='bbox 216 815 300 887; x_wconf 81' lang='grc' dir='ltr'><strong>[Τ.</strong></span> <span class='ocrx_word' id='word_1_37' title='bbox 334 814 557 884; x_wconf 78' lang='lat' dir='ltr'><strong>CXIV.]</strong></span> <span class='ocrx_word' id='word_1_38' title='bbox 590 815 749 871; x_wconf 71' lang='lat' dir='ltr'><strong>Misit</strong></span> <span class='ocrx_word' id='word_1_39' title='bbox 778 815 975 888; x_wconf 78' lang='lat' dir='ltr'><strong>itaque</strong></span> <span class='ocrx_word' id='word_1_40' title='bbox 1007 817 1079 872; x_wconf 86' lang='lat' dir='ltr'><strong>ad</strong></span> <span class='ocrx_word' id='word_1_41' title='bbox 1111 816 1278 885; x_wconf 89' lang='lat' dir='ltr'><strong>Joab,</strong></span> <span class='ocrx_word' id='word_1_42' title='bbox 1331 820 1394 871; x_wconf 91' lang='lat' dir='ltr'><strong>ut</strong></span> <span class='ocrx_word' id='word_1_43' title='bbox 1445 815 1700 870; x_wconf 77' lang='lat' dir='ltr'><strong>mitteret</strong></span> <span class='ocrx_word' id='word_1_44' title='bbox 1741 827 1872 867; x_wconf 88' lang='lat' dir='ltr'><strong>eum</strong></span> 
     </span>
    </p>
   </div>
   <div class='ocr_carea' id='block_1_8' title="bbox 220 904 1871 976">
    <p class='ocr_par' dir='ltr' id='par_1_8' title="bbox 220 904 1871 976">
     <span class='ocr_line' id='line_1_8' title="bbox 220 904 1871 976; baseline -0.002 -18"><span class='ocrx_word' id='word_1_45' title='bbox 220 904 288 958; x_wconf 85' lang='lat' dir='ltr'><strong>ad</strong></span> <span class='ocrx_word' id='word_1_46' title='bbox 321 919 546 975; x_wconf 86' lang='lat' dir='ltr'><strong>regem,</strong></span> <span class='ocrx_word' id='word_1_47' title='bbox 581 906 682 976; x_wconf 90' lang='lat' dir='ltr'><strong>qui</strong></span> <span class='ocrx_word' id='word_1_48' title='bbox 714 905 899 960; x_wconf 91' lang='lat' dir='ltr'><strong>noluit</strong></span> <span class='ocrx_word' id='word_1_49' title='bbox 927 905 1124 961; x_wconf 89' lang='lat' dir='ltr'><strong>venire</strong></span> <span class='ocrx_word' id='word_1_50' title='bbox 1151 906 1222 961; x_wconf 89' lang='lat' dir='ltr'><strong>ad</strong></span> <span class='ocrx_word' id='word_1_51' title='bbox 1258 921 1411 961; x_wconf 91' lang='lat' dir='ltr'><strong>eum.</strong></span> <span class='ocrx_word' id='word_1_52' title='bbox 1468 904 1729 974; x_wconf 88' lang='lat' dir='ltr'><strong>Cumque</strong></span> <span class='ocrx_word' id='word_1_53' title='bbox 1777 916 1871 956; x_wconf 83' lang='lat' dir='ltr'><strong>se-</strong></span> 
     </span>
    </p>
   </div>
   <div class='ocr_carea' id='block_1_9' title="bbox 210 990 1866 1061">
    <p class='ocr_par' dir='ltr' id='par_1_9' title="bbox 210 990 1866 1061">
     <span class='ocr_line' id='line_1_9' title="bbox 210 990 1866 1061; baseline 0 -15"><span class='ocrx_word' id='word_1_54' title='bbox 210 993 405 1047; x_wconf 87' lang='lat' dir='ltr'><strong>cundo</strong></span> <span class='ocrx_word' id='word_1_55' title='bbox 437 992 722 1061; x_wconf 80' lang='lat' dir='ltr'><strong>misisset,</strong></span> <span class='ocrx_word' id='word_1_56' title='bbox 756 999 812 1050; x_wconf 92' lang='lat' dir='ltr'><strong>et</strong></span> <span class='ocrx_word' id='word_1_57' title='bbox 843 993 940 1050; x_wconf 91' lang='lat' dir='ltr'><strong>ille</strong></span> <span class='ocrx_word' id='word_1_58' title='bbox 965 994 1254 1050; x_wconf 88' lang='lat' dir='ltr'><strong>noluisset</strong></span> <span class='ocrx_word' id='word_1_59' title='bbox 1283 993 1479 1049; x_wconf 89' lang='lat' dir='ltr'><strong>venire</strong></span> <span class='ocrx_word' id='word_1_60' title='bbox 1510 994 1580 1048; x_wconf 87' lang='lat' dir='ltr'><strong>ad</strong></span> <span class='ocrx_word' id='word_1_61' title='bbox 1635 1007 1766 1047; x_wconf 91' lang='lat' dir='ltr'><strong>eum</strong></span> <span class='ocrx_word' id='word_1_62' title='bbox 1823 990 1866 1055; x_wconf 78' lang='grc'><strong>³,</strong></span> 
     </span>
    </p>
   </div>
   <div class='ocr_carea' id='block_1_10' title="bbox 207 1081 1868 1155">
    <p class='ocr_par' dir='ltr' id='par_1_10' title="bbox 207 1081 1868 1155">
     <span class='ocr_line' id='line_1_10' title="bbox 207 1081 1868 1155; baseline -0.002 -19"><span class='ocrx_word' id='word_1_63' title='bbox 207 1081 350 1136; x_wconf 77' lang='lat' dir='ltr'><strong>dixit</strong></span> <span class='ocrx_word' id='word_1_64' title='bbox 377 1082 564 1136; x_wconf 84' lang='lat' dir='ltr'><strong>servis</strong></span> <span class='ocrx_word' id='word_1_65' title='bbox 595 1082 721 1138; x_wconf 85' lang='lat' dir='ltr'><strong>suis</strong></span> <span class='ocrx_word' id='word_1_66' title='bbox 759 1099 772 1137; x_wconf 93' lang='lat'>:</span> <span class='ocrx_word' id='word_1_67' title='bbox 807 1081 982 1138; x_wconf 90' lang='lat' dir='ltr'><strong>Scitis</strong></span> <span class='ocrx_word' id='word_1_68' title='bbox 1018 1099 1224 1155; x_wconf 80' lang='lat' dir='ltr'><strong>agrum</strong></span> <span class='ocrx_word' id='word_1_69' title='bbox 1257 1083 1402 1140; x_wconf 88' lang='lat' dir='ltr'><strong>Joab</strong></span> <span class='ocrx_word' id='word_1_70' title='bbox 1441 1084 1612 1154; x_wconf 84' lang='lat' dir='ltr'><strong>juxta</strong></span> <span class='ocrx_word' id='word_1_71' title='bbox 1661 1095 1868 1152; x_wconf 85' lang='lat' dir='ltr'><strong>agrum</strong></span> 
     </span>
    </p>
   </div>
   <div class='ocr_carea' id='block_1_11' title="bbox 210 1171 1870 1242">
    <p class='ocr_par' dir='ltr' id='par_1_11' title="bbox 210 1171 1870 1242">
     <span class='ocr_line' id='line_1_11' title="bbox 210 1171 1870 1242; baseline 0 -18"><span class='ocrx_word' id='word_1_72' title='bbox 210 1185 437 1236; x_wconf 89' lang='lat' dir='ltr'><strong>meum,</strong></span> <span class='ocrx_word' id='word_1_73' title='bbox 471 1171 783 1227; x_wconf 85' lang='lat' dir='ltr'><strong>habentem</strong></span> <span class='ocrx_word' id='word_1_74' title='bbox 837 1187 1090 1227; x_wconf 86' lang='lat' dir='ltr'><strong>messem</strong></span> <span class='ocrx_word' id='word_1_75' title='bbox 1145 1171 1384 1240; x_wconf 85' lang='lat' dir='ltr'><strong>hordei;</strong></span> <span class='ocrx_word' id='word_1_76' title='bbox 1439 1171 1518 1227; x_wconf 89' lang='lat' dir='ltr'><strong>ite</strong></span> <span class='ocrx_word' id='word_1_77' title='bbox 1563 1171 1760 1242; x_wconf 81' lang='lat' dir='ltr'><strong>igitur,</strong></span> <span class='ocrx_word' id='word_1_78' title='bbox 1811 1172 1870 1224; x_wconf 92' lang='lat' dir='ltr'><strong>et</strong></span> 
     </span>
    </p>
   </div>
   <div class='ocr_carea' id='block_1_12' title="bbox 207 1250 1866 1333">
    <p class='ocr_par' dir='ltr' id='par_1_12' title="bbox 207 1250 1866 1333">
     <span class='ocr_line' id='line_1_12' title="bbox 207 1250 1866 1333; baseline -0.001 -18"><span class='ocrx_word' id='word_1_79' title='bbox 207 1259 552 1315; x_wconf 80' lang='lat' dir='ltr'><strong>succendite</strong></span> <span class='ocrx_word' id='word_1_80' title='bbox 583 1276 716 1316; x_wconf 88' lang='lat' dir='ltr'><strong>eum</strong></span> <span class='ocrx_word' id='word_1_81' title='bbox 753 1259 897 1333; x_wconf 88' lang='lat' dir='ltr'><strong>igni.</strong></span> <span class='ocrx_word' id='word_1_82' title='bbox 931 1261 1364 1317; x_wconf 80' lang='lat' dir='ltr'><strong>Succenderent</strong></span> <span class='ocrx_word' id='word_1_83' title='bbox 1395 1277 1532 1333; x_wconf 90' lang='lat' dir='ltr'><strong>ergo</strong></span> <span class='ocrx_word' id='word_1_84' title='bbox 1562 1259 1706 1315; x_wconf 85' lang='lat' dir='ltr'><strong>servi</strong></span> <span class='ocrx_word' id='word_1_85' title='bbox 1756 1250 1866 1314; x_wconf 83' lang='lat' dir='ltr'><strong>Ab-</strong></span> 
     </span>
    </p>
   </div>
   <div class='ocr_carea' id='block_1_13' title="bbox 212 1348 1868 1423">
    <p class='ocr_par' dir='ltr' id='par_1_13' title="bbox 212 1348 1868 1423">
     <span class='ocr_line' id='line_1_13' title="bbox 212 1348 1868 1423; baseline 0.001 -19"><span class='ocrx_word' id='word_1_86' title='bbox 212 1349 403 1405; x_wconf 83' lang='lat' dir='ltr'><strong>aalom</strong></span> <span class='ocrx_word' id='word_1_87' title='bbox 456 1355 714 1422; x_wconf 83' lang='lat' dir='ltr'><strong>segetem</strong></span> <span class='ocrx_word' id='word_1_88' title='bbox 787 1349 868 1422; x_wconf 90' lang='lat' dir='ltr'><strong>[h.</strong></span> <span class='ocrx_word' id='word_1_89' title='bbox 923 1353 1155 1423; x_wconf 80' lang='lat' dir='ltr'><strong>agrum]</strong></span> <span class='ocrx_word' id='word_1_90' title='bbox 1225 1350 1342 1422; x_wconf 86' lang='lat' dir='ltr'><strong>igni</strong></span> <span class='ocrx_word' id='word_1_91' title='bbox 1394 1351 1433 1404; x_wconf 83' lang='grc'><strong>³.</strong></span> <span class='ocrx_word' id='word_1_92' title='bbox 1489 1348 1868 1420; x_wconf 85' lang='lat' dir='ltr'><strong>Surrexitque</strong></span> 
     </span>
    </p>
   </div>
   <div class='ocr_carea' id='block_1_14' title="bbox 201 1437 1861 1508">
    <p class='ocr_par' dir='ltr' id='par_1_14' title="bbox 201 1437 1861 1508">
     <span class='ocr_line' id='line_1_14' title="bbox 201 1437 1861 1508; baseline -0.001 -14"><span class='ocrx_word' id='word_1_93' title='bbox 201 1437 374 1503; x_wconf 83' lang='lat' dir='ltr'><strong>Joab,</strong></span> <span class='ocrx_word' id='word_1_94' title='bbox 398 1442 452 1494; x_wconf 90' lang='lat' dir='ltr'><strong>et</strong></span> <span class='ocrx_word' id='word_1_95' title='bbox 484 1437 639 1493; x_wconf 83' lang='lat' dir='ltr'><strong>venit</strong></span> <span class='ocrx_word' id='word_1_96' title='bbox 669 1439 739 1494; x_wconf 88' lang='lat' dir='ltr'><strong>ad</strong></span> <span class='ocrx_word' id='word_1_97' title='bbox 770 1437 1048 1494; x_wconf 90' lang='lat' dir='ltr'><strong>Absalom</strong></span> <span class='ocrx_word' id='word_1_98' title='bbox 1081 1438 1138 1493; x_wconf 89' lang='lat' dir='ltr'><strong>in</strong></span> <span class='ocrx_word' id='word_1_99' title='bbox 1170 1439 1411 1495; x_wconf 90' lang='lat' dir='ltr'><strong>domum</strong></span> <span class='ocrx_word' id='word_1_100' title='bbox 1445 1439 1657 1508; x_wconf 87' lang='lat' dir='ltr'><strong>ejus,et</strong></span> <span class='ocrx_word' id='word_1_101' title='bbox 1678 1437 1861 1492; x_wconf 83' lang='lat' dir='ltr'><strong>dixit:</strong></span> 
     </span>
    </p>
   </div>
   <div class='ocr_carea' id='block_1_15' title="bbox 204 1525 1860 1600">
    <p class='ocr_par' dir='ltr' id='par_1_15' title="bbox 204 1525 1860 1600">
     <span class='ocr_line' id='line_1_15' title="bbox 204 1525 1860 1600; baseline -0.001 -17"><span class='ocrx_word' id='word_1_102' title='bbox 204 1529 400 1592; x_wconf 86' lang='lat' dir='ltr'><strong>Quare</strong></span> <span class='ocrx_word' id='word_1_103' title='bbox 427 1528 862 1584; x_wconf 86' lang='lat' dir='ltr'><strong>succenderunt</strong></span> <span class='ocrx_word' id='word_1_104' title='bbox 893 1527 1040 1583; x_wconf 88' lang='lat' dir='ltr'><strong>servi</strong></span> <span class='ocrx_word' id='word_1_105' title='bbox 1089 1527 1179 1583; x_wconf 92' lang='lat' dir='ltr'><strong>tui</strong></span> <span class='ocrx_word' id='word_1_106' title='bbox 1233 1532 1490 1600; x_wconf 87' lang='lat' dir='ltr'><strong>segetem</strong></span> <span class='ocrx_word' id='word_1_107' title='bbox 1542 1542 1726 1581; x_wconf 83' lang='lat' dir='ltr'><strong>meam</strong></span> <span class='ocrx_word' id='word_1_108' title='bbox 1778 1525 1860 1595; x_wconf 88' lang='lat' dir='ltr'><strong>[h.</strong></span> 
     </span>
    </p>
   </div>
   <div class='ocr_carea' id='block_1_16' title="bbox 203 1615 1860 1690">
    <p class='ocr_par' dir='ltr' id='par_1_16' title="bbox 203 1615 1860 1690">
     <span class='ocr_line' id='line_1_16' title="bbox 203 1615 1860 1690; baseline 0 -19"><span class='ocrx_word' id='word_1_109' title='bbox 203 1632 417 1689; x_wconf 86' lang='lat' dir='ltr'><strong>agrum</strong></span> <span class='ocrx_word' id='word_1_110' title='bbox 452 1623 674 1686; x_wconf 79' lang='lat' dir='ltr'><strong>meum}</strong></span> <span class='ocrx_word' id='word_1_111' title='bbox 704 1615 859 1688; x_wconf 83' lang='lat' dir='ltr'><strong>igni?</strong></span> <span class='ocrx_word' id='word_1_112' title='bbox 878 1616 942 1671; x_wconf 88' lang='lat' dir='ltr'><strong>Et</strong></span> <span class='ocrx_word' id='word_1_113' title='bbox 968 1616 1274 1690; x_wconf 82' lang='lat' dir='ltr'><strong>respondit</strong></span> <span class='ocrx_word' id='word_1_114' title='bbox 1301 1616 1572 1672; x_wconf 82' lang='lat' dir='ltr'><strong>Absalom</strong></span> <span class='ocrx_word' id='word_1_115' title='bbox 1598 1615 1667 1671; x_wconf 91' lang='lat' dir='ltr'><strong>ad</strong></span> <span class='ocrx_word' id='word_1_116' title='bbox 1691 1615 1860 1671; x_wconf 85' lang='lat' dir='ltr'><strong>Joab:</strong></span> 
     </span>
    </p>
   </div>
   <div class='ocr_carea' id='block_1_17' title="bbox 203 1704 1859 1773">
    <p class='ocr_par' dir='ltr' id='par_1_17' title="bbox 203 1704 1859 1773">
     <span class='ocr_line' id='line_1_17' title="bbox 203 1704 1859 1773; baseline 0 -13"><span class='ocrx_word' id='word_1_117' title='bbox 203 1705 338 1761; x_wconf 78' lang='lat' dir='ltr'><strong>Misi</strong></span> <span class='ocrx_word' id='word_1_118' title='bbox 376 1706 448 1760; x_wconf 78' lang='lat' dir='ltr'><strong>ad</strong></span> <span class='ocrx_word' id='word_1_119' title='bbox 481 1710 536 1760; x_wconf 91' lang='lat' dir='ltr'><strong>te</strong></span> <span class='ocrx_word' id='word_1_120' title='bbox 567 1705 904 1768; x_wconf 86' lang='lat' dir='ltr'><strong>obsecrans,</strong></span> <span class='ocrx_word' id='word_1_121' title='bbox 941 1709 1003 1760; x_wconf 84' lang='lat' dir='ltr'><strong>ut</strong></span> <span class='ocrx_word' id='word_1_122' title='bbox 1032 1707 1258 1762; x_wconf 87' lang='lat' dir='ltr'><strong>venires</strong></span> <span class='ocrx_word' id='word_1_123' title='bbox 1291 1706 1361 1760; x_wconf 90' lang='lat' dir='ltr'><strong>ad</strong></span> <span class='ocrx_word' id='word_1_124' title='bbox 1398 1721 1508 1773; x_wconf 90' lang='lat' dir='ltr'><strong>me,</strong></span> <span class='ocrx_word' id='word_1_125' title='bbox 1558 1710 1616 1760; x_wconf 92' lang='lat' dir='ltr'><strong>et</strong></span> <span class='ocrx_word' id='word_1_126' title='bbox 1665 1704 1859 1760; x_wconf 89' lang='lat' dir='ltr'><strong>mitte-</strong></span> 
     </span>
    </p>
   </div>
   <div class='ocr_carea' id='block_1_18' title="bbox 201 1792 1860 1872">
    <p class='ocr_par' dir='ltr' id='par_1_18' title="bbox 201 1792 1860 1872">
     <span class='ocr_line' id='line_1_18' title="bbox 201 1792 1860 1872; baseline -0.002 -22"><span class='ocrx_word' id='word_1_127' title='bbox 201 1811 324 1850; x_wconf 85' lang='lat' dir='ltr'><strong>rem</strong></span> <span class='ocrx_word' id='word_1_128' title='bbox 360 1799 421 1850; x_wconf 89' lang='lat' dir='ltr'><strong>te</strong></span> <span class='ocrx_word' id='word_1_129' title='bbox 451 1795 520 1849; x_wconf 91' lang='lat' dir='ltr'><strong>ad</strong></span> <span class='ocrx_word' id='word_1_130' title='bbox 557 1810 776 1867; x_wconf 86' lang='lat' dir='ltr'><strong>regem,</strong></span> <span class='ocrx_word' id='word_1_131' title='bbox 804 1799 861 1850; x_wconf 89' lang='lat' dir='ltr'><strong>et</strong></span> <span class='ocrx_word' id='word_1_132' title='bbox 889 1800 1011 1867; x_wconf 64' lang='grc' dir='ltr'><strong>[ηις.</strong></span> <span class='ocrx_word' id='word_1_133' title='bbox 1043 1801 1126 1872; x_wconf 88' lang='lat' dir='ltr'><strong>ut]</strong></span> <span class='ocrx_word' id='word_1_134' title='bbox 1156 1796 1376 1851; x_wconf 87' lang='lat' dir='ltr'><strong>diceres</strong></span> <span class='ocrx_word' id='word_1_135' title='bbox 1409 1795 1459 1850; x_wconf 89' lang='lat' dir='ltr'><strong>ei</strong></span> <span class='ocrx_word' id='word_1_136' title='bbox 1482 1811 1493 1849; x_wconf 91' lang='lat'><strong>:</strong></span> <span class='ocrx_word' id='word_1_137' title='bbox 1516 1795 1703 1860; x_wconf 87' lang='lat' dir='ltr'><strong>Quare</strong></span> <span class='ocrx_word' id='word_1_138' title='bbox 1729 1792 1860 1849; x_wconf 88' lang='lat' dir='ltr'><strong>veni</strong></span> 
     </span>
    </p>
   </div>
   <div class='ocr_carea' id='block_1_19' title="bbox 195 1881 1857 1952">
    <p class='ocr_par' dir='ltr' id='par_1_19' title="bbox 195 1881 1857 1952">
     <span class='ocr_line' id='line_1_19' title="bbox 195 1881 1857 1952; baseline -0.001 -12"><span class='ocrx_word' id='word_1_139' title='bbox 195 1884 266 1940; x_wconf 88' lang='lat' dir='ltr'><strong>de</strong></span> <span class='ocrx_word' id='word_1_140' title='bbox 295 1881 565 1940; x_wconf 84' lang='lat' dir='ltr'><strong>Gessur?</strong></span> <span class='ocrx_word' id='word_1_141' title='bbox 599 1883 808 1938; x_wconf 90' lang='lat' dir='ltr'><strong>melius</strong></span> <span class='ocrx_word' id='word_1_142' title='bbox 838 1883 980 1938; x_wconf 89' lang='lat' dir='ltr'><strong>mihi</strong></span> <span class='ocrx_word' id='word_1_143' title='bbox 1013 1887 1138 1939; x_wconf 87' lang='lat' dir='ltr'><strong>erat</strong></span> <span class='ocrx_word' id='word_1_144' title='bbox 1168 1883 1246 1938; x_wconf 91' lang='lat' dir='ltr'><strong>ibi</strong></span> <span class='ocrx_word' id='word_1_145' title='bbox 1278 1900 1442 1952; x_wconf 89' lang='lat' dir='ltr'><strong>esse;</strong></span> <span class='ocrx_word' id='word_1_146' title='bbox 1475 1884 1716 1939; x_wconf 84' lang='lat' dir='ltr'><strong>obsecro</strong></span> <span class='ocrx_word' id='word_1_147' title='bbox 1772 1898 1857 1938; x_wconf 84' lang='lat' dir='ltr'><strong>er-</strong></span> 
     </span>
    </p>
   </div>
   <div class='ocr_carea' id='block_1_20' title="bbox 196 1971 1858 2045">
    <p class='ocr_par' dir='ltr' id='par_1_20' title="bbox 196 1971 1858 2045">
     <span class='ocr_line' id='line_1_20' title="bbox 196 1971 1858 2045; baseline 0 -17"><span class='ocrx_word' id='word_1_148' title='bbox 196 1989 294 2045; x_wconf 77' lang='lat' dir='ltr'><strong>go,</strong></span> <span class='ocrx_word' id='word_1_149' title='bbox 328 1978 398 2028; x_wconf 89' lang='lat' dir='ltr'><strong>ut</strong></span> <span class='ocrx_word' id='word_1_150' title='bbox 429 1971 652 2028; x_wconf 84' lang='lat' dir='ltr'><strong>videam</strong></span> <span class='ocrx_word' id='word_1_151' title='bbox 688 1972 892 2028; x_wconf 86' lang='lat' dir='ltr'><strong>faciem</strong></span> <span class='ocrx_word' id='word_1_152' title='bbox 928 1973 1078 2044; x_wconf 89' lang='lat' dir='ltr'><strong>regis</strong></span> <span class='ocrx_word' id='word_1_153' title='bbox 1111 1973 1191 2044; x_wconf 87' lang='lat' dir='ltr'><strong>[h.</strong></span> <span class='ocrx_word' id='word_1_154' title='bbox 1225 1978 1282 2029; x_wconf 90' lang='lat' dir='ltr'><strong>et</strong></span> <span class='ocrx_word' id='word_1_155' title='bbox 1313 1989 1467 2027; x_wconf 90' lang='lat' dir='ltr'><strong>nunc</strong></span> <span class='ocrx_word' id='word_1_156' title='bbox 1491 1973 1720 2028; x_wconf 89' lang='lat' dir='ltr'><strong>videam</strong></span> <span class='ocrx_word' id='word_1_157' title='bbox 1769 1973 1858 2028; x_wconf 87' lang='lat' dir='ltr'><strong>fa-</strong></span> 
     </span>
    </p>
   </div>
   <div class='ocr_carea' id='block_1_21' title="bbox 196 2061 1855 2134">
    <p class='ocr_par' dir='ltr' id='par_1_21' title="bbox 196 2061 1855 2134">
     <span class='ocr_line' id='line_1_21' title="bbox 196 2061 1855 2134; baseline -0.001 -16"><span class='ocrx_word' id='word_1_158' title='bbox 196 2062 349 2118; x_wconf 90' lang='lat' dir='ltr'><strong>ciem</strong></span> <span class='ocrx_word' id='word_1_159' title='bbox 387 2061 564 2134; x_wconf 84' lang='lat' dir='ltr'><strong>regis]</strong></span> <span class='ocrx_word' id='word_1_160' title='bbox 601 2077 614 2116; x_wconf 91' lang='lat'><strong>:</strong></span> <span class='ocrx_word' id='word_1_161' title='bbox 650 2062 804 2134; x_wconf 91' lang='lat' dir='ltr'><strong>quod</strong></span> <span class='ocrx_word' id='word_1_162' title='bbox 840 2062 887 2117; x_wconf 89' lang='lat' dir='ltr'><strong>si</strong></span> <span class='ocrx_word' id='word_1_163' title='bbox 924 2078 1151 2118; x_wconf 90' lang='lat' dir='ltr'><strong>memor</strong></span> <span class='ocrx_word' id='word_1_164' title='bbox 1195 2066 1288 2118; x_wconf 90' lang='lat' dir='ltr'><strong>est</strong></span> <span class='ocrx_word' id='word_1_165' title='bbox 1331 2062 1665 2134; x_wconf 88' lang='lat' dir='ltr'><strong>iniquitatis</strong></span> <span class='ocrx_word' id='word_1_166' title='bbox 1716 2077 1855 2117; x_wconf 73' lang='lat' dir='ltr'><strong>meas</strong></span> 
     </span>
    </p>
   </div>
   <div class='ocr_carea' id='block_1_22' title="bbox 202 2149 1857 2222">
    <p class='ocr_par' dir='ltr' id='par_1_22' title="bbox 202 2149 1857 2222">
     <span class='ocr_line' id='line_1_22' title="bbox 202 2149 1857 2222; baseline 0.001 -16"><span class='ocrx_word' id='word_1_167' title='bbox 202 2151 285 2222; x_wconf 90' lang='lat' dir='ltr'><strong>[h.</strong></span> <span class='ocrx_word' id='word_1_168' title='bbox 347 2167 464 2207; x_wconf 83' lang='lat' dir='ltr'><strong>non</strong></span> <span class='ocrx_word' id='word_1_169' title='bbox 518 2150 689 2206; x_wconf 80' lang='lat' dir='ltr'><strong>habet</strong></span> <span class='ocrx_word' id='word_1_170' title='bbox 745 2161 928 2217; x_wconf 61' lang='lat' dir='ltr'><strong>mea),</strong></span> <span class='ocrx_word' id='word_1_171' title='bbox 991 2149 1297 2206; x_wconf 85' lang='lat' dir='ltr'><strong>interﬁciat</strong></span> <span class='ocrx_word' id='word_1_172' title='bbox 1368 2167 1480 2207; x_wconf 89' lang='lat' dir='ltr'><strong>me.</strong></span> <span class='ocrx_word' id='word_1_173' title='bbox 1549 2153 1857 2220; x_wconf 85' lang='lat' dir='ltr'><strong>Ingressus</strong></span> 
     </span>
    </p>
   </div>
   <div class='ocr_carea' id='block_1_23' title="bbox 193 2239 1853 2312">
    <p class='ocr_par' dir='ltr' id='par_1_23' title="bbox 193 2239 1853 2312">
     <span class='ocr_line' id='line_1_23' title="bbox 193 2239 1853 2312; baseline -0.001 -17"><span class='ocrx_word' id='word_1_174' title='bbox 193 2239 348 2295; x_wconf 82' lang='lat' dir='ltr'><strong>Joab</strong></span> <span class='ocrx_word' id='word_1_175' title='bbox 381 2239 454 2293; x_wconf 90' lang='lat' dir='ltr'><strong>ad</strong></span> <span class='ocrx_word' id='word_1_176' title='bbox 493 2255 710 2312; x_wconf 85' lang='lat' dir='ltr'><strong>regem,</strong></span> <span class='ocrx_word' id='word_1_177' title='bbox 739 2239 1033 2294; x_wconf 85' lang='lat' dir='ltr'><strong>nuntiavit</strong></span> <span class='ocrx_word' id='word_1_178' title='bbox 1074 2239 1125 2294; x_wconf 92' lang='lat' dir='ltr'><strong>ei</strong></span> <span class='ocrx_word' id='word_1_179' title='bbox 1175 2243 1531 2311; x_wconf 82' lang='lat' dir='ltr'><strong>vocatusque</strong></span> <span class='ocrx_word' id='word_1_180' title='bbox 1579 2239 1853 2294; x_wconf 81' lang='lat' dir='ltr'><strong>Absalom</strong></span> 
     </span>
    </p>
   </div>
   <div class='ocr_carea' id='block_1_24' title="bbox 193 2327 1859 2400">
    <p class='ocr_par' dir='ltr' id='par_1_24' title="bbox 193 2327 1859 2400">
     <span class='ocr_line' id='line_1_24' title="bbox 193 2327 1859 2400; baseline -0.002 -16"><span class='ocrx_word' id='word_1_181' title='bbox 193 2328 444 2384; x_wconf 84' lang='lat' dir='ltr'><strong>intravit</strong></span> <span class='ocrx_word' id='word_1_182' title='bbox 467 2328 538 2382; x_wconf 89' lang='lat' dir='ltr'><strong>ad</strong></span> <span class='ocrx_word' id='word_1_183' title='bbox 585 2342 775 2398; x_wconf 88' lang='lat' dir='ltr'><strong>regem</strong></span> <span class='ocrx_word' id='word_1_184' title='bbox 801 2327 884 2400; x_wconf 90' lang='lat' dir='ltr'><strong>[h.</strong></span> <span class='ocrx_word' id='word_1_185' title='bbox 930 2331 996 2384; x_wconf 84' lang='lat' dir='ltr'><strong>In</strong></span> <span class='ocrx_word' id='word_1_186' title='bbox 1028 2333 1240 2383; x_wconf 80' lang='lat' dir='ltr'><strong>terram</strong></span> <span class='ocrx_word' id='word_1_187' title='bbox 1272 2328 1342 2383; x_wconf 89' lang='lat' dir='ltr'><strong>ad</strong></span> <span class='ocrx_word' id='word_1_188' title='bbox 1373 2330 1542 2399; x_wconf 77' lang='lat' dir='ltr'><strong>[acies</strong></span> <span class='ocrx_word' id='word_1_189' title='bbox 1574 2328 1768 2400; x_wconf 79' lang='lat' dir='ltr'><strong>regis],</strong></span> <span class='ocrx_word' id='word_1_190' title='bbox 1801 2331 1859 2382; x_wconf 93' lang='lat' dir='ltr'><strong>et</strong></span> 
     </span>
    </p>
   </div>
   <div class='ocr_carea' id='block_1_25' title="bbox 267 2430 1854 2505">
    <p class='ocr_par' dir='ltr' id='par_1_25' title="bbox 267 2430 1854 2505">
     <span class='ocr_line' id='line_1_25' title="bbox 267 2430 1854 2505; baseline -0.001 -17"><span class='ocrx_word' id='word_1_191' title='bbox 267 2434 282 2467; x_wconf 81' lang='grc'>⁸</span> <span class='ocrx_word' id='word_1_192' title='bbox 310 2430 716 2505; x_wconf 66' lang='lat' dir='ltr'><strong>Memorabilis</strong></span> <span class='ocrx_word' id='word_1_193' title='bbox 738 2431 902 2488; x_wconf 90' lang='lat' dir='ltr'><strong>locus</strong></span> <span class='ocrx_word' id='word_1_194' title='bbox 926 2437 1160 2505; x_wconf 86' lang='lat' dir='ltr'><strong>propter</strong></span> <span class='ocrx_word' id='word_1_195' title='bbox 1182 2433 1649 2505; x_wconf 83' lang='lat' dir='ltr'><strong>additamentum</strong></span> <span class='ocrx_word' id='word_1_196' title='bbox 1676 2434 1854 2504; x_wconf 87' lang='lat' dir='ltr'><strong>quod-</strong></span> 
     </span>
    </p>
   </div>
   <div class='ocr_carea' id='block_1_26' title="bbox 194 2503 1856 2576">
    <p class='ocr_par' dir='ltr' id='par_1_26' title="bbox 194 2503 1856 2576">
     <span class='ocr_line' id='line_1_26' title="bbox 194 2503 1856 2576; baseline 0.002 -20"><span class='ocrx_word' id='word_1_197' title='bbox 194 2505 328 2558; x_wconf 74' lang='lat' dir='ltr'><strong>dam</strong></span> <span class='ocrx_word' id='word_1_198' title='bbox 387 2503 825 2576; x_wconf 83' lang='lat' dir='ltr'><strong>LXXinterpr.</strong></span> <span class='ocrx_word' id='word_1_199' title='bbox 877 2503 976 2575; x_wconf 85' lang='lat' dir='ltr'><strong>qui</strong></span> <span class='ocrx_word' id='word_1_200' title='bbox 1030 2503 1161 2576; x_wconf 81' lang='lat' dir='ltr'><strong>post</strong></span> <span class='ocrx_word' id='word_1_201' title='bbox 1205 2504 1324 2560; x_wconf 72' lang='lat' dir='ltr'><strong>hazc</strong></span> <span class='ocrx_word' id='word_1_202' title='bbox 1371 2505 1548 2560; x_wconf 85' lang='lat' dir='ltr'><strong>verba</strong></span> <span class='ocrx_word' id='word_1_203' title='bbox 1589 2503 1856 2576; x_wconf 63' lang='lat' dir='ltr'><strong>elegantis</strong></span> 
     </span>
    </p>
   </div>
   <div class='ocr_carea' id='block_1_27' title="bbox 192 2575 1851 2646">
    <p class='ocr_par' dir='ltr' id='par_1_27' title="bbox 192 2575 1851 2646">
     <span class='ocr_line' id='line_1_27' title="bbox 192 2575 1851 2646; baseline -0.001 -14"><span class='ocrx_word' id='word_1_204' title='bbox 192 2579 399 2646; x_wconf 67' lang='lat' dir='ltr'><strong>{om</strong></span> <span class='ocrx_word' id='word_1_205' title='bbox 428 2575 805 2646; x_wconf 85' lang='lat' dir='ltr'><strong>subjungunt</strong></span> <span class='ocrx_word' id='word_1_206' title='bbox 834 2581 1261 2646; x_wconf 87' lang='lat' dir='ltr'><strong>consequenter</strong></span> <span class='ocrx_word' id='word_1_207' title='bbox 1292 2593 1304 2632; x_wconf 91' lang='lat'>:</span> <span class='ocrx_word' id='word_1_208' title='bbox 1341 2577 1462 2631; x_wconf 70' lang='lat' dir='ltr'><strong>Haec</strong></span> <span class='ocrx_word' id='word_1_209' title='bbox 1491 2579 1599 2644; x_wconf 73' lang='lat' dir='ltr'><strong>fuit</strong></span> <span class='ocrx_word' id='word_1_210' title='bbox 1630 2576 1690 2630; x_wconf 84' lang='lat' dir='ltr'><strong>in</strong></span> <span class='ocrx_word' id='word_1_211' title='bbox 1731 2593 1851 2631; x_wconf 87' lang='lat' dir='ltr'><strong>ma-</strong></span> 
     </span>
    </p>
   </div>
   <div class='ocr_carea' id='block_1_28' title="bbox 192 2647 1850 2718">
    <p class='ocr_par' dir='ltr' id='par_1_28' title="bbox 192 2647 1850 2718">
     <span class='ocr_line' id='line_1_28' title="bbox 192 2647 1850 2718; baseline -0.001 -15"><span class='ocrx_word' id='word_1_212' title='bbox 192 2647 470 2704; x_wconf 69' lang='lat' dir='ltr'><strong>trimonio</strong></span> <span class='ocrx_word' id='word_1_213' title='bbox 501 2647 736 2703; x_wconf 82' lang='lat' dir='ltr'><strong>Roboam</strong></span> <span class='ocrx_word' id='word_1_214' title='bbox 754 2647 864 2716; x_wconf 78' lang='lat' dir='ltr'><strong>ﬁlu&#39;</strong></span> <span class='ocrx_word' id='word_1_215' title='bbox 884 2651 956 2702; x_wconf 81' lang='lat' dir='ltr'><strong>Sa</strong></span> <span class='ocrx_word' id='word_1_216' title='bbox 967 2647 1232 2716; x_wconf 68' lang='lat' dir='ltr'><strong>(omanis,</strong></span> <span class='ocrx_word' id='word_1_217' title='bbox 1253 2653 1302 2702; x_wconf 83' lang='lat' dir='ltr'><strong>et</strong></span> <span class='ocrx_word' id='word_1_218' title='bbox 1323 2647 1536 2718; x_wconf 79' lang='lat' dir='ltr'><strong>pederit</strong></span> <span class='ocrx_word' id='word_1_219' title='bbox 1557 2647 1611 2702; x_wconf 82' lang='lat' dir='ltr'><strong>ei</strong></span> <span class='ocrx_word' id='word_1_220' title='bbox 1633 2647 1850 2703; x_wconf 76' lang='lat' dir='ltr'><strong>Abiam.</strong></span> 
     </span>
    </p>
   </div>
   <div class='ocr_carea' id='block_1_29' title="bbox 191 2718 1852 2790">
    <p class='ocr_par' dir='ltr' id='par_1_29' title="bbox 191 2718 1852 2790">
     <span class='ocr_line' id='line_1_29' title="bbox 191 2718 1852 2790; baseline 0 -16"><span class='ocrx_word' id='word_1_221' title='bbox 191 2724 270 2774; x_wconf 77' lang='lat' dir='ltr'><strong>Ea</strong></span> <span class='ocrx_word' id='word_1_222' title='bbox 300 2735 546 2790; x_wconf 89' lang='lat' dir='ltr'><strong>quoque</strong></span> <span class='ocrx_word' id='word_1_223' title='bbox 576 2718 852 2790; x_wconf 87' lang='lat' dir='ltr'><strong>leguntur</strong></span> <span class='ocrx_word' id='word_1_224' title='bbox 884 2720 938 2772; x_wconf 91' lang='lat' dir='ltr'><strong>in</strong></span> <span class='ocrx_word' id='word_1_225' title='bbox 967 2719 1194 2790; x_wconf 87' lang='lat' dir='ltr'><strong>aliquot</strong></span> <span class='ocrx_word' id='word_1_226' title='bbox 1223 2736 1361 2775; x_wconf 88' lang='lat' dir='ltr'><strong>mss.</strong></span> <span class='ocrx_word' id='word_1_227' title='bbox 1395 2721 1696 2774; x_wconf 84' lang='lat' dir='ltr'><strong>codicibus</strong></span> <span class='ocrx_word' id='word_1_228' title='bbox 1750 2719 1852 2774; x_wconf 85' lang='lat' dir='ltr'><strong>La-</strong></span> 
     </span>
    </p>
   </div>
   <div class='ocr_carea' id='block_1_30' title="bbox 191 2789 1849 2862">
    <p class='ocr_par' dir='ltr' id='par_1_30' title="bbox 191 2789 1849 2862">
     <span class='ocr_line' id='line_1_30' title="bbox 191 2789 1849 2862; baseline 0 -17"><span class='ocrx_word' id='word_1_229' title='bbox 191 2789 359 2854; x_wconf 80' lang='lat' dir='ltr'><strong>tinis,</strong></span> <span class='ocrx_word' id='word_1_230' title='bbox 394 2795 456 2862; x_wconf 87' lang='lat' dir='ltr'><strong>et</strong></span> <span class='ocrx_word' id='word_1_231' title='bbox 485 2789 712 2862; x_wconf 73' lang='lat' dir='ltr'><strong>integra.</strong></span> <span class='ocrx_word' id='word_1_232' title='bbox 743 2789 1280 2862; x_wconf 30' lang='lat' dir='ltr'><strong>snpersunt’adhuc</strong></span> <span class='ocrx_word' id='word_1_233' title='bbox 1312 2790 1370 2844; x_wconf 91' lang='lat' dir='ltr'><strong>in</strong></span> <span class='ocrx_word' id='word_1_234' title='bbox 1399 2796 1628 2846; x_wconf 85' lang='lat' dir='ltr'><strong>Canone</strong></span> <span class='ocrx_word' id='word_1_235' title='bbox 1672 2792 1849 2845; x_wconf 83' lang='lat' dir='ltr'><strong>Hebr.</strong></span> 
     </span>
    </p>
   </div>
   <div class='ocr_carea' id='block_1_31' title="bbox 190 2861 1851 2932">
    <p class='ocr_par' dir='ltr' id='par_1_31' title="bbox 190 2861 1851 2932">
     <span class='ocr_line' id='line_1_31' title="bbox 190 2861 1851 2932; baseline 0.001 -18"><span class='ocrx_word' id='word_1_236' title='bbox 190 2861 487 2919; x_wconf 82' lang='lat' dir='ltr'><strong>veritatis.</strong></span> <span class='ocrx_word' id='word_1_237' title='bbox 519 2861 633 2916; x_wconf 83' lang='lat' dir='ltr'><strong>sed</strong></span> <span class='ocrx_word' id='word_1_238' title='bbox 648 2861 983 2916; x_wconf 80' lang='lat' dir='ltr'><strong>transversa</strong></span> <span class='ocrx_word' id='word_1_239' title='bbox 1013 2861 1166 2916; x_wconf 89' lang='lat' dir='ltr'><strong>linea</strong></span> <span class='ocrx_word' id='word_1_240' title='bbox 1198 2862 1544 2932; x_wconf 82' lang='lat' dir='ltr'><strong>iugulantur</strong></span> <span class='ocrx_word' id='word_1_241' title='bbox 1573 2867 1851 2932; x_wconf 84' lang='lat' dir='ltr'><strong>tanquam</strong></span> 
     </span>
    </p>
   </div>
   <div class='ocr_carea' id='block_1_32' title="bbox 191 2933 1850 3005">
    <p class='ocr_par' dir='ltr' id='par_1_32' title="bbox 191 2933 1850 3005">
     <span class='ocr_line' id='line_1_32' title="bbox 191 2933 1850 3005; baseline -0.003 -13"><span class='ocrx_word' id='word_1_242' title='bbox 191 2934 558 3000; x_wconf 78' lang='lat' dir='ltr'><strong>adulterina,</strong></span> <span class='ocrx_word' id='word_1_243' title='bbox 591 2937 765 3005; x_wconf 82' lang='lat' dir='ltr'><strong>atque</strong></span> <span class='ocrx_word' id='word_1_244' title='bbox 796 2935 977 2988; x_wconf 87' lang='lat' dir='ltr'><strong>ascita</strong></span> <span class='ocrx_word' id='word_1_245' title='bbox 1017 2934 1089 2988; x_wconf 92' lang='lat' dir='ltr'><strong>de</strong></span> <span class='ocrx_word' id='word_1_246' title='bbox 1134 2934 1348 2988; x_wconf 75' lang='lat' dir='ltr'><strong>Graecis</strong></span> <span class='ocrx_word' id='word_1_247' title='bbox 1396 2933 1850 3005; x_wconf 85' lang='lat' dir='ltr'><strong>exemplaribus.</strong></span> 
     </span>
    </p>
   </div>
   <div class='ocr_carea' id='block_1_33' title="bbox 187 3003 1853 3076">
    <p class='ocr_par' dir='ltr' id='par_1_33' title="bbox 187 3003 1853 3076">
     <span class='ocr_line' id='line_1_33' title="bbox 187 3003 1853 3076; baseline -0.001 -15"><span class='ocrx_word' id='word_1_248' title='bbox 187 3012 482 3062; x_wconf 69' lang='lat' dir='ltr'><strong>Ceterum</strong></span> <span class='ocrx_word' id='word_1_249' title='bbox 504 3006 566 3059; x_wconf 88' lang='lat' dir='ltr'><strong>in</strong></span> <span class='ocrx_word' id='word_1_250' title='bbox 590 3003 681 3076; x_wconf 85' lang='lat' dir='ltr'><strong>his</strong></span> <span class='ocrx_word' id='word_1_251' title='bbox 706 3005 898 3076; x_wconf 80' lang='lat' dir='ltr'><strong>verbis</strong></span> <span class='ocrx_word' id='word_1_252' title='bbox 919 3005 1318 3060; x_wconf 84' lang='lat' dir='ltr'><strong>inextricabile</strong></span> <span class='ocrx_word' id='word_1_253' title='bbox 1341 3003 1853 3076; x_wconf 40' lang='lat' dir='ltr'><strong>pondus—exsurgit</strong></span> 
     </span>
    </p>
   </div>
   <div class='ocr_carea' id='block_1_34' title="bbox 189 3075 1846 3148">
    <p class='ocr_par' dir='ltr' id='par_1_34' title="bbox 189 3075 1846 3148">
     <span class='ocr_line' id='line_1_34' title="bbox 189 3075 1846 3148; baseline -0.001 -15"><span class='ocrx_word' id='word_1_254' title='bbox 189 3093 421 3148; x_wconf 88' lang='lat' dir='ltr'><strong>nupero</strong></span> <span class='ocrx_word' id='word_1_255' title='bbox 470 3075 688 3148; x_wconf 83' lang='lat' dir='ltr'><strong>vindici</strong></span> <span class='ocrx_word' id='word_1_256' title='bbox 738 3075 1236 3148; x_wconf 75' lang='lat' dir='ltr'><strong>interpretationis</strong></span> <span class='ocrx_word' id='word_1_257' title='bbox 1285 3076 1493 3132; x_wconf 68' lang='lat' dir='ltr'><strong>Graeca:</strong></span> <span class='ocrx_word' id='word_1_258' title='bbox 1541 3075 1846 3131; x_wconf 29' lang='lat' dir='ltr'><strong>Senioru’m</strong></span> 
     </span>
    </p>
   </div>
   <div class='ocr_carea' id='block_1_35' title="bbox 187 3147 1846 3272">
    <p class='ocr_par' dir='ltr' id='par_1_35' title="bbox 187 3147 1846 3272">
     <span class='ocr_line' id='line_1_35' title="bbox 187 3147 1846 3272; baseline -0.001 -68"><span class='ocrx_word' id='word_1_259' title='bbox 187 3147 589 3221; x_wconf 75' lang='lat' dir='ltr'><strong>Septuaginta</strong></span> <span class='ocrx_word' id='word_1_260' title='bbox 625 3165 638 3201; x_wconf 88' lang='lat'><strong>:</strong></span> <span class='ocrx_word' id='word_1_261' title='bbox 671 3162 804 3202; x_wconf 90' lang='lat' dir='ltr'><strong>nam</strong></span> <span class='ocrx_word' id='word_1_262' title='bbox 834 3147 1096 3272; x_wconf 57' lang='lat' dir='ltr'><strong>insgecla</strong></span> <span class='ocrx_word' id='word_1_263' title='bbox 1125 3147 1434 3217; x_wconf 83' lang='lat' dir='ltr'><strong>diligenter</strong></span> <span class='ocrx_word' id='word_1_264' title='bbox 1483 3149 1702 3220; x_wconf 81' lang='lat' dir='ltr'><strong>Regum</strong></span> <span class='ocrx_word' id='word_1_265' title='bbox 1753 3148 1846 3202; x_wconf 89' lang='lat' dir='ltr'><strong>hi-</strong></span> 
     </span>
     <span class='ocr_line' id='line_1_36' title="bbox 189 3219 1843 3272; baseline 0 0"><span class='ocrx_word' id='word_1_266' title='bbox 189 3219 925 3272; x_wconf 83' lang='lat' dir='ltr'><strong>storia.sunnutatisaueA</strong></span> <span class='ocrx_word' id='word_1_267' title='bbox 970 3219 1843 3272; x_wconf 85' lang='lat' dir='ltr'><strong>salominatrisThamarannis.</strong></span> 
     </span>
    </p>
   </div>
   <div class='ocr_carea' id='block_1_36' title="bbox 189 3219 1843 3290">
    <p class='ocr_par' dir='ltr' id='par_1_36' title="bbox 189 3219 1843 3290">
     <span class='ocr_line' id='line_1_37' title="bbox 189 3219 1843 3290; baseline 0.001 -16"><span class='ocrx_word' id='word_1_268' title='bbox 189 3219 865 3290; x_wconf 76' lang='lat' dir='ltr'><strong>stdria,supputatisque</strong></span> <span class='ocrx_word' id='word_1_269' title='bbox 881 3219 1174 3274; x_wconf 83' lang='lat' dir='ltr'><strong>Absalomi</strong></span> <span class='ocrx_word' id='word_1_270' title='bbox 1192 3220 1372 3290; x_wconf 85' lang='lat' dir='ltr'><strong>patris</strong></span> <span class='ocrx_word' id='word_1_271' title='bbox 1385 3219 1563 3274; x_wconf 86' lang='lat' dir='ltr'><strong>Tham</strong></span> <span class='ocrx_word' id='word_1_272' title='bbox 1574 3219 1638 3274; x_wconf 82' lang='lat' dir='ltr'><strong>ar</strong></span> <span class='ocrx_word' id='word_1_273' title='bbox 1649 3219 1843 3285; x_wconf 88' lang='lat' dir='ltr'><strong>annis,</strong></span> 
     </span>
    </p>
   </div>
   <div class='ocr_carea' id='block_1_37' title="bbox 1985 635 2678 703">
    <p class='ocr_par' dir='ltr' id='par_1_37' title="bbox 1985 635 2678 703">
     <span class='ocr_line' id='line_1_38' title="bbox 1985 635 2678 703; baseline 0.004 -18"><span class='ocrx_word' id='word_1_274' title='bbox 1985 647 2099 703; x_wconf 90' lang='lat' dir='ltr'><strong>que</strong></span> <span class='ocrx_word' id='word_1_275' title='bbox 2131 639 2220 689; x_wconf 90' lang='lat' dir='ltr'><strong>est</strong></span> <span class='ocrx_word' id='word_1_276' title='bbox 2251 652 2348 690; x_wconf 85' lang='lat' dir='ltr'><strong>rex</strong></span> <span class='ocrx_word' id='word_1_277' title='bbox 2378 635 2678 690; x_wconf 68' lang='lat' dir='ltr'><strong>Absalom.</strong></span> 
     </span>
    </p>
   </div>
   <div class='ocr_carea' id='block_1_38' title="bbox 2059 722 3638 796">
    <p class='ocr_par' dir='ltr' id='par_1_38' title="bbox 2059 722 3638 796">
     <span class='ocr_line' id='line_1_39' title="bbox 2059 722 3638 796; baseline 0.003 -19"><span class='ocrx_word' id='word_1_278' title='bbox 2059 722 2210 795; x_wconf 73' lang='grc' dir='ltr'><strong>[ϐαρ.</strong></span> <span class='ocrx_word' id='word_1_279' title='bbox 2241 723 2380 794; x_wconf 82' lang='grc' dir='ltr'><strong>Χν.]</strong></span> <span class='ocrx_word' id='word_1_280' title='bbox 2407 724 2592 796; x_wconf 87' lang='lat' dir='ltr'><strong>Igitur</strong></span> <span class='ocrx_word' id='word_1_281' title='bbox 2611 728 2742 796; x_wconf 89' lang='lat' dir='ltr'><strong>post</strong></span> <span class='ocrx_word' id='word_1_282' title='bbox 2767 725 2888 780; x_wconf 66' lang='lat' dir='ltr'><strong>haec</strong></span> <span class='ocrx_word' id='word_1_283' title='bbox 2912 725 3045 780; x_wconf 87' lang='lat' dir='ltr'><strong>fecit</strong></span> <span class='ocrx_word' id='word_1_284' title='bbox 3067 725 3176 779; x_wconf 83' lang='lat' dir='ltr'><strong>sibi</strong></span> <span class='ocrx_word' id='word_1_285' title='bbox 3203 725 3479 781; x_wconf 80' lang='lat' dir='ltr'><strong>Ahsalom</strong></span> <span class='ocrx_word' id='word_1_286' title='bbox 3504 743 3638 782; x_wconf 90' lang='lat' dir='ltr'><strong>cur-</strong></span> 
     </span>
    </p>
   </div>
   <div class='ocr_carea' id='block_1_39' title="bbox 1984 812 3634 887">
    <p class='ocr_par' dir='ltr' id='par_1_39' title="bbox 1984 812 3634 887">
     <span class='ocr_line' id='line_1_40' title="bbox 1984 812 3634 887; baseline 0.004 -21"><span class='ocrx_word' id='word_1_287' title='bbox 1984 828 2136 877; x_wconf 90' lang='lat' dir='ltr'><strong>rum,</strong></span> <span class='ocrx_word' id='word_1_288' title='bbox 2164 817 2219 866; x_wconf 92' lang='lat' dir='ltr'><strong>et</strong></span> <span class='ocrx_word' id='word_1_289' title='bbox 2239 812 2486 884; x_wconf 86' lang='lat' dir='ltr'><strong>equites,</strong></span> <span class='ocrx_word' id='word_1_290' title='bbox 2510 819 2566 869; x_wconf 89' lang='lat' dir='ltr'><strong>et</strong></span> <span class='ocrx_word' id='word_1_291' title='bbox 2591 813 3025 885; x_wconf 78' lang='lat' dir='ltr'><strong>quinquaginta</strong></span> <span class='ocrx_word' id='word_1_292' title='bbox 3047 813 3200 869; x_wconf 89' lang='lat' dir='ltr'><strong>viros</strong></span> <span class='ocrx_word' id='word_1_293' title='bbox 3226 814 3324 887; x_wconf 92' lang='lat' dir='ltr'><strong>qui</strong></span> <span class='ocrx_word' id='word_1_294' title='bbox 3348 817 3634 887; x_wconf 61' lang='lat' dir='ltr'><strong>praecede-</strong></span> 
     </span>
    </p>
   </div>
   <div class='ocr_carea' id='block_1_40' title="bbox 1983 903 3632 975">
    <p class='ocr_par' dir='ltr' id='par_1_40' title="bbox 1983 903 3632 975">
     <span class='ocr_line' id='line_1_41' title="bbox 1983 903 3632 975; baseline 0.002 -19"><span class='ocrx_word' id='word_1_295' title='bbox 1983 906 2112 956; x_wconf 87' lang='lat' dir='ltr'><strong>rent</strong></span> <span class='ocrx_word' id='word_1_296' title='bbox 2134 916 2265 956; x_wconf 88' lang='lat' dir='ltr'><strong>eum</strong></span> <span class='ocrx_word' id='word_1_297' title='bbox 2292 903 2374 970; x_wconf 88' lang='lat' dir='ltr'><strong>[h.</strong></span> <span class='ocrx_word' id='word_1_298' title='bbox 2411 907 2544 957; x_wconf 91' lang='lat' dir='ltr'><strong>ante</strong></span> <span class='ocrx_word' id='word_1_299' title='bbox 2566 919 2698 956; x_wconf 86' lang='lat' dir='ltr'><strong>eum</strong></span> <span class='ocrx_word' id='word_1_300' title='bbox 2724 904 3070 975; x_wconf 89' lang='lat' dir='ltr'><strong>currerent].</strong></span> <span class='ocrx_word' id='word_1_301' title='bbox 3105 905 3170 958; x_wconf 86' lang='lat' dir='ltr'><strong>Et</strong></span> <span class='ocrx_word' id='word_1_302' title='bbox 3195 920 3367 958; x_wconf 90' lang='lat' dir='ltr'><strong>mane</strong></span> <span class='ocrx_word' id='word_1_303' title='bbox 3388 921 3632 961; x_wconf 89' lang='lat' dir='ltr'><strong>consur-</strong></span> 
     </span>
    </p>
   </div>
   <div class='ocr_carea' id='block_1_41' title="bbox 1982 990 3630 1063">
    <p class='ocr_par' dir='ltr' id='par_1_41' title="bbox 1982 990 3630 1063">
     <span class='ocr_line' id='line_1_42' title="bbox 1982 990 3630 1063; baseline 0.002 -19"><span class='ocrx_word' id='word_1_304' title='bbox 1982 1005 2126 1059; x_wconf 86' lang='lat' dir='ltr'><strong>gens</strong></span> <span class='ocrx_word' id='word_1_305' title='bbox 2153 990 2645 1053; x_wconf 84' lang='lat' dir='ltr'><strong>Absalom,stabat</strong></span> <span class='ocrx_word' id='word_1_306' title='bbox 2667 992 2835 1061; x_wconf 84' lang='lat' dir='ltr'><strong>juxta</strong></span> <span class='ocrx_word' id='word_1_307' title='bbox 2855 991 3161 1046; x_wconf 83' lang='lat' dir='ltr'><strong>introitum</strong></span> <span class='ocrx_word' id='word_1_308' title='bbox 3190 995 3367 1063; x_wconf 64' lang='lat' dir='ltr'><strong>portae</strong></span> <span class='ocrx_word' id='word_1_309' title='bbox 3390 993 3444 1046; x_wconf 88' lang='lat' dir='ltr'><strong>in</strong></span> <span class='ocrx_word' id='word_1_310' title='bbox 3477 993 3568 1048; x_wconf 88' lang='lat' dir='ltr'><strong>via</strong></span> <span class='ocrx_word' id='word_1_311' title='bbox 3587 995 3630 1063; x_wconf 83' lang='grc'><strong>⁴,</strong></span> 
     </span>
    </p>
   </div>
   <div class='ocr_carea' id='block_1_42' title="bbox 1980 1080 3631 1153">
    <p class='ocr_par' dir='ltr' id='par_1_42' title="bbox 1980 1080 3631 1153">
     <span class='ocr_line' id='line_1_43' title="bbox 1980 1080 3631 1153; baseline 0.002 -19"><span class='ocrx_word' id='word_1_312' title='bbox 1980 1088 2029 1134; x_wconf 85' lang='lat' dir='ltr'><strong>et</strong></span> <span class='ocrx_word' id='word_1_313' title='bbox 2065 1095 2297 1134; x_wconf 90' lang='lat' dir='ltr'><strong>omnem</strong></span> <span class='ocrx_word' id='word_1_314' title='bbox 2331 1081 2546 1150; x_wconf 89' lang='lat' dir='ltr'><strong>virum,</strong></span> <span class='ocrx_word' id='word_1_315' title='bbox 2571 1081 2671 1151; x_wconf 91' lang='lat' dir='ltr'><strong>qui</strong></span> <span class='ocrx_word' id='word_1_316' title='bbox 2700 1080 2953 1135; x_wconf 84' lang='lat' dir='ltr'><strong>habebat</strong></span> <span class='ocrx_word' id='word_1_317' title='bbox 2983 1082 3285 1153; x_wconf 86' lang='lat' dir='ltr'><strong>negotium</strong></span> <span class='ocrx_word' id='word_1_318' title='bbox 3317 1086 3381 1136; x_wconf 89' lang='lat' dir='ltr'><strong>ut</strong></span> <span class='ocrx_word' id='word_1_319' title='bbox 3407 1083 3631 1138; x_wconf 86' lang='lat' dir='ltr'><strong>veniret</strong></span> 
     </span>
    </p>
   </div>
   <div class='ocr_carea' id='block_1_43' title="bbox 1980 1169 3628 1242">
    <p class='ocr_par' dir='ltr' id='par_1_43' title="bbox 1980 1169 3628 1242">
     <span class='ocr_line' id='line_1_44' title="bbox 1980 1169 3628 1242; baseline 0.004 -19"><span class='ocrx_word' id='word_1_320' title='bbox 1980 1169 2048 1223; x_wconf 88' lang='lat' dir='ltr'><strong>ad</strong></span> <span class='ocrx_word' id='word_1_321' title='bbox 2085 1169 2236 1241; x_wconf 88' lang='lat' dir='ltr'><strong>regis</strong></span> <span class='ocrx_word' id='word_1_322' title='bbox 2263 1170 2573 1238; x_wconf 85' lang='lat' dir='ltr'><strong>judicium,</strong></span> <span class='ocrx_word' id='word_1_323' title='bbox 2595 1169 2839 1225; x_wconf 82' lang='lat' dir='ltr'><strong>vocabat</strong></span> <span class='ocrx_word' id='word_1_324' title='bbox 2872 1171 3140 1226; x_wconf 83' lang='lat' dir='ltr'><strong>Absalom</strong></span> <span class='ocrx_word' id='word_1_325' title='bbox 3172 1173 3241 1226; x_wconf 89' lang='lat' dir='ltr'><strong>ad</strong></span> <span class='ocrx_word' id='word_1_326' title='bbox 3278 1189 3358 1242; x_wconf 87' lang='lat' dir='ltr'><strong>se,</strong></span> <span class='ocrx_word' id='word_1_327' title='bbox 3384 1176 3439 1228; x_wconf 90' lang='lat' dir='ltr'><strong>et</strong></span> <span class='ocrx_word' id='word_1_328' title='bbox 3469 1173 3628 1229; x_wconf 89' lang='lat' dir='ltr'><strong>dice-</strong></span> 
     </span>
    </p>
   </div>
   <div class='ocr_carea' id='block_1_44' title="bbox 1979 1257 3623 1331">
    <p class='ocr_par' dir='ltr' id='par_1_44' title="bbox 1979 1257 3623 1331">
     <span class='ocr_line' id='line_1_45' title="bbox 1979 1257 3623 1331; baseline 0.002 -19"><span class='ocrx_word' id='word_1_329' title='bbox 1979 1257 2078 1313; x_wconf 88' lang='lat' dir='ltr'><strong>bat</strong></span> <span class='ocrx_word' id='word_1_330' title='bbox 2111 1276 2122 1312; x_wconf 91' lang='lat'>:</span> <span class='ocrx_word' id='word_1_331' title='bbox 2160 1260 2236 1314; x_wconf 82' lang='lat' dir='ltr'><strong>De</strong></span> <span class='ocrx_word' id='word_1_332' title='bbox 2261 1275 2378 1331; x_wconf 92' lang='lat' dir='ltr'><strong>qua</strong></span> <span class='ocrx_word' id='word_1_333' title='bbox 2404 1259 2638 1314; x_wconf 84' lang='lat' dir='ltr'><strong>civitate</strong></span> <span class='ocrx_word' id='word_1_334' title='bbox 2660 1276 2721 1314; x_wconf 91' lang='lat' dir='ltr'><strong>es</strong></span> <span class='ocrx_word' id='word_1_335' title='bbox 2745 1263 2807 1313; x_wconf 91' lang='lat' dir='ltr'><strong>tu</strong></span> <span class='ocrx_word' id='word_1_336' title='bbox 2828 1260 2854 1314; x_wconf 89' lang='lat'><strong>?</strong></span> <span class='ocrx_word' id='word_1_337' title='bbox 2875 1260 2980 1324; x_wconf 89' lang='lat' dir='ltr'><strong>Qui</strong></span> <span class='ocrx_word' id='word_1_338' title='bbox 3008 1261 3366 1331; x_wconf 88' lang='lat' dir='ltr'><strong>respondens</strong></span> <span class='ocrx_word' id='word_1_339' title='bbox 3391 1261 3582 1317; x_wconf 88' lang='lat' dir='ltr'><strong>aiebat</strong></span> <span class='ocrx_word' id='word_1_340' title='bbox 3609 1278 3623 1316; x_wconf 89' lang='lat'><strong>:</strong></span> 
     </span>
    </p>
   </div>
   <div class='ocr_carea' id='block_1_45' title="bbox 1977 1349 3627 1425">
    <p class='ocr_par' dir='ltr' id='par_1_45' title="bbox 1977 1349 3627 1425">
     <span class='ocr_line' id='line_1_46' title="bbox 1977 1349 3627 1425; baseline 0.002 -21"><span class='ocrx_word' id='word_1_341' title='bbox 1977 1353 2054 1404; x_wconf 80' lang='lat' dir='ltr'><strong>Ex</strong></span> <span class='ocrx_word' id='word_1_342' title='bbox 2086 1367 2201 1405; x_wconf 92' lang='lat' dir='ltr'><strong>una</strong></span> <span class='ocrx_word' id='word_1_343' title='bbox 2230 1350 2381 1404; x_wconf 91' lang='lat' dir='ltr'><strong>tribu</strong></span> <span class='ocrx_word' id='word_1_344' title='bbox 2421 1349 2595 1406; x_wconf 85' lang='lat' dir='ltr'><strong>Israel</strong></span> <span class='ocrx_word' id='word_1_345' title='bbox 2625 1366 2723 1418; x_wconf 82' lang='lat' dir='ltr'><strong>ego</strong></span> <span class='ocrx_word' id='word_1_346' title='bbox 2755 1365 2874 1404; x_wconf 85' lang='lat' dir='ltr'><strong>sum</strong></span> <span class='ocrx_word' id='word_1_347' title='bbox 2906 1349 2993 1420; x_wconf 89' lang='lat' dir='ltr'><strong>[h.</strong></span> <span class='ocrx_word' id='word_1_348' title='bbox 3028 1367 3144 1405; x_wconf 91' lang='lat' dir='ltr'><strong>non</strong></span> <span class='ocrx_word' id='word_1_349' title='bbox 3177 1350 3374 1425; x_wconf 79' lang='lat' dir='ltr'><strong>habet]</strong></span> <span class='ocrx_word' id='word_1_350' title='bbox 3422 1368 3627 1409; x_wconf 86' lang='lat' dir='ltr'><strong>servus</strong></span> 
     </span>
    </p>
   </div>
   <div class='ocr_carea' id='block_1_46' title="bbox 1972 1439 3625 1512">
    <p class='ocr_par' dir='ltr' id='par_1_46' title="bbox 1972 1439 3625 1512">
     <span class='ocr_line' id='line_1_47' title="bbox 1972 1439 3625 1512; baseline 0.001 -18"><span class='ocrx_word' id='word_1_351' title='bbox 1972 1442 2134 1496; x_wconf 89' lang='lat' dir='ltr'><strong>tuus.</strong></span> <span class='ocrx_word' id='word_1_352' title='bbox 2171 1439 2698 1512; x_wconf 82' lang='lat' dir='ltr'><strong>Respondebatque</strong></span> <span class='ocrx_word' id='word_1_353' title='bbox 2727 1439 2778 1495; x_wconf 89' lang='lat' dir='ltr'><strong>ei</strong></span> <span class='ocrx_word' id='word_1_354' title='bbox 2801 1439 3076 1495; x_wconf 88' lang='lat' dir='ltr'><strong>Absalom</strong></span> <span class='ocrx_word' id='word_1_355' title='bbox 3115 1456 3128 1494; x_wconf 89' lang='lat'><strong>:</strong></span> <span class='ocrx_word' id='word_1_356' title='bbox 3166 1439 3458 1496; x_wconf 90' lang='lat' dir='ltr'><strong>Videntur</strong></span> <span class='ocrx_word' id='word_1_357' title='bbox 3481 1441 3625 1497; x_wconf 88' lang='lat' dir='ltr'><strong>mihi</strong></span> 
     </span>
    </p>
   </div>
   <div class='ocr_carea' id='block_1_47' title="bbox 1973 1528 3622 1602">
    <p class='ocr_par' dir='ltr' id='par_1_47' title="bbox 1973 1528 3622 1602">
     <span class='ocr_line' id='line_1_48' title="bbox 1973 1528 3622 1602; baseline 0.002 -19"><span class='ocrx_word' id='word_1_358' title='bbox 1973 1543 2280 1584; x_wconf 89' lang='lat' dir='ltr'><strong>sermones</strong></span> <span class='ocrx_word' id='word_1_359' title='bbox 2310 1528 2395 1583; x_wconf 91' lang='lat' dir='ltr'><strong>tui</strong></span> <span class='ocrx_word' id='word_1_360' title='bbox 2427 1528 2562 1583; x_wconf 92' lang='lat' dir='ltr'><strong>boni</strong></span> <span class='ocrx_word' id='word_1_361' title='bbox 2595 1533 2651 1582; x_wconf 90' lang='lat' dir='ltr'><strong>et</strong></span> <span class='ocrx_word' id='word_1_362' title='bbox 2676 1529 2846 1599; x_wconf 82' lang='lat' dir='ltr'><strong>justi.</strong></span> <span class='ocrx_word' id='word_1_363' title='bbox 2878 1529 2990 1584; x_wconf 89' lang='lat' dir='ltr'><strong>Sed</strong></span> <span class='ocrx_word' id='word_1_364' title='bbox 3022 1546 3132 1584; x_wconf 91' lang='lat' dir='ltr'><strong>ncn</strong></span> <span class='ocrx_word' id='word_1_365' title='bbox 3167 1533 3253 1584; x_wconf 86' lang='lat' dir='ltr'><strong>est</strong></span> <span class='ocrx_word' id='word_1_366' title='bbox 3285 1529 3384 1602; x_wconf 90' lang='lat' dir='ltr'><strong>qui</strong></span> <span class='ocrx_word' id='word_1_367' title='bbox 3425 1535 3481 1586; x_wconf 91' lang='lat' dir='ltr'><strong>te</strong></span> <span class='ocrx_word' id='word_1_368' title='bbox 3521 1547 3622 1586; x_wconf 87' lang='lat' dir='ltr'><strong>au-</strong></span> 
     </span>
    </p>
   </div>
   <div class='ocr_carea' id='block_1_48' title="bbox 1972 1617 3622 1689">
    <p class='ocr_par' dir='ltr' id='par_1_48' title="bbox 1972 1617 3622 1689">
     <span class='ocr_line' id='line_1_49' title="bbox 1972 1617 3622 1689; baseline 0.002 -18"><span class='ocrx_word' id='word_1_369' title='bbox 1972 1617 2097 1672; x_wconf 88' lang='lat' dir='ltr'><strong>diat</strong></span> <span class='ocrx_word' id='word_1_370' title='bbox 2127 1618 2482 1672; x_wconf 88' lang='lat' dir='ltr'><strong>constitutus</strong></span> <span class='ocrx_word' id='word_1_371' title='bbox 2515 1635 2547 1672; x_wconf 83' lang='lat' dir='ltr'><strong>a</strong></span> <span class='ocrx_word' id='word_1_372' title='bbox 2578 1617 3096 1689; x_wconf 83' lang='lat' dir='ltr'><strong>rege.Dicebatquc</strong></span> <span class='ocrx_word' id='word_1_373' title='bbox 3124 1619 3402 1674; x_wconf 86' lang='lat' dir='ltr'><strong>Absalom</strong></span> <span class='ocrx_word' id='word_1_374' title='bbox 3435 1637 3448 1673; x_wconf 75' lang='grc' dir='ltr'><em>τ</em></span> <span class='ocrx_word' id='word_1_375' title='bbox 3481 1619 3622 1685; x_wconf 85' lang='lat' dir='ltr'><strong>Quis</strong></span> 
     </span>
    </p>
   </div>
   <div class='ocr_carea' id='block_1_49' title="bbox 1971 1707 3621 1778">
    <p class='ocr_par' dir='ltr' id='par_1_49' title="bbox 1971 1707 3621 1778">
     <span class='ocr_line' id='line_1_50' title="bbox 1971 1707 3621 1778; baseline 0.002 -16"><span class='ocrx_word' id='word_1_376' title='bbox 1971 1722 2064 1762; x_wconf 89' lang='lat' dir='ltr'><strong>me</strong></span> <span class='ocrx_word' id='word_1_377' title='bbox 2107 1707 2425 1762; x_wconf 84' lang='lat' dir='ltr'><strong>constituat</strong></span> <span class='ocrx_word' id='word_1_378' title='bbox 2466 1707 2727 1778; x_wconf 87' lang='lat' dir='ltr'><strong>judicem</strong></span> <span class='ocrx_word' id='word_1_379' title='bbox 2781 1723 2960 1778; x_wconf 81' lang='lat' dir='ltr'><strong>super</strong></span> <span class='ocrx_word' id='word_1_380' title='bbox 3008 1712 3246 1774; x_wconf 89' lang='lat' dir='ltr'><strong>terram,</strong></span> <span class='ocrx_word' id='word_1_381' title='bbox 3297 1712 3363 1764; x_wconf 88' lang='lat' dir='ltr'><strong>ut</strong></span> <span class='ocrx_word' id='word_1_382' title='bbox 3405 1709 3476 1762; x_wconf 85' lang='lat' dir='ltr'><strong>ad</strong></span> <span class='ocrx_word' id='word_1_383' title='bbox 3528 1726 3621 1766; x_wconf 88' lang='lat' dir='ltr'><strong>me</strong></span> 
     </span>
    </p>
   </div>
   <div class='ocr_carea' id='block_1_50' title="bbox 1967 1795 3622 1869">
    <p class='ocr_par' dir='ltr' id='par_1_50' title="bbox 1967 1795 3622 1869">
     <span class='ocr_line' id='line_1_51' title="bbox 1967 1795 3622 1869; baseline 0.002 -21"><span class='ocrx_word' id='word_1_384' title='bbox 1967 1795 2200 1851; x_wconf 59' lang='lat' dir='ltr'><strong>veniant</strong></span> <span class='ocrx_word' id='word_1_385' title='bbox 2235 1811 2438 1850; x_wconf 84' lang='lat' dir='ltr'><strong>omnes</strong></span> <span class='ocrx_word' id='word_1_386' title='bbox 2471 1796 2569 1868; x_wconf 88' lang='lat' dir='ltr'><strong>qui</strong></span> <span class='ocrx_word' id='word_1_387' title='bbox 2598 1795 2816 1850; x_wconf 87' lang='lat' dir='ltr'><strong>habent</strong></span> <span class='ocrx_word' id='word_1_388' title='bbox 2845 1796 3167 1868; x_wconf 84' lang='lat' dir='ltr'><strong>negotium,</strong></span> <span class='ocrx_word' id='word_1_389' title='bbox 3195 1801 3252 1850; x_wconf 88' lang='lat' dir='ltr'><strong>et</strong></span> <span class='ocrx_word' id='word_1_390' title='bbox 3278 1798 3437 1867; x_wconf 87' lang='lat' dir='ltr'><strong>justo</strong></span> <span class='ocrx_word' id='word_1_391' title='bbox 3461 1798 3622 1869; x_wconf 89' lang='lat' dir='ltr'><strong>judi-</strong></span> 
     </span>
    </p>
   </div>
   <div class='ocr_carea' id='block_1_51' title="bbox 1967 1883 3616 1958">
    <p class='ocr_par' dir='ltr' id='par_1_51' title="bbox 1967 1883 3616 1958">
     <span class='ocr_line' id='line_1_52' title="bbox 1967 1883 3616 1958; baseline 0.002 -20"><span class='ocrx_word' id='word_1_392' title='bbox 1967 1883 2137 1938; x_wconf 83' lang='lat' dir='ltr'><strong>cem?</strong></span> <span class='ocrx_word' id='word_1_393' title='bbox 2169 1885 2278 1939; x_wconf 91' lang='lat' dir='ltr'><strong>Sed</strong></span> <span class='ocrx_word' id='word_1_394' title='bbox 2313 1890 2529 1939; x_wconf 90' lang='lat' dir='ltr'><strong>etcum</strong></span> <span class='ocrx_word' id='word_1_395' title='bbox 2562 1885 2863 1940; x_wconf 88' lang='lat' dir='ltr'><strong>accederet</strong></span> <span class='ocrx_word' id='word_1_396' title='bbox 2895 1885 2966 1938; x_wconf 87' lang='lat' dir='ltr'><strong>ad</strong></span> <span class='ocrx_word' id='word_1_397' title='bbox 3000 1901 3132 1939; x_wconf 88' lang='lat' dir='ltr'><strong>eum</strong></span> <span class='ocrx_word' id='word_1_398' title='bbox 3166 1885 3340 1940; x_wconf 90' lang='lat' dir='ltr'><strong>homo</strong></span> <span class='ocrx_word' id='word_1_399' title='bbox 3368 1886 3450 1958; x_wconf 88' lang='lat' dir='ltr'><strong>[h.</strong></span> <span class='ocrx_word' id='word_1_400' title='bbox 3507 1886 3616 1958; x_wconf 79' lang='lat' dir='ltr'><strong>vir]</strong></span> 
     </span>
    </p>
   </div>
   <div class='ocr_carea' id='block_1_52' title="bbox 1966 1971 3616 2041">
    <p class='ocr_par' dir='ltr' id='par_1_52' title="bbox 1966 1971 3616 2041">
     <span class='ocr_line' id='line_1_53' title="bbox 1966 1971 3616 2041; baseline 0.002 -15"><span class='ocrx_word' id='word_1_401' title='bbox 1966 1976 2028 2027; x_wconf 92' lang='lat' dir='ltr'><strong>ut</strong></span> <span class='ocrx_word' id='word_1_402' title='bbox 2059 1971 2342 2027; x_wconf 85' lang='lat' dir='ltr'><strong>salutaret</strong></span> <span class='ocrx_word' id='word_1_403' title='bbox 2383 1971 2569 2037; x_wconf 89' lang='lat' dir='ltr'><strong>illum,</strong></span> <span class='ocrx_word' id='word_1_404' title='bbox 2622 1973 2971 2027; x_wconf 85' lang='lat' dir='ltr'><strong>extendebat</strong></span> <span class='ocrx_word' id='word_1_405' title='bbox 3020 1989 3257 2028; x_wconf 90' lang='lat' dir='ltr'><strong>manum</strong></span> <span class='ocrx_word' id='word_1_406' title='bbox 3316 1990 3507 2041; x_wconf 90' lang='lat' dir='ltr'><strong>suam,</strong></span> <span class='ocrx_word' id='word_1_407' title='bbox 3558 1981 3616 2031; x_wconf 90' lang='lat' dir='ltr'><strong>et</strong></span> 
     </span>
    </p>
   </div>
   <div class='ocr_carea' id='block_1_53' title="bbox 1967 2060 3613 2135">
    <p class='ocr_par' dir='ltr' id='par_1_53' title="bbox 1967 2060 3613 2135">
     <span class='ocr_line' id='line_1_54' title="bbox 1967 2060 3613 2135; baseline 0.002 -19"><span class='ocrx_word' id='word_1_408' title='bbox 1967 2061 2434 2132; x_wconf 87' lang='lat' dir='ltr'><strong>apprehendens,</strong></span> <span class='ocrx_word' id='word_1_409' title='bbox 2471 2060 2849 2116; x_wconf 88' lang='lat' dir='ltr'><strong>osculabatur</strong></span> <span class='ocrx_word' id='word_1_410' title='bbox 2873 2076 3031 2115; x_wconf 90' lang='lat' dir='ltr'><strong>eum.</strong></span> <span class='ocrx_word' id='word_1_411' title='bbox 3067 2062 3454 2135; x_wconf 81' lang='lat' dir='ltr'><strong>Faciebatque</strong></span> <span class='ocrx_word' id='word_1_412' title='bbox 3504 2063 3613 2120; x_wconf 89' lang='lat' dir='ltr'><strong>hoc</strong></span> 
     </span>
    </p>
   </div>
   <div class='ocr_carea' id='block_1_54' title="bbox 1965 2147 3614 2219">
    <p class='ocr_par' dir='ltr' id='par_1_54' title="bbox 1965 2147 3614 2219">
     <span class='ocr_line' id='line_1_55' title="bbox 1965 2147 3614 2219; baseline 0.001 -15"><span class='ocrx_word' id='word_1_413' title='bbox 1965 2147 2125 2204; x_wconf 91' lang='lat' dir='ltr'><strong>omni</strong></span> <span class='ocrx_word' id='word_1_414' title='bbox 2160 2147 2465 2219; x_wconf 87' lang='lat' dir='ltr'><strong>Israel,qui</strong></span> <span class='ocrx_word' id='word_1_415' title='bbox 2496 2149 2765 2202; x_wconf 87' lang='lat' dir='ltr'><strong>veniebat</strong></span> <span class='ocrx_word' id='word_1_416' title='bbox 2795 2149 2865 2202; x_wconf 90' lang='lat' dir='ltr'><strong>ad</strong></span> <span class='ocrx_word' id='word_1_417' title='bbox 2891 2148 3272 2219; x_wconf 83' lang='lat' dir='ltr'><strong>judicium,ut</strong></span> <span class='ocrx_word' id='word_1_418' title='bbox 3308 2149 3614 2206; x_wconf 89' lang='lat' dir='ltr'><strong>audiretur</strong></span> 
     </span>
    </p>
   </div>
   <div class='ocr_carea' id='block_1_55' title="bbox 1963 2236 3608 2310">
    <p class='ocr_par' dir='ltr' id='par_1_55' title="bbox 1963 2236 3608 2310">
     <span class='ocr_line' id='line_1_56' title="bbox 1963 2236 3608 2310; baseline 0.002 -18"><span class='ocrx_word' id='word_1_419' title='bbox 1963 2255 1994 2291; x_wconf 93' lang='lat' dir='ltr'><strong>a</strong></span> <span class='ocrx_word' id='word_1_420' title='bbox 2016 2243 2233 2310; x_wconf 87' lang='lat' dir='ltr'><strong>rege,et</strong></span> <span class='ocrx_word' id='word_1_421' title='bbox 2254 2236 2606 2292; x_wconf 80' lang='lat' dir='ltr'><strong>sollicitabat</strong></span> <span class='ocrx_word' id='word_1_422' title='bbox 2629 2238 2805 2292; x_wconf 88' lang='lat' dir='ltr'><strong>corda</strong></span> <span class='ocrx_word' id='word_1_423' title='bbox 2826 2237 3084 2292; x_wconf 88' lang='lat' dir='ltr'><strong>virorum</strong></span> <span class='ocrx_word' id='word_1_424' title='bbox 3111 2239 3306 2293; x_wconf 83' lang='lat' dir='ltr'><strong>Israel.</strong></span> <span class='ocrx_word' id='word_1_425' title='bbox 3331 2240 3608 2310; x_wconf 85' lang='lat' dir='ltr'><strong>[T.CXV.]</strong></span> 
     </span>
    </p>
   </div>
   <div class='ocr_carea' id='block_1_56' title="bbox 1967 2327 3609 2399">
    <p class='ocr_par' dir='ltr' id='par_1_56' title="bbox 1967 2327 3609 2399">
     <span class='ocr_line' id='line_1_57' title="bbox 1967 2327 3609 2399; baseline 0.002 -18"><span class='ocrx_word' id='word_1_426' title='bbox 1967 2327 2100 2383; x_wconf 86' lang='lat' dir='ltr'><strong>Post</strong></span> <span class='ocrx_word' id='word_1_427' title='bbox 2121 2327 2510 2399; x_wconf 87' lang='lat' dir='ltr'><strong>quadraginta</strong></span> <span class='ocrx_word' id='word_1_428' title='bbox 2533 2331 2728 2382; x_wconf 87' lang='lat' dir='ltr'><strong>autem</strong></span> <span class='ocrx_word' id='word_1_429' title='bbox 2762 2343 2946 2382; x_wconf 88' lang='lat' dir='ltr'><strong>annos</strong></span> <span class='ocrx_word' id='word_1_430' title='bbox 2980 2327 3020 2398; x_wconf 80' lang='grc'><strong>⁵,</strong></span> <span class='ocrx_word' id='word_1_431' title='bbox 3054 2327 3202 2382; x_wconf 70' lang='lat' dir='ltr'><strong>dixit</strong></span> <span class='ocrx_word' id='word_1_432' title='bbox 3230 2328 3504 2385; x_wconf 85' lang='lat' dir='ltr'><strong>Absalom</strong></span> <span class='ocrx_word' id='word_1_433' title='bbox 3539 2332 3609 2385; x_wconf 90' lang='lat' dir='ltr'><strong>ad</strong></span> 
     </span>
    </p>
   </div>
   <div class='ocr_carea' id='block_1_57' title="bbox 1965 2432 3609 2507">
    <p class='ocr_par' dir='ltr' id='par_1_57' title="bbox 1965 2432 3609 2507">
     <span class='ocr_line' id='line_1_58' title="bbox 1965 2432 3609 2507; baseline 0.001 -18"><span class='ocrx_word' id='word_1_434' title='bbox 1965 2449 2060 2489; x_wconf 90' lang='lat' dir='ltr'><strong>ces</strong></span> <span class='ocrx_word' id='word_1_435' title='bbox 2086 2433 2466 2507; x_wconf 79' lang='lat' dir='ltr'><strong>Corbeienses</strong></span> <span class='ocrx_word' id='word_1_436' title='bbox 2496 2432 2880 2507; x_wconf 81' lang='lat' dir='ltr'><strong>vetustissimi</strong></span> <span class='ocrx_word' id='word_1_437' title='bbox 2911 2438 2966 2488; x_wconf 89' lang='lat' dir='ltr'><strong>et</strong></span> <span class='ocrx_word' id='word_1_438' title='bbox 2998 2433 3229 2506; x_wconf 69' lang='lat' dir='ltr'><strong>optimae</strong></span> <span class='ocrx_word' id='word_1_439' title='bbox 3262 2440 3409 2490; x_wconf 70' lang='lat' dir='ltr'><strong>nota:</strong></span> <span class='ocrx_word' id='word_1_440' title='bbox 3453 2435 3609 2507; x_wconf 85' lang='lat' dir='ltr'><strong>lege-</strong></span> 
     </span>
    </p>
   </div>
   <div class='ocr_carea' id='block_1_58' title="bbox 1968 2505 3614 2578">
    <p class='ocr_par' dir='ltr' id='par_1_58' title="bbox 1968 2505 3614 2578">
     <span class='ocr_line' id='line_1_59' title="bbox 1968 2505 3614 2578; baseline 0.003 -21"><span class='ocrx_word' id='word_1_441' title='bbox 1968 2508 2107 2560; x_wconf 77' lang='lat' dir='ltr'><strong>bant</strong></span> <span class='ocrx_word' id='word_1_442' title='bbox 2134 2505 2416 2576; x_wconf 80' lang='lat' dir='ltr'><strong>olim.post</strong></span> <span class='ocrx_word' id='word_1_443' title='bbox 2438 2505 2804 2576; x_wconf 77' lang='lat' dir='ltr'><strong>quadraginta</strong></span> <span class='ocrx_word' id='word_1_444' title='bbox 2827 2513 3006 2560; x_wconf 89' lang='lat' dir='ltr'><strong>autem</strong></span> <span class='ocrx_word' id='word_1_445' title='bbox 3034 2505 3386 2578; x_wconf 80' lang='lat' dir='ltr'><strong>annos,quod</strong></span> <span class='ocrx_word' id='word_1_446' title='bbox 3416 2505 3614 2562; x_wconf 68' lang='lat' dir='ltr'><strong>emen-</strong></span> 
     </span>
    </p>
   </div>
   <div class='ocr_carea' id='block_1_59' title="bbox 1963 2578 3610 2648">
    <p class='ocr_par' dir='ltr' id='par_1_59' title="bbox 1963 2578 3610 2648">
     <span class='ocr_line' id='line_1_60' title="bbox 1963 2578 3610 2648; baseline 0.004 -19"><span class='ocrx_word' id='word_1_447' title='bbox 1963 2578 2195 2632; x_wconf 86' lang='lat' dir='ltr'><strong>datores</strong></span> <span class='ocrx_word' id='word_1_448' title='bbox 2229 2581 2536 2631; x_wconf 89' lang='lat' dir='ltr'><strong>mutarunt</strong></span> <span class='ocrx_word' id='word_1_449' title='bbox 2579 2579 2638 2630; x_wconf 91' lang='lat' dir='ltr'><strong>in</strong></span> <span class='ocrx_word' id='word_1_450' title='bbox 2687 2587 2953 2648; x_wconf 79' lang='lat' dir='ltr'><strong>quatuor,</strong></span> <span class='ocrx_word' id='word_1_451' title='bbox 3002 2579 3090 2629; x_wconf 83' lang='lat' dir='ltr'><strong>vel</strong></span> <span class='ocrx_word' id='word_1_452' title='bbox 3142 2580 3200 2632; x_wconf 89' lang='lat' dir='ltr'><strong>in</strong></span> <span class='ocrx_word' id='word_1_453' title='bbox 3249 2579 3383 2632; x_wconf 75' lang='lat' dir='ltr'><strong>duos</strong></span> <span class='ocrx_word' id='word_1_454' title='bbox 3432 2579 3610 2636; x_wconf 86' lang='lat' dir='ltr'><strong>etiam</strong></span> 
     </span>
    </p>
   </div>
   <div class='ocr_carea' id='block_1_60' title="bbox 1961 2649 3608 2719">
    <p class='ocr_par' dir='ltr' id='par_1_60' title="bbox 1961 2649 3608 2719">
     <span class='ocr_line' id='line_1_61' title="bbox 1961 2649 3608 2719; baseline 0.001 -16"><span class='ocrx_word' id='word_1_455' title='bbox 1961 2665 2134 2710; x_wconf 69' lang='lat' dir='ltr'><strong>annos</strong></span> <span class='ocrx_word' id='word_1_456' title='bbox 2191 2649 2404 2718; x_wconf 85' lang='lat' dir='ltr'><strong>Regius</strong></span> <span class='ocrx_word' id='word_1_457' title='bbox 2435 2649 2633 2713; x_wconf 86' lang='lat' dir='ltr'><strong>codex,</strong></span> <span class='ocrx_word' id='word_1_458' title='bbox 2662 2665 2717 2702; x_wconf 94' lang='lat' dir='ltr'><strong>n.</strong></span> <span class='ocrx_word' id='word_1_459' title='bbox 2742 2650 2903 2716; x_wconf 79' lang='lat'><strong>3563,</strong></span> <span class='ocrx_word' id='word_1_460' title='bbox 2927 2654 2982 2702; x_wconf 88' lang='lat' dir='ltr'><strong>et</strong></span> <span class='ocrx_word' id='word_1_461' title='bbox 3013 2649 3199 2719; x_wconf 80' lang='lat' dir='ltr'><strong>Major</strong></span> <span class='ocrx_word' id='word_1_462' title='bbox 3227 2650 3285 2704; x_wconf 92' lang='lat' dir='ltr'><strong>S.</strong></span> <span class='ocrx_word' id='word_1_463' title='bbox 3309 2650 3608 2719; x_wconf 89' lang='lat' dir='ltr'><strong>Germani,</strong></span> 
     </span>
    </p>
   </div>
   <div class='ocr_carea' id='block_1_61' title="bbox 1964 2720 3611 2791">
    <p class='ocr_par' dir='ltr' id='par_1_61' title="bbox 1964 2720 3611 2791">
     <span class='ocr_line' id='line_1_62' title="bbox 1964 2720 3611 2791; baseline 0.002 -17"><span class='ocrx_word' id='word_1_464' title='bbox 1964 2737 2021 2774; x_wconf 90' lang='lat' dir='ltr'><strong>n.</strong></span> <span class='ocrx_word' id='word_1_465' title='bbox 2054 2721 2108 2786; x_wconf 90' lang='lat'><strong>3,</strong></span> <span class='ocrx_word' id='word_1_466' title='bbox 2142 2727 2276 2774; x_wconf 89' lang='lat' dir='ltr'><strong>ante</strong></span> <span class='ocrx_word' id='word_1_467' title='bbox 2304 2720 2774 2791; x_wconf 79' lang='lat' dir='ltr'><strong>emendationem</strong></span> <span class='ocrx_word' id='word_1_468' title='bbox 2805 2723 3050 2791; x_wconf 78' lang='lat' dir='ltr'><strong>quinque</strong></span> <span class='ocrx_word' id='word_1_469' title='bbox 3080 2736 3272 2782; x_wconf 79' lang='lat' dir='ltr'><strong>annos.</strong></span> <span class='ocrx_word' id='word_1_470' title='bbox 3309 2738 3461 2776; x_wconf 85' lang='lat' dir='ltr'><strong>nunc</strong></span> <span class='ocrx_word' id='word_1_471' title='bbox 3502 2739 3611 2778; x_wconf 89' lang='lat' dir='ltr'><strong>au-</strong></span> 
     </span>
    </p>
   </div>
   <div class='ocr_carea' id='block_1_62' title="bbox 1962 2789 3611 2864">
    <p class='ocr_par' dir='ltr' id='par_1_62' title="bbox 1962 2789 3611 2864">
     <span class='ocr_line' id='line_1_63' title="bbox 1962 2789 3611 2864; baseline 0.001 -18"><span class='ocrx_word' id='word_1_472' title='bbox 1962 2797 2079 2864; x_wconf 86' lang='lat' dir='ltr'><strong>tem</strong></span> <span class='ocrx_word' id='word_1_473' title='bbox 2110 2801 2342 2861; x_wconf 82' lang='lat' dir='ltr'><strong>quatuor</strong></span> <span class='ocrx_word' id='word_1_474' title='bbox 2373 2791 2606 2864; x_wconf 85' lang='lat' dir='ltr'><strong>habent.</strong></span> <span class='ocrx_word' id='word_1_475' title='bbox 2643 2795 2704 2844; x_wconf 91' lang='lat' dir='ltr'><strong>ln</strong></span> <span class='ocrx_word' id='word_1_476' title='bbox 2739 2789 2876 2846; x_wconf 83' lang='lat' dir='ltr'><strong>Can.</strong></span> <span class='ocrx_word' id='word_1_477' title='bbox 2915 2789 3080 2864; x_wconf 57' lang='lat' dir='ltr'><strong>lli-br.</strong></span> <span class='ocrx_word' id='word_1_478' title='bbox 3108 2792 3345 2860; x_wconf 82' lang='lat' dir='ltr'><strong>verit,ex</strong></span> <span class='ocrx_word' id='word_1_479' title='bbox 3374 2803 3611 2864; x_wconf 84' lang='lat' dir='ltr'><strong>quatuor</strong></span> 
     </span>
    </p>
   </div>
   <div class='ocr_carea' id='block_1_63' title="bbox 1959 2862 3608 2935">
    <p class='ocr_par' dir='ltr' id='par_1_63' title="bbox 1959 2862 3608 2935">
     <span class='ocr_line' id='line_1_64' title="bbox 1959 2862 3608 2935; baseline 0.003 -20"><span class='ocrx_word' id='word_1_480' title='bbox 1959 2862 2046 2916; x_wconf 90' lang='lat' dir='ltr'><strong>vel</strong></span> <span class='ocrx_word' id='word_1_481' title='bbox 2078 2863 2322 2935; x_wconf 73' lang='lat' dir='ltr'><strong>quiaque</strong></span> <span class='ocrx_word' id='word_1_482' title='bbox 2370 2862 2568 2934; x_wconf 71' lang='lat' dir='ltr'><strong>prima:</strong></span> <span class='ocrx_word' id='word_1_483' title='bbox 2621 2879 2852 2935; x_wconf 83' lang='lat' dir='ltr'><strong>manus,</strong></span> <span class='ocrx_word' id='word_1_484' title='bbox 2904 2863 3276 2935; x_wconf 67' lang='lat' dir='ltr'><strong>quadragivla</strong></span> <span class='ocrx_word' id='word_1_485' title='bbox 3322 2862 3608 2935; x_wconf 86' lang='lat' dir='ltr'><strong>posterior</strong></span> 
     </span>
    </p>
   </div>
   <div class='ocr_carea' id='block_1_64' title="bbox 1963 2933 3600 3004">
    <p class='ocr_par' dir='ltr' id='par_1_64' title="bbox 1963 2933 3600 3004">
     <span class='ocr_line' id='line_1_65' title="bbox 1963 2933 3600 3004; baseline 0.001 -16"><span class='ocrx_word' id='word_1_486' title='bbox 1963 2933 2112 2988; x_wconf 84' lang='lat' dir='ltr'><strong>fecit.</strong></span> <span class='ocrx_word' id='word_1_487' title='bbox 2147 2933 2514 2988; x_wconf 87' lang='lat' dir='ltr'><strong>Colbertinus</strong></span> <span class='ocrx_word' id='word_1_488' title='bbox 2546 2951 2602 2987; x_wconf 93' lang='lat' dir='ltr'><strong>n.</strong></span> <span class='ocrx_word' id='word_1_489' title='bbox 2639 2934 2762 3002; x_wconf 87' lang='grc'>181,</span> <span class='ocrx_word' id='word_1_490' title='bbox 2795 2936 2997 2988; x_wconf 90' lang='lat' dir='ltr'><strong>reticet</strong></span> <span class='ocrx_word' id='word_1_491' title='bbox 3029 2935 3099 2988; x_wconf 90' lang='lat' dir='ltr'><strong>ab</strong></span> <span class='ocrx_word' id='word_1_492' title='bbox 3133 2933 3600 3004; x_wconf 28' lang='lat' dir='ltr'><strong>initio,‘quadra-</strong></span> 
     </span>
    </p>
   </div>
   <div class='ocr_carea' id='block_1_65' title="bbox 1956 3005 3606 3075">
    <p class='ocr_par' dir='ltr' id='par_1_65' title="bbox 1956 3005 3606 3075">
     <span class='ocr_line' id='line_1_66' title="bbox 1956 3005 3606 3075; baseline 0.001 -14"><span class='ocrx_word' id='word_1_493' title='bbox 1956 3009 2112 3075; x_wconf 82' lang='lat' dir='ltr'><strong>ginta</strong></span> <span class='ocrx_word' id='word_1_494' title='bbox 2142 3024 2160 3059; x_wconf 92' lang='lat'><em>:</em></span> <span class='ocrx_word' id='word_1_495' title='bbox 2193 3005 2292 3059; x_wconf 89' lang='lat' dir='ltr'><strong>sed</strong></span> <span class='ocrx_word' id='word_1_496' title='bbox 2326 3005 2656 3060; x_wconf 88' lang='lat' dir='ltr'><strong>Aniciensis</strong></span> <span class='ocrx_word' id='word_1_497' title='bbox 2686 3008 2823 3059; x_wconf 89' lang='lat' dir='ltr'><strong>item</strong></span> <span class='ocrx_word' id='word_1_498' title='bbox 2855 3005 3221 3060; x_wconf 85' lang='lat' dir='ltr'><strong>Colbertinus</strong></span> <span class='ocrx_word' id='word_1_499' title='bbox 3248 3022 3381 3060; x_wconf 87' lang='lat' dir='ltr'><strong>cum</strong></span> <span class='ocrx_word' id='word_1_500' title='bbox 3415 3007 3606 3063; x_wconf 84' lang='lat' dir='ltr'><strong>tribus</strong></span> 
     </span>
    </p>
   </div>
   <div class='ocr_carea' id='block_1_66' title="bbox 1959 3076 3604 3148">
    <p class='ocr_par' dir='ltr' id='par_1_66' title="bbox 1959 3076 3604 3148">
     <span class='ocr_line' id='line_1_67' title="bbox 1959 3076 3604 3148; baseline 0.001 -16"><span class='ocrx_word' id='word_1_501' title='bbox 1959 3077 2090 3132; x_wconf 80' lang='lat' dir='ltr'><strong>aliis</strong></span> <span class='ocrx_word' id='word_1_502' title='bbox 2125 3077 2336 3132; x_wconf 91' lang='lat' dir='ltr'><strong>nostris</strong></span> <span class='ocrx_word' id='word_1_503' title='bbox 2363 3076 2421 3131; x_wconf 87' lang='lat' dir='ltr'><strong>S.</strong></span> <span class='ocrx_word' id='word_1_504' title='bbox 2473 3077 2746 3132; x_wconf 88' lang='lat' dir='ltr'><strong>Germani</strong></span> <span class='ocrx_word' id='word_1_505' title='bbox 2790 3095 2826 3148; x_wconf 14' lang='lat' dir='ltr'><strong>7a</strong></span> <span class='ocrx_word' id='word_1_506' title='bbox 2873 3076 3079 3148; x_wconf 79' lang='lat' dir='ltr'><strong>Pratis,</strong></span> <span class='ocrx_word' id='word_1_507' title='bbox 3126 3084 3362 3147; x_wconf 76' lang='lat' dir='ltr'><strong>quatuor</strong></span> <span class='ocrx_word' id='word_1_508' title='bbox 3408 3077 3604 3148; x_wconf 86' lang='lat' dir='ltr'><strong>habet,</strong></span> 
     </span>
    </p>
   </div>
   <div class='ocr_carea' id='block_1_67' title="bbox 1960 3147 3604 3220">
    <p class='ocr_par' dir='ltr' id='par_1_67' title="bbox 1960 3147 3604 3220">
     <span class='ocr_line' id='line_1_68' title="bbox 1960 3147 3604 3220; baseline 0.001 -17"><span class='ocrx_word' id='word_1_509' title='bbox 1960 3165 2093 3220; x_wconf 8' lang='lat' dir='ltr'><strong>non?</strong></span> <span class='ocrx_word' id='word_1_510' title='bbox 2122 3148 2510 3220; x_wconf 75' lang='lat' dir='ltr'><strong>quadraginta.</strong></span> <span class='ocrx_word' id='word_1_511' title='bbox 2556 3153 2735 3220; x_wconf 86' lang='lat' dir='ltr'><strong>Porro</strong></span> <span class='ocrx_word' id='word_1_512' title='bbox 2787 3147 3103 3220; x_wconf 85' lang='lat' dir='ltr'><strong>Bibliorum</strong></span> <span class='ocrx_word' id='word_1_513' title='bbox 3157 3152 3431 3204; x_wconf 64' lang='lat' dir='ltr'><strong>Romanae</strong></span> <span class='ocrx_word' id='word_1_514' title='bbox 3478 3147 3604 3205; x_wconf 55' lang='lat' dir='ltr'><strong>cor?</strong></span> 
     </span>
    </p>
   </div>
   <div class='ocr_carea' id='block_1_68' title="bbox 1961 3219 3609 3292">
    <p class='ocr_par' dir='ltr' id='par_1_68' title="bbox 1961 3219 3609 3292">
     <span class='ocr_line' id='line_1_69' title="bbox 1961 3219 3609 3292; baseline 0.002 -18"><span class='ocrx_word' id='word_1_515' title='bbox 1961 3219 2242 3274; x_wconf 75' lang='lat' dir='ltr'><strong>rectiones</strong></span> <span class='ocrx_word' id='word_1_516' title='bbox 2274 3221 2495 3292; x_wconf 82' lang='lat' dir='ltr'><strong>docent</strong></span> <span class='ocrx_word' id='word_1_517' title='bbox 2517 3219 2874 3289; x_wconf 86' lang='lat' dir='ltr'><strong>abjiciendos</strong></span> <span class='ocrx_word' id='word_1_518' title='bbox 2907 3235 3183 3274; x_wconf 81' lang='lat' dir='ltr'><strong>numeros</strong></span> <span class='ocrx_word' id='word_1_519' title='bbox 3205 3225 3258 3273; x_wconf 88' lang='lat' dir='ltr'><strong>et</strong></span> <span class='ocrx_word' id='word_1_520' title='bbox 3287 3229 3524 3292; x_wconf 83' lang='lat' dir='ltr'><strong>quatuor</strong></span> <span class='ocrx_word' id='word_1_521' title='bbox 3550 3226 3609 3278; x_wconf 90' lang='lat' dir='ltr'><strong>et</strong></span> 
     </span>
    </p>
   </div>
   <div class='ocr_carea' id='block_1_69' title="bbox 187 3286 3606 3362">
    <p class='ocr_par' dir='ltr' id='par_1_69' title="bbox 187 3286 3606 3362">
     <span class='ocr_line' id='line_1_70' title="bbox 187 3286 3606 3362; baseline 0.001 -16"><span class='ocrx_word' id='word_1_522' title='bbox 187 3286 816 3362; x_wconf 45' lang='lat' dir='ltr'><strong>Salomonis-quoque,</strong></span> <span class='ocrx_word' id='word_1_523' title='bbox 849 3290 1152 3352; x_wconf 84' lang='lat' dir='ltr'><strong>Roboami.</strong></span> <span class='ocrx_word' id='word_1_524' title='bbox 1186 3286 1244 3345; x_wconf 81' lang='lat' dir='ltr'><strong>et</strong></span> <span class='ocrx_word' id='word_1_525' title='bbox 1277 3291 1432 3345; x_wconf 74' lang='lat' dir='ltr'><strong>Abiaa</strong></span> <span class='ocrx_word' id='word_1_526' title='bbox 1473 3292 1643 3359; x_wconf 86' lang='lat' dir='ltr'><strong>juxta</strong></span> <span class='ocrx_word' id='word_1_527' title='bbox 1687 3307 1848 3346; x_wconf 88' lang='lat' dir='ltr'><strong>com-</strong></span> <span class='ocrx_word' id='word_1_528' title='bbox 1880 3286 1923 3350; x_wconf 88' lang='lat' dir='ltr'>C</span> <span class='ocrx_word' id='word_1_529' title='bbox 1961 3294 2200 3362; x_wconf 80' lang='lat' dir='ltr'><strong>quinque</strong></span> <span class='ocrx_word' id='word_1_530' title='bbox 2229 3296 2282 3346; x_wconf 88' lang='lat' dir='ltr'><strong>et</strong></span> <span class='ocrx_word' id='word_1_531' title='bbox 2313 3307 2429 3358; x_wconf 72' lang='lat' dir='ltr'><strong>sex,</strong></span> <span class='ocrx_word' id='word_1_532' title='bbox 2462 3286 2603 3345; x_wconf 77' lang='lat' dir='ltr'><strong>licet</strong></span> <span class='ocrx_word' id='word_1_533' title='bbox 2626 3298 2861 3360; x_wconf 79' lang='lat' dir='ltr'><strong>quatuor</strong></span> <span class='ocrx_word' id='word_1_534' title='bbox 2885 3307 2999 3344; x_wconf 92' lang='lat' dir='ltr'><strong>non</strong></span> <span class='ocrx_word' id='word_1_535' title='bbox 3033 3298 3227 3346; x_wconf 88' lang='lat' dir='ltr'><strong>careat</strong></span> <span class='ocrx_word' id='word_1_536' title='bbox 3259 3286 3366 3345; x_wconf 79' lang='lat' dir='ltr'><strong>sua</strong></span> <span class='ocrx_word' id='word_1_537' title='bbox 3399 3294 3606 3362; x_wconf 79' lang='lat' dir='ltr'><strong>proba-</strong></span> 
     </span>
    </p>
   </div>
   <div class='ocr_carea' id='block_1_70' title="bbox 194 3362 1850 3436">
    <p class='ocr_par' dir='ltr' id='par_1_70' title="bbox 194 3362 1850 3436">
     <span class='ocr_line' id='line_1_71' title="bbox 194 3362 1850 3436; baseline -0.002 -17"><span class='ocrx_word' id='word_1_538' title='bbox 194 3363 579 3436; x_wconf 88' lang='lat' dir='ltr'><strong>putationem</strong></span> <span class='ocrx_word' id='word_1_539' title='bbox 613 3363 878 3431; x_wconf 76' lang='lat' dir='ltr'><strong>ejusdem</strong></span> <span class='ocrx_word' id='word_1_540' title='bbox 924 3362 1172 3436; x_wconf 85' lang='lat' dir='ltr'><strong>vindicis</strong></span> <span class='ocrx_word' id='word_1_541' title='bbox 1207 3378 1272 3417; x_wconf 86' lang='lat' dir='ltr'><strong>ac</strong></span> <span class='ocrx_word' id='word_1_542' title='bbox 1296 3365 1651 3418; x_wconf 88' lang='lat' dir='ltr'><strong>restitutoris</strong></span> <span class='ocrx_word' id='word_1_543' title='bbox 1699 3364 1850 3418; x_wconf 89' lang='lat' dir='ltr'><strong>anti-</strong></span> 
     </span>
    </p>
   </div>
   <div class='ocr_carea' id='block_1_71' title="bbox 194 3435 1852 3506">
    <p class='ocr_par' dir='ltr' id='par_1_71' title="bbox 194 3435 1852 3506">
     <span class='ocr_line' id='line_1_72' title="bbox 194 3435 1852 3506; baseline 0 -16"><span class='ocrx_word' id='word_1_544' title='bbox 194 3435 462 3506; x_wconf 82' lang='lat' dir='ltr'><strong>quorum</strong></span> <span class='ocrx_word' id='word_1_545' title='bbox 492 3435 980 3506; x_wconf 11' lang='lat' dir='ltr'><strong>temporum,4quii</strong></span> <span class='ocrx_word' id='word_1_546' title='bbox 1023 3435 1428 3506; x_wconf 79' lang='lat' dir='ltr'><strong>incunctanter</strong></span> <span class='ocrx_word' id='word_1_547' title='bbox 1476 3437 1644 3490; x_wconf 88' lang='lat' dir='ltr'><strong>docet</strong></span> <span class='ocrx_word' id='word_1_548' title='bbox 1685 3451 1734 3490; x_wconf 92' lang='lat' dir='ltr'><strong>c.</strong></span> <span class='ocrx_word' id='word_1_549' title='bbox 1787 3435 1852 3489; x_wconf 90' lang='grc'><strong>10</strong></span> 
     </span>
    </p>
   </div>
   <div class='ocr_carea' id='block_1_72' title="bbox 197 3504 1852 3575">
    <p class='ocr_par' dir='ltr' id='par_1_72' title="bbox 197 3504 1852 3575">
     <span class='ocr_line' id='line_1_73' title="bbox 197 3504 1852 3575; baseline 0 -13"><span class='ocrx_word' id='word_1_550' title='bbox 197 3504 364 3562; x_wconf 73' lang='lat' dir='ltr'><strong>novae</strong></span> <span class='ocrx_word' id='word_1_551' title='bbox 397 3505 583 3575; x_wconf 85' lang='lat' dir='ltr'><strong>hujus</strong></span> <span class='ocrx_word' id='word_1_552' title='bbox 613 3504 1021 3571; x_wconf 84' lang='lat' dir='ltr'><strong>restitutionis,</strong></span> <span class='ocrx_word' id='word_1_553' title='bbox 1052 3504 1417 3561; x_wconf 89' lang='lat' dir='ltr'><strong>Salomonem</strong></span> <span class='ocrx_word' id='word_1_554' title='bbox 1463 3523 1615 3562; x_wconf 90' lang='lat' dir='ltr'><strong>anno</strong></span> <span class='ocrx_word' id='word_1_555' title='bbox 1665 3507 1852 3562; x_wconf 73' lang='lat' dir='ltr'><strong>astatis</strong></span> 
     </span>
    </p>
   </div>
   <div class='ocr_carea' id='block_1_73' title="bbox 194 3575 1852 3648">
    <p class='ocr_par' dir='ltr' id='par_1_73' title="bbox 194 3575 1852 3648">
     <span class='ocr_line' id='line_1_74' title="bbox 194 3575 1852 3648; baseline -0.001 -14"><span class='ocrx_word' id='word_1_556' title='bbox 194 3595 321 3634; x_wconf 72' lang='lat' dir='ltr'><strong>sua:</strong></span> <span class='ocrx_word' id='word_1_557' title='bbox 360 3575 856 3648; x_wconf 87' lang='lat' dir='ltr'><strong>quinquagesimo</strong></span> <span class='ocrx_word' id='word_1_558' title='bbox 891 3579 1060 3632; x_wconf 88' lang='lat' dir='ltr'><strong>tertio</strong></span> <span class='ocrx_word' id='word_1_559' title='bbox 1089 3577 1360 3648; x_wconf 85' lang='lat' dir='ltr'><strong>genuisse</strong></span> <span class='ocrx_word' id='word_1_560' title='bbox 1392 3578 1749 3633; x_wconf 77' lang='lat' dir='ltr'><strong>Robnamum</strong></span> <span class='ocrx_word' id='word_1_561' title='bbox 1783 3595 1852 3633; x_wconf 86' lang='lat' dir='ltr'><strong>ex</strong></span> 
     </span>
    </p>
   </div>
   <div class='ocr_carea' id='block_1_74' title="bbox 196 3648 1851 3707">
    <p class='ocr_par' dir='ltr' id='par_1_74' title="bbox 196 3648 1851 3707">
     <span class='ocr_line' id='line_1_75' title="bbox 196 3648 1851 3707; baseline -0.001 -2"><span class='ocrx_word' id='word_1_562' title='bbox 196 3648 638 3707; x_wconf 79' lang='lat' dir='ltr'><strong>Ammonitide:</strong></span> <span class='ocrx_word' id='word_1_563' title='bbox 672 3664 910 3703; x_wconf 90' lang='lat' dir='ltr'><strong>necesse</strong></span> <span class='ocrx_word' id='word_1_564' title='bbox 939 3654 1028 3704; x_wconf 90' lang='lat' dir='ltr'><strong>est</strong></span> <span class='ocrx_word' id='word_1_565' title='bbox 1056 3648 1314 3704; x_wconf 83' lang='lat' dir='ltr'><strong>Thamar</strong></span> <span class='ocrx_word' id='word_1_566' title='bbox 1343 3648 1520 3704; x_wconf 83' lang='lat' dir='ltr'><strong>tiliam</strong></span> <span class='ocrx_word' id='word_1_567' title='bbox 1552 3649 1851 3704; x_wconf 76' lang='lat' dir='ltr'><strong>Absalomi</strong></span> 
     </span>
    </p>
   </div>
   <div class='ocr_carea' id='block_1_75' title="bbox 199 3719 1850 3791">
    <p class='ocr_par' dir='ltr' id='par_1_75' title="bbox 199 3719 1850 3791">
     <span class='ocr_line' id='line_1_76' title="bbox 199 3719 1850 3791; baseline -0.001 -13"><span class='ocrx_word' id='word_1_568' title='bbox 199 3720 591 3791; x_wconf 85' lang='lat' dir='ltr'><strong>matrimonio</strong></span> <span class='ocrx_word' id='word_1_569' title='bbox 612 3720 882 3789; x_wconf 89' lang='lat' dir='ltr'><strong>junctam</strong></span> <span class='ocrx_word' id='word_1_570' title='bbox 911 3719 1093 3791; x_wconf 87' lang='lat' dir='ltr'><strong>fuisse</strong></span> <span class='ocrx_word' id='word_1_571' title='bbox 1123 3735 1255 3775; x_wconf 90' lang='lat' dir='ltr'><strong>cum</strong></span> <span class='ocrx_word' id='word_1_572' title='bbox 1288 3720 1850 3791; x_wconf 84' lang='lat' dir='ltr'><strong>Roboam,cumjam</strong></span> 
     </span>
    </p>
   </div>
   <div class='ocr_carea' id='block_1_76' title="bbox 197 3789 1848 3864">
    <p class='ocr_par' dir='ltr' id='par_1_76' title="bbox 197 3789 1848 3864">
     <span class='ocr_line' id='line_1_77' title="bbox 197 3789 1848 3864; baseline 0.001 -18"><span class='ocrx_word' id='word_1_573' title='bbox 197 3792 338 3864; x_wconf 77' lang='lat' dir='ltr'><strong>ipsa</strong></span> <span class='ocrx_word' id='word_1_574' title='bbox 358 3789 658 3864; x_wconf 86' lang='lat' dir='ltr'><strong>attigisset</strong></span> <span class='ocrx_word' id='word_1_575' title='bbox 680 3792 1010 3864; x_wconf 70' lang='lat' dir='ltr'><strong>ann._tetatis</strong></span> <span class='ocrx_word' id='word_1_576' title='bbox 1025 3789 1156 3864; x_wconf 82' lang='lat' dir='ltr'><strong>plus</strong></span> <span class='ocrx_word' id='word_1_577' title='bbox 1173 3791 1366 3846; x_wconf 90' lang='lat' dir='ltr'><strong>minus</strong></span> <span class='ocrx_word' id='word_1_578' title='bbox 1383 3789 1759 3864; x_wconf 81' lang='lat' dir='ltr'><strong>nonagesimu</strong></span> <span class='ocrx_word' id='word_1_579' title='bbox 1772 3809 1848 3848; x_wconf 91' lang='lat' dir='ltr'><strong>m.</strong></span> 
     </span>
    </p>
   </div>
   <div class='ocr_carea' id='block_1_77' title="bbox 193 3861 1849 3935">
    <p class='ocr_par' dir='ltr' id='par_1_77' title="bbox 193 3861 1849 3935">
     <span class='ocr_line' id='line_1_78' title="bbox 193 3861 1849 3935; baseline 0.001 -16"><span class='ocrx_word' id='word_1_580' title='bbox 193 3861 368 3928; x_wconf 74' lang='lat' dir='ltr'><strong>Quod</strong></span> <span class='ocrx_word' id='word_1_581' title='bbox 402 3861 561 3917; x_wconf 85' lang='lat' dir='ltr'><strong>certe</strong></span> <span class='ocrx_word' id='word_1_582' title='bbox 589 3862 669 3935; x_wconf 77' lang='lat' dir='ltr'><strong>ita</strong></span> <span class='ocrx_word' id='word_1_583' title='bbox 700 3861 854 3935; x_wconf 72' lang='lat' dir='ltr'><strong>credi</strong></span> <span class='ocrx_word' id='word_1_584' title='bbox 891 3861 1410 3935; x_wconf 9' lang='lat' dir='ltr'><strong>ridiculumqesset,</strong></span> <span class='ocrx_word' id='word_1_585' title='bbox 1445 3861 1572 3918; x_wconf 79' lang='lat' dir='ltr'><strong>meo</strong></span> <span class='ocrx_word' id='word_1_586' title='bbox 1612 3865 1849 3935; x_wconf 88' lang='lat' dir='ltr'><strong>quidem</strong></span> 
     </span>
    </p>
   </div>
   <div class='ocr_carea' id='block_1_78' title="bbox 185 3932 1844 4004">
    <p class='ocr_par' dir='ltr' id='par_1_78' title="bbox 185 3932 1844 4004">
     <span class='ocr_line' id='line_1_79' title="bbox 185 3932 1844 4004; baseline 0.001 -16"><span class='ocrx_word' id='word_1_587' title='bbox 185 3935 450 4004; x_wconf 84' lang='lat' dir='ltr'><strong>judicio,</strong></span> <span class='ocrx_word' id='word_1_588' title='bbox 483 3937 538 3988; x_wconf 92' lang='lat' dir='ltr'><strong>et</strong></span> <span class='ocrx_word' id='word_1_589' title='bbox 571 3932 749 3988; x_wconf 89' lang='lat' dir='ltr'><strong>nimis</strong></span> <span class='ocrx_word' id='word_1_590' title='bbox 781 3937 1178 4004; x_wconf 86' lang='lat' dir='ltr'><strong>portentosum</strong></span> <span class='ocrx_word' id='word_1_591' title='bbox 1209 3933 1264 3987; x_wconf 92' lang='lat' dir='ltr'><strong>in</strong></span> <span class='ocrx_word' id='word_1_592' title='bbox 1301 3951 1478 3990; x_wconf 86' lang='lat' dir='ltr'><strong>uxore</strong></span> <span class='ocrx_word' id='word_1_593' title='bbox 1529 3932 1778 3991; x_wconf 81' lang='lat' dir='ltr'><strong>Roboam</strong></span> <span class='ocrx_word' id='word_1_594' title='bbox 1832 3954 1844 3990; x_wconf 92' lang='lat'><strong>:</strong></span> 
     </span>
    </p>
   </div>
   <div class='ocr_carea' id='block_1_79' title="bbox 189 4004 1849 4078">
    <p class='ocr_par' dir='ltr' id='par_1_79' title="bbox 189 4004 1849 4078">
     <span class='ocr_line' id='line_1_80' title="bbox 189 4004 1849 4078; baseline 0 -16"><span class='ocrx_word' id='word_1_595' title='bbox 189 4009 338 4078; x_wconf 82' lang='lat' dir='ltr'><strong>quia</strong></span> <span class='ocrx_word' id='word_1_596' title='bbox 367 4005 480 4060; x_wconf 89' lang='lat' dir='ltr'><strong>hoc</strong></span> <span class='ocrx_word' id='word_1_597' title='bbox 511 4005 625 4059; x_wconf 85' lang='lat' dir='ltr'><strong>fuit</strong></span> <span class='ocrx_word' id='word_1_598' title='bbox 653 4004 806 4059; x_wconf 66' lang='lat' dir='ltr'><strong>Sara</strong></span> <span class='ocrx_word' id='word_1_599' title='bbox 837 4004 1135 4077; x_wconf 87' lang='lat' dir='ltr'><strong>singulare</strong></span> <span class='ocrx_word' id='word_1_600' title='bbox 1169 4005 1554 4078; x_wconf 87' lang='lat' dir='ltr'><strong>privilegium,</strong></span> <span class='ocrx_word' id='word_1_601' title='bbox 1579 4011 1645 4060; x_wconf 89' lang='lat' dir='ltr'><strong>ut</strong></span> <span class='ocrx_word' id='word_1_602' title='bbox 1675 4024 1849 4062; x_wconf 88' lang='lat' dir='ltr'><strong>nona-</strong></span> 
     </span>
    </p>
   </div>
   <div class='ocr_carea' id='block_1_80' title="bbox 183 4077 1846 4149">
    <p class='ocr_par' dir='ltr' id='par_1_80' title="bbox 183 4077 1846 4149">
     <span class='ocr_line' id='line_1_81' title="bbox 183 4077 1846 4149; baseline -0.001 -15"><span class='ocrx_word' id='word_1_603' title='bbox 183 4077 435 4149; x_wconf 78' lang='lat' dir='ltr'><strong>genaria</strong></span> <span class='ocrx_word' id='word_1_604' title='bbox 461 4083 709 4149; x_wconf 85' lang='lat' dir='ltr'><strong>pareret.</strong></span> <span class='ocrx_word' id='word_1_605' title='bbox 738 4081 950 4149; x_wconf 12' lang='lat' dir='ltr'><strong>Atinon</strong></span> <span class='ocrx_word' id='word_1_606' title='bbox 975 4082 1065 4132; x_wconf 87' lang='lat' dir='ltr'><strong>est</strong></span> <span class='ocrx_word' id='word_1_607' title='bbox 1091 4077 1395 4149; x_wconf 62' lang='lat' dir='ltr'><strong>praesentis</strong></span> <span class='ocrx_word' id='word_1_608' title='bbox 1419 4079 1528 4133; x_wconf 91' lang='lat' dir='ltr'><strong>loci</strong></span> <span class='ocrx_word' id='word_1_609' title='bbox 1555 4078 1846 4149; x_wconf 90' lang='lat' dir='ltr'><strong>discepta-</strong></span> 
     </span>
    </p>
   </div>
   <div class='ocr_carea' id='block_1_81' title="bbox 185 4147 1846 4221">
    <p class='ocr_par' dir='ltr' id='par_1_81' title="bbox 185 4147 1846 4221">
     <span class='ocr_line' id='line_1_82' title="bbox 185 4147 1846 4221; baseline 0.001 -17"><span class='ocrx_word' id='word_1_610' title='bbox 185 4147 264 4221; x_wconf 67' lang='lat' dir='ltr'><strong>tio</strong></span> <span class='ocrx_word' id='word_1_611' title='bbox 334 4147 543 4221; x_wconf 67' lang='lat' dir='ltr'><strong>isthaac</strong></span> <span class='ocrx_word' id='word_1_612' title='bbox 598 4147 1036 4220; x_wconf 82' lang='lat' dir='ltr'><strong>chronologica,</strong></span> <span class='ocrx_word' id='word_1_613' title='bbox 1093 4147 1274 4221; x_wconf 81' lang='lat' dir='ltr'><strong>quam</strong></span> <span class='ocrx_word' id='word_1_614' title='bbox 1324 4148 1485 4215; x_wconf 84' lang='lat' dir='ltr'><strong>alibi,</strong></span> <span class='ocrx_word' id='word_1_615' title='bbox 1531 4147 1846 4221; x_wconf 83' lang='lat' dir='ltr'><strong>adjuvante</strong></span> 
     </span>
    </p>
   </div>
   <div class='ocr_carea' id='block_1_82' title="bbox 182 4217 1846 4291">
    <p class='ocr_par' dir='ltr' id='par_1_82' title="bbox 182 4217 1846 4291">
     <span class='ocr_line' id='line_1_83' title="bbox 182 4217 1846 4291; baseline 0.001 -15"><span class='ocrx_word' id='word_1_616' title='bbox 182 4220 328 4288; x_wconf 89' lang='lat' dir='ltr'><strong>Deo,</strong></span> <span class='ocrx_word' id='word_1_617' title='bbox 357 4217 694 4291; x_wconf 84' lang='lat' dir='ltr'><strong>agitaturus</strong></span> <span class='ocrx_word' id='word_1_618' title='bbox 724 4236 857 4291; x_wconf 80' lang='lat' dir='ltr'><strong>sum</strong></span> <span class='ocrx_word' id='word_1_619' title='bbox 885 4217 1253 4276; x_wconf 52' lang='lat' dir='ltr'><strong>{monendus</strong></span> <span class='ocrx_word' id='word_1_620' title='bbox 1285 4224 1478 4276; x_wconf 89' lang='lat' dir='ltr'><strong>tamen</strong></span> <span class='ocrx_word' id='word_1_621' title='bbox 1509 4217 1635 4276; x_wconf 72' lang='lat' dir='ltr'><strong>erat</strong></span> <span class='ocrx_word' id='word_1_622' title='bbox 1667 4221 1846 4277; x_wconf 87' lang='lat' dir='ltr'><strong>lector</strong></span> 
     </span>
    </p>
   </div>
   <div class='ocr_carea' id='block_1_83' title="bbox 179 4289 1846 4362">
    <p class='ocr_par' dir='ltr' id='par_1_83' title="bbox 179 4289 1846 4362">
     <span class='ocr_line' id='line_1_84' title="bbox 179 4289 1846 4362; baseline 0.001 -14"><span class='ocrx_word' id='word_1_623' title='bbox 179 4289 498 4349; x_wconf 72' lang='lat' dir='ltr'><strong>studiosus</strong></span> <span class='ocrx_word' id='word_1_624' title='bbox 522 4307 589 4346; x_wconf 86' lang='lat' dir='ltr'><strong>ex</strong></span> <span class='ocrx_word' id='word_1_625' title='bbox 612 4290 720 4346; x_wconf 92' lang='lat' dir='ltr'><strong>hoc</strong></span> <span class='ocrx_word' id='word_1_626' title='bbox 742 4289 866 4362; x_wconf 88' lang='lat' dir='ltr'><strong>loco</strong></span> <span class='ocrx_word' id='word_1_627' title='bbox 889 4291 1360 4346; x_wconf 89' lang='lat' dir='ltr'><strong>indissolubilem</strong></span> <span class='ocrx_word' id='word_1_628' title='bbox 1387 4292 1546 4347; x_wconf 85' lang='lat' dir='ltr'><strong>nasci</strong></span> <span class='ocrx_word' id='word_1_629' title='bbox 1571 4293 1846 4362; x_wconf 67' lang='lat' dir='ltr'><strong>quaestio-</strong></span> 
     </span>
    </p>
   </div>
   <div class='ocr_carea' id='block_1_84' title="bbox 183 4361 1839 4434">
    <p class='ocr_par' dir='ltr' id='par_1_84' title="bbox 183 4361 1839 4434">
     <span class='ocr_line' id='line_1_85' title="bbox 183 4361 1839 4434; baseline 0 -14"><span class='ocrx_word' id='word_1_630' title='bbox 183 4381 320 4420; x_wconf 85' lang='lat' dir='ltr'><strong>nem</strong></span> <span class='ocrx_word' id='word_1_631' title='bbox 353 4363 516 4434; x_wconf 88' lang='lat' dir='ltr'><strong>apud</strong></span> <span class='ocrx_word' id='word_1_632' title='bbox 550 4361 777 4432; x_wconf 64' lang='grc' dir='ltr'><strong>θος,ᾳυὶ</strong></span> <span class='ocrx_word' id='word_1_633' title='bbox 811 4367 1018 4432; x_wconf 68' lang='lat' dir='ltr'><strong>praeter</strong></span> <span class='ocrx_word' id='word_1_634' title='bbox 1047 4363 1377 4417; x_wconf 86' lang='lat' dir='ltr'><strong>divinarum</strong></span> <span class='ocrx_word' id='word_1_635' title='bbox 1407 4361 1839 4433; x_wconf 26' lang='lat' dir='ltr'><strong>Script’urarum</strong></span> 
     </span>
    </p>
   </div>
   <div class='ocr_carea' id='block_1_85' title="bbox 178 4435 1840 4496">
    <p class='ocr_par' dir='ltr' id='par_1_85' title="bbox 178 4435 1840 4496">
     <span class='ocr_line' id='line_1_86' title="bbox 178 4435 1840 4496; baseline -0.001 -5"><span class='ocrx_word' id='word_1_636' title='bbox 178 4435 605 4492; x_wconf 83' lang='lat' dir='ltr'><strong>auctoritatem</strong></span> <span class='ocrx_word' id='word_1_637' title='bbox 655 4449 914 4489; x_wconf 83' lang='lat' dir='ltr'><strong>asserere</strong></span> <span class='ocrx_word' id='word_1_638' title='bbox 964 4451 1077 4488; x_wconf 89' lang='lat' dir='ltr'><strong>non</strong></span> <span class='ocrx_word' id='word_1_639' title='bbox 1130 4441 1424 4496; x_wconf 82' lang='lat' dir='ltr'><strong>verentur.</strong></span> <span class='ocrx_word' id='word_1_640' title='bbox 1471 4437 1840 4491; x_wconf 78' lang='lat' dir='ltr'><strong>Salomonem</strong></span> 
     </span>
    </p>
   </div>
   <div class='ocr_carea' id='block_1_86' title="bbox 183 4504 1838 4580">
    <p class='ocr_par' dir='ltr' id='par_1_86' title="bbox 183 4504 1838 4580">
     <span class='ocr_line' id='line_1_87' title="bbox 183 4504 1838 4580; baseline -0.001 -16"><span class='ocrx_word' id='word_1_641' title='bbox 183 4521 477 4580; x_wconf 81' lang='lat' dir='ltr'><strong>regnasse</strong></span> <span class='ocrx_word' id='word_1_642' title='bbox 508 4505 648 4561; x_wconf 89' lang='lat' dir='ltr'><strong>totis</strong></span> <span class='ocrx_word' id='word_1_643' title='bbox 678 4504 848 4580; x_wconf 79' lang='lat' dir='ltr'><strong>annis</strong></span> <span class='ocrx_word' id='word_1_644' title='bbox 879 4506 1197 4580; x_wconf 78' lang='lat' dir='ltr'><strong>octoginta,</strong></span> <span class='ocrx_word' id='word_1_645' title='bbox 1229 4505 1360 4570; x_wconf 90' lang='lat' dir='ltr'><strong>etsi,</strong></span> <span class='ocrx_word' id='word_1_646' title='bbox 1392 4507 1690 4580; x_wconf 83' lang='lat' dir='ltr'><strong>conceptis</strong></span> <span class='ocrx_word' id='word_1_647' title='bbox 1717 4525 1838 4580; x_wconf 87' lang='lat' dir='ltr'><strong>ver-</strong></span> 
     </span>
    </p>
   </div>
   <div class='ocr_carea' id='block_1_87' title="bbox 181 4575 1838 4650">
    <p class='ocr_par' dir='ltr' id='par_1_87' title="bbox 181 4575 1838 4650">
     <span class='ocr_line' id='line_1_88' title="bbox 181 4575 1838 4650; baseline -0.001 -16"><span class='ocrx_word' id='word_1_648' title='bbox 181 4575 295 4647; x_wconf 70' lang='lat' dir='ltr'><strong>bis,</strong></span> <span class='ocrx_word' id='word_1_649' title='bbox 329 4577 660 4649; x_wconf 86' lang='lat' dir='ltr'><strong>scriptores</strong></span> <span class='ocrx_word' id='word_1_650' title='bbox 692 4575 842 4650; x_wconf 80' lang='lat' dir='ltr'><strong>sacri</strong></span> <span class='ocrx_word' id='word_1_651' title='bbox 871 4575 1232 4632; x_wconf 79' lang='lat' dir='ltr'><strong>voluminum</strong></span> <span class='ocrx_word' id='word_1_652' title='bbox 1261 4583 1486 4650; x_wconf 84' lang='lat' dir='ltr'><strong>Regum</strong></span> <span class='ocrx_word' id='word_1_653' title='bbox 1519 4575 1590 4634; x_wconf 57' lang='lat' dir='ltr'><strong>et&#39;</strong></span> <span class='ocrx_word' id='word_1_654' title='bbox 1622 4578 1838 4634; x_wconf 83' lang='lat' dir='ltr'><strong>Parali-</strong></span> 
     </span>
    </p>
   </div>
   <div class='ocr_carea' id='block_1_88' title="bbox 179 4648 1914 4730">
    <p class='ocr_par' dir='ltr' id='par_1_88' title="bbox 179 4648 1914 4730">
     <span class='ocr_line' id='line_1_89' title="bbox 179 4648 1914 4730; baseline -0.001 -24"><span class='ocrx_word' id='word_1_655' title='bbox 179 4648 484 4730; x_wconf 74' lang='lat' dir='ltr'><strong>pomenon</strong></span> <span class='ocrx_word' id='word_1_656' title='bbox 517 4648 875 4730; x_wconf 68' lang='lat' dir='ltr'><strong>contrarium</strong></span> <span class='ocrx_word' id='word_1_657' title='bbox 909 4651 1217 4730; x_wconf 69' lang='lat' dir='ltr'><strong>testentur.</strong></span> <span class='ocrx_word' id='word_1_658' title='bbox 1249 4648 1436 4730; x_wconf 63' lang='grc' dir='ltr'><strong>ΜΑιὶτ.</strong></span> <span class='ocrx_word' id='word_1_659' title='bbox 1473 4678 1536 4692; x_wconf 75' lang='grc' dir='ltr'><strong>ο-</strong></span> <span class='ocrx_word' id='word_1_660' title='bbox 1565 4653 1674 4730; x_wconf 60' lang='lat' dir='ltr'><strong>itis.</strong></span> <span class='ocrx_word' id='word_1_661' title='bbox 1696 4650 1805 4730; x_wconf 79' lang='lat' dir='ltr'><strong>__Ve</strong></span> <span class='ocrx_word' id='word_1_662' title='bbox 1867 4666 1914 4730; x_wconf 82' lang='lat' dir='ltr'><strong>D</strong></span> 
     </span>
    </p>
   </div>
   <div class='ocr_carea' id='block_1_89' title="bbox 180 4718 1832 4791">
    <p class='ocr_par' dir='ltr' id='par_1_89' title="bbox 180 4718 1832 4791">
     <span class='ocr_line' id='line_1_90' title="bbox 180 4718 1832 4791; baseline -0.001 -14"><span class='ocrx_word' id='word_1_663' title='bbox 180 4718 335 4786; x_wconf 78' lang='lat' dir='ltr'><strong>ron.,</strong></span> <span class='ocrx_word' id='word_1_664' title='bbox 404 4718 908 4791; x_wconf 67' lang='lat' dir='ltr'><strong>elegantiforma.</strong></span> <span class='ocrx_word' id='word_1_665' title='bbox 962 4720 1026 4775; x_wconf 82' lang='lat' dir='ltr'><strong>In</strong></span> <span class='ocrx_word' id='word_1_666' title='bbox 1060 4719 1306 4791; x_wconf 77' lang='lat' dir='ltr'><strong>aliquot</strong></span> <span class='ocrx_word' id='word_1_667' title='bbox 1371 4737 1513 4775; x_wconf 83' lang='lat' dir='ltr'><strong>mss.</strong></span> <span class='ocrx_word' id='word_1_668' title='bbox 1565 4721 1832 4777; x_wconf 87' lang='lat' dir='ltr'><strong>Martian.</strong></span> 
     </span>
    </p>
   </div>
   <div class='ocr_carea' id='block_1_90' title="bbox 181 4789 1835 4863">
    <p class='ocr_par' dir='ltr' id='par_1_90' title="bbox 181 4789 1835 4863">
     <span class='ocr_line' id='line_1_91' title="bbox 181 4789 1835 4863; baseline 0 -15"><span class='ocrx_word' id='word_1_669' title='bbox 181 4795 578 4863; x_wconf 82' lang='lat' dir='ltr'><strong>subjuuctum</strong></span> <span class='ocrx_word' id='word_1_670' title='bbox 632 4789 726 4846; x_wconf 91' lang='lat' dir='ltr'><strong>hic</strong></span> <span class='ocrx_word' id='word_1_671' title='bbox 773 4790 989 4863; x_wconf 88' lang='lat' dir='ltr'><strong>reperit</strong></span> <span class='ocrx_word' id='word_1_672' title='bbox 1035 4789 1557 4848; x_wconf 48' lang='lat' dir='ltr'><strong>illud&#39;Graacorum</strong></span> <span class='ocrx_word' id='word_1_673' title='bbox 1607 4793 1835 4848; x_wconf 87' lang='lat' dir='ltr'><strong>addita-</strong></span> 
     </span>
    </p>
   </div>
   <div class='ocr_carea' id='block_1_91' title="bbox 180 4862 1838 4934">
    <p class='ocr_par' dir='ltr' id='par_1_91' title="bbox 180 4862 1838 4934">
     <span class='ocr_line' id='line_1_92' title="bbox 180 4862 1838 4934; baseline -0.002 -13"><span class='ocrx_word' id='word_1_674' title='bbox 180 4862 522 4934; x_wconf 10' lang='lat' dir='ltr'><strong>mentumiz</strong></span> <span class='ocrx_word' id='word_1_675' title='bbox 573 4863 701 4919; x_wconf 58' lang='lat' dir='ltr'><strong>Haec</strong></span> <span class='ocrx_word' id='word_1_676' title='bbox 745 4863 853 4934; x_wconf 78' lang='lat' dir='ltr'><strong>fuit</strong></span> <span class='ocrx_word' id='word_1_677' title='bbox 897 4862 959 4916; x_wconf 79' lang='lat' dir='ltr'><strong>in</strong></span> <span class='ocrx_word' id='word_1_678' title='bbox 1000 4865 1360 4934; x_wconf 76' lang='lat' dir='ltr'><strong>matrimonio</strong></span> <span class='ocrx_word' id='word_1_679' title='bbox 1427 4865 1661 4919; x_wconf 79' lang='lat' dir='ltr'><strong>Roboam</strong></span> <span class='ocrx_word' id='word_1_680' title='bbox 1728 4863 1838 4934; x_wconf 79' lang='lat' dir='ltr'><strong>ﬁlii</strong></span> 
     </span>
    </p>
   </div>
   <div class='ocr_carea' id='block_1_92' title="bbox 180 4933 1837 5016">
    <p class='ocr_par' dir='ltr' id='par_1_92' title="bbox 180 4933 1837 5016">
     <span class='ocr_line' id='line_1_93' title="bbox 180 4933 1837 5016; baseline -0.001 -24"><span class='ocrx_word' id='word_1_681' title='bbox 180 4933 844 5016; x_wconf 34' lang='lat' dir='ltr'><strong>Salomonishet‘peperit</strong></span> <span class='ocrx_word' id='word_1_682' title='bbox 875 4935 930 4989; x_wconf 80' lang='lat' dir='ltr'><strong>ei</strong></span> <span class='ocrx_word' id='word_1_683' title='bbox 956 4933 1174 5004; x_wconf 79' lang='lat' dir='ltr'><strong>Abiam,</strong></span> <span class='ocrx_word' id='word_1_684' title='bbox 1206 4936 1362 5006; x_wconf 83' lang='lat' dir='ltr'><strong>quod</strong></span> <span class='ocrx_word' id='word_1_685' title='bbox 1395 4935 1616 4990; x_wconf 83' lang='lat' dir='ltr'><strong>nullius</strong></span> <span class='ocrx_word' id='word_1_686' title='bbox 1657 4933 1837 4991; x_wconf 80' lang='lat' dir='ltr'><strong>ferme</strong></span> 
     </span>
    </p>
   </div>
   <div class='ocr_carea' id='block_1_93' title="bbox 182 5006 699 5064">
    <p class='ocr_par' dir='ltr' id='par_1_93' title="bbox 182 5006 699 5064">
     <span class='ocr_line' id='line_1_94' title="bbox 182 5006 699 5064; baseline -0.008 0"><span class='ocrx_word' id='word_1_687' title='bbox 182 5014 268 5064; x_wconf 83' lang='lat' dir='ltr'><strong>est</strong></span> <span class='ocrx_word' id='word_1_688' title='bbox 299 5006 699 5063; x_wconf 85' lang='lat' dir='ltr'><strong>auctoritatis.</strong></span> 
     </span>
    </p>
   </div>
   <div class='ocr_carea' id='block_1_94' title="bbox 252 5075 1836 5149">
    <p class='ocr_par' dir='ltr' id='par_1_94' title="bbox 252 5075 1836 5149">
     <span class='ocr_line' id='line_1_95' title="bbox 252 5075 1836 5149; baseline 0 -17"><span class='ocrx_word' id='word_1_689' title='bbox 252 5080 274 5114; x_wconf 77' lang='grc'>³</span> <span class='ocrx_word' id='word_1_690' title='bbox 303 5075 566 5134; x_wconf 84' lang='lat' dir='ltr'><strong>Voculas</strong></span> <span class='ocrx_word' id='word_1_691' title='bbox 595 5075 673 5149; x_wconf 72' lang='lat' dir='ltr'><strong>ad</strong></span> <span class='ocrx_word' id='word_1_692' title='bbox 699 5091 848 5143; x_wconf 80' lang='lat' dir='ltr'><strong>eum,</strong></span> <span class='ocrx_word' id='word_1_693' title='bbox 883 5075 1218 5149; x_wconf 79' lang='lat' dir='ltr'><strong>planecum</strong></span> <span class='ocrx_word' id='word_1_694' title='bbox 1253 5077 1486 5133; x_wconf 68' lang='lat' dir='ltr'><strong>Hebraeo</strong></span> <span class='ocrx_word' id='word_1_695' title='bbox 1519 5077 1836 5149; x_wconf 87' lang='lat' dir='ltr'><strong>exemplari</strong></span> 
     </span>
    </p>
   </div>
   <div class='ocr_carea' id='block_1_95' title="bbox 189 5146 1193 5219">
    <p class='ocr_par' dir='ltr' id='par_1_95' title="bbox 189 5146 1193 5219">
     <span class='ocr_line' id='line_1_96' title="bbox 189 5146 1193 5219; baseline -0.004 -14"><span class='ocrx_word' id='word_1_696' title='bbox 189 5166 300 5205; x_wconf 87' lang='lat' dir='ltr'><strong>ms.</strong></span> <span class='ocrx_word' id='word_1_697' title='bbox 336 5146 924 5219; x_wconf 15' lang='lat' dir='ltr'><strong>quoqueWVeronens.</strong></span> <span class='ocrx_word' id='word_1_698' title='bbox 957 5146 1193 5202; x_wconf 90' lang='lat' dir='ltr'><strong>omittit.</strong></span> 
     </span>
    </p>
   </div>
   <div class='ocr_carea' id='block_1_96' title="bbox 249 5217 1837 5286">
    <p class='ocr_par' dir='ltr' id='par_1_96' title="bbox 249 5217 1837 5286">
     <span class='ocr_line' id='line_1_97' title="bbox 249 5217 1837 5286; baseline -0.001 -11"><span class='ocrx_word' id='word_1_699' title='bbox 249 5222 272 5256; x_wconf 84' lang='grc'><strong><em>⁸</em></strong></span> <span class='ocrx_word' id='word_1_700' title='bbox 302 5217 553 5276; x_wconf 79' lang='lat' dir='ltr'><strong>Addunt</strong></span> <span class='ocrx_word' id='word_1_701' title='bbox 582 5217 812 5285; x_wconf 88' lang='lat' dir='ltr'><strong>Vulgati</strong></span> <span class='ocrx_word' id='word_1_702' title='bbox 846 5234 859 5273; x_wconf 90' lang='lat'><strong>:</strong></span> <span class='ocrx_word' id='word_1_703' title='bbox 894 5219 958 5272; x_wconf 87' lang='lat' dir='ltr'><strong>Et</strong></span> <span class='ocrx_word' id='word_1_704' title='bbox 989 5221 1261 5274; x_wconf 78' lang='lat' dir='ltr'><strong>venientes</strong></span> <span class='ocrx_word' id='word_1_705' title='bbox 1284 5220 1429 5274; x_wconf 77' lang='lat' dir='ltr'><strong>servi</strong></span> <span class='ocrx_word' id='word_1_706' title='bbox 1473 5220 1598 5286; x_wconf 85' lang='lat' dir='ltr'><strong>Job,</strong></span> <span class='ocrx_word' id='word_1_707' title='bbox 1645 5221 1837 5275; x_wconf 76' lang='lat' dir='ltr'><strong>scissi:</strong></span> 
     </span>
    </p>
   </div>
   <div class='ocr_carea' id='block_1_97' title="bbox 181 5290 1838 5357">
    <p class='ocr_par' dir='ltr' id='par_1_97' title="bbox 181 5290 1838 5357">
     <span class='ocr_line' id='line_1_98' title="bbox 181 5290 1838 5357; baseline 0.001 -13"><span class='ocrx_word' id='word_1_708' title='bbox 181 5293 421 5348; x_wconf 69' lang='lat' dir='ltr'><strong>vestibus</strong></span> <span class='ocrx_word' id='word_1_709' title='bbox 469 5292 611 5357; x_wconf 71' lang='lat' dir='ltr'><strong>suis,</strong></span> <span class='ocrx_word' id='word_1_710' title='bbox 663 5290 925 5345; x_wconf 73' lang='lat' dir='ltr'><strong>dixerunt</strong></span> <span class='ocrx_word' id='word_1_711' title='bbox 969 5307 987 5342; x_wconf 93' lang='lat'><strong><em>:</em></strong></span> <span class='ocrx_word' id='word_1_712' title='bbox 1034 5290 1441 5347; x_wconf 78' lang='lat' dir='ltr'><strong>Succenderunt</strong></span> <span class='ocrx_word' id='word_1_713' title='bbox 1485 5293 1631 5346; x_wconf 73' lang='lat' dir='ltr'><strong>servi</strong></span> <span class='ocrx_word' id='word_1_714' title='bbox 1669 5292 1838 5347; x_wconf 65' lang='grc' dir='ltr'><strong>Αἰνεα-</strong></span> 
     </span>
    </p>
   </div>
   <div class='ocr_carea' id='block_1_98' title="bbox 185 5361 1838 5433">
    <p class='ocr_par' dir='ltr' id='par_1_98' title="bbox 185 5361 1838 5433">
     <span class='ocr_line' id='line_1_99' title="bbox 185 5361 1838 5433; baseline 0.001 -17"><span class='ocrx_word' id='word_1_715' title='bbox 185 5367 299 5419; x_wconf 81' lang='lat' dir='ltr'><strong>(om</strong></span> <span class='ocrx_word' id='word_1_716' title='bbox 327 5372 552 5428; x_wconf 77' lang='lat' dir='ltr'><strong>partem</strong></span> <span class='ocrx_word' id='word_1_717' title='bbox 581 5362 717 5427; x_wconf 80' lang='lat' dir='ltr'><strong>agri</strong></span> <span class='ocrx_word' id='word_1_718' title='bbox 745 5361 1030 5433; x_wconf 77' lang='lat' dir='ltr'><strong>igni,quae</strong></span> <span class='ocrx_word' id='word_1_719' title='bbox 1063 5362 1648 5433; x_wconf 71' lang='lat' dir='ltr'><strong>mss.Hiur0nymiani</strong></span> <span class='ocrx_word' id='word_1_720' title='bbox 1672 5364 1838 5431; x_wconf 80' lang='lat' dir='ltr'><strong>juxta</strong></span> 
     </span>
    </p>
   </div>
   <div class='ocr_carea' id='block_1_99' title="bbox 184 5431 1071 5489">
    <p class='ocr_par' dir='ltr' id='par_1_99' title="bbox 184 5431 1071 5489">
     <span class='ocr_line' id='line_1_100' title="bbox 184 5431 1071 5489; baseline -0.001 0"><span class='ocrx_word' id='word_1_721' title='bbox 184 5438 496 5489; x_wconf 73' lang='lat' dir='ltr'><strong>Hebraeum</strong></span> <span class='ocrx_word' id='word_1_722' title='bbox 528 5438 750 5488; x_wconf 86' lang='lat' dir='ltr'><strong>textum</strong></span> <span class='ocrx_word' id='word_1_723' title='bbox 782 5431 1071 5488; x_wconf 89' lang='lat' dir='ltr'><strong>nesciunt.</strong></span> 
     </span>
    </p>
   </div>
   <div class='ocr_carea' id='block_1_100' title="bbox 250 5503 1834 5562">
    <p class='ocr_par' dir='ltr' id='par_1_100' title="bbox 250 5503 1834 5562">
     <span class='ocr_line' id='line_1_101' title="bbox 250 5503 1834 5562; baseline -0.002 0"><span class='ocrx_word' id='word_1_724' title='bbox 250 5508 274 5541; x_wconf 80' lang='grc'><strong>⁸</strong></span> <span class='ocrx_word' id='word_1_725' title='bbox 302 5506 451 5562; x_wconf 86' lang='lat' dir='ltr'><strong>Cum</strong></span> <span class='ocrx_word' id='word_1_726' title='bbox 495 5503 750 5562; x_wconf 70' lang='lat' dir='ltr'><strong>Vulsatis</strong></span> <span class='ocrx_word' id='word_1_727' title='bbox 780 5503 1100 5561; x_wconf 88' lang='lat' dir='ltr'><strong>Veronens.</strong></span> <span class='ocrx_word' id='word_1_728' title='bbox 1134 5519 1246 5559; x_wconf 90' lang='lat' dir='ltr'><strong>ms.</strong></span> <span class='ocrx_word' id='word_1_729' title='bbox 1278 5508 1428 5559; x_wconf 90' lang='lat' dir='ltr'><strong>tacet</strong></span> <span class='ocrx_word' id='word_1_730' title='bbox 1468 5505 1526 5558; x_wconf 81' lang='lat' dir='ltr'><strong>in</strong></span> <span class='ocrx_word' id='word_1_731' title='bbox 1559 5506 1669 5560; x_wconf 83' lang='lat' dir='ltr'><strong>via.</strong></span> <span class='ocrx_word' id='word_1_732' title='bbox 1723 5505 1834 5559; x_wconf 87' lang='lat' dir='ltr'><strong>He-</strong></span> 
     </span>
    </p>
   </div>
   <div class='ocr_carea' id='block_1_101' title="bbox 183 5575 1806 5647">
    <p class='ocr_par' dir='ltr' id='par_1_101' title="bbox 183 5575 1806 5647">
     <span class='ocr_line' id='line_1_102' title="bbox 183 5575 1806 5647; baseline 0 -16"><span class='ocrx_word' id='word_1_733' title='bbox 183 5577 384 5647; x_wconf 80' lang='lat' dir='ltr'><strong>braica</strong></span> <span class='ocrx_word' id='word_1_734' title='bbox 414 5577 647 5647; x_wconf 83' lang='lat' dir='ltr'><strong>phrasis</strong></span> <span class='ocrx_word' id='word_1_735' title='bbox 678 5581 788 5642; x_wconf 85' lang='lat' dir='ltr'><strong>est,</strong></span> <span class='ocrx_word' id='word_1_736' title='bbox 821 5575 1010 5631; x_wconf 83' lang='lat' dir='ltr'><strong>Stabat</strong></span> <span class='ocrx_word' id='word_1_737' title='bbox 1042 5592 1208 5646; x_wconf 77' lang='lat' dir='ltr'><strong>super</strong></span> <span class='ocrx_word' id='word_1_738' title='bbox 1236 5591 1463 5630; x_wconf 85' lang='lat' dir='ltr'><strong>manum</strong></span> <span class='ocrx_word' id='word_1_739' title='bbox 1496 5578 1580 5630; x_wconf 78' lang='lat' dir='ltr'><strong>via</strong></span> <span class='ocrx_word' id='word_1_740' title='bbox 1613 5587 1806 5646; x_wconf 68' lang='lat' dir='ltr'><strong>portae.</strong></span> 
     </span>
    </p>
   </div>
   <div class='ocr_carea' id='block_1_102' title="bbox 255 5646 1838 5718">
    <p class='ocr_par' dir='ltr' id='par_1_102' title="bbox 255 5646 1838 5718">
     <span class='ocr_line' id='line_1_103' title="bbox 255 5646 1838 5718; baseline -0.001 -15"><span class='ocrx_word' id='word_1_741' title='bbox 255 5646 277 5682; x_wconf 82' lang='grc'><strong>⁸</strong></span> <span class='ocrx_word' id='word_1_742' title='bbox 303 5646 574 5717; x_wconf 81' lang='lat' dir='ltr'><strong>Magnam</strong></span> <span class='ocrx_word' id='word_1_743' title='bbox 609 5647 826 5718; x_wconf 86' lang='lat' dir='ltr'><strong>habent</strong></span> <span class='ocrx_word' id='word_1_744' title='bbox 856 5647 949 5718; x_wconf 83' lang='lat' dir='ltr'><strong>hic</strong></span> <span class='ocrx_word' id='word_1_745' title='bbox 982 5646 1087 5703; x_wconf 92' lang='lat' dir='ltr'><strong>loci</strong></span> <span class='ocrx_word' id='word_1_746' title='bbox 1127 5665 1498 5702; x_wconf 85' lang='lat' dir='ltr'><strong>numerorum</strong></span> <span class='ocrx_word' id='word_1_747' title='bbox 1533 5649 1838 5702; x_wconf 78' lang='lat' dir='ltr'><strong>dissonan-</strong></span> 
     </span>
    </p>
   </div>
   <div class='ocr_carea' id='block_1_103' title="bbox 189 5716 1834 5782">
    <p class='ocr_par' dir='ltr' id='par_1_103' title="bbox 189 5716 1834 5782">
     <span class='ocr_line' id='line_1_104' title="bbox 189 5716 1834 5782; baseline 0 -8"><span class='ocrx_word' id='word_1_748' title='bbox 189 5718 339 5774; x_wconf 82' lang='lat' dir='ltr'><strong>tiam</strong></span> <span class='ocrx_word' id='word_1_749' title='bbox 373 5716 486 5776; x_wconf 88' lang='lat' dir='ltr'><strong>non</strong></span> <span class='ocrx_word' id='word_1_750' title='bbox 520 5716 711 5775; x_wconf 83' lang='lat' dir='ltr'><strong>solum</strong></span> <span class='ocrx_word' id='word_1_751' title='bbox 741 5734 879 5774; x_wconf 89' lang='lat' dir='ltr'><strong>mss.</strong></span> <span class='ocrx_word' id='word_1_752' title='bbox 917 5716 1187 5782; x_wconf 86' lang='lat' dir='ltr'><strong>libri,sed</strong></span> <span class='ocrx_word' id='word_1_753' title='bbox 1221 5720 1507 5774; x_wconf 89' lang='lat' dir='ltr'><strong>editiones</strong></span> <span class='ocrx_word' id='word_1_754' title='bbox 1536 5718 1713 5774; x_wconf 86' lang='lat' dir='ltr'><strong>etiam</strong></span> <span class='ocrx_word' id='word_1_755' title='bbox 1747 5720 1834 5774; x_wconf 92' lang='lat' dir='ltr'><strong>Bi-</strong></span> 
     </span>
    </p>
   </div>
   <div class='ocr_carea' id='block_1_104' title="bbox 189 5789 1836 5864">
    <p class='ocr_par' dir='ltr' id='par_1_104' title="bbox 189 5789 1836 5864">
     <span class='ocr_line' id='line_1_105' title="bbox 189 5789 1836 5864; baseline -0.001 -16"><span class='ocrx_word' id='word_1_756' title='bbox 189 5792 448 5849; x_wconf 86' lang='lat' dir='ltr'><strong>bliorum</strong></span> <span class='ocrx_word' id='word_1_757' title='bbox 479 5789 627 5850; x_wconf 79' lang='lat' dir='ltr'><strong>Sixti</strong></span> <span class='ocrx_word' id='word_1_758' title='bbox 655 5806 722 5849; x_wconf 88' lang='lat' dir='ltr'><strong>ac</strong></span> <span class='ocrx_word' id='word_1_759' title='bbox 751 5789 1088 5850; x_wconf 73' lang='lat' dir='ltr'><strong>Clementis.</strong></span> <span class='ocrx_word' id='word_1_760' title='bbox 1121 5791 1505 5864; x_wconf 79' lang='lat' dir='ltr'><strong>Manuscripti</strong></span> <span class='ocrx_word' id='word_1_761' title='bbox 1536 5797 1652 5849; x_wconf 82' lang='lat' dir='ltr'><strong>tres</strong></span> <span class='ocrx_word' id='word_1_762' title='bbox 1683 5792 1836 5848; x_wconf 90' lang='lat' dir='ltr'><strong>codi-</strong></span> 
     </span>
    </p>
   </div>
   <div class='ocr_carea' id='block_1_105' title="bbox 1964 3363 3608 3433">
    <p class='ocr_par' dir='ltr' id='par_1_105' title="bbox 1964 3363 3608 3433">
     <span class='ocr_line' id='line_1_106' title="bbox 1964 3363 3608 3433; baseline 0.001 -15"><span class='ocrx_word' id='word_1_763' title='bbox 1964 3363 2209 3426; x_wconf 86' lang='lat' dir='ltr'><strong>bilitate,</strong></span> <span class='ocrx_word' id='word_1_764' title='bbox 2242 3364 2389 3418; x_wconf 86' lang='lat' dir='ltr'><strong>adde</strong></span> <span class='ocrx_word' id='word_1_765' title='bbox 2418 3370 2476 3417; x_wconf 86' lang='lat' dir='ltr'><strong>et</strong></span> <span class='ocrx_word' id='word_1_766' title='bbox 2505 3364 2867 3424; x_wconf 75' lang='lat' dir='ltr'><strong>auctoritate.</strong></span> <span class='ocrx_word' id='word_1_767' title='bbox 2901 3364 3039 3433; x_wconf 89' lang='lat' dir='ltr'><strong>quia</strong></span> <span class='ocrx_word' id='word_1_768' title='bbox 3065 3371 3299 3433; x_wconf 83' lang='lat' dir='ltr'><strong>quatuor</strong></span> <span class='ocrx_word' id='word_1_769' title='bbox 3335 3365 3608 3420; x_wconf 88' lang='lat' dir='ltr'><strong>similiter</strong></span> 
     </span>
    </p>
   </div>
   <div class='ocr_carea' id='block_1_106' title="bbox 1960 3434 3603 3516">
    <p class='ocr_par' dir='ltr' id='par_1_106' title="bbox 1960 3434 3603 3516">
     <span class='ocr_line' id='line_1_107' title="bbox 1960 3434 3603 3516; baseline 0.001 -28"><span class='ocrx_word' id='word_1_770' title='bbox 1960 3434 2214 3516; x_wconf 81' lang='lat' dir='ltr'><strong>legimus</strong></span> <span class='ocrx_word' id='word_1_771' title='bbox 2230 3435 2394 3516; x_wconf 60' lang='lat' dir='ltr'><strong>apud</strong></span> <span class='ocrx_word' id='word_1_772' title='bbox 2429 3435 2638 3516; x_wconf 78' lang='lat' dir='ltr'><strong>Syrum</strong></span> <span class='ocrx_word' id='word_1_773' title='bbox 2660 3438 2721 3516; x_wconf 70' lang='lat' dir='ltr'><strong>et</strong></span> <span class='ocrx_word' id='word_1_774' title='bbox 2749 3436 2998 3516; x_wconf 29' lang='lat' dir='ltr'><strong>Arab‘ern</strong></span> <span class='ocrx_word' id='word_1_775' title='bbox 3031 3435 3396 3516; x_wconf 67' lang='lat' dir='ltr'><strong>interpretes.</strong></span> <span class='ocrx_word' id='word_1_776' title='bbox 3436 3437 3603 3490; x_wconf 79' lang='lat' dir='ltr'><strong>Eam-</strong></span> 
     </span>
    </p>
   </div>
   <div class='ocr_carea' id='block_1_107' title="bbox 1962 3505 3600 3577">
    <p class='ocr_par' dir='ltr' id='par_1_107' title="bbox 1962 3505 3600 3577">
     <span class='ocr_line' id='line_1_108' title="bbox 1962 3505 3600 3577; baseline 0.001 -17"><span class='ocrx_word' id='word_1_777' title='bbox 1962 3505 2072 3577; x_wconf 80' lang='lat' dir='ltr'><strong>que</strong></span> <span class='ocrx_word' id='word_1_778' title='bbox 2114 3505 2675 3577; x_wconf 79' lang='lat' dir='ltr'><strong>lectionemprohat</strong></span> <span class='ocrx_word' id='word_1_779' title='bbox 2725 3505 2990 3560; x_wconf 89' lang='lat' dir='ltr'><strong>eruditus</strong></span> <span class='ocrx_word' id='word_1_780' title='bbox 3044 3505 3278 3561; x_wconf 86' lang='lat' dir='ltr'><strong>Grotius</strong></span> <span class='ocrx_word' id='word_1_781' title='bbox 3332 3506 3534 3562; x_wconf 88' lang='lat' dir='ltr'><strong>dicens</strong></span> <span class='ocrx_word' id='word_1_782' title='bbox 3587 3523 3600 3562; x_wconf 90' lang='lat'><strong>:</strong></span> 
     </span>
    </p>
   </div>
   <div class='ocr_carea' id='block_1_108' title="bbox 1960 3576 3600 3646">
    <p class='ocr_par' dir='ltr' id='par_1_108' title="bbox 1960 3576 3600 3646">
     <span class='ocr_line' id='line_1_109' title="bbox 1960 3576 3600 3646; baseline 0.002 -16"><span class='ocrx_word' id='word_1_783' title='bbox 1960 3576 1991 3626; x_wconf 65' lang='grc' dir='ltr'><strong>«ἑ</strong></span> <span class='ocrx_word' id='word_1_784' title='bbox 2015 3578 2172 3631; x_wconf 77' lang='lat' dir='ltr'><strong>Haud</strong></span> <span class='ocrx_word' id='word_1_785' title='bbox 2200 3578 2415 3631; x_wconf 88' lang='lat' dir='ltr'><strong>dubius</strong></span> <span class='ocrx_word' id='word_1_786' title='bbox 2440 3576 2532 3630; x_wconf 90' lang='lat' dir='ltr'><strong>hic</strong></span> <span class='ocrx_word' id='word_1_787' title='bbox 2556 3592 2714 3632; x_wconf 77' lang='lat' dir='ltr'><strong>error</strong></span> <span class='ocrx_word' id='word_1_788' title='bbox 2736 3577 3037 3646; x_wconf 67' lang='lat' dir='ltr'><strong>scripturae</strong></span> <span class='ocrx_word' id='word_1_789' title='bbox 3062 3578 3277 3630; x_wconf 77' lang='lat' dir='ltr'><strong>additis.</strong></span> <span class='ocrx_word' id='word_1_790' title='bbox 3307 3580 3374 3633; x_wconf 88' lang='lat' dir='ltr'><strong>ad</strong></span> <span class='ocrx_word' id='word_1_791' title='bbox 3402 3595 3600 3634; x_wconf 80' lang='lat' dir='ltr'><strong>vocem</strong></span> 
     </span>
    </p>
   </div>
   <div class='ocr_carea' id='block_1_109' title="bbox 1958 3649 3602 3716">
    <p class='ocr_par' dir='ltr' id='par_1_109' title="bbox 1958 3649 3602 3716">
     <span class='ocr_line' id='line_1_110' title="bbox 1958 3649 3602 3716; baseline 0.002 -14"><span class='ocrx_word' id='word_1_792' title='bbox 1958 3660 2114 3713; x_wconf 58' lang='lat' dir='ltr'><strong>xum</strong></span> <span class='ocrx_word' id='word_1_793' title='bbox 2147 3650 2358 3704; x_wconf 90' lang='lat' dir='ltr'><strong>litteris</strong></span> <span class='ocrx_word' id='word_1_794' title='bbox 2402 3649 2652 3702; x_wconf 86' lang='lat' dir='ltr'><strong>duabus.</strong></span> <span class='ocrx_word' id='word_1_795' title='bbox 2705 3649 2950 3716; x_wconf 84' lang='lat' dir='ltr'><strong>Quatuor</strong></span> <span class='ocrx_word' id='word_1_796' title='bbox 2994 3649 3148 3702; x_wconf 87' lang='lat' dir='ltr'><strong>enirn</strong></span> <span class='ocrx_word' id='word_1_797' title='bbox 3198 3649 3602 3706; x_wconf 85' lang='lat' dir='ltr'><strong>intercessisse</strong></span> 
     </span>
    </p>
   </div>
   <div class='ocr_carea' id='block_1_110' title="bbox 1959 3721 3599 3792">
    <p class='ocr_par' dir='ltr' id='par_1_110' title="bbox 1959 3721 3599 3792">
     <span class='ocr_line' id='line_1_111' title="bbox 1959 3721 3599 3792; baseline 0.001 -17"><span class='ocrx_word' id='word_1_798' title='bbox 1959 3722 2103 3776; x_wconf 86' lang='lat' dir='ltr'><strong>dixit</strong></span> <span class='ocrx_word' id='word_1_799' title='bbox 2169 3721 2486 3792; x_wconf 86' lang='lat' dir='ltr'><strong>Josephus,</strong></span> <span class='ocrx_word' id='word_1_800' title='bbox 2537 3737 2641 3792; x_wconf 86' lang='lat' dir='ltr'><strong>nec</strong></span> <span class='ocrx_word' id='word_1_801' title='bbox 2687 3721 2856 3774; x_wconf 89' lang='lat' dir='ltr'><strong>aliter</strong></span> <span class='ocrx_word' id='word_1_802' title='bbox 2903 3721 3326 3792; x_wconf 83' lang='lat' dir='ltr'><strong>Theodoretus.</strong></span> <span class='ocrx_word' id='word_1_803' title='bbox 3375 3721 3441 3775; x_wconf 86' lang='lat' dir='ltr'><strong>Et</strong></span> <span class='ocrx_word' id='word_1_804' title='bbox 3492 3722 3599 3776; x_wconf 93' lang='lat' dir='ltr'><strong>hoc</strong></span> 
     </span>
    </p>
   </div>
   <div class='ocr_carea' id='block_1_111' title="bbox 1958 3790 3598 3862">
    <p class='ocr_par' dir='ltr' id='par_1_111' title="bbox 1958 3790 3598 3862">
     <span class='ocr_line' id='line_1_112' title="bbox 1958 3790 3598 3862; baseline 0 -15"><span class='ocrx_word' id='word_1_805' title='bbox 1958 3809 2159 3848; x_wconf 89' lang='lat' dir='ltr'><strong>verum</strong></span> <span class='ocrx_word' id='word_1_806' title='bbox 2191 3790 2328 3847; x_wconf 84' lang='lat' dir='ltr'><strong>esse</strong></span> <span class='ocrx_word' id='word_1_807' title='bbox 2351 3808 2441 3846; x_wconf 89' lang='lat' dir='ltr'><strong>res</strong></span> <span class='ocrx_word' id='word_1_808' title='bbox 2473 3793 2601 3860; x_wconf 88' lang='lat' dir='ltr'><strong>ipsa</strong></span> <span class='ocrx_word' id='word_1_809' title='bbox 2630 3791 2907 3862; x_wconf 86' lang='lat' dir='ltr'><strong>loquitur.</strong></span> <span class='ocrx_word' id='word_1_810' title='bbox 2958 3811 2984 3841; x_wconf 74' lang='grc' dir='ltr'><strong>ιι</strong></span> <span class='ocrx_word' id='word_1_811' title='bbox 3041 3790 3256 3846; x_wconf 89' lang='lat' dir='ltr'><strong>Verum</strong></span> <span class='ocrx_word' id='word_1_812' title='bbox 3305 3793 3598 3848; x_wconf 80' lang='lat' dir='ltr'><strong>enimvero</strong></span> 
     </span>
    </p>
   </div>
   <div class='ocr_carea' id='block_1_112' title="bbox 1959 3862 3597 3934">
    <p class='ocr_par' dir='ltr' id='par_1_112' title="bbox 1959 3862 3597 3934">
     <span class='ocr_line' id='line_1_113' title="bbox 1959 3862 3597 3934; baseline 0 -16"><span class='ocrx_word' id='word_1_813' title='bbox 1959 3863 2315 3918; x_wconf 86' lang='lat' dir='ltr'><strong>contrarium</strong></span> <span class='ocrx_word' id='word_1_814' title='bbox 2367 3863 2566 3918; x_wconf 90' lang='lat' dir='ltr'><strong>docuit</strong></span> <span class='ocrx_word' id='word_1_815' title='bbox 2615 3862 3398 3934; x_wconf 39' lang='lat' dir='ltr'><strong>suppositus”Hieronymus</strong></span> <span class='ocrx_word' id='word_1_816' title='bbox 3446 3863 3597 3918; x_wconf 89' lang='lat' dir='ltr'><strong>libro</strong></span> 
     </span>
    </p>
   </div>
   <div class='ocr_carea' id='block_1_113' title="bbox 1961 3932 3597 4001">
    <p class='ocr_par' dir='ltr' id='par_1_113' title="bbox 1961 3932 3597 4001">
     <span class='ocr_line' id='line_1_114' title="bbox 1961 3932 3597 4001; baseline 0 -12"><span class='ocrx_word' id='word_1_817' title='bbox 1961 3935 2339 3989; x_wconf 78' lang='lat' dir='ltr'><strong>Traditioaum</strong></span> <span class='ocrx_word' id='word_1_818' title='bbox 2371 3932 2768 3989; x_wconf 62' lang='lat' dir='ltr'><strong>chruiuarurn</strong></span> <span class='ocrx_word' id='word_1_819' title='bbox 2799 3934 2856 3987; x_wconf 91' lang='lat' dir='ltr'><strong>in</strong></span> <span class='ocrx_word' id='word_1_820' title='bbox 2894 3933 2938 3988; x_wconf 89' lang='lat' dir='ltr'><strong>ll</strong></span> <span class='ocrx_word' id='word_1_821' title='bbox 2964 3932 3060 3987; x_wconf 89' lang='lat' dir='ltr'><strong>lib.</strong></span> <span class='ocrx_word' id='word_1_822' title='bbox 3107 3932 3320 4001; x_wconf 78' lang='lat' dir='ltr'><strong>Regum</strong></span> <span class='ocrx_word' id='word_1_823' title='bbox 3341 3951 3352 3987; x_wconf 93' lang='lat'><strong>:</strong></span> <span class='ocrx_word' id='word_1_824' title='bbox 3375 3957 3400 3984; x_wconf 79' lang='grc' dir='ltr'><em>α</em></span> <span class='ocrx_word' id='word_1_825' title='bbox 3426 3936 3597 4001; x_wconf 87' lang='lat' dir='ltr'><strong>Cave,</strong></span> 
     </span>
    </p>
   </div>
   <div class='ocr_carea' id='block_1_114' title="bbox 1958 4005 3600 4078">
    <p class='ocr_par' dir='ltr' id='par_1_114' title="bbox 1958 4005 3600 4078">
     <span class='ocr_line' id='line_1_115' title="bbox 1958 4005 3600 4078; baseline 0 -18"><span class='ocrx_word' id='word_1_826' title='bbox 1958 4005 2139 4061; x_wconf 89' lang='lat' dir='ltr'><strong>lector</strong></span> <span class='ocrx_word' id='word_1_827' title='bbox 2168 4006 2382 4077; x_wconf 88' lang='lat' dir='ltr'><strong>inquit,</strong></span> <span class='ocrx_word' id='word_1_828' title='bbox 2414 4005 2722 4077; x_wconf 90' lang='lat' dir='ltr'><strong>plerosque</strong></span> <span class='ocrx_word' id='word_1_829' title='bbox 2755 4005 3065 4060; x_wconf 86' lang='lat' dir='ltr'><strong>mendosos</strong></span> <span class='ocrx_word' id='word_1_830' title='bbox 3095 4005 3344 4071; x_wconf 86' lang='lat' dir='ltr'><strong>codices,</strong></span> <span class='ocrx_word' id='word_1_831' title='bbox 3377 4006 3435 4060; x_wconf 93' lang='lat' dir='ltr'><strong>in</strong></span> <span class='ocrx_word' id='word_1_832' title='bbox 3466 4007 3600 4078; x_wconf 86' lang='lat' dir='ltr'><strong>qui-</strong></span> 
     </span>
    </p>
   </div>
   <div class='ocr_carea' id='block_1_115' title="bbox 1958 4078 3601 4148">
    <p class='ocr_par' dir='ltr' id='par_1_115' title="bbox 1958 4078 3601 4148">
     <span class='ocr_line' id='line_1_116' title="bbox 1958 4078 3601 4148; baseline 0 -16"><span class='ocrx_word' id='word_1_833' title='bbox 1958 4079 2067 4133; x_wconf 91' lang='lat' dir='ltr'><strong>bus</strong></span> <span class='ocrx_word' id='word_1_834' title='bbox 2100 4081 2386 4148; x_wconf 88' lang='lat' dir='ltr'><strong>scriptum</strong></span> <span class='ocrx_word' id='word_1_835' title='bbox 2435 4078 2752 4140; x_wconf 81' lang='lat' dir='ltr'><strong>invenitur,</strong></span> <span class='ocrx_word' id='word_1_836' title='bbox 2802 4083 2932 4148; x_wconf 87' lang='lat' dir='ltr'><strong>post</strong></span> <span class='ocrx_word' id='word_1_837' title='bbox 2974 4082 3250 4148; x_wconf 86' lang='lat' dir='ltr'><strong>quatuor,</strong></span> <span class='ocrx_word' id='word_1_838' title='bbox 3301 4093 3415 4132; x_wconf 90' lang='lat' dir='ltr'><strong>non</strong></span> <span class='ocrx_word' id='word_1_839' title='bbox 3470 4083 3601 4147; x_wconf 91' lang='lat' dir='ltr'><strong>post</strong></span> 
     </span>
    </p>
   </div>
   <div class='ocr_carea' id='block_1_116' title="bbox 1956 4147 3596 4219">
    <p class='ocr_par' dir='ltr' id='par_1_116' title="bbox 1956 4147 3596 4219">
     <span class='ocr_line' id='line_1_117' title="bbox 1956 4147 3596 4219; baseline -0.001 -15"><span class='ocrx_word' id='word_1_840' title='bbox 1956 4151 2346 4219; x_wconf 82' lang='lat' dir='ltr'><strong>quadraginta</strong></span> <span class='ocrx_word' id='word_1_841' title='bbox 2366 4165 2553 4203; x_wconf 90' lang='lat' dir='ltr'><strong>annos</strong></span> <span class='ocrx_word' id='word_1_842' title='bbox 2587 4165 2600 4201; x_wconf 88' lang='lat'><strong>:</strong></span> <span class='ocrx_word' id='word_1_843' title='bbox 2625 4148 2684 4202; x_wconf 92' lang='lat' dir='ltr'><strong>in</strong></span> <span class='ocrx_word' id='word_1_844' title='bbox 2709 4147 3101 4204; x_wconf 76' lang='lat' dir='ltr'><strong>veracioribus</strong></span> <span class='ocrx_word' id='word_1_845' title='bbox 3124 4165 3252 4203; x_wconf 87' lang='lat' dir='ltr'><strong>vero</strong></span> <span class='ocrx_word' id='word_1_846' title='bbox 3275 4148 3596 4216; x_wconf 87' lang='lat' dir='ltr'><strong>codicibus,</strong></span> 
     </span>
    </p>
   </div>
   <div class='ocr_carea' id='block_1_117' title="bbox 1955 4219 3602 4291">
    <p class='ocr_par' dir='ltr' id='par_1_117' title="bbox 1955 4219 3602 4291">
     <span class='ocr_line' id='line_1_118' title="bbox 1955 4219 3602 4291; baseline 0.001 -16"><span class='ocrx_word' id='word_1_847' title='bbox 1955 4229 2010 4275; x_wconf 90' lang='lat' dir='ltr'><strong>et</strong></span> <span class='ocrx_word' id='word_1_848' title='bbox 2041 4222 2098 4274; x_wconf 90' lang='lat' dir='ltr'><strong>in</strong></span> <span class='ocrx_word' id='word_1_849' title='bbox 2133 4220 2412 4276; x_wconf 88' lang='lat' dir='ltr'><strong>Hebraica</strong></span> <span class='ocrx_word' id='word_1_850' title='bbox 2443 4220 2699 4287; x_wconf 83' lang='lat' dir='ltr'><strong>veritate,</strong></span> <span class='ocrx_word' id='word_1_851' title='bbox 2737 4237 2846 4275; x_wconf 91' lang='lat' dir='ltr'><strong>non</strong></span> <span class='ocrx_word' id='word_1_852' title='bbox 2881 4223 3152 4290; x_wconf 85' lang='lat' dir='ltr'><strong>quatuor,</strong></span> <span class='ocrx_word' id='word_1_853' title='bbox 3201 4219 3300 4274; x_wconf 86' lang='lat' dir='ltr'><strong>sed</strong></span> <span class='ocrx_word' id='word_1_854' title='bbox 3354 4221 3602 4291; x_wconf 83' lang='lat' dir='ltr'><strong>quadra-</strong></span> 
     </span>
    </p>
   </div>
   <div class='ocr_carea' id='block_1_118' title="bbox 1953 4291 3598 4364">
    <p class='ocr_par' dir='ltr' id='par_1_118' title="bbox 1953 4291 3598 4364">
     <span class='ocr_line' id='line_1_119' title="bbox 1953 4291 3598 4364; baseline 0.003 -22"><span class='ocrx_word' id='word_1_855' title='bbox 1953 4291 2117 4364; x_wconf 83' lang='lat' dir='ltr'><strong>ginta</strong></span> <span class='ocrx_word' id='word_1_856' title='bbox 2146 4292 2487 4346; x_wconf 84' lang='lat' dir='ltr'><strong>scribuntur</strong></span> <span class='ocrx_word' id='word_1_857' title='bbox 2517 4291 2676 4345; x_wconf 91' lang='lat' dir='ltr'><strong>anni.</strong></span> <span class='ocrx_word' id='word_1_858' title='bbox 2730 4291 2785 4346; x_wconf 90' lang='lat' dir='ltr'><strong>Si</strong></span> <span class='ocrx_word' id='word_1_859' title='bbox 2835 4307 2968 4345; x_wconf 83' lang='lat' dir='ltr'><strong>vero</strong></span> <span class='ocrx_word' id='word_1_860' title='bbox 3017 4291 3416 4364; x_wconf 73' lang='lat' dir='ltr'><strong>contentiosus</strong></span> <span class='ocrx_word' id='word_1_861' title='bbox 3462 4293 3598 4363; x_wconf 88' lang='lat' dir='ltr'><strong>quis</strong></span> 
     </span>
    </p>
   </div>
   <div class='ocr_carea' id='block_1_119' title="bbox 1951 4362 3596 4434">
    <p class='ocr_par' dir='ltr' id='par_1_119' title="bbox 1951 4362 3596 4434">
     <span class='ocr_line' id='line_1_120' title="bbox 1951 4362 3596 4434; baseline 0.001 -16"><span class='ocrx_word' id='word_1_862' title='bbox 1951 4362 2184 4418; x_wconf 76' lang='lat' dir='ltr'><strong>eosdem</strong></span> <span class='ocrx_word' id='word_1_863' title='bbox 2238 4368 2492 4434; x_wconf 78' lang='lat' dir='ltr'><strong>quatuor</strong></span> <span class='ocrx_word' id='word_1_864' title='bbox 2541 4379 2725 4416; x_wconf 79' lang='lat' dir='ltr'><strong>annos</strong></span> <span class='ocrx_word' id='word_1_865' title='bbox 2791 4366 3050 4416; x_wconf 82' lang='lat' dir='ltr'><strong>astruere</strong></span> <span class='ocrx_word' id='word_1_866' title='bbox 3116 4362 3365 4417; x_wconf 89' lang='lat' dir='ltr'><strong>voluerit</strong></span> <span class='ocrx_word' id='word_1_867' title='bbox 3409 4362 3596 4419; x_wconf 84' lang='lat' dir='ltr'><strong>abeo</strong></span> 
     </span>
    </p>
   </div>
   <div class='ocr_carea' id='block_1_120' title="bbox 1951 4433 3595 4504">
    <p class='ocr_par' dir='ltr' id='par_1_120' title="bbox 1951 4433 3595 4504">
     <span class='ocr_line' id='line_1_121' title="bbox 1951 4433 3595 4504; baseline 0.001 -16"><span class='ocrx_word' id='word_1_868' title='bbox 1951 4439 2212 4504; x_wconf 87' lang='lat' dir='ltr'><strong>tempore</strong></span> <span class='ocrx_word' id='word_1_869' title='bbox 2235 4433 2351 4504; x_wconf 88' lang='lat' dir='ltr'><strong>quo</strong></span> <span class='ocrx_word' id='word_1_870' title='bbox 2373 4433 2647 4489; x_wconf 80' lang='lat' dir='ltr'><strong>Absalom</strong></span> <span class='ocrx_word' id='word_1_871' title='bbox 2678 4436 2903 4488; x_wconf 85' lang='lat' dir='ltr'><strong>Amnon</strong></span> <span class='ocrx_word' id='word_1_872' title='bbox 2941 4435 3177 4488; x_wconf 81' lang='lat' dir='ltr'><strong>fratrem</strong></span> <span class='ocrx_word' id='word_1_873' title='bbox 3209 4451 3383 4490; x_wconf 91' lang='lat' dir='ltr'><strong>suum</strong></span> <span class='ocrx_word' id='word_1_874' title='bbox 3416 4437 3595 4490; x_wconf 87' lang='lat' dir='ltr'><strong>inter-</strong></span> 
     </span>
    </p>
   </div>
   <div class='ocr_carea' id='block_1_121' title="bbox 1949 4504 3592 4578">
    <p class='ocr_par' dir='ltr' id='par_1_121' title="bbox 1949 4504 3592 4578">
     <span class='ocr_line' id='line_1_122' title="bbox 1949 4504 3592 4578; baseline 0.001 -17"><span class='ocrx_word' id='word_1_875' title='bbox 1949 4509 2104 4578; x_wconf 77' lang='lat' dir='ltr'><strong>fecit,</strong></span> <span class='ocrx_word' id='word_1_876' title='bbox 2138 4523 2325 4578; x_wconf 90' lang='lat' dir='ltr'><strong>usque</strong></span> <span class='ocrx_word' id='word_1_877' title='bbox 2355 4508 2426 4561; x_wconf 91' lang='lat' dir='ltr'><strong>ad</strong></span> <span class='ocrx_word' id='word_1_878' title='bbox 2461 4505 2603 4560; x_wconf 88' lang='lat' dir='ltr'><strong>illud</strong></span> <span class='ocrx_word' id='word_1_879' title='bbox 2639 4511 2871 4576; x_wconf 84' lang='lat' dir='ltr'><strong>tempus</strong></span> <span class='ocrx_word' id='word_1_880' title='bbox 2898 4522 3012 4575; x_wconf 86' lang='lat' dir='ltr'><strong>quo</strong></span> <span class='ocrx_word' id='word_1_881' title='bbox 3045 4504 3193 4576; x_wconf 85' lang='lat' dir='ltr'><strong>patri</strong></span> <span class='ocrx_word' id='word_1_882' title='bbox 3227 4506 3372 4561; x_wconf 82' lang='lat' dir='ltr'><strong>dixit</strong></span> <span class='ocrx_word' id='word_1_883' title='bbox 3423 4525 3436 4562; x_wconf 89' lang='lat'><strong>:</strong></span> <span class='ocrx_word' id='word_1_884' title='bbox 3497 4509 3592 4564; x_wconf 82' lang='lat' dir='ltr'><strong>Va-</strong></span> 
     </span>
    </p>
   </div>
   <div class='ocr_carea' id='block_1_122' title="bbox 1947 4577 3590 4647">
    <p class='ocr_par' dir='ltr' id='par_1_122' title="bbox 1947 4577 3590 4647">
     <span class='ocr_line' id='line_1_123' title="bbox 1947 4577 3590 4647; baseline 0 -15"><span class='ocrx_word' id='word_1_885' title='bbox 1947 4577 2074 4632; x_wconf 86' lang='lat' dir='ltr'><strong>dam</strong></span> <span class='ocrx_word' id='word_1_886' title='bbox 2141 4583 2192 4634; x_wconf 85' lang='lat' dir='ltr'><strong>et</strong></span> <span class='ocrx_word' id='word_1_887' title='bbox 2238 4577 2482 4633; x_wconf 81' lang='lat' dir='ltr'><strong>reddam</strong></span> <span class='ocrx_word' id='word_1_888' title='bbox 2536 4581 2656 4633; x_wconf 88' lang='lat' dir='ltr'><strong>vota</strong></span> <span class='ocrx_word' id='word_1_889' title='bbox 2718 4592 2836 4631; x_wconf 86' lang='lat' dir='ltr'><strong>mea</strong></span> <span class='ocrx_word' id='word_1_890' title='bbox 2893 4578 3192 4647; x_wconf 70' lang='lat' dir='ltr'><strong>quthovi</strong></span> <span class='ocrx_word' id='word_1_891' title='bbox 3249 4579 3474 4634; x_wconf 77' lang='lat' dir='ltr'><strong>Domino</strong></span> <span class='ocrx_word' id='word_1_892' title='bbox 3531 4579 3590 4632; x_wconf 79' lang='lat' dir='ltr'><strong>in</strong></span> 
     </span>
    </p>
   </div>
   <div class='ocr_carea' id='block_1_123' title="bbox 1947 4646 3590 4721">
    <p class='ocr_par' dir='ltr' id='par_1_123' title="bbox 1947 4646 3590 4721">
     <span class='ocr_line' id='line_1_124' title="bbox 1947 4646 3590 4721; baseline 0.001 -17"><span class='ocrx_word' id='word_1_893' title='bbox 1947 4651 2154 4704; x_wconf 83' lang='lat' dir='ltr'><strong>Hebron</strong></span> <span class='ocrx_word' id='word_1_894' title='bbox 2186 4667 2204 4703; x_wconf 91' lang='lat'><em>:</em></span> <span class='ocrx_word' id='word_1_895' title='bbox 2237 4649 2548 4721; x_wconf 86' lang='lat' dir='ltr'><strong>perspicue</strong></span> <span class='ocrx_word' id='word_1_896' title='bbox 2575 4665 2634 4704; x_wconf 91' lang='lat' dir='ltr'><strong>se</strong></span> <span class='ocrx_word' id='word_1_897' title='bbox 2664 4663 2875 4712; x_wconf 87' lang='lat' dir='ltr'><strong>errare,</strong></span> <span class='ocrx_word' id='word_1_898' title='bbox 2899 4646 2947 4721; x_wconf 84' lang='lat' dir='ltr'><strong>si</strong></span> <span class='ocrx_word' id='word_1_899' title='bbox 2979 4646 3288 4721; x_wconf 86' lang='lat' dir='ltr'><strong>diligenter</strong></span> <span class='ocrx_word' id='word_1_900' title='bbox 3318 4666 3590 4721; x_wconf 89' lang='lat' dir='ltr'><strong>perscru-</strong></span> 
     </span>
    </p>
   </div>
   <div class='ocr_carea' id='block_1_124' title="bbox 1945 4719 3592 4786">
    <p class='ocr_par' dir='ltr' id='par_1_124' title="bbox 1945 4719 3592 4786">
     <span class='ocr_line' id='line_1_125' title="bbox 1945 4719 3592 4786; baseline 0.002 -13"><span class='ocrx_word' id='word_1_901' title='bbox 1945 4726 2104 4775; x_wconf 85' lang='lat' dir='ltr'><strong>tatus</strong></span> <span class='ocrx_word' id='word_1_902' title='bbox 2137 4719 2329 4784; x_wconf 86' lang='lat' dir='ltr'><strong>fuerit,</strong></span> <span class='ocrx_word' id='word_1_903' title='bbox 2362 4719 2617 4774; x_wconf 85' lang='lat' dir='ltr'><strong>inveniet</strong></span> <span class='ocrx_word' id='word_1_904' title='bbox 2650 4736 2661 4774; x_wconf 93' lang='lat'>:</span> <span class='ocrx_word' id='word_1_905' title='bbox 2696 4736 2827 4773; x_wconf 83' lang='lat' dir='ltr'><strong>rum</strong></span> <span class='ocrx_word' id='word_1_906' title='bbox 2862 4719 3066 4786; x_wconf 85' lang='lat' dir='ltr'><strong>utique</strong></span> <span class='ocrx_word' id='word_1_907' title='bbox 3099 4719 3394 4782; x_wconf 80' lang='lat' dir='ltr'><strong>Absalom.</strong></span> <span class='ocrx_word' id='word_1_908' title='bbox 3417 4722 3592 4777; x_wconf 88' lang='lat' dir='ltr'><strong>inter-</strong></span> 
     </span>
    </p>
   </div>
   <div class='ocr_carea' id='block_1_125' title="bbox 1947 4791 3588 4862">
    <p class='ocr_par' dir='ltr' id='par_1_125' title="bbox 1947 4791 3588 4862">
     <span class='ocr_line' id='line_1_126' title="bbox 1947 4791 3588 4862; baseline 0 -15"><span class='ocrx_word' id='word_1_909' title='bbox 1947 4794 2098 4847; x_wconf 90' lang='lat' dir='ltr'><strong>fecto</strong></span> <span class='ocrx_word' id='word_1_910' title='bbox 2131 4800 2381 4858; x_wconf 82' lang='lat' dir='ltr'><strong>Amnon,</strong></span> <span class='ocrx_word' id='word_1_911' title='bbox 2414 4794 2472 4846; x_wconf 89' lang='lat' dir='ltr'><strong>in</strong></span> <span class='ocrx_word' id='word_1_912' title='bbox 2500 4796 2724 4862; x_wconf 88' lang='lat' dir='ltr'><strong>Gessur</strong></span> <span class='ocrx_word' id='word_1_913' title='bbox 2751 4792 2899 4857; x_wconf 79' lang='lat' dir='ltr'><strong>apud</strong></span> <span class='ocrx_word' id='word_1_914' title='bbox 2932 4791 3195 4846; x_wconf 90' lang='lat' dir='ltr'><strong>Tbolmai</strong></span> <span class='ocrx_word' id='word_1_915' title='bbox 3241 4808 3433 4862; x_wconf 88' lang='lat' dir='ltr'><strong>regem</strong></span> <span class='ocrx_word' id='word_1_916' title='bbox 3485 4793 3588 4847; x_wconf 90' lang='lat' dir='ltr'><strong>tri-</strong></span> 
     </span>
    </p>
   </div>
   <div class='ocr_carea' id='block_1_126' title="bbox 1947 4861 3586 4932">
    <p class='ocr_par' dir='ltr' id='par_1_126' title="bbox 1947 4861 3586 4932">
     <span class='ocr_line' id='line_1_127' title="bbox 1947 4861 3586 4932; baseline 0.001 -13"><span class='ocrx_word' id='word_1_917' title='bbox 1947 4865 2057 4919; x_wconf 84' lang='lat' dir='ltr'><strong>bu&#39;s</strong></span> <span class='ocrx_word' id='word_1_918' title='bbox 2085 4863 2277 4932; x_wconf 86' lang='lat' dir='ltr'><strong>annis,</strong></span> <span class='ocrx_word' id='word_1_919' title='bbox 2310 4870 2366 4918; x_wconf 91' lang='lat' dir='ltr'><strong>et</strong></span> <span class='ocrx_word' id='word_1_920' title='bbox 2406 4865 2462 4917; x_wconf 89' lang='lat' dir='ltr'><strong>in</strong></span> <span class='ocrx_word' id='word_1_921' title='bbox 2502 4861 2827 4919; x_wconf 78' lang='lat' dir='ltr'><strong>Jerusalem</strong></span> <span class='ocrx_word' id='word_1_922' title='bbox 2862 4863 2995 4916; x_wconf 85' lang='lat' dir='ltr'><strong>inde</strong></span> <span class='ocrx_word' id='word_1_923' title='bbox 3056 4861 3360 4920; x_wconf 80' lang='lat' dir='ltr'><strong>revocatus</strong></span> <span class='ocrx_word' id='word_1_924' title='bbox 3384 4907 3398 4930; x_wconf 95' lang='lat'><strong>,</strong></span> <span class='ocrx_word' id='word_1_925' title='bbox 3473 4882 3586 4920; x_wconf 91' lang='lat' dir='ltr'><strong>non</strong></span> 
     </span>
    </p>
   </div>
   <div class='ocr_carea' id='block_1_127' title="bbox 1945 4931 3588 5005">
    <p class='ocr_par' dir='ltr' id='par_1_127' title="bbox 1945 4931 3588 5005">
     <span class='ocr_line' id='line_1_128' title="bbox 1945 4931 3588 5005; baseline 0.001 -15"><span class='ocrx_word' id='word_1_926' title='bbox 1945 4935 2066 4990; x_wconf 77' lang='lat' dir='ltr'><strong>\iso</strong></span> <span class='ocrx_word' id='word_1_927' title='bbox 2097 4931 2281 5005; x_wconf 84' lang='lat' dir='ltr'><strong>patre,</strong></span> <span class='ocrx_word' id='word_1_928' title='bbox 2318 4934 2548 4990; x_wconf 86' lang='lat' dir='ltr'><strong>duobus</strong></span> <span class='ocrx_word' id='word_1_929' title='bbox 2579 4940 2844 5005; x_wconf 76' lang='lat' dir='ltr'><strong>maratus</strong></span> <span class='ocrx_word' id='word_1_930' title='bbox 2873 4931 3049 4988; x_wconf 79' lang='lat' dir='ltr'><strong>fuerit</strong></span> <span class='ocrx_word' id='word_1_931' title='bbox 3079 4937 3271 5000; x_wconf 86' lang='lat' dir='ltr'><strong>annis,</strong></span> <span class='ocrx_word' id='word_1_932' title='bbox 3321 4944 3380 4991; x_wconf 87' lang='lat' dir='ltr'><strong>et</strong></span> <span class='ocrx_word' id='word_1_933' title='bbox 3428 4943 3588 4992; x_wconf 86' lang='lat' dir='ltr'><strong>sexto</strong></span> 
     </span>
    </p>
   </div>
   <div class='ocr_carea' id='block_1_128' title="bbox 1945 5004 3588 5079">
    <p class='ocr_par' dir='ltr' id='par_1_128' title="bbox 1945 5004 3588 5079">
     <span class='ocr_line' id='line_1_129' title="bbox 1945 5004 3588 5079; baseline -0.001 -18"><span class='ocrx_word' id='word_1_934' title='bbox 1945 5004 2112 5079; x_wconf 14' lang='lat' dir='ltr'><strong>anno,</strong></span> <span class='ocrx_word' id='word_1_935' title='bbox 2128 5006 2333 5062; x_wconf 87' lang='lat' dir='ltr'><strong>faciem</strong></span> <span class='ocrx_word' id='word_1_936' title='bbox 2369 5004 2804 5079; x_wconf 9' lang='lat' dir='ltr'><strong>patrisividerit,</strong></span> <span class='ocrx_word' id='word_1_937' title='bbox 2837 5009 2894 5079; x_wconf 89' lang='lat' dir='ltr'><strong>et</strong></span> <span class='ocrx_word' id='word_1_938' title='bbox 2923 5010 3124 5061; x_wconf 88' lang='lat' dir='ltr'><strong>contra</strong></span> <span class='ocrx_word' id='word_1_939' title='bbox 3153 5022 3287 5062; x_wconf 91' lang='lat' dir='ltr'><strong>eum</strong></span> <span class='ocrx_word' id='word_1_940' title='bbox 3321 5007 3588 5079; x_wconf 84' lang='lat' dir='ltr'><strong>perduel-</strong></span> 
     </span>
    </p>
   </div>
   <div class='ocr_carea' id='block_1_129' title="bbox 1945 5077 3582 5150">
    <p class='ocr_par' dir='ltr' id='par_1_129' title="bbox 1945 5077 3582 5150">
     <span class='ocr_line' id='line_1_130' title="bbox 1945 5077 3582 5150; baseline -0.001 -17"><span class='ocrx_word' id='word_1_941' title='bbox 1945 5078 2159 5134; x_wconf 91' lang='lat' dir='ltr'><strong>lionem</strong></span> <span class='ocrx_word' id='word_1_942' title='bbox 2194 5077 2626 5150; x_wconf 12' lang='lat' dir='ltr'><strong>praeparavcrrit,</strong></span> <span class='ocrx_word' id='word_1_943' title='bbox 2659 5098 2686 5126; x_wconf 84' lang='lat'>»</span> <span class='ocrx_word' id='word_1_944' title='bbox 2719 5078 2906 5150; x_wconf 85' lang='lat' dir='ltr'><strong>etc._A</strong></span> <span class='ocrx_word' id='word_1_945' title='bbox 2936 5092 3052 5150; x_wconf 83' lang='lat' dir='ltr'><strong>quo</strong></span> <span class='ocrx_word' id='word_1_946' title='bbox 3101 5083 3300 5134; x_wconf 91' lang='lat' dir='ltr'><strong>autem</strong></span> <span class='ocrx_word' id='word_1_947' title='bbox 3322 5077 3582 5150; x_wconf 70' lang='lat' dir='ltr'><strong>compu-</strong></span> 
     </span>
    </p>
   </div>
   <div class='ocr_carea' id='block_1_130' title="bbox 1944 5095 3581 5220">
    <p class='ocr_par' dir='ltr' id='par_1_130' title="bbox 1944 5095 3581 5220">
     <span class='ocr_line' id='line_1_131' title="bbox 1945 5095 3581 5202; baseline -0.001 -69"><span class='ocrx_word' id='word_1_948' title='bbox 1945 5095 2159 5134; x_wconf 84' lang='lat' dir='ltr'><strong>nonem</strong></span> <span class='ocrx_word' id='word_1_949' title='bbox 2193 5095 2626 5202; x_wconf 56' lang='lat' dir='ltr'><strong>praeparaverit,</strong></span> <span class='ocrx_word' id='word_1_950' title='bbox 2659 5098 2686 5126; x_wconf 84' lang='lat'>»</span> <span class='ocrx_word' id='word_1_951' title='bbox 2719 5095 2827 5132; x_wconf 77' lang='lat' dir='ltr'><strong>etc.</strong></span> <span class='ocrx_word' id='word_1_952' title='bbox 2861 5095 2906 5131; x_wconf 73' lang='grc' dir='ltr'>Α</span> <span class='ocrx_word' id='word_1_953' title='bbox 2936 5095 3052 5148; x_wconf 89' lang='lat' dir='ltr'><strong>quo</strong></span> <span class='ocrx_word' id='word_1_954' title='bbox 3101 5095 3300 5134; x_wconf 78' lang='lat' dir='ltr'><strong>antem</strong></span> <span class='ocrx_word' id='word_1_955' title='bbox 3343 5095 3581 5150; x_wconf 90' lang='lat' dir='ltr'><strong>compu-</strong></span> 
     </span>
     <span class='ocr_line' id='line_1_132' title="bbox 1944 5147 3581 5220; baseline -0.001 -16"><span class='ocrx_word' id='word_1_956' title='bbox 1944 5150 2183 5204; x_wconf 87' lang='lat' dir='ltr'><strong>tenturi</strong></span> <span class='ocrx_word' id='word_1_957' title='bbox 2218 5148 2252 5202; x_wconf 92' lang='lat' dir='ltr'><strong>li</strong></span> <span class='ocrx_word' id='word_1_958' title='bbox 2284 5149 2686 5220; x_wconf 78' lang='lat' dir='ltr'><strong>quadraginta</strong></span> <span class='ocrx_word' id='word_1_959' title='bbox 2719 5147 2878 5209; x_wconf 86' lang='lat' dir='ltr'><strong>anni,</strong></span> <span class='ocrx_word' id='word_1_960' title='bbox 2929 5149 3058 5203; x_wconf 90' lang='lat' dir='ltr'><strong>vide</strong></span> <span class='ocrx_word' id='word_1_961' title='bbox 3110 5150 3262 5216; x_wconf 85' lang='lat' dir='ltr'><strong>apud</strong></span> <span class='ocrx_word' id='word_1_962' title='bbox 3316 5151 3581 5206; x_wconf 67' lang='lat' dir='ltr'><strong>Paludem</strong></span> 
     </span>
    </p>
   </div>
   <div class='ocr_carea' id='block_1_131' title="bbox 1946 5219 3305 5290">
    <p class='ocr_par' dir='ltr' id='par_1_131' title="bbox 1946 5219 3305 5290">
     <span class='ocr_line' id='line_1_133' title="bbox 1946 5219 3305 5290; baseline 0 -14"><span class='ocrx_word' id='word_1_963' title='bbox 1946 5221 2312 5289; x_wconf 84' lang='lat' dir='ltr'><strong>scriptorem,</strong></span> <span class='ocrx_word' id='word_1_964' title='bbox 2344 5227 2400 5276; x_wconf 91' lang='lat' dir='ltr'><strong>et</strong></span> <span class='ocrx_word' id='word_1_965' title='bbox 2430 5223 2580 5290; x_wconf 90' lang='lat' dir='ltr'><strong>apud</strong></span> <span class='ocrx_word' id='word_1_966' title='bbox 2615 5219 2845 5274; x_wconf 87' lang='lat' dir='ltr'><strong>criticos</strong></span> <span class='ocrx_word' id='word_1_967' title='bbox 2875 5236 3090 5275; x_wconf 84' lang='lat' dir='ltr'><strong>sacros.</strong></span> <span class='ocrx_word' id='word_1_968' title='bbox 3126 5222 3305 5277; x_wconf 73' lang='lat' dir='ltr'><strong>MART.</strong></span> 
     </span>
    </p>
   </div>
   <div class='ocr_carea' id='block_1_132' title="bbox 2017 5291 3581 5362">
    <p class='ocr_par' dir='ltr' id='par_1_132' title="bbox 2017 5291 3581 5362">
     <span class='ocr_line' id='line_1_134' title="bbox 2017 5291 3581 5362; baseline 0.001 -18"><span class='ocrx_word' id='word_1_969' title='bbox 2017 5324 2083 5332; x_wconf 92' lang='lat'><strong><em>—</em></strong></span> <span class='ocrx_word' id='word_1_970' title='bbox 2111 5297 2434 5346; x_wconf 82' lang='lat' dir='ltr'><strong>Veronens.</strong></span> <span class='ocrx_word' id='word_1_971' title='bbox 2473 5308 2611 5346; x_wconf 82' lang='lat' dir='ltr'><strong>mss.</strong></span> <span class='ocrx_word' id='word_1_972' title='bbox 2647 5307 2748 5360; x_wconf 88' lang='lat' dir='ltr'><strong>pro</strong></span> <span class='ocrx_word' id='word_1_973' title='bbox 2782 5291 3177 5359; x_wconf 78' lang='lat' dir='ltr'><strong>quadraginta,</strong></span> <span class='ocrx_word' id='word_1_974' title='bbox 3231 5295 3405 5348; x_wconf 86' lang='lat' dir='ltr'><strong>habet</strong></span> <span class='ocrx_word' id='word_1_975' title='bbox 3450 5309 3581 5362; x_wconf 87' lang='lat' dir='ltr'><strong>qua-</strong></span> 
     </span>
    </p>
   </div>
   <div class='ocr_carea' id='block_1_133' title="bbox 1944 5363 3579 5434">
    <p class='ocr_par' dir='ltr' id='par_1_133' title="bbox 1944 5363 3579 5434">
     <span class='ocr_line' id='line_1_135' title="bbox 1944 5363 3579 5434; baseline -0.001 -17"><span class='ocrx_word' id='word_1_976' title='bbox 1944 5370 2074 5417; x_wconf 78' lang='lat' dir='ltr'><strong>tuor</strong></span> <span class='ocrx_word' id='word_1_977' title='bbox 2121 5382 2138 5417; x_wconf 91' lang='lat'><strong><em>:</em></strong></span> <span class='ocrx_word' id='word_1_978' title='bbox 2190 5381 2365 5434; x_wconf 89' lang='lat' dir='ltr'><strong>quam</strong></span> <span class='ocrx_word' id='word_1_979' title='bbox 2417 5363 2718 5418; x_wconf 75' lang='lat' dir='ltr'><strong>lectionem</strong></span> <span class='ocrx_word' id='word_1_980' title='bbox 2769 5367 2826 5417; x_wconf 90' lang='lat' dir='ltr'><strong>et</strong></span> <span class='ocrx_word' id='word_1_981' title='bbox 2873 5365 3217 5417; x_wconf 84' lang='lat' dir='ltr'><strong>vetustiores</strong></span> <span class='ocrx_word' id='word_1_982' title='bbox 3271 5363 3579 5417; x_wconf 68' lang='grc' dir='ltr'><strong>Μαι-εἰδηωὶ</strong></span> 
     </span>
    </p>
   </div>
   <div class='ocr_carea' id='block_1_134' title="bbox 1945 5434 3582 5506">
    <p class='ocr_par' dir='ltr' id='par_1_134' title="bbox 1945 5434 3582 5506">
     <span class='ocr_line' id='line_1_136' title="bbox 1945 5434 3582 5506; baseline -0.001 -18"><span class='ocrx_word' id='word_1_983' title='bbox 1945 5436 2174 5489; x_wconf 89' lang='lat' dir='ltr'><strong>codices</strong></span> <span class='ocrx_word' id='word_1_984' title='bbox 2203 5437 2535 5506; x_wconf 66' lang='lat' dir='ltr'><strong>praeferunt,</strong></span> <span class='ocrx_word' id='word_1_985' title='bbox 2566 5441 2622 5489; x_wconf 91' lang='lat' dir='ltr'><strong>et</strong></span> <span class='ocrx_word' id='word_1_986' title='bbox 2651 5449 2989 5503; x_wconf 80' lang='lat' dir='ltr'><strong>quanquam</strong></span> <span class='ocrx_word' id='word_1_987' title='bbox 3025 5434 3094 5506; x_wconf 88' lang='lat' dir='ltr'><strong>ab</strong></span> <span class='ocrx_word' id='word_1_988' title='bbox 3137 5435 3416 5489; x_wconf 86' lang='lat' dir='ltr'><strong>Hebraico</strong></span> <span class='ocrx_word' id='word_1_989' title='bbox 3462 5434 3582 5488; x_wconf 82' lang='lat' dir='ltr'><strong>dis-</strong></span> 
     </span>
    </p>
   </div>
   <div class='ocr_carea' id='block_1_135' title="bbox 1944 5505 3583 5574">
    <p class='ocr_par' dir='ltr' id='par_1_135' title="bbox 1944 5505 3583 5574">
     <span class='ocr_line' id='line_1_137' title="bbox 1944 5505 3583 5574; baseline -0.001 -14"><span class='ocrx_word' id='word_1_990' title='bbox 1944 5507 2178 5574; x_wconf 83' lang='lat' dir='ltr'><strong>sentiat,</strong></span> <span class='ocrx_word' id='word_1_991' title='bbox 2207 5505 2419 5561; x_wconf 69' lang='lat' dir='ltr'><strong>SCituin</strong></span> <span class='ocrx_word' id='word_1_992' title='bbox 2455 5513 2648 5560; x_wconf 89' lang='lat' dir='ltr'><strong>tamen</strong></span> <span class='ocrx_word' id='word_1_993' title='bbox 2685 5506 2913 5574; x_wconf 86' lang='lat' dir='ltr'><strong>probari</strong></span> <span class='ocrx_word' id='word_1_994' title='bbox 2947 5505 3151 5572; x_wconf 81' lang='lat' dir='ltr'><strong>magis,</strong></span> <span class='ocrx_word' id='word_1_995' title='bbox 3185 5506 3414 5574; x_wconf 84' lang='lat' dir='ltr'><strong>ipsique</strong></span> <span class='ocrx_word' id='word_1_996' title='bbox 3447 5522 3583 5574; x_wconf 67' lang='lat' dir='ltr'><strong>prte-</strong></span> 
     </span>
    </p>
   </div>
   <div class='ocr_carea' id='block_1_136' title="bbox 1948 5576 3580 5644">
    <p class='ocr_par' dir='ltr' id='par_1_136' title="bbox 1948 5576 3580 5644">
     <span class='ocr_line' id='line_1_138' title="bbox 1948 5576 3580 5644; baseline -0.001 -12"><span class='ocrx_word' id='word_1_997' title='bbox 1948 5577 2081 5632; x_wconf 87' lang='lat' dir='ltr'><strong>ferri</strong></span> <span class='ocrx_word' id='word_1_998' title='bbox 2117 5579 2352 5634; x_wconf 63' lang='lat' dir='ltr'><strong>Hebraeo</strong></span> <span class='ocrx_word' id='word_1_999' title='bbox 2383 5578 2586 5642; x_wconf 86' lang='lat' dir='ltr'><strong>textui,</strong></span> <span class='ocrx_word' id='word_1_1000' title='bbox 2631 5577 2730 5644; x_wconf 89' lang='lat' dir='ltr'><strong>qui</strong></span> <span class='ocrx_word' id='word_1_1001' title='bbox 2779 5576 3136 5631; x_wconf 80' lang='lat' dir='ltr'><strong>doctissimis</strong></span> <span class='ocrx_word' id='word_1_1002' title='bbox 3183 5576 3405 5632; x_wconf 86' lang='lat' dir='ltr'><strong>criticis</strong></span> <span class='ocrx_word' id='word_1_1003' title='bbox 3451 5594 3580 5631; x_wconf 84' lang='lat' dir='ltr'><strong>cor-</strong></span> 
     </span>
    </p>
   </div>
   <div class='ocr_carea' id='block_1_137' title="bbox 1946 5648 3578 5720">
    <p class='ocr_par' dir='ltr' id='par_1_137' title="bbox 1946 5648 3578 5720">
     <span class='ocr_line' id='line_1_139' title="bbox 1946 5648 3578 5720; baseline 0 -18"><span class='ocrx_word' id='word_1_1004' title='bbox 1946 5654 2152 5720; x_wconf 87' lang='lat' dir='ltr'><strong>ruptus</strong></span> <span class='ocrx_word' id='word_1_1005' title='bbox 2187 5649 2413 5704; x_wconf 87' lang='lat' dir='ltr'><strong>videtur</strong></span> <span class='ocrx_word' id='word_1_1006' title='bbox 2456 5649 2547 5702; x_wconf 84' lang='lat' dir='ltr'><strong>hic</strong></span> <span class='ocrx_word' id='word_1_1007' title='bbox 2599 5648 2727 5713; x_wconf 89' lang='lat' dir='ltr'><strong>loci,</strong></span> <span class='ocrx_word' id='word_1_1008' title='bbox 2778 5649 2996 5702; x_wconf 88' lang='lat' dir='ltr'><strong>additis</strong></span> <span class='ocrx_word' id='word_1_1009' title='bbox 3035 5649 3126 5720; x_wconf 66' lang='lat' dir='ltr'><strong>ad</strong></span> <span class='ocrx_word' id='word_1_1010' title='bbox 3165 5663 3359 5702; x_wconf 81' lang='lat' dir='ltr'><strong>vocem</strong></span> <span class='ocrx_word' id='word_1_1011' title='bbox 3410 5660 3578 5714; x_wconf 57' lang='lat' dir='ltr'><strong>mm,</strong></span> 
     </span>
    </p>
   </div>
   <div class='ocr_carea' id='block_1_138' title="bbox 1945 5718 3580 5778">
    <p class='ocr_par' dir='ltr' id='par_1_138' title="bbox 1945 5718 3580 5778">
     <span class='ocr_line' id='line_1_140' title="bbox 1945 5718 3580 5778; baseline 0.001 -5"><span class='ocrx_word' id='word_1_1012' title='bbox 1945 5718 2174 5775; x_wconf 70' lang='lat' dir='ltr'><strong>duabus</strong></span> <span class='ocrx_word' id='word_1_1013' title='bbox 2204 5721 2415 5777; x_wconf 79' lang='lat' dir='ltr'><strong>litteris</strong></span> <span class='ocrx_word' id='word_1_1014' title='bbox 2444 5732 2462 5768; x_wconf 66' lang='grc' dir='ltr'><strong>τ</strong></span> <span class='ocrx_word' id='word_1_1015' title='bbox 2496 5726 2552 5776; x_wconf 84' lang='lat' dir='ltr'><strong>et</strong></span> <span class='ocrx_word' id='word_1_1016' title='bbox 2585 5731 2626 5778; x_wconf 70' lang='grc' dir='ltr'><strong>Β</strong></span> <span class='ocrx_word' id='word_1_1017' title='bbox 2682 5737 2693 5774; x_wconf 88' lang='lat'>:</span> <span class='ocrx_word' id='word_1_1018' title='bbox 2747 5735 2880 5772; x_wconf 89' lang='lat' dir='ltr'><strong>nam</strong></span> <span class='ocrx_word' id='word_1_1019' title='bbox 2927 5724 2985 5773; x_wconf 90' lang='lat' dir='ltr'><strong>et</strong></span> <span class='ocrx_word' id='word_1_1020' title='bbox 3033 5718 3300 5774; x_wconf 71' lang='lat' dir='ltr'><strong>Hebraeos</strong></span> <span class='ocrx_word' id='word_1_1021' title='bbox 3350 5721 3580 5776; x_wconf 89' lang='lat' dir='ltr'><strong>codices</strong></span> 
     </span>
    </p>
   </div>
   <div class='ocr_carea' id='block_1_139' title="bbox 1947 5789 3577 5866">
    <p class='ocr_par' dir='ltr' id='par_1_139' title="bbox 1947 5789 3577 5866">
     <span class='ocr_line' id='line_1_141' title="bbox 1947 5789 3577 5866; baseline 0.001 -19"><span class='ocrx_word' id='word_1_1022' title='bbox 1947 5792 2176 5850; x_wconf 85' lang='lat' dir='ltr'><strong>facilius</strong></span> <span class='ocrx_word' id='word_1_1023' title='bbox 2208 5791 2501 5864; x_wconf 90' lang='lat' dir='ltr'><strong>corrumpi</strong></span> <span class='ocrx_word' id='word_1_1024' title='bbox 2536 5789 2794 5863; x_wconf 89' lang='lat' dir='ltr'><strong>potuisse</strong></span> <span class='ocrx_word' id='word_1_1025' title='bbox 2825 5807 2892 5846; x_wconf 87' lang='lat' dir='ltr'><strong>ea</strong></span> <span class='ocrx_word' id='word_1_1026' title='bbox 2921 5790 2982 5846; x_wconf 88' lang='lat' dir='ltr'><strong>in</strong></span> <span class='ocrx_word' id='word_1_1027' title='bbox 3014 5806 3169 5859; x_wconf 90' lang='lat' dir='ltr'><strong>voce,</strong></span> <span class='ocrx_word' id='word_1_1028' title='bbox 3201 5793 3577 5866; x_wconf 89' lang='lat' dir='ltr'><strong>perspicuum</strong></span> 
     </span>
    </p>
   </div>
  </div>
