3982 6178
230 347 322 404 693
1541 345 1755 398 LIBER
1795 343 1844 397 II
1882 343 2260 402 SAMUELIS.
3497 352 3604 411 694

230 468 1620 548 quaeso,consiliumAhitopbel,domine.Cumque
1642 482 1845 522 ascen-
1875 466 1930 532 Α
1959 472 2017 522 et
2040 471 2358 542 amputabo
2389 477 2568 544 caput
2595 475 2746 545 ejus.
2789 478 2856 530 Et
2885 475 2971 532 ait
2999 491 3098 532 rex
3132 493 3145 531 :
3173 477 3323 543 Quid
3373 479 3519 535 mihi
3551 485 3609 537 et

235 565 379 620 deret
405 561 577 617 David
611 558 1010 616 summitatem
1043 559 1282 626 montis,
1313 558 1370 613 in
1417 574 1532 628 quo
1567 558 1846 612 adoratu-
1954 558 2143 626 vobis,
2174 559 2277 616 ﬁlii
2310 562 2520 617 Sarviae
2546 562 2574 617 ‘I
2601 563 2834 619 dimitte
2884 581 3043 631 eum,
3085 569 3150 620 ut
3178 567 3199 601 ⁵
3247 566 3599 637 maledicat;

232 671 317 710 rus
342 655 458 707 erat
502 651 708 718 Deum,
757 665 889 704 ecce
920 648 1142 703 occurit
1189 648 1240 702 ei
1289 647 1470 703 Husai
1521 646 1844 713 Aracbites,
1953 648 2238 704 Dominus
2270 649 2424 705 enim
2459 652 2734 724 praecepit
2764 653 2838 722 ei,
2869 658 2938 709 ut
2968 653 3343 711 malediceret
3365 657 3549 712 David
3587 674 3599 711 :

225 744 388 799 scissa
411 745 564 796 veste
594 740 674 813 [h.
708 738 960 809 tunica],
991 741 1049 793 et
1097 742 1252 794 terra
1300 736 1575 811 pleno[b.
1612 736 1841 808 sparso]
1956 741 2013 792 et
2041 738 2174 808 quis
2203 744 2292 794 est
2342 740 2439 810 qui
2494 743 2740 808 audeat.
2757 741 2947 799 dicere
2979 743 3061 812 [h.
3113 749 3170 799 et
3218 745 3354 816 quis
3407 746 3603 820 dicet],

228 831 411 904 capite.
442 830 524 903 [T.
557 829 810 895 CXVII.]
851 832 919 882 Et
967 827 1114 883 dixit
1160 827 1211 882 ei
1258 827 1438 882 David
1475 843 1487 880 :
1522 826 1582 882 Si
1614 826 1844 881 veneris
1955 841 2134 897 quare
2165 827 2248 882 sic
2281 828 2482 885 fecerit
2515 833 2538 884 Ρ
2568 835 2638 886 Et
2685 833 2765 888 ait
2797 849 2892 888 rex
2939 833 3155 900 Abisai,
3206 837 3264 889 et
3309 835 3604 894 universis

231 936 458 985 mecum,
482 918 599 974 eris
632 917 775 974 mihi
819 916 978 973 oneri
1012 935 1025 985 ;
1059 915 1149 971 sin
1183 919 1378 972 autem
1434 915 1494 970 in
1545 915 1842 970 civitatem
1953 915 2136 971 servis
2167 915 2292 972 suis
2325 934 2338 972 ε
2371 918 2514 974 Ecce
2546 919 2700 975 filius
2725 922 3018 990 meus,qui
3047 939 3323 993 egressus
3341 923 3412 979 de
3435 928 3601 980 utero

230 1009 533 1075 revertaris,
565 1012 622 1064 et
649 1008 884 1077 dixeris,
916 1005 1193 1062 Absalom
1229 1021 1242 1059 :
1277 1006 1490 1061 Servus
1536 1009 1677 1060 tuus
1709 1019 1842 1060 sum
1953 1020 2082 1060 meo
2115 1005 2204 1077 (de
2233 1008 2532 1064 visceribus
2577 1010 2759 1080 meis),
2809 1010 3017 1081 quaerit
3056 1010 3316 1067 animam
3349 1029 3543 1069 meam
3577 1031 3591 1070 :

228 1116 317 1172 ego
347 1100 462 1170 (ms.
489 1103 540 1153 et
577 1097 727 1169 Vulg.
760 1100 954 1152 tacent
983 1095 1138 1168 ego],
1170 1111 1306 1160 rex;
1339 1094 1492 1150 sicut
1523 1093 1604 1148 fui
1636 1110 1841 1150 servus
1952 1099 2173 1164 quanto
2207 1095 2392 1167 magis
2422 1113 2578 1152 nunc
2608 1098 2768 1155 filius
2797 1098 3058 1154 Jemini?
3091 1101 3320 1157 dimitte
3364 1117 3498 1157 eum
3531 1107 3598 1158 ut

229 1190 392 1261 patris
419 1189 524 1253 tui,
557 1187 642 1244 sic
671 1203 769 1243 ero
816 1202 1019 1242 servus
1063 1191 1222 1251 tuus,
1276 1183 1596 1256 dissipabis
1647 1182 1838 1239 consi-
1949 1183 2075 1254 (ms.
2110 1184 2361 1252 dimitte,
2393 1190 2499 1252 ut),
2542 1187 3050 1258 maledicatjuxta
3099 1194 3452 1262 praeceptum
3485 1191 3595 1248 Do-

223 1279 349 1333 lium
378 1275 906 1348 Abitupbel.Habes
940 1279 1136 1330 autem
1168 1279 1360 1330 tecum
1384 1274 1568 1329 Sadoc
1591 1273 1837 1329 etAbia-
1951 1272 2093 1327 mini
2151 1290 2166 1328 :
2228 1274 2277 1330 si
2333 1277 2479 1331 forte
2534 1276 2812 1348 respiciat
2860 1277 3148 1333 Dominus
3214 1278 3592 1336 afﬂictionem

223 1369 332 1423 lbar
359 1368 704 1433 sacerdotes,
737 1369 795 1422 et
824 1381 997 1421 omne
1024 1364 1267 1419 verbum
1309 1364 1704 1435 quodcunque
1729 1380 1834 1418 au-
1946 1377 2162 1430 meam,
2217 1367 2273 1418 et
2324 1365 2530 1420 reddat
2577 1365 2721 1420 mihi
2789 1367 2972 1438 [Vulg.
3022 1367 3233 1423 addunt
3282 1368 3592 1442 Dominus]

222 1456 378 1512 dieris
405 1457 473 1511 de
501 1456 679 1512 domo
711 1455 886 1528 regis,
919 1453 1205 1510 indicabis
1248 1453 1433 1508 Sadoc
1472 1457 1530 1508 et
1557 1452 1836 1508 Abiatbar
1944 1451 2164 1507 bonum
2206 1469 2309 1523 pro
2343 1453 2752 1510 maledictione
2777 1454 2886 1510 hac
2919 1456 3595 1514 bodierna.Ambulabat

221 1544 786 1602 sacerdotibus.Sunt
816 1549 1179 1602 autemcum
1209 1543 1294 1598 eis
1324 1543 1439 1598 duo
1472 1541 1573 1596 ﬁlii
1605 1557 1830 1611 eorum,
1942 1541 2137 1612 itaque
2166 1541 2343 1597 David
2378 1546 2436 1598 et
2463 1543 2605 1598 socii
2638 1544 2768 1615 ejus
2798 1561 2902 1616 per
2928 1545 3080 1600 viam
3106 1562 3232 1601 cum
3261 1561 3322 1602 eo
3353 1546 3434 1620 [h.
3471 1564 3589 1604 non

216 1635 468 1690 Ahimaas
497 1629 1218 1706 [Vulg.add.ﬁlius],8adoc
1244 1635 1302 1687 et
1331 1629 1830 1698 Jonatban,Abia-
1941 1631 2162 1704 habet.]
2193 1633 2379 1688 Semci
2413 1638 2607 1689 autem
2643 1650 2746 1705 per
2786 1637 2998 1706 jugum
3041 1636 3259 1692 montis
3289 1652 3356 1693 ex
3387 1637 3587 1706 latere,

217 1725 368 1780 thar:
399 1729 454 1780 et
482 1723 738 1780 mitteris
768 1739 869 1795 per
897 1739 996 1778 eos
1030 1721 1111 1792 [h.
1144 1738 1248 1793 per
1281 1737 1490 1776 manus
1520 1721 1828 1791 eorum]ad
1939 1725 2143 1777 contra
2173 1721 2338 1777 illum
2386 1723 2785 1794 gradiebatur,
2838 1724 3197 1781 maledicens
3239 1733 3296 1782 et
3345 1726 3587 1784 mittens

215 1829 292 1869 me
319 1830 478 1870 omne
507 1814 754 1870 verbum
799 1812 956 1884 quod
987 1811 1307 1866 audieritis.
1359 1809 1643 1867 Veniente
1690 1827 1827 1884 ergo
1859 1844 1906 1907 Β
1938 1808 2160 1882 lapides
2191 1812 2502 1866 adversum
2533 1827 2691 1879 eum,
2722 1817 3060 1885 terramque
3087 1816 3588 1887 spargens.Venit

215 1903 366 1959 Husai
397 1903 582 1960 amico
619 1902 796 1958 David
830 1902 890 1956 in
935 1901 1253 1968 civitatem,
1284 1899 1562 1956 Absalom
1597 1917 1829 1973 quoque
1859 1898 1902 1907 ’⁷
1937 1898 2135 1970 itaque
2165 1916 2284 1967 rex,
2318 1905 2374 1956 et
2403 1900 2712 1958 universus
2744 1902 2997 1973 populus
3027 1920 3161 1958 cum
3193 1920 3259 1959 eo
3292 1904 3586 1970 lassus.et

217 1993 487 2064 ingressus
509 1997 602 2048 est
630 1993 970 2048 Jerusalem.
1565 2034 1567 2036 .
1938 1987 2298 2044 refocillatus
2342 1993 2430 2045 est
2475 1991 2496 2024 °
2545 1989 2647 2046 ibi.
2702 1990 2972 2046 Absalom
3040 1997 3235 2048 autem
3287 2002 3341 2048 et
3388 1996 3581 2051 omnis

278 2081 416 2154 [Cap.
445 2081 621 2153 XVI.]
653 2085 921 2153 Cumque
951 2079 1132 2137 David
1159 2078 1472 2136 transisset
1518 2078 1827 2150 paululum
1939 2078 2192 2149 p0pulus
2224 2078 2404 2134 Israel
2437 2079 2687 2149 ingressi
2719 2083 2859 2134 sunt
2885 2079 3344 2149 Jerusalem,sed
3379 2086 3435 2137 et
3452 2083 3581 2138 Abi-

215 2171 399 2226 montis
428 2171 730 2238 verticem,
763 2169 1038 2242 apparuit
1084 2169 1225 2225 Siba
1255 2185 1400 2241 puer
1431 2168 1825 2240 Miphiboseth
1938 2165 2132 2238 topbel
2167 2183 2299 2222 cum
2327 2183 2416 2222 eo.
2449 2169 2593 2223 Cum
2625 2173 2822 2224 autem
2853 2168 3110 2225 venisset
3132 2171 3310 2226 Husai
3341 2171 3580 2227 Aracbi-

213 2259 260 2314 in
286 2275 578 2316 occursum
611 2261 765 2331 ejus,
797 2275 932 2314 cum
985 2258 1211 2314 duobus
1262 2257 1465 2325 asinis,
1499 2257 1597 2327 qui
1629 2257 1826 2312 onusti
1935 2260 2024 2311 tes
2056 2256 2284 2312 amicus
2313 2256 2493 2312 David
2511 2258 2584 2312 ad
2615 2257 3151 2328 Absalom,locutus
3180 2263 3270 2315 est
3299 2260 3370 2315 ad
3402 2276 3576 2317 eum:

213 2353 349 2404 erant
376 2349 644 2406 ducentis
677 2347 952 2420 panibus,
981 2351 1038 2402 et
1069 2351 1307 2402 centum
1351 2344 1683 2418 alligaturis
1706 2363 1824 2400 uvae
1934 2344 2118 2414 Salve,
2152 2361 2274 2414 rex,
2307 2344 2486 2415 salve,
2514 2362 2612 2401 rex
2639 2345 2722 2417 [h.
2756 2346 2927 2402 Vivat
2963 2363 3085 2418 rex,
3136 2348 3293 2403 vivat
3322 2349 3461 2420 rex].
3495 2350 3579 2406 Ad

213 2453 369 2508 passae
414 2439 492 2508 [h.
547 2443 606 2494 et
659 2441 895 2493 centum
939 2435 1180 2508 passis],
1230 2439 1286 2490 et
1333 2439 1569 2491 centum
1611 2435 1824 2491 massis
1934 2450 2108 2504 quem
2141 2433 2441 2505 Absalom,
2474 2434 2594 2489 haec
2623 2439 2733 2502 est,
2766 2435 2978 2507 inquit,
3011 2437 3199 2506 gratia
3229 2437 3310 2508 (h.
3346 2437 3578 2494 miseri-

213 2525 567 2596 palatharum,
606 2530 669 2582 et
700 2526 928 2582 utribus
966 2525 1084 2582 vini
1133 2524 1214 2590 [h.
1250 2523 1530 2596 amphora
1557 2524 1720 2595 vini].
1754 2524 1825 2580 Et
1933 2523 2153 2594 cordia]
2185 2527 2286 2579 tua
2333 2524 2405 2579 ad
2450 2524 2708 2580 amicum
2759 2528 2982 2580 tuum?
3028 2543 3208 2597 quare
3257 2544 3372 2583 non
3425 2526 3578 2584 ivisti

211 2613 331 2670 dixit
358 2633 451 2672 rex
480 2617 633 2672 Sibae
669 2632 682 2670 :
717 2614 865 2681 Quid
895 2615 1010 2670 sibi
1042 2614 1246 2670 volunt
1274 2613 1395 2668 haec
1417 2614 1444 2668 ?
1473 2613 1822 2685 Respondit-
1932 2628 2068 2667 cum
2091 2611 2279 2668 amico
2310 2617 2411 2668 tuo
2435 2613 2463 2668 ‘2
2493 2613 2936 2684 Responditque
2958 2614 3135 2671 Husai
3170 2616 3240 2670 ad
3273 2615 3574 2673 Absalom:

212 2719 303 2773 que
330 2705 460 2762 Siba
491 2722 505 2760 :
538 2704 730 2773 Asini,
762 2704 1100 2760 domesticis
1153 2701 1306 2775 regis
1355 2707 1423 2758 ut
1469 2703 1733 2769 sedeant,
1767 2707 1824 2759 et
1931 2702 2340 2773 Nequaquam,
2371 2702 2509 2773 quia
2541 2701 2702 2757 illius
2733 2719 3033 2774 ero,quem
3062 2703 3231 2774 elegit
3259 2704 3569 2774 Dominus,

216 2809 368 2863 panes
397 2799 452 2850 et
481 2795 758 2866 palathze,
789 2794 859 2849 ad
891 2794 1244 2850 vescendum
1295 2791 1493 2864 pueris
1529 2794 1568 2862 ¹]
1618 2793 1820 2848 vinum
1930 2794 1988 2846 et
2016 2791 2209 2846 omnis
2242 2790 2337 2845 hic
2366 2790 2645 2862 populus,
2677 2794 2735 2846 et
2767 2793 3075 2847 universus
3104 2792 3303 2858 Israel,
3337 2797 3394 2849 et
3439 2810 3575 2849 cum

213 2887 396 2950 autem,
427 2890 490 2940 ut
520 2884 689 2940 bibat
714 2884 764 2939 si
797 2883 930 2955 quis
963 2883 1240 2939 defecerit
1281 2882 1340 2937 in
1371 2883 1616 2937 deserto.
1653 2883 1721 2936 Et
1743 2883 1823 2936 ait
1931 2895 1998 2936 eo
2032 2880 2300 2935 manebo.
2335 2880 2464 2947 Sed,
2495 2884 2559 2934 ut
2589 2883 2646 2936 et
2674 2879 2782 2936 hoc
2813 2881 3080 2945 inferam,
3125 2881 3218 2937 cui
3250 2897 3355 2953 ego
3392 2883 3574 2953 [Vulg.

208 2986 284 3027 rex
313 2989 325 3028 :
356 2973 453 3029 Ubi
487 2978 576 3030 est
607 2973 768 3029 ﬁlius
799 2972 1023 3029 domini
1053 2972 1186 3027 tui?
1217 2972 1658 3044 ReSpnnditque
1683 2971 1822 3027 Siba
1930 2969 2088 3040 ergo]
2106 2970 2432 3024 serviturus
2459 2985 2590 3023 sum
2611 2968 2638 3023 ?
2661 2985 2853 3024 nonne
2877 2968 2994 3025 filio
3018 2969 3382 3042 regis?sieut
3405 2973 3574 3044 parui

206 3062 307 3132 regi
336 3079 348 3116 :
379 3062 684 3120 Remansit
710 3062 791 3134 [h.
825 3066 968 3117 Ecce
998 3061 1182 3131 sedet]
1231 3061 1289 3115 in
1338 3060 1685 3124 Jerusalem,
1725 3061 1816 3116 di-
1930 3057 2079 3130 patri
2113 3063 2234 3128 tuo,
2268 3058 2352 3113 sic
2386 3059 2598 3129 parebo
2627 3062 2682 3114 et
2715 3058 3162 3130 tibi.['[‘.CXIX.]
3197 3059 3347 3115 Dixit
3376 3069 3570 3117 autem

205 3162 316 3204 cens
345 3167 358 3204 :
388 3151 564 3208 Hodie
597 3151 870 3207 restituet
897 3149 1043 3205 mihi
1078 3149 1287 3204 domus
1337 3149 1512 3205 Israel
1569 3165 1809 3219 regnum
1844 3202 1884 3222 η
1928 3147 2200 3204 Absalom
2220 3148 2289 3202 ad
2323 3146 2636 3218 Ahitophel
2671 3163 2684 3203 :
2720 3147 2869 3204 lnite
2891 3147 3204 3204 consilium
3237 3149 3376 3220 quid
3400 3167 3572 3222 agere

206 3202 358 3306 pars
386 3202 870 3296 sgijsi'sz'a;
896 3202 1046 3294 sit;
1080 3202 1253 3293 is;
1271 3202 1413 3294 “sint
1433 3202 1661 3293 "iam";
1685 3202 1810 3309 qui;
1841 3202 1885 3271 (ἶ
1926 3202 2343 3304 debeamus,Et
2364 3237 2448 3292 ait
2469 3202 2785 3309 Ᾱιιίιοριιει
2817 3202 3567 3312 αὰλδέαιοιὲῖεἷιῖέτέἕέἑέ

201 3323 400 3383 fuerunt
446 3328 863 3402 Miphibosetb.
896 3327 1168 3400 Dixitque
1215 3327 1354 3383 Siba
1386 3345 1398 3383 :
1431 3331 1542 3384 Oro
1575 3327 1616 3394 ³,
1651 3328 1812 3384 inve-
1923 3328 1993 3383 ad
2029 3329 2388 3384 concubinas
2421 3328 2605 3400 patris
2636 3328 2743 3397 tui,
2779 3345 2926 3400 quas
2974 3329 3202 3385 dimisit
3254 3331 3327 3386 ad
3377 3337 3568 3387 custo-

200 3412 328 3471 niam
359 3420 601 3489 gratiam
639 3434 834 3473 coram
867 3421 924 3473 te
959 3417 1037 3490 [h.
1072 3418 1132 3472 in
1164 3416 1350 3473 oculis
1380 3416 1545 3488 tuis],
1579 3417 1812 3474 domine
1923 3417 2196 3473 diendam
2225 3419 2466 3474 domum
2503 3435 2516 3474 :
2552 3421 2618 3473 ut
2655 3433 2793 3473 eum
2841 3419 3093 3475 audierit
3146 3420 3338 3476 omnis
3388 3421 3566 3478 Israel

199 3502 258 3556 mi
285 3521 388 3560 rex.
420 3507 506 3578 [T.
537 3507 809 3578 CXVIII.]
857 3507 1031 3562 Venit
1078 3521 1214 3578 ergo
1248 3522 1347 3562 rex
1395 3506 1577 3562 David
1627 3522 1812 3578 usque
1923 3508 2078 3580 quod
2110 3507 2420 3564 foedaveris
2459 3512 2684 3579 patrem
2733 3512 2926 3576 tuum,
2979 3508 3329 3565 roborentur
3358 3527 3569 3567 manus

199 3591 460 3661 Bahurim,
491 3603 549 3653 et
580 3613 718 3653 ecce
747 3595 1156 3668 egrediebatur
1185 3595 1325 3651 inde
1354 3596 1445 3651 vir
1492 3597 1563 3651 de
1593 3613 1808 3668 cogna-
1920 3613 2124 3652 eorum
2147 3596 2764 3652 tecum.Tetenderunt
2792 3597 2974 3671 igitur
2989 3598 3268 3654 Absalom
3291 3600 3566 3656 taberna-

199 3680 331 3739 tione
357 3685 560 3742 domus
593 3686 757 3755 Saul,
793 3686 1029 3742 nomine
1058 3685 1268 3752 Semei,
1293 3684 1451 3740 filius
1483 3685 1646 3752 Gera,
1676 3703 1808 3756 pro-
1921 3686 2120 3742 culum
2149 3685 2210 3740 in
2242 3685 2477 3753 solario,
2513 3687 2934 3758 ingressusque
2981 3691 3072 3743 est
3101 3688 3171 3743 ad
3205 3689 3566 3746 concubinas

197 3770 400 3828 cedebat
443 3775 780 3847 egrediens,
849 3779 908 3832 et
957 3774 1364 3841 maledicebat,
1421 3775 1809 3846 mittebatque
1919 3775 2104 3848 patris
2131 3776 2223 3830 sui
2255 3791 2450 3830 coram
2484 3776 2756 3831 universo
2781 3774 2976 3832 Israel.
3009 3775 3333 3832 Consilium
3367 3789 3562 3834 autem

197 3855 389 3930 lapides
435 3870 639 3920 contra
687 3865 863 3920 David
915 3867 971 3920 et
1019 3869 1223 3920 contra
1273 3863 1576 3920 universos
1610 3881 1807 3922 servos
1916 3864 2426 3935 Abitopbel,quod
2461 3865 2639 3919 dabat
2667 3866 2725 3920 in
2757 3865 2966 3921 diebus
3006 3864 3319 3937 illis,quasi
3352 3865 3561 3938 siquis

195 3949 324 4020 regis
358 3951 582 4008 David:
630 3952 824 4009 omnis
873 3957 1068 4009 autem
1120 3954 1396 4025 populus,
1442 3957 1499 4009 et
1549 3955 1802 4011 universi
1915 3953 3555 4027 consuleretDeumzsieeratomneconsiliumAhitophel,

197 4032 485 4110 bellatores,
518 4059 552 4098 a
583 4043 788 4098 dextro
817 4047 875 4097 et
905 4059 939 4097 a
969 4042 1204 4098 sinistro
1244 4041 1423 4098 latere
1454 4043 1608 4114 regis
1647 4044 1802 4100 ince-
1912 4048 2125 4099 etcum
2148 4045 2303 4098 esset
2325 4058 2457 4097 cum
2481 4042 2741 4108 David,et
2765 4059 2901 4098 cum
2922 4046 3078 4099 esset
3099 4059 3232 4098 cum
3255 4043 3550 4100 Absalom.

191 4122 395 4186 dabant.
427 4130 510 4186 Ita
539 4133 737 4187 autem
773 4130 1130 4202 loquebatur
1165 4131 1351 4187 Semei
1385 4147 1517 4186 cum
1553 4132 1801 4189 maledi-
1983 4133 2064 4204 [T.
2126 4131 2294 4200 CXX,
2340 4135 2473 4202 Cap.
2547 4131 2740 4199 XVII.]
2794 4131 2940 4186 Dixit
3004 4131 3184 4204 igitur
3239 4131 3557 4205 Abitopbel

193 4217 364 4270 ceret'
388 4261 400 4273 .
434 4219 744 4293 Egredere,
799 4219 891 4274 vir
939 4220 1327 4290 sanguinum,
1377 4226 1433 4276 et
1479 4220 1567 4275 vir
1597 4220 1798 4277 Belial.
1910 4223 1982 4278 ad
2016 4219 2286 4277 Absalom
2319 4236 2331 4274 :
2368 4219 2588 4291 Eligam
2614 4220 2754 4275 mihi
2789 4220 3055 4293 [b.nunc]
3080 4220 3392 4277 duodecim
3421 4221 3555 4277 mil-

192 4300 422 4362 Reddidit
486 4309 595 4364 tibi
671 4307 958 4365 Dominus
1029 4308 1369 4365 universum
1449 4311 1798 4382 sanguinem
1909 4310 1989 4366 lia
2034 4309 2318 4378 virorum,
2349 4312 2406 4363 et
2445 4325 2806 4382 consurgens
2852 4325 3172 4380 persequar
3218 4307 3398 4366 David
3446 4309 3555 4366 hac

193 4387 372 4450 domus
400 4397 529 4452 Saul
565 4415 580 4454 :
614 4398 892 4469 quoniam
925 4398 1190 4454 invasisti
1220 4415 1463 4471 regnum
1490 4417 1592 4470 pro
1624 4415 1710 4471 eo,
1743 4403 1800 4455 et
1908 4402 2171 4454 nocte.Et
2200 4396 2432 4453 irruens
2454 4414 2631 4467 super
2659 4413 2787 4452 eum
2823 4397 3066 4469 [quippe
3094 4396 3196 4468 qui
3227 4396 3544 4454 lassusest.

193 4475 325 4537 dedit
350 4486 630 4542 Dominus
653 4503 900 4559 regnum
931 4487 989 4543 in
1023 4505 1201 4543 manu
1235 4487 1510 4544 Absalom
1544 4489 1648 4544 ﬁlii
1672 4489 1793 4546 tui:
1907 4493 1966 4544 et
1993 4487 2204 4544 solutis
2236 4485 2541 4557 manibus]
2573 4485 2893 4558 percutiam
2916 4501 3050 4541 eum
3077 4501 3090 4541 :
3117 4501 3372 4557 cumque
3389 4487 3553 4559 fuge-

193 4568 238 4619 δι
259 4583 374 4627 ecce
405 4581 676 4644 premunt
708 4582 763 4632 te
792 4574 947 4632 mala
966 4580 1068 4632 tua
1097 4576 1180 4648 [h.
1213 4577 1281 4632 Et
1311 4593 1441 4633 ecce
1471 4587 1531 4633 tu
1560 4579 1621 4632 in
1649 4579 1797 4635 malo
1829 4573 1877 4640 Β
1907 4579 1977 4634 rit
2005 4576 2196 4634 omnis
2227 4575 2611 4648 pepulus,qui
2633 4592 2762 4631 cum
2796 4591 2862 4632 eo
2892 4575 3334 4647 est,percutiam
3355 4591 3552 4648 regem

191 4659 304 4726 tua],
333 4664 600 4733 quoniam
625 4665 710 4720 vir
738 4665 1095 4737 sanguinum
1129 4682 1212 4722 es.
1241 4666 1398 4721 Dixit
1427 4671 1623 4722 autem
1656 4669 1792 4724 Abi-
1901 4666 2258 4723 desolatum.
2291 4665 2361 4720 Et
2383 4665 2657 4720 reducam
2689 4665 3030 4721 universum
3070 4664 3374 4737 populum,
3409 4681 3553 4737 quo-

192 4744 260 4798 Iai
288 4747 428 4808 illius
455 4753 687 4825 Sarviae,
722 4755 844 4826 regi
877 4772 890 4808 :
925 4757 1112 4818 Quare
1159 4754 1458 4813 maledicit
1505 4757 1666 4813 canis
1699 4758 1792 4813 hic
1906 4759 2076 4812 modo
2108 4770 2310 4810 omnes
2334 4753 2542 4809 reverti
2571 4753 2761 4809 solent
2791 4756 2846 4822 7;
2881 4771 3067 4810 unum
3092 4754 3248 4810 enim
3275 4754 3468 4811 virum
3491 4759 3556 4810 tu

193 4836 476 4897 moriturus
496 4843 620 4915 ‘(h.
640 4844 936 4915 mortuus)
960 4844 1200 4901 domino
1223 4861 1351 4902 meo
1370 4845 1493 4918 regi
1514 4848 1541 4902 ?
1561 4847 1791 4916 vadam,
1903 4845 2138 4918 quaeris,
2171 4849 2227 4901 et
2257 4843 2450 4900 omnis
2483 4842 2736 4916 populus
2767 4842 2876 4898 erit
2904 4843 2962 4899 in
2995 4859 3157 4916 pace.
3209 4843 3553 4916 Placuitque

251 5103 267 5190 ξ
389 5107 695 5190 Veronens.
721 5126 855 5190 cum
887 5110 1152 5182 Vulgatis
1183 5111 1346 5190 addit
1375 5114 1504 5170 tuis.
1902 5110 2085 5190 facile
2102 5110 2366 5190 additum
2407 5109 2502 5165 hic
2533 5113 2620 5190 est
2651 5126 2721 5190 ex
2751 5110 2969 5190 Graeco,
2999 5104 3156 5186 ἄφετε
3187 5105 3367 5190 αὖτόγ.
3414 5179 3424 5190 _

250 5170 540 5251 fl’ressius
566 5181 766 5238 llebrm
798 5183 952 5238 idem
988 5170 1123 5250 ms.,
1156 5183 1354 5241 Adoro.
1975 5185 1995 5218 ⁶
2029 5181 2291 5238 Plurium
2325 5199 2568 5238 numero
2600 5182 2776 5237 habet
2807 5170 3549 5251 Veronens.ms.re/ocillatz

249 5241 450 5338 deddit
479 5252 629 5338 idem
661 5271 770 5310 ms.
807 5270 938 5310 cum
971 5241 1262 5338 Vulgatis,
1294 5259 1430 5325 regi,
1466 5274 1568 5338 pro
1592 5276 1706 5338 quo
1728 5261 1788 5316 in
1902 5255 2279 5338 sugthagis
2305 5254 2693 5338 ad_Graecum,
2727 5257 2784 5308 et
2815 5269 2947 5338 cum
2973 5251 3259 5336 Vulgatis.

195 5313 396 5404 Helb‘rmp
426 5328 512 5378 est
541 5328 593 5380 ei
624 5343 642 5380 ε
674 5343 805 5381 max
839 5313 1261 5398 quoque‘idem'
1309 5313 1430 5384 αἱδί
1468 5313 1655 5386 ἱειίιιέιι
1683 5313 1788 5404 ῥῇιδ
1906 5399 1916 5404 _
1973 5329 1994 5361 ἰ’
2025 5313 2233 5404 Verique
2265 5328 2324 5381 in
2354 5313 3335 5404 Veronensrms.,_0mnisvreverti
3360 5323 3535 5404 lsolel,

192 5387 436 5470 reddidit._
533 5465 546 5470 Δ
609 5467 644 5470 η
857 5387 908 5470 ’ξ
977 5387 995 5398 ⁸
1687 5387 1703 5404 ⁵
1893 5399 2064 5470 juxta
2096 5398 2426 5463 Hebraeum,
2478 5387 2974 5470 quemadmodum
3024 5399 3080 5450 et
3123 5387 3547 5470 Eparnotbotes

251 5464 268 5496 ³
295 5461 813 5542 Quodseholiastes
843 5468 1103 5533 adnotat,
1133 5472 1402 5533 mortuus,
1426 5475 1482 5527 et
1510 5473 1788 5529 Hebrmus
1893 5461 2055 5542 apud
2091 5471 2302 5526 Lucam
2334 5461 2691 5540 Brugensem
2713 5468 3036 5542 legendum
3057 5461 3302 5542 _mo__net,
3331 5468 3390 5520 et
3421 5481 3543 5542 me-

196 5531 467 5614 pratellertnet
495 5537 803 5596 Veronens.
839 5557 975 5608 ms.,
1009 5531 1242 5614 domum
1278 5548 1331 5598 et
1365 5531 1597 5614 Vulgati
1631 5546 1782 5603 libri.
1903 5531 2064 5598 libris
2103 5547 2249 5597 notae
2302 5531 2527 5614 codins
2561 5531 2913 5614 praeferunt.
2966 5536 3217 5608 Vulgati,
3269 5538 3541 5605 Quomodo

254 5598 273 5686 έ
299 5601 355 5686 Ip
381 5605 887 5686 Veronensmsrut
916 5598 1081 5686 vacat
1113 5631 1125 5670 :
1159 5613 1218 5669 in
1251 5598 1789 5674 Hebraiouautern‘et
1897 5631 2043 5671 unus
2072 5614 2230 5671 homo
2260 5611 2464 5671 reverti
2489 5598 2641 5668 εοιὲε.

202 5683 488 5738 Proximum
519 5698 746 5743 comma
791 5683 1030 5744 dimittet
1075 5701 1220 5757 eum,
1271 5685 1702 5761 desiderantur,
1735 5695 1792 5747 et
