  <div class='ocr_page' id='page_1' title='image "/cluster/home/n/w/nwhite01/storage/ocr_20150623/28/hvd.32044052824265/391.png"; bbox 0 0 3982 6178; ppageno 0'>
   <div class='ocr_carea' id='block_1_1' title="bbox 485 306 593 362">
    <p class='ocr_par' dir='ltr' id='par_1_1' title="bbox 485 306 593 362">
     <span class='ocr_line' id='line_1_1' title="bbox 485 306 593 362; baseline -0.009 -1"><span class='ocrx_word' id='word_1_1' title='bbox 485 306 593 362; x_wconf 83' lang='grc'>675</span> 
     </span>
    </p>
   </div>
   <div class='ocr_carea' id='block_1_2' title="bbox 1528 299 2859 362">
    <p class='ocr_par' dir='ltr' id='par_1_2' title="bbox 1528 299 2859 362">
     <span class='ocr_line' id='line_1_2' title="bbox 1528 299 2859 362; baseline -0.004 -1"><span class='ocrx_word' id='word_1_2' title='bbox 1528 309 1586 362; x_wconf 81' lang='grc' dir='ltr'>Β.</span> <span class='ocrx_word' id='word_1_3' title='bbox 1629 304 2036 360; x_wconf 77' lang='lat' dir='ltr'>HIERONYMI</span> <span class='ocrx_word' id='word_1_4' title='bbox 2075 301 2327 356; x_wconf 83' lang='lat' dir='ltr'>DIVINA</span> <span class='ocrx_word' id='word_1_5' title='bbox 2365 299 2859 356; x_wconf 82' lang='lat' dir='ltr'>BIBLIOTHECA.</span> 
     </span>
    </p>
   </div>
   <div class='ocr_carea' id='block_1_3' title="bbox 3723 316 3804 372">
    <p class='ocr_par' dir='ltr' id='par_1_3' title="bbox 3723 316 3804 372">
     <span class='ocr_line' id='line_1_3' title="bbox 3723 316 3804 372; baseline 0.049 -4"><span class='ocrx_word' id='word_1_6' title='bbox 3723 316 3804 372; x_wconf 80' lang='lat'>676</span> 
     </span>
    </p>
   </div>
   <div class='ocr_carea' id='block_1_4' title="bbox 483 423 3806 510">
    <p class='ocr_par' dir='ltr' id='par_1_4' title="bbox 483 423 3806 510">
     <span class='ocr_line' id='line_1_4' title="bbox 483 423 3806 510; baseline -0.002 -21"><span class='ocrx_word' id='word_1_7' title='bbox 483 431 1374 504; x_wconf 82' lang='lat' dir='ltr'>fenestram,viditregemDavid</span> <span class='ocrx_word' id='word_1_8' title='bbox 1392 431 1801 488; x_wconf 86' lang='lat' dir='ltr'>subsilientem</span> <span class='ocrx_word' id='word_1_9' title='bbox 1823 433 1997 501; x_wconf 85' lang='lat' dir='ltr'>atque</span> <span class='ocrx_word' id='word_1_10' title='bbox 2029 424 2140 482; x_wconf 87' lang='lat' dir='ltr'>sal-</span> <span class='ocrx_word' id='word_1_11' title='bbox 2169 427 2223 494; x_wconf 79' lang='grc' dir='ltr'><strong>Α</strong></span> <span class='ocrx_word' id='word_1_12' title='bbox 2254 423 2556 481; x_wconf 90' lang='lat' dir='ltr'>universos</span> <span class='ocrx_word' id='word_1_13' title='bbox 2587 425 2859 484; x_wconf 88' lang='lat' dir='ltr'>inimicos</span> <span class='ocrx_word' id='word_1_14' title='bbox 2889 430 3024 483; x_wconf 90' lang='lat' dir='ltr'>tuos</span> <span class='ocrx_word' id='word_1_15' title='bbox 3055 444 3091 484; x_wconf 88' lang='lat' dir='ltr'>a</span> <span class='ocrx_word' id='word_1_16' title='bbox 3120 427 3268 484; x_wconf 85' lang='lat' dir='ltr'>facie</span> <span class='ocrx_word' id='word_1_17' title='bbox 3291 430 3388 485; x_wconf 89' lang='lat' dir='ltr'>tua</span> <span class='ocrx_word' id='word_1_18' title='bbox 3419 448 3432 492; x_wconf 89' lang='lat'><strong>:</strong></span> <span class='ocrx_word' id='word_1_19' title='bbox 3484 432 3676 510; x_wconf 73' lang='lat' dir='ltr'>fecique</span> <span class='ocrx_word' id='word_1_20' title='bbox 3725 442 3806 496; x_wconf 68' lang='lat' dir='ltr'>ubi</span> 
     </span>
    </p>
   </div>
   <div class='ocr_carea' id='block_1_5' title="bbox 483 519 2127 594">
    <p class='ocr_par' dir='ltr' id='par_1_5' title="bbox 483 519 2127 594">
     <span class='ocr_line' id='line_1_5' title="bbox 483 519 2127 594; baseline -0.004 -17"><span class='ocrx_word' id='word_1_21' title='bbox 483 528 702 578; x_wconf 88' lang='lat' dir='ltr'>tantem</span> <span class='ocrx_word' id='word_1_22' title='bbox 736 539 928 578; x_wconf 88' lang='lat' dir='ltr'>coram</span> <span class='ocrx_word' id='word_1_23' title='bbox 962 521 1794 594; x_wconf 74' lang='lat' dir='ltr'>Domino,etdespexitenniin</span> <span class='ocrx_word' id='word_1_24' title='bbox 1814 519 2127 574; x_wconf 89' lang='lat' dir='ltr'>cordesuo.</span> 
     </span>
    </p>
   </div>
   <div class='ocr_carea' id='block_1_6' title="bbox 479 611 2126 681">
    <p class='ocr_par' dir='ltr' id='par_1_6' title="bbox 479 611 2126 681">
     <span class='ocr_line' id='line_1_6' title="bbox 479 611 2126 681; baseline -0.004 -15"><span class='ocrx_word' id='word_1_25' title='bbox 479 616 546 666; x_wconf 85' lang='lat' dir='ltr'>Et</span> <span class='ocrx_word' id='word_1_26' title='bbox 574 611 1019 668; x_wconf 78' lang='lat' dir='ltr'>introduxerunt</span> <span class='ocrx_word' id='word_1_27' title='bbox 1049 627 1243 665; x_wconf 88' lang='lat' dir='ltr'>arcam</span> <span class='ocrx_word' id='word_1_28' title='bbox 1280 611 1527 679; x_wconf 85' lang='lat' dir='ltr'>Domini,</span> <span class='ocrx_word' id='word_1_29' title='bbox 1561 615 1617 666; x_wconf 90' lang='lat' dir='ltr'>et</span> <span class='ocrx_word' id='word_1_30' title='bbox 1648 612 1973 681; x_wconf 90' lang='lat' dir='ltr'>posuerunt</span> <span class='ocrx_word' id='word_1_31' title='bbox 2002 621 2126 661; x_wconf 89' lang='lat' dir='ltr'>eam</span> 
     </span>
    </p>
   </div>
   <div class='ocr_carea' id='block_1_7' title="bbox 478 697 2130 772">
    <p class='ocr_par' dir='ltr' id='par_1_7' title="bbox 478 697 2130 772">
     <span class='ocr_line' id='line_1_7' title="bbox 478 697 2130 772; baseline -0.003 -18"><span class='ocrx_word' id='word_1_32' title='bbox 478 701 533 754; x_wconf 90' lang='lat' dir='ltr'>in</span> <span class='ocrx_word' id='word_1_33' title='bbox 569 700 691 755; x_wconf 89' lang='lat' dir='ltr'>loco</span> <span class='ocrx_word' id='word_1_34' title='bbox 723 717 850 769; x_wconf 91' lang='lat' dir='ltr'>suo,</span> <span class='ocrx_word' id='word_1_35' title='bbox 884 699 940 754; x_wconf 90' lang='lat' dir='ltr'>in</span> <span class='ocrx_word' id='word_1_36' title='bbox 971 698 1163 754; x_wconf 90' lang='lat' dir='ltr'>medio</span> <span class='ocrx_word' id='word_1_37' title='bbox 1196 700 1559 756; x_wconf 84' lang='lat' dir='ltr'>tabernaculi</span> <span class='ocrx_word' id='word_1_38' title='bbox 1593 699 1751 772; x_wconf 89' lang='lat' dir='ltr'>quod</span> <span class='ocrx_word' id='word_1_39' title='bbox 1801 697 2130 752; x_wconf 78' lang='lat' dir='ltr'>tetenderat</span> 
     </span>
    </p>
   </div>
   <div class='ocr_carea' id='block_1_8' title="bbox 476 783 2129 857">
    <p class='ocr_par' dir='ltr' id='par_1_8' title="bbox 476 783 2129 857">
     <span class='ocr_line' id='line_1_8' title="bbox 476 783 2129 857; baseline -0.004 -13"><span class='ocrx_word' id='word_1_40' title='bbox 476 788 526 844; x_wconf 90' lang='lat' dir='ltr'>ei</span> <span class='ocrx_word' id='word_1_41' title='bbox 559 787 761 857; x_wconf 80' lang='lat' dir='ltr'>David,</span> <span class='ocrx_word' id='word_1_42' title='bbox 793 793 850 843; x_wconf 90' lang='lat' dir='ltr'>et</span> <span class='ocrx_word' id='word_1_43' title='bbox 879 787 1096 844; x_wconf 78' lang='lat' dir='ltr'>obtulit</span> <span class='ocrx_word' id='word_1_44' title='bbox 1129 788 1304 843; x_wconf 84' lang='lat' dir='ltr'>David</span> <span class='ocrx_word' id='word_1_45' title='bbox 1329 788 1670 844; x_wconf 64' lang='lat' dir='ltr'>holocausta</span> <span class='ocrx_word' id='word_1_46' title='bbox 1702 802 1899 843; x_wconf 90' lang='lat' dir='ltr'>coram</span> <span class='ocrx_word' id='word_1_47' title='bbox 1935 783 2129 840; x_wconf 91' lang='lat' dir='ltr'>Domi-</span> 
     </span>
    </p>
   </div>
   <div class='ocr_carea' id='block_1_9' title="bbox 477 872 2125 948">
    <p class='ocr_par' dir='ltr' id='par_1_9' title="bbox 477 872 2125 948">
     <span class='ocr_line' id='line_1_9' title="bbox 477 872 2125 948; baseline -0.003 -16"><span class='ocrx_word' id='word_1_48' title='bbox 477 893 573 944; x_wconf 88' lang='lat' dir='ltr'>no,</span> <span class='ocrx_word' id='word_1_49' title='bbox 609 882 665 932; x_wconf 91' lang='lat' dir='ltr'>et</span> <span class='ocrx_word' id='word_1_50' title='bbox 717 877 981 948; x_wconf 76' lang='lat' dir='ltr'>pacifica.</span> <span class='ocrx_word' id='word_1_51' title='bbox 1011 879 1273 948; x_wconf 87' lang='lat' dir='ltr'>Cumque</span> <span class='ocrx_word' id='word_1_52' title='bbox 1295 876 1647 948; x_wconf 89' lang='lat' dir='ltr'>complesset</span> <span class='ocrx_word' id='word_1_53' title='bbox 1679 876 1928 931; x_wconf 83' lang='lat' dir='ltr'>offerens</span> <span class='ocrx_word' id='word_1_54' title='bbox 1959 872 2125 929; x_wconf 84' lang='lat' dir='ltr'>holo-</span> 
     </span>
    </p>
   </div>
   <div class='ocr_carea' id='block_1_10' title="bbox 475 963 2126 1038">
    <p class='ocr_par' dir='ltr' id='par_1_10' title="bbox 475 963 2126 1038">
     <span class='ocr_line' id='line_1_10' title="bbox 475 963 2126 1038; baseline -0.005 -14"><span class='ocrx_word' id='word_1_55' title='bbox 475 972 749 1024; x_wconf 89' lang='lat' dir='ltr'>caustum</span> <span class='ocrx_word' id='word_1_56' title='bbox 781 972 837 1023; x_wconf 90' lang='lat' dir='ltr'>et</span> <span class='ocrx_word' id='word_1_57' title='bbox 871 967 1140 1038; x_wconf 82' lang='lat' dir='ltr'>paciﬁca,</span> <span class='ocrx_word' id='word_1_58' title='bbox 1176 967 1472 1023; x_wconf 84' lang='lat' dir='ltr'>benedixit</span> <span class='ocrx_word' id='word_1_59' title='bbox 1512 966 1728 1038; x_wconf 91' lang='lat' dir='ltr'>populo</span> <span class='ocrx_word' id='word_1_60' title='bbox 1778 965 1836 1020; x_wconf 92' lang='lat' dir='ltr'>in</span> <span class='ocrx_word' id='word_1_61' title='bbox 1889 963 2126 1018; x_wconf 84' lang='lat' dir='ltr'>nomine</span> 
     </span>
    </p>
   </div>
   <div class='ocr_carea' id='block_1_11' title="bbox 477 1051 2126 1128">
    <p class='ocr_par' dir='ltr' id='par_1_11' title="bbox 477 1051 2126 1128">
     <span class='ocr_line' id='line_1_11' title="bbox 477 1051 2126 1128; baseline -0.006 -14"><span class='ocrx_word' id='word_1_62' title='bbox 477 1057 707 1114; x_wconf 85' lang='lat' dir='ltr'>Domini</span> <span class='ocrx_word' id='word_1_63' title='bbox 738 1057 1204 1112; x_wconf 85' lang='lat' dir='ltr'>exercituum.Et</span> <span class='ocrx_word' id='word_1_64' title='bbox 1229 1056 1479 1128; x_wconf 86' lang='lat' dir='ltr'>partitus</span> <span class='ocrx_word' id='word_1_65' title='bbox 1493 1061 1581 1110; x_wconf 89' lang='lat' dir='ltr'>est</span> <span class='ocrx_word' id='word_1_66' title='bbox 1602 1051 2126 1125; x_wconf 51' lang='lat' dir='ltr'>multitudinigunio</span> 
     </span>
    </p>
   </div>
   <div class='ocr_carea' id='block_1_12' title="bbox 473 1140 2124 1216">
    <p class='ocr_par' dir='ltr' id='par_1_12' title="bbox 473 1140 2124 1216">
     <span class='ocr_line' id='line_1_12' title="bbox 473 1140 2124 1216; baseline -0.005 -14"><span class='ocrx_word' id='word_1_67' title='bbox 473 1164 650 1202; x_wconf 72' lang='lat' dir='ltr'>versa:</span> <span class='ocrx_word' id='word_1_68' title='bbox 684 1145 882 1214; x_wconf 83' lang='lat' dir='ltr'>Israel,</span> <span class='ocrx_word' id='word_1_69' title='bbox 908 1150 1029 1201; x_wconf 91' lang='lat' dir='ltr'>tam</span> <span class='ocrx_word' id='word_1_70' title='bbox 1065 1145 1182 1200; x_wconf 84' lang='lat' dir='ltr'>viro</span> <span class='ocrx_word' id='word_1_71' title='bbox 1208 1162 1381 1216; x_wconf 89' lang='lat' dir='ltr'>quam</span> <span class='ocrx_word' id='word_1_72' title='bbox 1410 1145 1660 1214; x_wconf 78' lang='lat' dir='ltr'>mulieri,</span> <span class='ocrx_word' id='word_1_73' title='bbox 1689 1142 1940 1216; x_wconf 82' lang='lat' dir='ltr'>singulis</span> <span class='ocrx_word' id='word_1_74' title='bbox 1962 1140 2124 1196; x_wconf 87' lang='lat' dir='ltr'>colli-</span> 
     </span>
    </p>
   </div>
   <div class='ocr_carea' id='block_1_13' title="bbox 474 1232 2126 1307">
    <p class='ocr_par' dir='ltr' id='par_1_13' title="bbox 474 1232 2126 1307">
     <span class='ocr_line' id='line_1_13' title="bbox 474 1232 2126 1307; baseline -0.005 -16"><span class='ocrx_word' id='word_1_75' title='bbox 474 1236 661 1291; x_wconf 90' lang='lat' dir='ltr'>ridam</span> <span class='ocrx_word' id='word_1_76' title='bbox 691 1236 859 1307; x_wconf 89' lang='lat' dir='ltr'>panis</span> <span class='ocrx_word' id='word_1_77' title='bbox 892 1251 1071 1290; x_wconf 91' lang='lat' dir='ltr'>unam</span> <span class='ocrx_word' id='word_1_78' title='bbox 1123 1234 1202 1305; x_wconf 85' lang='lat' dir='ltr'>(b.</span> <span class='ocrx_word' id='word_1_79' title='bbox 1255 1233 1524 1305; x_wconf 81' lang='lat' dir='ltr'>laganum</span> <span class='ocrx_word' id='word_1_80' title='bbox 1560 1233 1729 1305; x_wconf 88' lang='lat' dir='ltr'>panis</span> <span class='ocrx_word' id='word_1_81' title='bbox 1788 1232 2009 1298; x_wconf 88' lang='lat' dir='ltr'>unam),</span> <span class='ocrx_word' id='word_1_82' title='bbox 2070 1233 2126 1283; x_wconf 89' lang='lat' dir='ltr'>et</span> 
     </span>
    </p>
   </div>
   <div class='ocr_carea' id='block_1_14' title="bbox 475 1321 2122 1393">
    <p class='ocr_par' dir='ltr' id='par_1_14' title="bbox 475 1321 2122 1393">
     <span class='ocr_line' id='line_1_14' title="bbox 475 1321 2122 1393; baseline -0.005 -13"><span class='ocrx_word' id='word_1_83' title='bbox 475 1329 804 1380; x_wconf 88' lang='lat' dir='ltr'>assaturam</span> <span class='ocrx_word' id='word_1_84' title='bbox 840 1324 1068 1378; x_wconf 66' lang='lat' dir='ltr'>bubutaa</span> <span class='ocrx_word' id='word_1_85' title='bbox 1102 1324 1295 1378; x_wconf 91' lang='lat' dir='ltr'>carnis</span> <span class='ocrx_word' id='word_1_86' title='bbox 1328 1340 1529 1393; x_wconf 87' lang='lat' dir='ltr'>unam,</span> <span class='ocrx_word' id='word_1_87' title='bbox 1555 1328 1611 1378; x_wconf 92' lang='lat' dir='ltr'>et</span> <span class='ocrx_word' id='word_1_88' title='bbox 1641 1321 1894 1377; x_wconf 89' lang='lat' dir='ltr'>similam</span> <span class='ocrx_word' id='word_1_89' title='bbox 1913 1321 2122 1374; x_wconf 86' lang='lat' dir='ltr'>frixam</span> 
     </span>
    </p>
   </div>
   <div class='ocr_carea' id='block_1_15' title="bbox 475 1408 2124 1484">
    <p class='ocr_par' dir='ltr' id='par_1_15' title="bbox 475 1408 2124 1484">
     <span class='ocr_line' id='line_1_15' title="bbox 475 1408 2124 1484; baseline -0.005 -15"><span class='ocrx_word' id='word_1_90' title='bbox 475 1415 621 1478; x_wconf 92' lang='lat' dir='ltr'>oleo,</span> <span class='ocrx_word' id='word_1_91' title='bbox 653 1418 710 1468; x_wconf 89' lang='lat' dir='ltr'>et</span> <span class='ocrx_word' id='word_1_92' title='bbox 739 1413 884 1468; x_wconf 91' lang='lat' dir='ltr'>abiit</span> <span class='ocrx_word' id='word_1_93' title='bbox 913 1411 1105 1467; x_wconf 90' lang='lat' dir='ltr'>omnis</span> <span class='ocrx_word' id='word_1_94' title='bbox 1145 1411 1418 1484; x_wconf 89' lang='lat' dir='ltr'>populus,</span> <span class='ocrx_word' id='word_1_95' title='bbox 1481 1413 1885 1483; x_wconf 85' lang='lat' dir='ltr'>unusquisque</span> <span class='ocrx_word' id='word_1_96' title='bbox 1916 1410 1971 1462; x_wconf 89' lang='lat' dir='ltr'>in</span> <span class='ocrx_word' id='word_1_97' title='bbox 2019 1408 2124 1462; x_wconf 92' lang='lat' dir='ltr'>do-</span> 
     </span>
    </p>
   </div>
   <div class='ocr_carea' id='block_1_16' title="bbox 473 1498 2126 1574">
    <p class='ocr_par' dir='ltr' id='par_1_16' title="bbox 473 1498 2126 1574">
     <span class='ocr_line' id='line_1_16' title="bbox 473 1498 2126 1574; baseline -0.004 -18"><span class='ocrx_word' id='word_1_98' title='bbox 473 1518 637 1556; x_wconf 89' lang='lat' dir='ltr'>mum</span> <span class='ocrx_word' id='word_1_99' title='bbox 669 1517 859 1556; x_wconf 89' lang='lat' dir='ltr'>suam.</span> <span class='ocrx_word' id='word_1_100' title='bbox 895 1501 1299 1574; x_wconf 81' lang='lat' dir='ltr'>Reversusque</span> <span class='ocrx_word' id='word_1_101' title='bbox 1329 1506 1418 1555; x_wconf 85' lang='lat' dir='ltr'>est</span> <span class='ocrx_word' id='word_1_102' title='bbox 1450 1501 1625 1555; x_wconf 87' lang='lat' dir='ltr'>David</span> <span class='ocrx_word' id='word_1_103' title='bbox 1660 1505 1725 1554; x_wconf 87' lang='lat' dir='ltr'>ut</span> <span class='ocrx_word' id='word_1_104' title='bbox 1759 1498 2126 1554; x_wconf 90' lang='lat' dir='ltr'>benediceret</span> 
     </span>
    </p>
   </div>
   <div class='ocr_carea' id='block_1_17' title="bbox 471 1586 2122 1660">
    <p class='ocr_par' dir='ltr' id='par_1_17' title="bbox 471 1586 2122 1660">
     <span class='ocr_line' id='line_1_17' title="bbox 471 1586 2122 1660; baseline -0.005 -14"><span class='ocrx_word' id='word_1_105' title='bbox 471 1590 670 1647; x_wconf 90' lang='lat' dir='ltr'>domui</span> <span class='ocrx_word' id='word_1_106' title='bbox 697 1593 909 1655; x_wconf 55' lang='lat' dir='ltr'>suamet</span> <span class='ocrx_word' id='word_1_107' title='bbox 929 1605 1164 1660; x_wconf 87' lang='lat' dir='ltr'>egressa</span> <span class='ocrx_word' id='word_1_108' title='bbox 1192 1587 1398 1644; x_wconf 84' lang='lat' dir='ltr'>Michol</span> <span class='ocrx_word' id='word_1_109' title='bbox 1425 1588 1542 1643; x_wconf 82' lang='lat' dir='ltr'>{ilia</span> <span class='ocrx_word' id='word_1_110' title='bbox 1578 1586 1712 1643; x_wconf 86' lang='lat' dir='ltr'>Saul</span> <span class='ocrx_word' id='word_1_111' title='bbox 1734 1589 1790 1642; x_wconf 91' lang='lat' dir='ltr'>in</span> <span class='ocrx_word' id='word_1_112' title='bbox 1813 1601 2122 1642; x_wconf 90' lang='lat' dir='ltr'>occursum</span> 
     </span>
    </p>
   </div>
   <div class='ocr_carea' id='block_1_18' title="bbox 470 1674 2118 1749">
    <p class='ocr_par' dir='ltr' id='par_1_18' title="bbox 470 1674 2118 1749">
     <span class='ocr_line' id='line_1_18' title="bbox 470 1674 2118 1749; baseline -0.004 -15"><span class='ocrx_word' id='word_1_113' title='bbox 470 1679 672 1748; x_wconf 81' lang='lat' dir='ltr'>David,</span> <span class='ocrx_word' id='word_1_114' title='bbox 707 1679 788 1733; x_wconf 90' lang='lat' dir='ltr'>ait</span> <span class='ocrx_word' id='word_1_115' title='bbox 820 1695 832 1732; x_wconf 92' lang='lat'>:</span> <span class='ocrx_word' id='word_1_116' title='bbox 870 1680 1054 1744; x_wconf 87' lang='lat' dir='ltr'>Quam</span> <span class='ocrx_word' id='word_1_117' title='bbox 1090 1677 1385 1749; x_wconf 88' lang='lat' dir='ltr'>gloriosus</span> <span class='ocrx_word' id='word_1_118' title='bbox 1418 1677 1530 1732; x_wconf 86' lang='lat' dir='ltr'>fuit</span> <span class='ocrx_word' id='word_1_119' title='bbox 1561 1677 1735 1732; x_wconf 87' lang='lat' dir='ltr'>hodie</span> <span class='ocrx_word' id='word_1_120' title='bbox 1768 1693 1864 1732; x_wconf 85' lang='lat' dir='ltr'>rex</span> <span class='ocrx_word' id='word_1_121' title='bbox 1917 1674 2118 1740; x_wconf 84' lang='lat' dir='ltr'>Israel,</span> 
     </span>
    </p>
   </div>
   <div class='ocr_carea' id='block_1_19' title="bbox 2241 517 3804 595">
    <p class='ocr_par' dir='ltr' id='par_1_19' title="bbox 2241 517 3804 595">
     <span class='ocr_line' id='line_1_19' title="bbox 2241 517 3804 595; baseline 0.011 -26"><span class='ocrx_word' id='word_1_122' title='bbox 2241 530 2455 570; x_wconf 87' lang='lat' dir='ltr'>nomen</span> <span class='ocrx_word' id='word_1_123' title='bbox 2489 517 2910 587; x_wconf 83' lang='lat' dir='ltr'>grande,juxta</span> <span class='ocrx_word' id='word_1_124' title='bbox 2932 533 3146 573; x_wconf 81' lang='lat' dir='ltr'>nomen</span> <span class='ocrx_word' id='word_1_125' title='bbox 3171 533 3504 590; x_wconf 88' lang='lat' dir='ltr'>magnorum</span> <span class='ocrx_word' id='word_1_126' title='bbox 3535 525 3623 595; x_wconf 88' lang='lat' dir='ltr'>qui</span> <span class='ocrx_word' id='word_1_127' title='bbox 3639 531 3804 586; x_wconf 82' lang='lat' dir='ltr'>suntin</span> 
     </span>
    </p>
   </div>
   <div class='ocr_carea' id='block_1_20' title="bbox 2240 604 3808 688">
    <p class='ocr_par' dir='ltr' id='par_1_20' title="bbox 2240 604 3808 688">
     <span class='ocr_line' id='line_1_20' title="bbox 2240 604 3808 688; baseline 0.011 -30"><span class='ocrx_word' id='word_1_128' title='bbox 2240 607 2412 659; x_wconf 89' lang='lat' dir='ltr'>terra.</span> <span class='ocrx_word' id='word_1_129' title='bbox 2443 604 2506 659; x_wconf 85' lang='lat' dir='ltr'>Et</span> <span class='ocrx_word' id='word_1_130' title='bbox 2529 622 2742 677; x_wconf 92' lang='lat' dir='ltr'>ponam</span> <span class='ocrx_word' id='word_1_131' title='bbox 2774 605 2965 661; x_wconf 79' lang='lat' dir='ltr'>locum</span> <span class='ocrx_word' id='word_1_132' title='bbox 2998 608 3214 678; x_wconf 88' lang='lat' dir='ltr'>populo</span> <span class='ocrx_word' id='word_1_133' title='bbox 3247 624 3372 664; x_wconf 89' lang='lat' dir='ltr'>meo</span> <span class='ocrx_word' id='word_1_134' title='bbox 3402 611 3653 678; x_wconf 87' lang='lat' dir='ltr'>Israel,et</span> <span class='ocrx_word' id='word_1_135' title='bbox 3691 617 3808 688; x_wconf 84' lang='lat' dir='ltr'>plau-</span> 
     </span>
    </p>
   </div>
   <div class='ocr_carea' id='block_1_21' title="bbox 2239 693 3808 765">
    <p class='ocr_par' dir='ltr' id='par_1_21' title="bbox 2239 693 3808 765">
     <span class='ocr_line' id='line_1_21' title="bbox 2239 693 3808 765; baseline 0.01 -18"><span class='ocrx_word' id='word_1_136' title='bbox 2239 693 2371 748; x_wconf 91' lang='lat' dir='ltr'>tabo</span> <span class='ocrx_word' id='word_1_137' title='bbox 2404 711 2559 761; x_wconf 82' lang='lat' dir='ltr'>eum,</span> <span class='ocrx_word' id='word_1_138' title='bbox 2593 700 2648 750; x_wconf 91' lang='lat' dir='ltr'>et</span> <span class='ocrx_word' id='word_1_139' title='bbox 2672 694 2960 750; x_wconf 79' lang='lat' dir='ltr'>habitabit</span> <span class='ocrx_word' id='word_1_140' title='bbox 2994 697 3104 751; x_wconf 85' lang='lat' dir='ltr'>sub</span> <span class='ocrx_word' id='word_1_141' title='bbox 3137 713 3224 765; x_wconf 90' lang='lat' dir='ltr'>eo,</span> <span class='ocrx_word' id='word_1_142' title='bbox 3277 701 3334 752; x_wconf 91' lang='lat' dir='ltr'>et</span> <span class='ocrx_word' id='word_1_143' title='bbox 3385 715 3493 754; x_wconf 87' lang='lat' dir='ltr'>non</span> <span class='ocrx_word' id='word_1_144' title='bbox 3539 703 3808 763; x_wconf 86' lang='lat' dir='ltr'>turbabitur</span> 
     </span>
    </p>
   </div>
   <div class='ocr_carea' id='block_1_22' title="bbox 2239 783 3803 861">
    <p class='ocr_par' dir='ltr' id='par_1_22' title="bbox 2239 783 3803 861">
     <span class='ocr_line' id='line_1_22' title="bbox 2239 783 3803 861; baseline 0.01 -25"><span class='ocrx_word' id='word_1_145' title='bbox 2239 783 2518 853; x_wconf 85' lang='lat' dir='ltr'>amplius;</span> <span class='ocrx_word' id='word_1_146' title='bbox 2543 800 2647 840; x_wconf 90' lang='lat' dir='ltr'>nec</span> <span class='ocrx_word' id='word_1_147' title='bbox 2661 785 2879 840; x_wconf 83' lang='lat' dir='ltr'>addent</span> <span class='ocrx_word' id='word_1_148' title='bbox 2898 785 3002 840; x_wconf 78' lang='lat' dir='ltr'>filii</span> <span class='ocrx_word' id='word_1_149' title='bbox 3027 785 3358 858; x_wconf 84' lang='lat' dir='ltr'>iniquitatis</span> <span class='ocrx_word' id='word_1_150' title='bbox 3381 792 3442 842; x_wconf 92' lang='lat' dir='ltr'>ut</span> <span class='ocrx_word' id='word_1_151' title='bbox 3460 789 3690 861; x_wconf 78' lang='lat' dir='ltr'>afﬂigant</span> <span class='ocrx_word' id='word_1_152' title='bbox 3707 811 3803 851; x_wconf 84' lang='lat' dir='ltr'>eum</span> 
     </span>
    </p>
   </div>
   <div class='ocr_carea' id='block_1_23' title="bbox 2239 870 3808 953">
    <p class='ocr_par' dir='ltr' id='par_1_23' title="bbox 2239 870 3808 953">
     <span class='ocr_line' id='line_1_23' title="bbox 2239 870 3808 953; baseline 0.008 -27"><span class='ocrx_word' id='word_1_153' title='bbox 2239 870 2390 926; x_wconf 84' lang='lat' dir='ltr'>sicut</span> <span class='ocrx_word' id='word_1_154' title='bbox 2439 874 2624 944; x_wconf 88' lang='lat' dir='ltr'>prius,</span> <span class='ocrx_word' id='word_1_155' title='bbox 2669 891 2737 929; x_wconf 86' lang='lat' dir='ltr'>ex</span> <span class='ocrx_word' id='word_1_156' title='bbox 2791 875 2884 929; x_wconf 88' lang='lat' dir='ltr'>die</span> <span class='ocrx_word' id='word_1_157' title='bbox 2939 891 3054 945; x_wconf 91' lang='lat' dir='ltr'>qua</span> <span class='ocrx_word' id='word_1_158' title='bbox 3111 877 3381 930; x_wconf 86' lang='lat' dir='ltr'>constitui</span> <span class='ocrx_word' id='word_1_159' title='bbox 3425 878 3632 948; x_wconf 70' lang='lat' dir='ltr'>)udices</span> <span class='ocrx_word' id='word_1_160' title='bbox 3677 899 3808 953; x_wconf 83' lang='lat' dir='ltr'>super</span> 
     </span>
    </p>
   </div>
   <div class='ocr_carea' id='block_1_24' title="bbox 2240 962 3808 1036">
    <p class='ocr_par' dir='ltr' id='par_1_24' title="bbox 2240 962 3808 1036">
     <span class='ocr_line' id='line_1_24' title="bbox 2240 962 3808 1036; baseline 0.006 -20"><span class='ocrx_word' id='word_1_161' title='bbox 2240 962 2523 1032; x_wconf 88' lang='lat' dir='ltr'>populum</span> <span class='ocrx_word' id='word_1_162' title='bbox 2558 978 2751 1018; x_wconf 91' lang='lat' dir='ltr'>meum</span> <span class='ocrx_word' id='word_1_163' title='bbox 2788 962 3062 1032; x_wconf 88' lang='lat' dir='ltr'>lsrael,et</span> <span class='ocrx_word' id='word_1_164' title='bbox 3085 964 3346 1036; x_wconf 85' lang='lat' dir='ltr'>requiem</span> <span class='ocrx_word' id='word_1_165' title='bbox 3371 965 3514 1021; x_wconf 90' lang='lat' dir='ltr'>dabo</span> <span class='ocrx_word' id='word_1_166' title='bbox 3532 967 3624 1022; x_wconf 82' lang='lat' dir='ltr'>tibi</span> <span class='ocrx_word' id='word_1_167' title='bbox 3645 970 3808 1026; x_wconf 83' lang='lat' dir='ltr'>abom-</span> 
     </span>
    </p>
   </div>
   <div class='ocr_carea' id='block_1_25' title="bbox 2239 1049 3808 1128">
    <p class='ocr_par' dir='ltr' id='par_1_25' title="bbox 2239 1049 3808 1128">
     <span class='ocr_line' id='line_1_25' title="bbox 2239 1049 3808 1128; baseline 0.006 -25"><span class='ocrx_word' id='word_1_168' title='bbox 2239 1049 2414 1106; x_wconf 91' lang='lat' dir='ltr'>nibus</span> <span class='ocrx_word' id='word_1_169' title='bbox 2436 1050 2692 1106; x_wconf 89' lang='lat' dir='ltr'>inimicis</span> <span class='ocrx_word' id='word_1_170' title='bbox 2716 1050 3245 1124; x_wconf 70' lang='lat' dir='ltr'>tuis.Prazdicitque</span> <span class='ocrx_word' id='word_1_171' title='bbox 3266 1053 3371 1108; x_wconf 90' lang='lat' dir='ltr'>tibi</span> <span class='ocrx_word' id='word_1_172' title='bbox 3400 1055 3674 1118; x_wconf 88' lang='lat' dir='ltr'>Dominus.</span> <span class='ocrx_word' id='word_1_173' title='bbox 3698 1059 3808 1128; x_wconf 88' lang='lat' dir='ltr'>quod</span> 
     </span>
    </p>
   </div>
   <div class='ocr_carea' id='block_1_26' title="bbox 2235 1139 3809 1216">
    <p class='ocr_par' dir='ltr' id='par_1_26' title="bbox 2235 1139 3809 1216">
     <span class='ocr_line' id='line_1_26' title="bbox 2235 1139 3809 1216; baseline 0.004 -23"><span class='ocrx_word' id='word_1_174' title='bbox 2235 1139 2480 1194; x_wconf 90' lang='lat' dir='ltr'>domum</span> <span class='ocrx_word' id='word_1_175' title='bbox 2512 1139 2687 1195; x_wconf 86' lang='lat' dir='ltr'>faciat</span> <span class='ocrx_word' id='word_1_176' title='bbox 2715 1140 2823 1196; x_wconf 90' lang='lat' dir='ltr'>tibi</span> <span class='ocrx_word' id='word_1_177' title='bbox 2848 1141 3148 1196; x_wconf 87' lang='lat' dir='ltr'>Dominus.</span> <span class='ocrx_word' id='word_1_178' title='bbox 3181 1145 3440 1213; x_wconf 90' lang='lat' dir='ltr'>Cumque</span> <span class='ocrx_word' id='word_1_179' title='bbox 3463 1145 3703 1216; x_wconf 89' lang='lat' dir='ltr'>completi</span> <span class='ocrx_word' id='word_1_180' title='bbox 3721 1146 3809 1201; x_wconf 82' lang='lat' dir='ltr'>fue-</span> 
     </span>
    </p>
   </div>
   <div class='ocr_carea' id='block_1_27' title="bbox 2238 1228 3809 1300">
    <p class='ocr_par' dir='ltr' id='par_1_27' title="bbox 2238 1228 3809 1300">
     <span class='ocr_line' id='line_1_27' title="bbox 2238 1228 3809 1300; baseline 0.004 -18"><span class='ocrx_word' id='word_1_181' title='bbox 2238 1228 2356 1283; x_wconf 89' lang='lat' dir='ltr'>rint</span> <span class='ocrx_word' id='word_1_182' title='bbox 2374 1228 2500 1284; x_wconf 87' lang='lat' dir='ltr'>dies</span> <span class='ocrx_word' id='word_1_183' title='bbox 2531 1229 2637 1296; x_wconf 89' lang='lat' dir='ltr'>tui,</span> <span class='ocrx_word' id='word_1_184' title='bbox 2671 1233 2728 1285; x_wconf 89' lang='lat' dir='ltr'>et</span> <span class='ocrx_word' id='word_1_185' title='bbox 2758 1229 3068 1286; x_wconf 90' lang='lat' dir='ltr'>dormieris</span> <span class='ocrx_word' id='word_1_186' title='bbox 3101 1245 3236 1286; x_wconf 89' lang='lat' dir='ltr'>cum</span> <span class='ocrx_word' id='word_1_187' title='bbox 3271 1231 3531 1300; x_wconf 88' lang='lat' dir='ltr'>patribus</span> <span class='ocrx_word' id='word_1_188' title='bbox 3559 1234 3685 1300; x_wconf 83' lang='lat' dir='ltr'>tuis,</span> <span class='ocrx_word' id='word_1_189' title='bbox 3711 1251 3809 1289; x_wconf 82' lang='lat' dir='ltr'>sus—</span> 
     </span>
    </p>
   </div>
   <div class='ocr_carea' id='block_1_28' title="bbox 2235 1317 3812 1392">
    <p class='ocr_par' dir='ltr' id='par_1_28' title="bbox 2235 1317 3812 1392">
     <span class='ocr_line' id='line_1_28' title="bbox 2235 1317 3812 1392; baseline 0.004 -21"><span class='ocrx_word' id='word_1_190' title='bbox 2235 1317 2427 1372; x_wconf 88' lang='lat' dir='ltr'>citabo</span> <span class='ocrx_word' id='word_1_191' title='bbox 2459 1334 2653 1373; x_wconf 87' lang='lat' dir='ltr'>semen</span> <span class='ocrx_word' id='word_1_192' title='bbox 2686 1323 2857 1374; x_wconf 90' lang='lat' dir='ltr'>tuum</span> <span class='ocrx_word' id='word_1_193' title='bbox 2912 1324 3044 1390; x_wconf 91' lang='lat' dir='ltr'>post</span> <span class='ocrx_word' id='word_1_194' title='bbox 3081 1324 3160 1389; x_wconf 90' lang='lat' dir='ltr'>te,</span> <span class='ocrx_word' id='word_1_195' title='bbox 3217 1321 3370 1388; x_wconf 83' lang='lat' dir='ltr'>quod</span> <span class='ocrx_word' id='word_1_196' title='bbox 3421 1322 3715 1392; x_wconf 85' lang='lat' dir='ltr'>egredietur</span> <span class='ocrx_word' id='word_1_197' title='bbox 3761 1324 3812 1378; x_wconf 83' lang='lat' dir='ltr'>de</span> 
     </span>
    </p>
   </div>
   <div class='ocr_carea' id='block_1_29' title="bbox 2237 1407 3816 1480">
    <p class='ocr_par' dir='ltr' id='par_1_29' title="bbox 2237 1407 3816 1480">
     <span class='ocr_line' id='line_1_29' title="bbox 2237 1407 3816 1480; baseline 0.003 -19"><span class='ocrx_word' id='word_1_198' title='bbox 2237 1411 2402 1462; x_wconf 83' lang='lat' dir='ltr'>utero</span> <span class='ocrx_word' id='word_1_199' title='bbox 2423 1412 2544 1476; x_wconf 90' lang='lat' dir='ltr'>tuo,</span> <span class='ocrx_word' id='word_1_200' title='bbox 2570 1417 2622 1462; x_wconf 84' lang='lat' dir='ltr'>et</span> <span class='ocrx_word' id='word_1_201' title='bbox 2656 1407 2899 1464; x_wconf 81' lang='lat' dir='ltr'>firmabo</span> <span class='ocrx_word' id='word_1_202' title='bbox 2932 1424 3180 1480; x_wconf 85' lang='lat' dir='ltr'>regnum</span> <span class='ocrx_word' id='word_1_203' title='bbox 3214 1409 3383 1479; x_wconf 85' lang='lat' dir='ltr'>ejus;</span> <span class='ocrx_word' id='word_1_204' title='bbox 3417 1410 3536 1480; x_wconf 87' lang='lat' dir='ltr'>ipse</span> <span class='ocrx_word' id='word_1_205' title='bbox 3564 1411 3816 1466; x_wconf 75' lang='lat' dir='ltr'>mdiﬁcabit</span> 
     </span>
    </p>
   </div>
   <div class='ocr_carea' id='block_1_30' title="bbox 2236 1496 3811 1570">
    <p class='ocr_par' dir='ltr' id='par_1_30' title="bbox 2236 1496 3811 1570">
     <span class='ocr_line' id='line_1_30' title="bbox 2236 1496 3811 1570; baseline 0.002 -21"><span class='ocrx_word' id='word_1_206' title='bbox 2236 1496 2476 1551; x_wconf 91' lang='lat' dir='ltr'>domum</span> <span class='ocrx_word' id='word_1_207' title='bbox 2513 1496 2737 1551; x_wconf 76' lang='lat' dir='ltr'>nomini</span> <span class='ocrx_word' id='word_1_208' title='bbox 2772 1513 2920 1565; x_wconf 90' lang='lat' dir='ltr'>meo,</span> <span class='ocrx_word' id='word_1_209' title='bbox 2956 1502 3012 1552; x_wconf 91' lang='lat' dir='ltr'>et</span> <span class='ocrx_word' id='word_1_210' title='bbox 3051 1497 3346 1553; x_wconf 88' lang='lat' dir='ltr'>stabiliam</span> <span class='ocrx_word' id='word_1_211' title='bbox 3382 1499 3639 1554; x_wconf 86' lang='lat' dir='ltr'>thronum</span> <span class='ocrx_word' id='word_1_212' title='bbox 3689 1501 3811 1570; x_wconf 84' lang='lat' dir='ltr'>regni</span> 
     </span>
    </p>
   </div>
   <div class='ocr_carea' id='block_1_31' title="bbox 2233 1585 3814 1660">
    <p class='ocr_par' dir='ltr' id='par_1_31' title="bbox 2233 1585 3814 1660">
     <span class='ocr_line' id='line_1_31' title="bbox 2233 1585 3814 1660; baseline 0 -20"><span class='ocrx_word' id='word_1_213' title='bbox 2233 1586 2358 1656; x_wconf 87' lang='lat' dir='ltr'>ejus</span> <span class='ocrx_word' id='word_1_214' title='bbox 2386 1601 2568 1656; x_wconf 85' lang='lat' dir='ltr'>usque</span> <span class='ocrx_word' id='word_1_215' title='bbox 2598 1585 2658 1640; x_wconf 92' lang='lat' dir='ltr'>in</span> <span class='ocrx_word' id='word_1_216' title='bbox 2690 1586 3138 1657; x_wconf 87' lang='lat' dir='ltr'>sempiternum.</span> <span class='ocrx_word' id='word_1_217' title='bbox 3170 1588 3289 1660; x_wconf 87' lang='lat' dir='ltr'>Ego</span> <span class='ocrx_word' id='word_1_218' title='bbox 3321 1603 3418 1643; x_wconf 92' lang='lat' dir='ltr'>ero</span> <span class='ocrx_word' id='word_1_219' title='bbox 3452 1587 3502 1643; x_wconf 88' lang='lat' dir='ltr'>ei</span> <span class='ocrx_word' id='word_1_220' title='bbox 3531 1587 3583 1641; x_wconf 88' lang='lat' dir='ltr'>in</span> <span class='ocrx_word' id='word_1_221' title='bbox 3615 1593 3814 1659; x_wconf 86' lang='lat' dir='ltr'>patrem.</span> 
     </span>
    </p>
   </div>
   <div class='ocr_carea' id='block_1_32' title="bbox 2231 1674 3814 1748">
    <p class='ocr_par' dir='ltr' id='par_1_32' title="bbox 2231 1674 3814 1748">
     <span class='ocr_line' id='line_1_32' title="bbox 2231 1674 3814 1748; baseline 0 -19"><span class='ocrx_word' id='word_1_222' title='bbox 2231 1674 2425 1746; x_wconf 88' lang='lat' dir='ltr'>etipse</span> <span class='ocrx_word' id='word_1_223' title='bbox 2449 1675 2557 1729; x_wconf 85' lang='lat' dir='ltr'>erit</span> <span class='ocrx_word' id='word_1_224' title='bbox 2579 1674 2724 1729; x_wconf 92' lang='lat' dir='ltr'>mihi</span> <span class='ocrx_word' id='word_1_225' title='bbox 2746 1675 2804 1730; x_wconf 83' lang='lat' dir='ltr'>in</span> <span class='ocrx_word' id='word_1_226' title='bbox 2837 1675 3025 1730; x_wconf 84' lang='lat' dir='ltr'>ﬁlium</span> <span class='ocrx_word' id='word_1_227' title='bbox 3051 1693 3064 1744; x_wconf 90' lang='lat'><strong>;</strong></span> <span class='ocrx_word' id='word_1_228' title='bbox 3091 1676 3191 1747; x_wconf 91' lang='lat' dir='ltr'>qui</span> <span class='ocrx_word' id='word_1_229' title='bbox 3216 1677 3265 1731; x_wconf 88' lang='lat' dir='ltr'>si</span> <span class='ocrx_word' id='word_1_230' title='bbox 3283 1677 3481 1748; x_wconf 88' lang='lat' dir='ltr'>inique</span> <span class='ocrx_word' id='word_1_231' title='bbox 3503 1676 3698 1747; x_wconf 89' lang='lat' dir='ltr'>aliquid</span> <span class='ocrx_word' id='word_1_232' title='bbox 3712 1692 3814 1745; x_wconf 82' lang='lat' dir='ltr'>ges-</span> 
     </span>
    </p>
   </div>
   <div class='ocr_carea' id='block_1_33' title="bbox 467 1762 3816 1864">
    <p class='ocr_par' dir='ltr' id='par_1_33' title="bbox 467 1762 3816 1864">
     <span class='ocr_line' id='line_1_33' title="bbox 467 1762 3816 1864; baseline -0.001 -41"><span class='ocrx_word' id='word_1_233' title='bbox 467 1767 905 1839; x_wconf 87' lang='lat' dir='ltr'>discooperiens</span> <span class='ocrx_word' id='word_1_234' title='bbox 931 1784 991 1822; x_wconf 88' lang='lat' dir='ltr'>se</span> <span class='ocrx_word' id='word_1_235' title='bbox 1022 1773 1157 1822; x_wconf 92' lang='lat' dir='ltr'>ante</span> <span class='ocrx_word' id='word_1_236' title='bbox 1176 1766 1422 1822; x_wconf 87' lang='lat' dir='ltr'>ancillas</span> <span class='ocrx_word' id='word_1_237' title='bbox 1445 1782 1747 1821; x_wconf 89' lang='lat' dir='ltr'>servorum</span> <span class='ocrx_word' id='word_1_238' title='bbox 1770 1780 2038 1827; x_wconf 84' lang='lat' dir='ltr'>suorum,</span> <span class='ocrx_word' id='word_1_239' title='bbox 2064 1765 2120 1818; x_wconf 92' lang='lat' dir='ltr'>et</span> <span class='ocrx_word' id='word_1_240' title='bbox 2152 1800 2198 1864; x_wconf 81' lang='grc' dir='ltr'><strong>Β</strong></span> <span class='ocrx_word' id='word_1_241' title='bbox 2231 1762 2390 1832; x_wconf 89' lang='lat' dir='ltr'>serit,</span> <span class='ocrx_word' id='word_1_242' title='bbox 2424 1779 2666 1835; x_wconf 85' lang='lat' dir='ltr'>arguam</span> <span class='ocrx_word' id='word_1_243' title='bbox 2699 1781 2828 1819; x_wconf 91' lang='lat' dir='ltr'>eum</span> <span class='ocrx_word' id='word_1_244' title='bbox 2864 1765 2921 1819; x_wconf 91' lang='lat' dir='ltr'>in</span> <span class='ocrx_word' id='word_1_245' title='bbox 2968 1765 3131 1836; x_wconf 87' lang='lat' dir='ltr'>virga</span> <span class='ocrx_word' id='word_1_246' title='bbox 3184 1765 3463 1832; x_wconf 89' lang='lat' dir='ltr'>virorum,</span> <span class='ocrx_word' id='word_1_247' title='bbox 3512 1773 3562 1820; x_wconf 90' lang='lat' dir='ltr'>et</span> <span class='ocrx_word' id='word_1_248' title='bbox 3592 1765 3644 1818; x_wconf 88' lang='lat' dir='ltr'>in</span> <span class='ocrx_word' id='word_1_249' title='bbox 3673 1764 3816 1836; x_wconf 80' lang='lat' dir='ltr'>plagis</span> 
     </span>
    </p>
   </div>
   <div class='ocr_carea' id='block_1_34' title="bbox 466 1852 2110 1924">
    <p class='ocr_par' dir='ltr' id='par_1_34' title="bbox 466 1852 2110 1924">
     <span class='ocr_line' id='line_1_34' title="bbox 466 1852 2110 1924; baseline -0.004 -12"><span class='ocrx_word' id='word_1_250' title='bbox 466 1858 724 1912; x_wconf 86' lang='lat' dir='ltr'>nudatus</span> <span class='ocrx_word' id='word_1_251' title='bbox 757 1861 865 1924; x_wconf 85' lang='lat' dir='ltr'>est,</span> <span class='ocrx_word' id='word_1_252' title='bbox 902 1855 1070 1924; x_wconf 88' lang='lat' dir='ltr'>quasi</span> <span class='ocrx_word' id='word_1_253' title='bbox 1101 1856 1147 1911; x_wconf 92' lang='lat' dir='ltr'>si</span> <span class='ocrx_word' id='word_1_254' title='bbox 1185 1857 1441 1911; x_wconf 85' lang='lat' dir='ltr'>nudetur</span> <span class='ocrx_word' id='word_1_255' title='bbox 1471 1873 1623 1910; x_wconf 88' lang='lat' dir='ltr'>unus</span> <span class='ocrx_word' id='word_1_256' title='bbox 1654 1855 1725 1909; x_wconf 93' lang='lat' dir='ltr'>de</span> <span class='ocrx_word' id='word_1_257' title='bbox 1749 1853 1989 1910; x_wconf 91' lang='lat' dir='ltr'>scurris.</span> <span class='ocrx_word' id='word_1_258' title='bbox 2017 1852 2110 1907; x_wconf 90' lang='lat' dir='ltr'>Di-</span> 
     </span>
    </p>
   </div>
   <div class='ocr_carea' id='block_1_35' title="bbox 463 1940 2107 2017">
    <p class='ocr_par' dir='ltr' id='par_1_35' title="bbox 463 1940 2107 2017">
     <span class='ocr_line' id='line_1_35' title="bbox 463 1940 2107 2017; baseline -0.002 -17"><span class='ocrx_word' id='word_1_259' title='bbox 463 1947 667 2017; x_wconf 86' lang='lat' dir='ltr'>xitque</span> <span class='ocrx_word' id='word_1_260' title='bbox 703 1947 876 2000; x_wconf 87' lang='lat' dir='ltr'>David</span> <span class='ocrx_word' id='word_1_261' title='bbox 896 1947 965 2000; x_wconf 89' lang='lat' dir='ltr'>ad</span> <span class='ocrx_word' id='word_1_262' title='bbox 1002 1945 1213 1999; x_wconf 89' lang='lat' dir='ltr'>Michol</span> <span class='ocrx_word' id='word_1_263' title='bbox 1241 1962 1253 1998; x_wconf 90' lang='lat'>:</span> <span class='ocrx_word' id='word_1_264' title='bbox 1283 1951 1429 1999; x_wconf 78' lang='lat' dir='ltr'>Ante</span> <span class='ocrx_word' id='word_1_265' title='bbox 1460 1943 1791 2012; x_wconf 86' lang='lat' dir='ltr'>Dominum,</span> <span class='ocrx_word' id='word_1_266' title='bbox 1817 1942 1916 2013; x_wconf 89' lang='lat' dir='ltr'>qui</span> <span class='ocrx_word' id='word_1_267' title='bbox 1937 1940 2107 2012; x_wconf 90' lang='lat' dir='ltr'>elegit</span> 
     </span>
    </p>
   </div>
   <div class='ocr_carea' id='block_1_36' title="bbox 466 2031 2110 2107">
    <p class='ocr_par' dir='ltr' id='par_1_36' title="bbox 466 2031 2110 2107">
     <span class='ocr_line' id='line_1_36' title="bbox 466 2031 2110 2107; baseline -0.004 -16"><span class='ocrx_word' id='word_1_268' title='bbox 466 2053 560 2091; x_wconf 89' lang='lat' dir='ltr'>me</span> <span class='ocrx_word' id='word_1_269' title='bbox 594 2035 786 2107; x_wconf 88' lang='lat' dir='ltr'>potius</span> <span class='ocrx_word' id='word_1_270' title='bbox 819 2052 990 2106; x_wconf 84' lang='lat' dir='ltr'>quam</span> <span class='ocrx_word' id='word_1_271' title='bbox 1027 2039 1247 2106; x_wconf 87' lang='lat' dir='ltr'>patrem</span> <span class='ocrx_word' id='word_1_272' title='bbox 1268 2039 1456 2101; x_wconf 90' lang='lat' dir='ltr'>tuum,</span> <span class='ocrx_word' id='word_1_273' title='bbox 1481 2038 1730 2103; x_wconf 90' lang='lat' dir='ltr'>etquam</span> <span class='ocrx_word' id='word_1_274' title='bbox 1754 2047 1988 2086; x_wconf 84' lang='lat' dir='ltr'>omnem</span> <span class='ocrx_word' id='word_1_275' title='bbox 2014 2031 2110 2085; x_wconf 84' lang='lat' dir='ltr'>do-</span> 
     </span>
    </p>
   </div>
   <div class='ocr_carea' id='block_1_37' title="bbox 467 2121 2110 2194">
    <p class='ocr_par' dir='ltr' id='par_1_37' title="bbox 467 2121 2110 2194">
     <span class='ocr_line' id='line_1_37' title="bbox 467 2121 2110 2194; baseline -0.004 -16"><span class='ocrx_word' id='word_1_276' title='bbox 467 2141 630 2179; x_wconf 88' lang='lat' dir='ltr'>mum</span> <span class='ocrx_word' id='word_1_277' title='bbox 663 2124 809 2192; x_wconf 85' lang='lat' dir='ltr'>ejus,</span> <span class='ocrx_word' id='word_1_278' title='bbox 844 2123 1192 2194; x_wconf 83' lang='lat' dir='ltr'>ctpraecepit</span> <span class='ocrx_word' id='word_1_279' title='bbox 1225 2121 1367 2176; x_wconf 89' lang='lat' dir='ltr'>mihi</span> <span class='ocrx_word' id='word_1_280' title='bbox 1403 2127 1466 2176; x_wconf 94' lang='lat' dir='ltr'>ut</span> <span class='ocrx_word' id='word_1_281' title='bbox 1512 2136 1703 2176; x_wconf 90' lang='lat' dir='ltr'>essem</span> <span class='ocrx_word' id='word_1_282' title='bbox 1759 2121 1876 2175; x_wconf 86' lang='lat' dir='ltr'>dux</span> <span class='ocrx_word' id='word_1_283' title='bbox 1933 2134 2110 2190; x_wconf 88' lang='lat' dir='ltr'>super</span> 
     </span>
    </p>
   </div>
   <div class='ocr_carea' id='block_1_38' title="bbox 466 2208 2107 2284">
    <p class='ocr_par' dir='ltr' id='par_1_38' title="bbox 466 2208 2107 2284">
     <span class='ocr_line' id='line_1_38' title="bbox 466 2208 2107 2284; baseline -0.003 -17"><span class='ocrx_word' id='word_1_284' title='bbox 466 2211 748 2284; x_wconf 84' lang='lat' dir='ltr'>populum</span> <span class='ocrx_word' id='word_1_285' title='bbox 775 2211 1006 2266; x_wconf 89' lang='lat' dir='ltr'>Domini</span> <span class='ocrx_word' id='word_1_286' title='bbox 1038 2210 1097 2264; x_wconf 91' lang='lat' dir='ltr'>in</span> <span class='ocrx_word' id='word_1_287' title='bbox 1134 2209 1332 2278; x_wconf 83' lang='lat' dir='ltr'>Israel,</span> <span class='ocrx_word' id='word_1_288' title='bbox 1366 2215 1423 2265; x_wconf 90' lang='lat' dir='ltr'>et</span> <span class='ocrx_word' id='word_1_289' title='bbox 1449 2209 1670 2276; x_wconf 87' lang='lat' dir='ltr'>ludam,</span> <span class='ocrx_word' id='word_1_290' title='bbox 1706 2208 2107 2265; x_wconf 82' lang='lat' dir='ltr'>etviliortiam</span> 
     </span>
    </p>
   </div>
   <div class='ocr_carea' id='block_1_39' title="bbox 463 2296 2106 2373">
    <p class='ocr_par' dir='ltr' id='par_1_39' title="bbox 463 2296 2106 2373">
     <span class='ocr_line' id='line_1_39' title="bbox 463 2296 2106 2373; baseline -0.002 -17"><span class='ocrx_word' id='word_1_291' title='bbox 463 2301 778 2373; x_wconf 89' lang='lat' dir='ltr'>plusquam</span> <span class='ocrx_word' id='word_1_292' title='bbox 809 2301 996 2355; x_wconf 89' lang='lat' dir='ltr'>factus</span> <span class='ocrx_word' id='word_1_293' title='bbox 1019 2317 1174 2370; x_wconf 90' lang='lat' dir='ltr'>sum,</span> <span class='ocrx_word' id='word_1_294' title='bbox 1197 2305 1250 2354; x_wconf 89' lang='lat' dir='ltr'>et</span> <span class='ocrx_word' id='word_1_295' title='bbox 1273 2317 1369 2354; x_wconf 91' lang='lat' dir='ltr'>ero</span> <span class='ocrx_word' id='word_1_296' title='bbox 1388 2298 1632 2354; x_wconf 89' lang='lat' dir='ltr'>humilis</span> <span class='ocrx_word' id='word_1_297' title='bbox 1652 2299 1709 2353; x_wconf 87' lang='lat' dir='ltr'>in</span> <span class='ocrx_word' id='word_1_298' title='bbox 1730 2297 1914 2354; x_wconf 85' lang='lat' dir='ltr'>oculis</span> <span class='ocrx_word' id='word_1_299' title='bbox 1940 2296 2106 2367; x_wconf 88' lang='lat' dir='ltr'>meis,</span> 
     </span>
    </p>
   </div>
   <div class='ocr_carea' id='block_1_40' title="bbox 460 2385 2109 2460">
    <p class='ocr_par' dir='ltr' id='par_1_40' title="bbox 460 2385 2109 2460">
     <span class='ocr_line' id='line_1_40' title="bbox 460 2385 2109 2460; baseline -0.002 -15"><span class='ocrx_word' id='word_1_300' title='bbox 460 2399 677 2446; x_wconf 86' lang='lat' dir='ltr'>etcum</span> <span class='ocrx_word' id='word_1_301' title='bbox 710 2389 959 2456; x_wconf 87' lang='lat' dir='ltr'>ancillis,</span> <span class='ocrx_word' id='word_1_302' title='bbox 1011 2390 1083 2444; x_wconf 88' lang='lat' dir='ltr'>de</span> <span class='ocrx_word' id='word_1_303' title='bbox 1131 2388 1346 2460; x_wconf 89' lang='lat' dir='ltr'>quibus</span> <span class='ocrx_word' id='word_1_304' title='bbox 1406 2389 1600 2443; x_wconf 86' lang='lat' dir='ltr'>locuta</span> <span class='ocrx_word' id='word_1_305' title='bbox 1657 2404 1740 2452; x_wconf 83' lang='lat' dir='ltr'>es,</span> <span class='ocrx_word' id='word_1_306' title='bbox 1801 2385 2109 2458; x_wconf 83' lang='lat' dir='ltr'>gloriosior</span> 
     </span>
    </p>
   </div>
   <div class='ocr_carea' id='block_1_41' title="bbox 464 2474 2107 2550">
    <p class='ocr_par' dir='ltr' id='par_1_41' title="bbox 464 2474 2107 2550">
     <span class='ocr_line' id='line_1_41' title="bbox 464 2474 2107 2550; baseline -0.003 -16"><span class='ocrx_word' id='word_1_307' title='bbox 464 2478 776 2550; x_wconf 88' lang='lat' dir='ltr'>apparebo.</span> <span class='ocrx_word' id='word_1_308' title='bbox 808 2479 894 2550; x_wconf 89' lang='lat' dir='ltr'>(T.</span> <span class='ocrx_word' id='word_1_309' title='bbox 926 2478 1167 2547; x_wconf 80' lang='lat' dir='ltr'>XCVII.)</span> <span class='ocrx_word' id='word_1_310' title='bbox 1200 2476 1382 2547; x_wconf 83' lang='lat' dir='ltr'>Igitur</span> <span class='ocrx_word' id='word_1_311' title='bbox 1410 2476 1622 2532; x_wconf 88' lang='lat' dir='ltr'>Michol</span> <span class='ocrx_word' id='word_1_312' title='bbox 1645 2475 1778 2531; x_wconf 71' lang='lat' dir='ltr'>ﬁliae</span> <span class='ocrx_word' id='word_1_313' title='bbox 1806 2474 1942 2531; x_wconf 89' lang='lat' dir='ltr'>Saul</span> <span class='ocrx_word' id='word_1_314' title='bbox 1994 2491 2107 2530; x_wconf 91' lang='lat' dir='ltr'>non</span> 
     </span>
    </p>
   </div>
   <div class='ocr_carea' id='block_1_42' title="bbox 464 2565 1849 2636">
    <p class='ocr_par' dir='ltr' id='par_1_42' title="bbox 464 2565 1849 2636">
     <span class='ocr_line' id='line_1_42' title="bbox 464 2565 1849 2636; baseline -0.004 -13"><span class='ocrx_word' id='word_1_315' title='bbox 464 2573 554 2623; x_wconf 89' lang='lat' dir='ltr'>est</span> <span class='ocrx_word' id='word_1_316' title='bbox 583 2571 755 2622; x_wconf 87' lang='lat' dir='ltr'>natus</span> <span class='ocrx_word' id='word_1_317' title='bbox 777 2566 935 2622; x_wconf 83' lang='lat' dir='ltr'>titius</span> <span class='ocrx_word' id='word_1_318' title='bbox 969 2582 1150 2636; x_wconf 84' lang='lat' dir='ltr'>usque</span> <span class='ocrx_word' id='word_1_319' title='bbox 1177 2568 1245 2620; x_wconf 90' lang='lat' dir='ltr'>ad</span> <span class='ocrx_word' id='word_1_320' title='bbox 1281 2566 1434 2621; x_wconf 91' lang='lat' dir='ltr'>diem</span> <span class='ocrx_word' id='word_1_321' title='bbox 1472 2565 1676 2621; x_wconf 86' lang='lat' dir='ltr'>mortis</span> <span class='ocrx_word' id='word_1_322' title='bbox 1708 2581 1849 2620; x_wconf 65' lang='lat' dir='ltr'>suae.</span> 
     </span>
    </p>
   </div>
   <div class='ocr_carea' id='block_1_43' title="bbox 543 2653 2109 2726">
    <p class='ocr_par' dir='ltr' id='par_1_43' title="bbox 543 2653 2109 2726">
     <span class='ocr_line' id='line_1_43' title="bbox 543 2653 2109 2726; baseline -0.002 -16"><span class='ocrx_word' id='word_1_323' title='bbox 543 2655 700 2724; x_wconf 83' lang='lat' dir='ltr'>(Cap.</span> <span class='ocrx_word' id='word_1_324' title='bbox 735 2654 884 2726; x_wconf 86' lang='lat' dir='ltr'><strong>VII.)</strong></span> <span class='ocrx_word' id='word_1_325' title='bbox 933 2655 1171 2710; x_wconf 88' lang='lat' dir='ltr'>Factum</span> <span class='ocrx_word' id='word_1_326' title='bbox 1196 2659 1286 2710; x_wconf 90' lang='lat' dir='ltr'>est</span> <span class='ocrx_word' id='word_1_327' title='bbox 1320 2660 1513 2710; x_wconf 90' lang='lat' dir='ltr'>autem</span> <span class='ocrx_word' id='word_1_328' title='bbox 1547 2664 1682 2709; x_wconf 87' lang='lat' dir='ltr'>cum</span> <span class='ocrx_word' id='word_1_329' title='bbox 1715 2653 1965 2710; x_wconf 89' lang='lat' dir='ltr'>sedisset</span> <span class='ocrx_word' id='word_1_330' title='bbox 2012 2669 2109 2708; x_wconf 86' lang='lat' dir='ltr'>rex</span> 
     </span>
    </p>
   </div>
   <div class='ocr_carea' id='block_1_44' title="bbox 459 2743 2110 2814">
    <p class='ocr_par' dir='ltr' id='par_1_44' title="bbox 459 2743 2110 2814">
     <span class='ocr_line' id='line_1_44' title="bbox 459 2743 2110 2814; baseline -0.002 -14"><span class='ocrx_word' id='word_1_331' title='bbox 459 2746 515 2801; x_wconf 90' lang='lat' dir='ltr'>in</span> <span class='ocrx_word' id='word_1_332' title='bbox 543 2745 717 2800; x_wconf 92' lang='lat' dir='ltr'>domo</span> <span class='ocrx_word' id='word_1_333' title='bbox 746 2761 876 2812; x_wconf 88' lang='lat' dir='ltr'>sua,</span> <span class='ocrx_word' id='word_1_334' title='bbox 909 2749 965 2799; x_wconf 92' lang='lat' dir='ltr'>et</span> <span class='ocrx_word' id='word_1_335' title='bbox 995 2744 1281 2800; x_wconf 90' lang='lat' dir='ltr'>Dominus</span> <span class='ocrx_word' id='word_1_336' title='bbox 1304 2744 1564 2799; x_wconf 86' lang='lat' dir='ltr'>dedisset</span> <span class='ocrx_word' id='word_1_337' title='bbox 1585 2743 1635 2799; x_wconf 89' lang='lat' dir='ltr'>ei</span> <span class='ocrx_word' id='word_1_338' title='bbox 1658 2743 1916 2814; x_wconf 89' lang='lat' dir='ltr'>requiem</span> <span class='ocrx_word' id='word_1_339' title='bbox 1937 2743 2110 2798; x_wconf 87' lang='lat' dir='ltr'>undi—</span> 
     </span>
    </p>
   </div>
   <div class='ocr_carea' id='block_1_45' title="bbox 460 2831 2106 2906">
    <p class='ocr_par' dir='ltr' id='par_1_45' title="bbox 460 2831 2106 2906">
     <span class='ocr_line' id='line_1_45' title="bbox 460 2831 2106 2906; baseline -0.002 -17"><span class='ocrx_word' id='word_1_340' title='bbox 460 2851 575 2906; x_wconf 90' lang='lat' dir='ltr'>que</span> <span class='ocrx_word' id='word_1_341' title='bbox 598 2835 668 2889; x_wconf 91' lang='lat' dir='ltr'>ab</span> <span class='ocrx_word' id='word_1_342' title='bbox 704 2833 994 2889; x_wconf 83' lang='lat' dir='ltr'>universis</span> <span class='ocrx_word' id='word_1_343' title='bbox 1045 2832 1300 2888; x_wconf 89' lang='lat' dir='ltr'>inimicis</span> <span class='ocrx_word' id='word_1_344' title='bbox 1352 2834 1498 2898; x_wconf 90' lang='lat' dir='ltr'>suis,</span> <span class='ocrx_word' id='word_1_345' title='bbox 1546 2832 1692 2888; x_wconf 82' lang='lat' dir='ltr'>dixit</span> <span class='ocrx_word' id='word_1_346' title='bbox 1747 2833 1817 2887; x_wconf 90' lang='lat' dir='ltr'>ad</span> <span class='ocrx_word' id='word_1_347' title='bbox 1877 2831 2106 2887; x_wconf 79' lang='lat' dir='ltr'>Nathan</span> 
     </span>
    </p>
   </div>
   <div class='ocr_carea' id='block_1_46' title="bbox 458 2921 2108 2995">
    <p class='ocr_par' dir='ltr' id='par_1_46' title="bbox 458 2921 2108 2995">
     <span class='ocr_line' id='line_1_46' title="bbox 458 2921 2108 2995; baseline -0.002 -17"><span class='ocrx_word' id='word_1_348' title='bbox 458 2923 845 2995; x_wconf 74' lang='lat' dir='ltr'>prophetam:</span> <span class='ocrx_word' id='word_1_349' title='bbox 883 2922 1137 2978; x_wconf 87' lang='lat' dir='ltr'>Videsne</span> <span class='ocrx_word' id='word_1_350' title='bbox 1169 2922 1325 2993; x_wconf 94' lang='lat' dir='ltr'>quod</span> <span class='ocrx_word' id='word_1_351' title='bbox 1358 2938 1463 2994; x_wconf 87' lang='lat' dir='ltr'>ego</span> <span class='ocrx_word' id='word_1_352' title='bbox 1509 2921 1768 2977; x_wconf 89' lang='lat' dir='ltr'>habitem</span> <span class='ocrx_word' id='word_1_353' title='bbox 1819 2921 1878 2976; x_wconf 90' lang='lat' dir='ltr'>in</span> <span class='ocrx_word' id='word_1_354' title='bbox 1935 2921 2108 2976; x_wconf 92' lang='lat' dir='ltr'>domo</span> 
     </span>
    </p>
   </div>
   <div class='ocr_carea' id='block_1_47' title="bbox 461 3009 2111 3083">
    <p class='ocr_par' dir='ltr' id='par_1_47' title="bbox 461 3009 2111 3083">
     <span class='ocr_line' id='line_1_47' title="bbox 461 3009 2111 3083; baseline -0.002 -16"><span class='ocrx_word' id='word_1_355' title='bbox 461 3013 718 3078; x_wconf 91' lang='lat' dir='ltr'>cedrina,</span> <span class='ocrx_word' id='word_1_356' title='bbox 753 3017 809 3067; x_wconf 92' lang='lat' dir='ltr'>et</span> <span class='ocrx_word' id='word_1_357' title='bbox 838 3028 972 3067; x_wconf 88' lang='lat' dir='ltr'>arca</span> <span class='ocrx_word' id='word_1_358' title='bbox 1004 3011 1097 3066; x_wconf 89' lang='lat' dir='ltr'>Dei</span> <span class='ocrx_word' id='word_1_359' title='bbox 1133 3012 1322 3083; x_wconf 88' lang='lat' dir='ltr'>posita</span> <span class='ocrx_word' id='word_1_360' title='bbox 1353 3012 1430 3066; x_wconf 90' lang='lat' dir='ltr'>sit</span> <span class='ocrx_word' id='word_1_361' title='bbox 1459 3012 1516 3066; x_wconf 93' lang='lat' dir='ltr'>in</span> <span class='ocrx_word' id='word_1_362' title='bbox 1551 3010 1742 3066; x_wconf 89' lang='lat' dir='ltr'>medio</span> <span class='ocrx_word' id='word_1_363' title='bbox 1814 3009 2055 3082; x_wconf 91' lang='lat' dir='ltr'>pellium</span> <span class='ocrx_word' id='word_1_364' title='bbox 2083 3010 2111 3064; x_wconf 65' lang='grc' dir='ltr'>*ἲ</span> 
     </span>
    </p>
   </div>
   <div class='ocr_carea' id='block_1_48' title="bbox 461 3099 2110 3172">
    <p class='ocr_par' dir='ltr' id='par_1_48' title="bbox 461 3099 2110 3172">
     <span class='ocr_line' id='line_1_48' title="bbox 461 3099 2110 3172; baseline 0 -18"><span class='ocrx_word' id='word_1_365' title='bbox 461 3101 728 3172; x_wconf 83' lang='lat' dir='ltr'>Dixitque</span> <span class='ocrx_word' id='word_1_366' title='bbox 758 3101 989 3155; x_wconf 85' lang='lat' dir='ltr'>Nathan</span> <span class='ocrx_word' id='word_1_367' title='bbox 1021 3101 1089 3155; x_wconf 87' lang='lat' dir='ltr'>ad</span> <span class='ocrx_word' id='word_1_368' title='bbox 1115 3116 1306 3172; x_wconf 86' lang='lat' dir='ltr'>regem</span> <span class='ocrx_word' id='word_1_369' title='bbox 1336 3116 1348 3154; x_wconf 92' lang='lat'><strong>:</strong></span> <span class='ocrx_word' id='word_1_370' title='bbox 1374 3099 1557 3155; x_wconf 90' lang='lat' dir='ltr'>Omne</span> <span class='ocrx_word' id='word_1_371' title='bbox 1580 3099 1733 3172; x_wconf 90' lang='lat' dir='ltr'>quod</span> <span class='ocrx_word' id='word_1_372' title='bbox 1757 3100 1914 3155; x_wconf 88' lang='lat' dir='ltr'>estin</span> <span class='ocrx_word' id='word_1_373' title='bbox 1939 3099 2110 3154; x_wconf 90' lang='lat' dir='ltr'>corde</span> 
     </span>
    </p>
   </div>
   <div class='ocr_carea' id='block_1_49' title="bbox 2229 1851 3814 1910">
    <p class='ocr_par' dir='ltr' id='par_1_49' title="bbox 2229 1851 3814 1910">
     <span class='ocr_line' id='line_1_49' title="bbox 2229 1851 3814 1910; baseline 0 -4"><span class='ocrx_word' id='word_1_374' title='bbox 2229 1851 2482 1907; x_wconf 84' lang='lat' dir='ltr'>ﬁliorum</span> <span class='ocrx_word' id='word_1_375' title='bbox 2511 1853 3312 1910; x_wconf 66' lang='lat' dir='ltr'>hominumMisericordiam</span> <span class='ocrx_word' id='word_1_376' title='bbox 3335 1859 3522 1910; x_wconf 90' lang='lat' dir='ltr'>autem</span> <span class='ocrx_word' id='word_1_377' title='bbox 3546 1870 3712 1910; x_wconf 86' lang='lat' dir='ltr'>meam</span> <span class='ocrx_word' id='word_1_378' title='bbox 3729 1870 3814 1907; x_wconf 85' lang='lat' dir='ltr'>non</span> 
     </span>
    </p>
   </div>
   <div class='ocr_carea' id='block_1_50' title="bbox 2223 1941 3817 2014">
    <p class='ocr_par' dir='ltr' id='par_1_50' title="bbox 2223 1941 3817 2014">
     <span class='ocr_line' id='line_1_50' title="bbox 2223 1941 3817 2014; baseline 0 -20"><span class='ocrx_word' id='word_1_379' title='bbox 2223 1945 2486 1995; x_wconf 88' lang='lat' dir='ltr'>auteram</span> <span class='ocrx_word' id='word_1_380' title='bbox 2511 1941 2582 1996; x_wconf 89' lang='lat' dir='ltr'>ab</span> <span class='ocrx_word' id='word_1_381' title='bbox 2615 1958 2680 1997; x_wconf 92' lang='lat' dir='ltr'>eo</span> <span class='ocrx_word' id='word_1_382' title='bbox 2713 1942 2869 1998; x_wconf 90' lang='lat' dir='ltr'>sicut</span> <span class='ocrx_word' id='word_1_383' title='bbox 2901 1942 3117 1998; x_wconf 89' lang='lat' dir='ltr'>abstuli</span> <span class='ocrx_word' id='word_1_384' title='bbox 3142 1960 3176 1998; x_wconf 91' lang='lat' dir='ltr'>a</span> <span class='ocrx_word' id='word_1_385' title='bbox 3229 1942 3395 2010; x_wconf 89' lang='lat' dir='ltr'>Saul,</span> <span class='ocrx_word' id='word_1_386' title='bbox 3457 1958 3619 2014; x_wconf 88' lang='lat' dir='ltr'>quem</span> <span class='ocrx_word' id='word_1_387' title='bbox 3667 1941 3817 1996; x_wconf 83' lang='lat' dir='ltr'>amovi</span> 
     </span>
    </p>
   </div>
   <div class='ocr_carea' id='block_1_51' title="bbox 2219 2029 3813 2102">
    <p class='ocr_par' dir='ltr' id='par_1_51' title="bbox 2219 2029 3813 2102">
     <span class='ocr_line' id='line_1_51' title="bbox 2219 2029 3813 2102; baseline 0.001 -20"><span class='ocrx_word' id='word_1_388' title='bbox 2219 2046 2251 2082; x_wconf 89' lang='lat' dir='ltr'>a</span> <span class='ocrx_word' id='word_1_389' title='bbox 2283 2029 2427 2084; x_wconf 88' lang='lat' dir='ltr'>facie</span> <span class='ocrx_word' id='word_1_390' title='bbox 2459 2046 2589 2085; x_wconf 91' lang='lat' dir='ltr'>mea</span> <span class='ocrx_word' id='word_1_391' title='bbox 2619 2031 2659 2086; x_wconf 75' lang='grc'>³.</span> <span class='ocrx_word' id='word_1_392' title='bbox 2689 2031 2756 2085; x_wconf 91' lang='lat' dir='ltr'>Et</span> <span class='ocrx_word' id='word_1_393' title='bbox 2780 2029 2968 2087; x_wconf 81' lang='lat' dir='ltr'>ﬁdelis</span> <span class='ocrx_word' id='word_1_394' title='bbox 3001 2031 3110 2086; x_wconf 89' lang='lat' dir='ltr'>erit</span> <span class='ocrx_word' id='word_1_395' title='bbox 3141 2032 3360 2087; x_wconf 90' lang='lat' dir='ltr'>domus</span> <span class='ocrx_word' id='word_1_396' title='bbox 3388 2035 3509 2098; x_wconf 89' lang='lat' dir='ltr'>tua,</span> <span class='ocrx_word' id='word_1_397' title='bbox 3532 2035 3586 2086; x_wconf 89' lang='lat' dir='ltr'>et</span> <span class='ocrx_word' id='word_1_398' title='bbox 3614 2046 3813 2102; x_wconf 84' lang='lat' dir='ltr'>regnum</span> 
     </span>
    </p>
   </div>
   <div class='ocr_carea' id='block_1_52' title="bbox 2219 2118 3815 2191">
    <p class='ocr_par' dir='ltr' id='par_1_52' title="bbox 2219 2118 3815 2191">
     <span class='ocr_line' id='line_1_52' title="bbox 2219 2118 3815 2191; baseline 0 -19"><span class='ocrx_word' id='word_1_399' title='bbox 2219 2121 2409 2184; x_wconf 92' lang='lat' dir='ltr'>tuum,</span> <span class='ocrx_word' id='word_1_400' title='bbox 2439 2136 2626 2191; x_wconf 88' lang='lat' dir='ltr'>usque</span> <span class='ocrx_word' id='word_1_401' title='bbox 2650 2121 2710 2176; x_wconf 90' lang='lat' dir='ltr'>in</span> <span class='ocrx_word' id='word_1_402' title='bbox 2735 2125 3015 2176; x_wconf 71' lang='lat' dir='ltr'>aeternum</span> <span class='ocrx_word' id='word_1_403' title='bbox 3043 2125 3178 2176; x_wconf 90' lang='lat' dir='ltr'>ante</span> <span class='ocrx_word' id='word_1_404' title='bbox 3201 2120 3410 2177; x_wconf 84' lang='lat' dir='ltr'>faciem</span> <span class='ocrx_word' id='word_1_405' title='bbox 3433 2127 3608 2187; x_wconf 88' lang='lat' dir='ltr'>tuam,</span> <span class='ocrx_word' id='word_1_406' title='bbox 3631 2125 3682 2175; x_wconf 88' lang='lat' dir='ltr'>et</span> <span class='ocrx_word' id='word_1_407' title='bbox 3697 2118 3815 2173; x_wconf 65' lang='lat' dir='ltr'>thro</span> 
     </span>
    </p>
   </div>
   <div class='ocr_carea' id='block_1_53' title="bbox 2220 2207 3816 2281">
    <p class='ocr_par' dir='ltr' id='par_1_53' title="bbox 2220 2207 3816 2281">
     <span class='ocr_line' id='line_1_53' title="bbox 2220 2207 3816 2281; baseline 0 -21"><span class='ocrx_word' id='word_1_408' title='bbox 2220 2223 2333 2261; x_wconf 88' lang='lat' dir='ltr'>nus</span> <span class='ocrx_word' id='word_1_409' title='bbox 2379 2211 2516 2263; x_wconf 90' lang='lat' dir='ltr'>tuus</span> <span class='ocrx_word' id='word_1_410' title='bbox 2565 2207 2675 2263; x_wconf 86' lang='lat' dir='ltr'>erit</span> <span class='ocrx_word' id='word_1_411' title='bbox 2717 2208 2921 2264; x_wconf 86' lang='lat' dir='ltr'>ﬁrmus</span> <span class='ocrx_word' id='word_1_412' title='bbox 2970 2209 3218 2281; x_wconf 87' lang='lat' dir='ltr'>jugiter.</span> <span class='ocrx_word' id='word_1_413' title='bbox 3279 2210 3606 2265; x_wconf 88' lang='lat' dir='ltr'>Secundum</span> <span class='ocrx_word' id='word_1_414' title='bbox 3659 2207 3816 2262; x_wconf 85' lang='lat' dir='ltr'>omnia</span> 
     </span>
    </p>
   </div>
   <div class='ocr_carea' id='block_1_54' title="bbox 2218 2294 3814 2368">
    <p class='ocr_par' dir='ltr' id='par_1_54' title="bbox 2218 2294 3814 2368">
     <span class='ocr_line' id='line_1_54' title="bbox 2218 2294 3814 2368; baseline -0.001 -19"><span class='ocrx_word' id='word_1_415' title='bbox 2218 2295 2393 2350; x_wconf 85' lang='lat' dir='ltr'>verba</span> <span class='ocrx_word' id='word_1_416' title='bbox 2421 2295 2560 2362; x_wconf 70' lang='lat' dir='ltr'>haec,</span> <span class='ocrx_word' id='word_1_417' title='bbox 2595 2301 2650 2352; x_wconf 89' lang='lat' dir='ltr'>et</span> <span class='ocrx_word' id='word_1_418' title='bbox 2672 2297 2844 2368; x_wconf 85' lang='lat' dir='ltr'>juxta</span> <span class='ocrx_word' id='word_1_419' title='bbox 2875 2313 3210 2354; x_wconf 84' lang='lat' dir='ltr'>universam</span> <span class='ocrx_word' id='word_1_420' title='bbox 3243 2299 3525 2353; x_wconf 77' lang='lat' dir='ltr'>visionem</span> <span class='ocrx_word' id='word_1_421' title='bbox 3557 2297 3728 2362; x_wconf 89' lang='lat' dir='ltr'>istam,</span> <span class='ocrx_word' id='word_1_422' title='bbox 3749 2294 3814 2348; x_wconf 87' lang='lat' dir='ltr'>sic</span> 
     </span>
    </p>
   </div>
   <div class='ocr_carea' id='block_1_55' title="bbox 2217 2383 3815 2457">
    <p class='ocr_par' dir='ltr' id='par_1_55' title="bbox 2217 2383 3815 2457">
     <span class='ocr_line' id='line_1_55' title="bbox 2217 2383 3815 2457; baseline -0.003 -19"><span class='ocrx_word' id='word_1_423' title='bbox 2217 2383 2449 2440; x_wconf 91' lang='lat' dir='ltr'>locutus</span> <span class='ocrx_word' id='word_1_424' title='bbox 2479 2391 2568 2441; x_wconf 89' lang='lat' dir='ltr'>est</span> <span class='ocrx_word' id='word_1_425' title='bbox 2597 2386 2825 2441; x_wconf 88' lang='lat' dir='ltr'>Nathan</span> <span class='ocrx_word' id='word_1_426' title='bbox 2857 2388 2928 2442; x_wconf 91' lang='lat' dir='ltr'>ad</span> <span class='ocrx_word' id='word_1_427' title='bbox 2957 2387 3163 2442; x_wconf 89' lang='lat' dir='ltr'>David.</span> <span class='ocrx_word' id='word_1_428' title='bbox 3197 2391 3280 2450; x_wconf 92' lang='lat' dir='ltr'>(T.</span> <span class='ocrx_word' id='word_1_429' title='bbox 3318 2387 3526 2457; x_wconf 88' lang='lat' dir='ltr'>XCIX.)</span> <span class='ocrx_word' id='word_1_430' title='bbox 3554 2389 3815 2456; x_wconf 76' lang='lat' dir='ltr'>Ingressus</span> 
     </span>
    </p>
   </div>
   <div class='ocr_carea' id='block_1_56' title="bbox 2217 2471 3815 2542">
    <p class='ocr_par' dir='ltr' id='par_1_56' title="bbox 2217 2471 3815 2542">
     <span class='ocr_line' id='line_1_56' title="bbox 2217 2471 3815 2542; baseline -0.003 -14"><span class='ocrx_word' id='word_1_431' title='bbox 2217 2479 2305 2528; x_wconf 89' lang='lat' dir='ltr'>est</span> <span class='ocrx_word' id='word_1_432' title='bbox 2327 2481 2520 2530; x_wconf 88' lang='lat' dir='ltr'>autem</span> <span class='ocrx_word' id='word_1_433' title='bbox 2553 2476 2922 2542; x_wconf 89' lang='lat' dir='ltr'>rexDavid,et</span> <span class='ocrx_word' id='word_1_434' title='bbox 2953 2476 3104 2531; x_wconf 87' lang='lat' dir='ltr'>sedit</span> <span class='ocrx_word' id='word_1_435' title='bbox 3126 2471 3815 2540; x_wconf 85' lang='lat' dir='ltr'>coramDomino,etdixit:</span> 
     </span>
    </p>
   </div>
   <div class='ocr_carea' id='block_1_57' title="bbox 2218 2562 3819 2637">
    <p class='ocr_par' dir='ltr' id='par_1_57' title="bbox 2218 2562 3819 2637">
     <span class='ocr_line' id='line_1_57' title="bbox 2218 2562 3819 2637; baseline 0 -22"><span class='ocrx_word' id='word_1_436' title='bbox 2218 2562 2322 2627; x_wconf 91' lang='lat' dir='ltr'>Qui</span> <span class='ocrx_word' id='word_1_437' title='bbox 2354 2579 2459 2634; x_wconf 88' lang='lat' dir='ltr'>ego</span> <span class='ocrx_word' id='word_1_438' title='bbox 2490 2579 2642 2630; x_wconf 84' lang='lat' dir='ltr'>sum,</span> <span class='ocrx_word' id='word_1_439' title='bbox 2677 2567 2923 2620; x_wconf 88' lang='lat' dir='ltr'>Domine</span> <span class='ocrx_word' id='word_1_440' title='bbox 2952 2565 3128 2634; x_wconf 90' lang='lat' dir='ltr'>Deus,</span> <span class='ocrx_word' id='word_1_441' title='bbox 3163 2573 3220 2620; x_wconf 92' lang='lat' dir='ltr'>et</span> <span class='ocrx_word' id='word_1_442' title='bbox 3251 2582 3387 2637; x_wconf 85' lang='lat' dir='ltr'>quae</span> <span class='ocrx_word' id='word_1_443' title='bbox 3446 2565 3648 2620; x_wconf 89' lang='lat' dir='ltr'>domus</span> <span class='ocrx_word' id='word_1_444' title='bbox 3699 2577 3819 2624; x_wconf 82' lang='lat' dir='ltr'>mea,</span> 
     </span>
    </p>
   </div>
   <div class='ocr_carea' id='block_1_58' title="bbox 2219 2652 3820 2726">
    <p class='ocr_par' dir='ltr' id='par_1_58' title="bbox 2219 2652 3820 2726">
     <span class='ocr_line' id='line_1_58' title="bbox 2219 2652 3820 2726; baseline -0.002 -21"><span class='ocrx_word' id='word_1_445' title='bbox 2219 2652 2357 2722; x_wconf 89' lang='lat' dir='ltr'>quia</span> <span class='ocrx_word' id='word_1_446' title='bbox 2387 2653 2683 2709; x_wconf 76' lang='lat' dir='ltr'>adduxisti</span> <span class='ocrx_word' id='word_1_447' title='bbox 2745 2670 2836 2708; x_wconf 91' lang='lat' dir='ltr'>me</span> <span class='ocrx_word' id='word_1_448' title='bbox 2871 2655 3175 2726; x_wconf 88' lang='lat' dir='ltr'>hucusque</span> <span class='ocrx_word' id='word_1_449' title='bbox 3207 2659 3229 2710; x_wconf 72' lang='grc' dir='ltr'>Ρ</span> <span class='ocrx_word' id='word_1_450' title='bbox 3257 2655 3374 2710; x_wconf 84' lang='lat' dir='ltr'>Sed</span> <span class='ocrx_word' id='word_1_451' title='bbox 3422 2661 3479 2710; x_wconf 88' lang='lat' dir='ltr'>et</span> <span class='ocrx_word' id='word_1_452' title='bbox 3520 2654 3623 2708; x_wconf 89' lang='lat' dir='ltr'>hoc</span> <span class='ocrx_word' id='word_1_453' title='bbox 3653 2664 3820 2722; x_wconf 84' lang='lat' dir='ltr'>parum</span> 
     </span>
    </p>
   </div>
   <div class='ocr_carea' id='block_1_59' title="bbox 2219 2741 3825 2814">
    <p class='ocr_par' dir='ltr' id='par_1_59' title="bbox 2219 2741 3825 2814">
     <span class='ocr_line' id='line_1_59' title="bbox 2219 2741 3825 2814; baseline -0.002 -19"><span class='ocrx_word' id='word_1_454' title='bbox 2219 2741 2413 2796; x_wconf 90' lang='lat' dir='ltr'>visum</span> <span class='ocrx_word' id='word_1_455' title='bbox 2445 2749 2537 2797; x_wconf 87' lang='lat' dir='ltr'>est</span> <span class='ocrx_word' id='word_1_456' title='bbox 2567 2742 2623 2797; x_wconf 92' lang='lat' dir='ltr'>in</span> <span class='ocrx_word' id='word_1_457' title='bbox 2659 2749 2974 2814; x_wconf 78' lang='lat' dir='ltr'>conspectu</span> <span class='ocrx_word' id='word_1_458' title='bbox 3008 2749 3109 2799; x_wconf 89' lang='lat' dir='ltr'>tuo</span> <span class='ocrx_word' id='word_1_459' title='bbox 3141 2745 3222 2814; x_wconf 89' lang='lat' dir='ltr'>(b.</span> <span class='ocrx_word' id='word_1_460' title='bbox 3257 2744 3322 2799; x_wconf 88' lang='lat' dir='ltr'>in</span> <span class='ocrx_word' id='word_1_461' title='bbox 3353 2744 3538 2799; x_wconf 90' lang='lat' dir='ltr'>oculis</span> <span class='ocrx_word' id='word_1_462' title='bbox 3567 2742 3714 2808; x_wconf 85' lang='lat' dir='ltr'>tuis),</span> <span class='ocrx_word' id='word_1_463' title='bbox 3744 2744 3825 2792; x_wconf 88' lang='lat' dir='ltr'>Do-</span> 
     </span>
    </p>
   </div>
   <div class='ocr_carea' id='block_1_60' title="bbox 2221 2828 3823 2903">
    <p class='ocr_par' dir='ltr' id='par_1_60' title="bbox 2221 2828 3823 2903">
     <span class='ocr_line' id='line_1_60' title="bbox 2221 2828 3823 2903; baseline -0.005 -17"><span class='ocrx_word' id='word_1_464' title='bbox 2221 2831 2379 2886; x_wconf 88' lang='lat' dir='ltr'>mine</span> <span class='ocrx_word' id='word_1_465' title='bbox 2415 2833 2586 2900; x_wconf 90' lang='lat' dir='ltr'>Deus,</span> <span class='ocrx_word' id='word_1_466' title='bbox 2609 2831 2721 2886; x_wconf 91' lang='lat' dir='ltr'>nisi</span> <span class='ocrx_word' id='word_1_467' title='bbox 2752 2831 3010 2903; x_wconf 89' lang='lat' dir='ltr'>loqueris</span> <span class='ocrx_word' id='word_1_468' title='bbox 3043 2835 3218 2888; x_wconf 87' lang='lat' dir='ltr'>etiam</span> <span class='ocrx_word' id='word_1_469' title='bbox 3235 2834 3310 2888; x_wconf 91' lang='lat' dir='ltr'>de</span> <span class='ocrx_word' id='word_1_470' title='bbox 3329 2834 3504 2888; x_wconf 91' lang='lat' dir='ltr'>domo</span> <span class='ocrx_word' id='word_1_471' title='bbox 3535 2831 3671 2887; x_wconf 87' lang='lat' dir='ltr'>servi</span> <span class='ocrx_word' id='word_1_472' title='bbox 3701 2828 3823 2883; x_wconf 89' lang='lat' dir='ltr'>tniin</span> 
     </span>
    </p>
   </div>
   <div class='ocr_carea' id='block_1_61' title="bbox 2217 2915 3828 2995">
    <p class='ocr_par' dir='ltr' id='par_1_61' title="bbox 2217 2915 3828 2995">
     <span class='ocr_line' id='line_1_61' title="bbox 2217 2915 3828 2995; baseline 0.001 -19"><span class='ocrx_word' id='word_1_473' title='bbox 2217 2921 2606 2994; x_wconf 86' lang='lat' dir='ltr'>longinquum</span> <span class='ocrx_word' id='word_1_474' title='bbox 2636 2943 2650 2990; x_wconf 89' lang='lat'><strong>;</strong></span> <span class='ocrx_word' id='word_1_475' title='bbox 2683 2923 2798 2978; x_wconf 88' lang='lat' dir='ltr'>ista</span> <span class='ocrx_word' id='word_1_476' title='bbox 2830 2929 2919 2978; x_wconf 90' lang='lat' dir='ltr'>est</span> <span class='ocrx_word' id='word_1_477' title='bbox 2947 2924 3104 2978; x_wconf 90' lang='lat' dir='ltr'>enim</span> <span class='ocrx_word' id='word_1_478' title='bbox 3135 2923 3228 2979; x_wconf 85' lang='lat' dir='ltr'>lex</span> <span class='ocrx_word' id='word_1_479' title='bbox 3251 2926 3441 2980; x_wconf 88' lang='lat' dir='ltr'>Adam</span> <span class='ocrx_word' id='word_1_480' title='bbox 3467 2923 3547 2995; x_wconf 89' lang='lat' dir='ltr'>(h.</span> <span class='ocrx_word' id='word_1_481' title='bbox 3572 2915 3828 2985; x_wconf 77' lang='lat' dir='ltr'>hominis].</span> 
     </span>
    </p>
   </div>
   <div class='ocr_carea' id='block_1_62' title="bbox 2219 3006 3828 3085">
    <p class='ocr_par' dir='ltr' id='par_1_62' title="bbox 2219 3006 3828 3085">
     <span class='ocr_line' id='line_1_62' title="bbox 2219 3006 3828 3085; baseline -0.005 -19"><span class='ocrx_word' id='word_1_482' title='bbox 2219 3011 2462 3066; x_wconf 90' lang='lat' dir='ltr'>Demine</span> <span class='ocrx_word' id='word_1_483' title='bbox 2493 3011 2667 3068; x_wconf 86' lang='lat' dir='ltr'>Deus.</span> <span class='ocrx_word' id='word_1_484' title='bbox 2701 3012 2849 3076; x_wconf 88' lang='lat' dir='ltr'>Quid</span> <span class='ocrx_word' id='word_1_485' title='bbox 2869 3029 3005 3080; x_wconf 84' lang='lat' dir='ltr'>ergo</span> <span class='ocrx_word' id='word_1_486' title='bbox 3021 3013 3234 3068; x_wconf 88' lang='lat' dir='ltr'>addere</span> <span class='ocrx_word' id='word_1_487' title='bbox 3250 3006 3828 3085; x_wconf 80' lang='lat' dir='ltr'>poteritadhucDavid,</span> 
     </span>
    </p>
   </div>
   <div class='ocr_carea' id='block_1_63' title="bbox 2223 3097 3828 3172">
    <p class='ocr_par' dir='ltr' id='par_1_63' title="bbox 2223 3097 3828 3172">
     <span class='ocr_line' id='line_1_63' title="bbox 2223 3097 3828 3172; baseline -0.002 -17"><span class='ocrx_word' id='word_1_488' title='bbox 2223 3107 2284 3155; x_wconf 90' lang='lat' dir='ltr'>ut</span> <span class='ocrx_word' id='word_1_489' title='bbox 2305 3099 2580 3172; x_wconf 87' lang='lat' dir='ltr'>loquatur</span> <span class='ocrx_word' id='word_1_490' title='bbox 2610 3103 2677 3156; x_wconf 88' lang='lat' dir='ltr'>ad</span> <span class='ocrx_word' id='word_1_491' title='bbox 2710 3101 2810 3156; x_wconf 88' lang='lat' dir='ltr'>te?</span> <span class='ocrx_word' id='word_1_492' title='bbox 2841 3103 2925 3157; x_wconf 91' lang='lat' dir='ltr'>Tu</span> <span class='ocrx_word' id='word_1_493' title='bbox 2953 3103 3109 3157; x_wconf 90' lang='lat' dir='ltr'>enim</span> <span class='ocrx_word' id='word_1_494' title='bbox 3133 3103 3252 3158; x_wconf 90' lang='lat' dir='ltr'>scis</span> <span class='ocrx_word' id='word_1_495' title='bbox 3276 3119 3515 3158; x_wconf 87' lang='lat' dir='ltr'>servum</span> <span class='ocrx_word' id='word_1_496' title='bbox 3541 3108 3716 3162; x_wconf 87' lang='lat' dir='ltr'>tuum,</span> <span class='ocrx_word' id='word_1_497' title='bbox 3745 3097 3828 3151; x_wconf 83' lang='lat' dir='ltr'>Do-</span> 
     </span>
    </p>
   </div>
   <div class='ocr_carea' id='block_1_64' title="bbox 463 3161 3827 3262">
    <p class='ocr_par' dir='ltr' id='par_1_64' title="bbox 463 3161 3827 3262">
     <span class='ocr_line' id='line_1_64' title="bbox 463 3161 3827 3262; baseline -0.003 -18"><span class='ocrx_word' id='word_1_498' title='bbox 463 3161 760 3258; x_wconf 75' lang='lat' dir='ltr'>tuo,vade,</span> <span class='ocrx_word' id='word_1_499' title='bbox 789 3190 911 3244; x_wconf 86' lang='lat' dir='ltr'>fac:</span> <span class='ocrx_word' id='word_1_500' title='bbox 938 3161 1720 3259; x_wconf 45' lang='lat' dir='ltr'>quiaDominustecum-est.</span> <span class='ocrx_word' id='word_1_501' title='bbox 1747 3186 2108 3259; x_wconf 83' lang='lat' dir='ltr'>(T.XCVIlI.)</span> <span class='ocrx_word' id='word_1_502' title='bbox 2140 3161 2182 3228; x_wconf 63' lang='grc' dir='ltr'><strong>θ·</strong></span> <span class='ocrx_word' id='word_1_503' title='bbox 2223 3161 2555 3244; x_wconf 46' lang='grc' dir='ltr'>ΥΠῘΠΟ⁴ΒΘΠΒ</span> <span class='ocrx_word' id='word_1_504' title='bbox 2587 3189 2669 3260; x_wconf 92' lang='lat' dir='ltr'>(h.</span> <span class='ocrx_word' id='word_1_505' title='bbox 2705 3189 2967 3246; x_wconf 91' lang='lat' dir='ltr'>Domine.</span> <span class='ocrx_word' id='word_1_506' title='bbox 3005 3191 3299 3260; x_wconf 90' lang='lat' dir='ltr'>Domine.)</span> <span class='ocrx_word' id='word_1_507' title='bbox 3328 3196 3575 3262; x_wconf 88' lang='lat' dir='ltr'>Propter</span> <span class='ocrx_word' id='word_1_508' title='bbox 3628 3186 3827 3242; x_wconf 84' lang='lat' dir='ltr'>verbum</span> 
     </span>
    </p>
   </div>
   <div class='ocr_carea' id='block_1_65' title="bbox 459 3277 2108 3342">
    <p class='ocr_par' dir='ltr' id='par_1_65' title="bbox 459 3277 2108 3342">
     <span class='ocr_line' id='line_1_65' title="bbox 459 3277 2108 3342; baseline -0.001 -10"><span class='ocrx_word' id='word_1_509' title='bbox 459 3277 699 3333; x_wconf 84' lang='lat' dir='ltr'>Factum</span> <span class='ocrx_word' id='word_1_510' title='bbox 732 3283 822 3332; x_wconf 92' lang='lat' dir='ltr'>est</span> <span class='ocrx_word' id='word_1_511' title='bbox 855 3283 1048 3333; x_wconf 88' lang='lat' dir='ltr'>autem</span> <span class='ocrx_word' id='word_1_512' title='bbox 1099 3278 1157 3330; x_wconf 92' lang='lat' dir='ltr'>in</span> <span class='ocrx_word' id='word_1_513' title='bbox 1215 3277 1318 3332; x_wconf 81' lang='lat' dir='ltr'>illa</span> <span class='ocrx_word' id='word_1_514' title='bbox 1370 3282 1556 3342; x_wconf 88' lang='lat' dir='ltr'>nocte,</span> <span class='ocrx_word' id='word_1_515' title='bbox 1617 3282 1671 3331; x_wconf 87' lang='lat' dir='ltr'>et</span> <span class='ocrx_word' id='word_1_516' title='bbox 1728 3292 1858 3332; x_wconf 85' lang='lat' dir='ltr'>ecce</span> <span class='ocrx_word' id='word_1_517' title='bbox 1917 3293 2108 3332; x_wconf 89' lang='lat' dir='ltr'>sermo</span> 
     </span>
    </p>
   </div>
   <div class='ocr_carea' id='block_1_66' title="bbox 460 3365 2107 3434">
    <p class='ocr_par' dir='ltr' id='par_1_66' title="bbox 460 3365 2107 3434">
     <span class='ocr_line' id='line_1_66' title="bbox 460 3365 2107 3434; baseline -0.002 -13"><span class='ocrx_word' id='word_1_518' title='bbox 460 3366 692 3422; x_wconf 89' lang='lat' dir='ltr'>Domini</span> <span class='ocrx_word' id='word_1_519' title='bbox 725 3367 794 3421; x_wconf 92' lang='lat' dir='ltr'>ad</span> <span class='ocrx_word' id='word_1_520' title='bbox 824 3366 1073 3433; x_wconf 88' lang='lat' dir='ltr'>Nathan,</span> <span class='ocrx_word' id='word_1_521' title='bbox 1109 3365 1343 3421; x_wconf 89' lang='lat' dir='ltr'>dicens:</span> <span class='ocrx_word' id='word_1_522' title='bbox 1377 3366 1536 3420; x_wconf 87' lang='lat' dir='ltr'>Vade</span> <span class='ocrx_word' id='word_1_523' title='bbox 1554 3369 1610 3419; x_wconf 87' lang='lat' dir='ltr'>et</span> <span class='ocrx_word' id='word_1_524' title='bbox 1637 3365 1871 3434; x_wconf 85' lang='lat' dir='ltr'>loquere</span> <span class='ocrx_word' id='word_1_525' title='bbox 1895 3365 1962 3419; x_wconf 89' lang='lat' dir='ltr'>ad</span> <span class='ocrx_word' id='word_1_526' title='bbox 1990 3381 2107 3420; x_wconf 90' lang='lat' dir='ltr'>ser-</span> 
     </span>
    </p>
   </div>
   <div class='ocr_carea' id='block_1_67' title="bbox 455 3453 2103 3524">
    <p class='ocr_par' dir='ltr' id='par_1_67' title="bbox 455 3453 2103 3524">
     <span class='ocr_line' id='line_1_67' title="bbox 455 3453 2103 3524; baseline -0.002 -15"><span class='ocrx_word' id='word_1_527' title='bbox 455 3472 591 3510; x_wconf 93' lang='lat' dir='ltr'>vum</span> <span class='ocrx_word' id='word_1_528' title='bbox 626 3471 821 3510; x_wconf 91' lang='lat' dir='ltr'>meum</span> <span class='ocrx_word' id='word_1_529' title='bbox 860 3454 1030 3508; x_wconf 85' lang='lat' dir='ltr'>David</span> <span class='ocrx_word' id='word_1_530' title='bbox 1060 3455 1216 3509; x_wconf 70' lang='lat' dir='ltr'>:Haac</span> <span class='ocrx_word' id='word_1_531' title='bbox 1239 3453 1678 3509; x_wconf 87' lang='lat' dir='ltr'>dicitDominus</span> <span class='ocrx_word' id='word_1_532' title='bbox 1705 3469 1717 3507; x_wconf 92' lang='lat'>:</span> <span class='ocrx_word' id='word_1_533' title='bbox 1742 3453 2019 3524; x_wconf 91' lang='lat' dir='ltr'>Nunquid</span> <span class='ocrx_word' id='word_1_534' title='bbox 2043 3459 2103 3506; x_wconf 91' lang='lat' dir='ltr'>tu</span> 
     </span>
    </p>
   </div>
   <div class='ocr_carea' id='block_1_68' title="bbox 455 3541 2102 3612">
    <p class='ocr_par' dir='ltr' id='par_1_68' title="bbox 455 3541 2102 3612">
     <span class='ocr_line' id='line_1_68' title="bbox 455 3541 2102 3612; baseline -0.002 -12"><span class='ocrx_word' id='word_1_535' title='bbox 455 3543 775 3600; x_wconf 70' lang='lat' dir='ltr'>aedilicabis</span> <span class='ocrx_word' id='word_1_536' title='bbox 792 3542 934 3598; x_wconf 89' lang='lat' dir='ltr'>mihi</span> <span class='ocrx_word' id='word_1_537' title='bbox 950 3543 1191 3598; x_wconf 89' lang='lat' dir='ltr'>domum</span> <span class='ocrx_word' id='word_1_538' title='bbox 1215 3543 1284 3596; x_wconf 91' lang='lat' dir='ltr'>ad</span> <span class='ocrx_word' id='word_1_539' title='bbox 1307 3541 1690 3597; x_wconf 87' lang='lat' dir='ltr'>habitandum</span> <span class='ocrx_word' id='word_1_540' title='bbox 1707 3541 1929 3612; x_wconf 87' lang='lat' dir='ltr'>?Neque</span> <span class='ocrx_word' id='word_1_541' title='bbox 1946 3543 2102 3597; x_wconf 91' lang='lat' dir='ltr'>enim</span> 
     </span>
    </p>
   </div>
   <div class='ocr_carea' id='block_1_69' title="bbox 457 3629 2102 3701">
    <p class='ocr_par' dir='ltr' id='par_1_69' title="bbox 457 3629 2102 3701">
     <span class='ocr_line' id='line_1_69' title="bbox 457 3629 2102 3701; baseline -0.002 -13"><span class='ocrx_word' id='word_1_542' title='bbox 457 3633 712 3688; x_wconf 86' lang='lat' dir='ltr'>habitavi</span> <span class='ocrx_word' id='word_1_543' title='bbox 739 3634 794 3686; x_wconf 90' lang='lat' dir='ltr'>in</span> <span class='ocrx_word' id='word_1_544' title='bbox 810 3632 983 3687; x_wconf 90' lang='lat' dir='ltr'>domo</span> <span class='ocrx_word' id='word_1_545' title='bbox 1003 3647 1071 3686; x_wconf 89' lang='lat' dir='ltr'>ex</span> <span class='ocrx_word' id='word_1_546' title='bbox 1085 3631 1178 3686; x_wconf 91' lang='lat' dir='ltr'>die</span> <span class='ocrx_word' id='word_1_547' title='bbox 1193 3630 1434 3701; x_wconf 90' lang='lat' dir='ltr'>illa,qua</span> <span class='ocrx_word' id='word_1_548' title='bbox 1450 3630 1622 3684; x_wconf 80' lang='lat' dir='ltr'>eduxi</span> <span class='ocrx_word' id='word_1_549' title='bbox 1644 3629 1817 3686; x_wconf 71' lang='lat' dir='ltr'>&#39;filios</span> <span class='ocrx_word' id='word_1_550' title='bbox 1833 3630 2006 3686; x_wconf 88' lang='lat' dir='ltr'>Israel</span> <span class='ocrx_word' id='word_1_551' title='bbox 2034 3631 2102 3685; x_wconf 90' lang='lat' dir='ltr'>de</span> 
     </span>
    </p>
   </div>
   <div class='ocr_carea' id='block_1_70' title="bbox 456 3719 2101 3793">
    <p class='ocr_par' dir='ltr' id='par_1_70' title="bbox 456 3719 2101 3793">
     <span class='ocr_line' id='line_1_70' title="bbox 456 3719 2101 3793; baseline -0.002 -15"><span class='ocrx_word' id='word_1_552' title='bbox 456 3731 608 3778; x_wconf 88' lang='lat' dir='ltr'>terra</span> <span class='ocrx_word' id='word_1_553' title='bbox 628 3721 877 3793; x_wconf 62' lang='lat' dir='ltr'>Egypti,</span> <span class='ocrx_word' id='word_1_554' title='bbox 903 3737 1090 3791; x_wconf 90' lang='lat' dir='ltr'>usque</span> <span class='ocrx_word' id='word_1_555' title='bbox 1122 3721 1182 3774; x_wconf 90' lang='lat' dir='ltr'>in</span> <span class='ocrx_word' id='word_1_556' title='bbox 1214 3721 1364 3774; x_wconf 91' lang='lat' dir='ltr'>diem</span> <span class='ocrx_word' id='word_1_557' title='bbox 1381 3719 1530 3774; x_wconf 87' lang='lat' dir='ltr'>hanc</span> <span class='ocrx_word' id='word_1_558' title='bbox 1556 3737 1567 3775; x_wconf 91' lang='lat'><strong>:</strong></span> <span class='ocrx_word' id='word_1_559' title='bbox 1594 3719 1692 3774; x_wconf 88' lang='lat' dir='ltr'>sed</span> <span class='ocrx_word' id='word_1_560' title='bbox 1723 3719 2101 3776; x_wconf 87' lang='lat' dir='ltr'>ambulabam</span> 
     </span>
    </p>
   </div>
   <div class='ocr_carea' id='block_1_71' title="bbox 450 3798 2101 3880">
    <p class='ocr_par' dir='ltr' id='par_1_71' title="bbox 450 3798 2101 3880">
     <span class='ocr_line' id='line_1_71' title="bbox 450 3798 2101 3880; baseline -0.001 -14"><span class='ocrx_word' id='word_1_561' title='bbox 450 3811 510 3866; x_wconf 89' lang='lat' dir='ltr'>in</span> <span class='ocrx_word' id='word_1_562' title='bbox 542 3798 942 3874; x_wconf 85' lang='lat' dir='ltr'>tabernaculo,</span> <span class='ocrx_word' id='word_1_563' title='bbox 974 3813 1032 3864; x_wconf 91' lang='lat' dir='ltr'>et</span> <span class='ocrx_word' id='word_1_564' title='bbox 1061 3808 1119 3863; x_wconf 90' lang='lat' dir='ltr'>in</span> <span class='ocrx_word' id='word_1_565' title='bbox 1143 3807 1415 3864; x_wconf 89' lang='lat' dir='ltr'>tentorio.</span> <span class='ocrx_word' id='word_1_566' title='bbox 1441 3812 1549 3863; x_wconf 88' lang='lat' dir='ltr'>Per</span> <span class='ocrx_word' id='word_1_567' title='bbox 1570 3813 1782 3863; x_wconf 83' lang='lat' dir='ltr'>cuncta</span> <span class='ocrx_word' id='word_1_568' title='bbox 1805 3807 1949 3877; x_wconf 91' lang='lat' dir='ltr'>loca,</span> <span class='ocrx_word' id='word_1_569' title='bbox 1973 3826 2101 3880; x_wconf 83' lang='lat' dir='ltr'>quae</span> 
     </span>
    </p>
   </div>
   <div class='ocr_carea' id='block_1_72' title="bbox 455 3896 2099 3969">
    <p class='ocr_par' dir='ltr' id='par_1_72' title="bbox 455 3896 2099 3969">
     <span class='ocr_line' id='line_1_72' title="bbox 455 3896 2099 3969; baseline -0.001 -13"><span class='ocrx_word' id='word_1_570' title='bbox 455 3900 698 3956; x_wconf 88' lang='lat' dir='ltr'>transivi</span> <span class='ocrx_word' id='word_1_571' title='bbox 719 3916 852 3955; x_wconf 91' lang='lat' dir='ltr'>cum</span> <span class='ocrx_word' id='word_1_572' title='bbox 884 3899 1162 3953; x_wconf 90' lang='lat' dir='ltr'>omnibus</span> <span class='ocrx_word' id='word_1_573' title='bbox 1185 3896 1321 3953; x_wconf 86' lang='lat' dir='ltr'>filiis</span> <span class='ocrx_word' id='word_1_574' title='bbox 1338 3897 1537 3964; x_wconf 89' lang='lat' dir='ltr'>Israel,</span> <span class='ocrx_word' id='word_1_575' title='bbox 1564 3897 1828 3968; x_wconf 90' lang='lat' dir='ltr'>nunquid</span> <span class='ocrx_word' id='word_1_576' title='bbox 1853 3896 2099 3969; x_wconf 89' lang='lat' dir='ltr'>loquens</span> 
     </span>
    </p>
   </div>
   <div class='ocr_carea' id='block_1_73' title="bbox 449 3987 2100 4060">
    <p class='ocr_par' dir='ltr' id='par_1_73' title="bbox 449 3987 2100 4060">
     <span class='ocr_line' id='line_1_73' title="bbox 449 3987 2100 4060; baseline -0.001 -16"><span class='ocrx_word' id='word_1_577' title='bbox 449 3988 682 4044; x_wconf 89' lang='lat' dir='ltr'>locutus</span> <span class='ocrx_word' id='word_1_578' title='bbox 713 4005 844 4044; x_wconf 91' lang='lat' dir='ltr'>sum</span> <span class='ocrx_word' id='word_1_579' title='bbox 879 3988 949 4043; x_wconf 89' lang='lat' dir='ltr'>ad</span> <span class='ocrx_word' id='word_1_580' title='bbox 985 4004 1161 4042; x_wconf 89' lang='lat' dir='ltr'>unam</span> <span class='ocrx_word' id='word_1_581' title='bbox 1195 3987 1265 4042; x_wconf 89' lang='lat' dir='ltr'>de</span> <span class='ocrx_word' id='word_1_582' title='bbox 1298 3987 1570 4043; x_wconf 83' lang='lat' dir='ltr'>tribubus</span> <span class='ocrx_word' id='word_1_583' title='bbox 1602 3987 1802 4054; x_wconf 88' lang='lat' dir='ltr'>Israel,</span> <span class='ocrx_word' id='word_1_584' title='bbox 1835 3987 1926 4043; x_wconf 92' lang='lat' dir='ltr'>cui</span> <span class='ocrx_word' id='word_1_585' title='bbox 1959 4005 2100 4060; x_wconf 69' lang='lat' dir='ltr'>pree-</span> 
     </span>
    </p>
   </div>
   <div class='ocr_carea' id='block_1_74' title="bbox 451 4075 2094 4149">
    <p class='ocr_par' dir='ltr' id='par_1_74' title="bbox 451 4075 2094 4149">
     <span class='ocr_line' id='line_1_74' title="bbox 451 4075 2094 4149; baseline -0.001 -16"><span class='ocrx_word' id='word_1_586' title='bbox 451 4078 602 4149; x_wconf 89' lang='lat' dir='ltr'>cepit</span> <span class='ocrx_word' id='word_1_587' title='bbox 635 4083 697 4132; x_wconf 86' lang='lat' dir='ltr'>ut</span> <span class='ocrx_word' id='word_1_588' title='bbox 729 4081 988 4149; x_wconf 87' lang='lat' dir='ltr'>pasceret</span> <span class='ocrx_word' id='word_1_589' title='bbox 1021 4075 1302 4149; x_wconf 85' lang='lat' dir='ltr'>pepulum</span> <span class='ocrx_word' id='word_1_590' title='bbox 1359 4093 1551 4132; x_wconf 90' lang='lat' dir='ltr'>meum</span> <span class='ocrx_word' id='word_1_591' title='bbox 1596 4077 1796 4144; x_wconf 87' lang='lat' dir='ltr'>Israel,</span> <span class='ocrx_word' id='word_1_592' title='bbox 1856 4077 2094 4133; x_wconf 89' lang='lat' dir='ltr'>dicens:</span> 
     </span>
    </p>
   </div>
   <div class='ocr_carea' id='block_1_75' title="bbox 449 4165 2097 4233">
    <p class='ocr_par' dir='ltr' id='par_1_75' title="bbox 449 4165 2097 4233">
     <span class='ocr_line' id='line_1_75' title="bbox 449 4165 2097 4233; baseline -0.001 -11"><span class='ocrx_word' id='word_1_593' title='bbox 449 4169 636 4233; x_wconf 87' lang='lat' dir='ltr'>Quare</span> <span class='ocrx_word' id='word_1_594' title='bbox 651 4165 1104 4221; x_wconf 69' lang='lat' dir='ltr'>nonmdificastis</span> <span class='ocrx_word' id='word_1_595' title='bbox 1119 4165 1516 4220; x_wconf 89' lang='lat' dir='ltr'>mihidomum</span> <span class='ocrx_word' id='word_1_596' title='bbox 1532 4165 1930 4220; x_wconf 83' lang='lat' dir='ltr'>cedrinam?Et</span> <span class='ocrx_word' id='word_1_597' title='bbox 1945 4183 2097 4221; x_wconf 89' lang='lat' dir='ltr'>nunc</span> 
     </span>
    </p>
   </div>
   <div class='ocr_carea' id='block_1_76' title="bbox 450 4253 2092 4311">
    <p class='ocr_par' dir='ltr' id='par_1_76' title="bbox 450 4253 2092 4311">
     <span class='ocr_line' id='line_1_76' title="bbox 450 4253 2092 4311; baseline 0 -1"><span class='ocrx_word' id='word_1_598' title='bbox 450 4256 570 4311; x_wconf 84' lang='lat' dir='ltr'>haec</span> <span class='ocrx_word' id='word_1_599' title='bbox 593 4257 751 4310; x_wconf 88' lang='lat' dir='ltr'>dices</span> <span class='ocrx_word' id='word_1_600' title='bbox 785 4272 951 4311; x_wconf 89' lang='lat' dir='ltr'>servo</span> <span class='ocrx_word' id='word_1_601' title='bbox 986 4253 1294 4310; x_wconf 82' lang='lat' dir='ltr'>meoDavid</span> <span class='ocrx_word' id='word_1_602' title='bbox 1321 4254 2092 4310; x_wconf 68' lang='lat' dir='ltr'>:HaacdicitDominusexer-</span> 
     </span>
    </p>
   </div>
   <div class='ocr_carea' id='block_1_77' title="bbox 449 4342 2088 4417">
    <p class='ocr_par' dir='ltr' id='par_1_77' title="bbox 449 4342 2088 4417">
     <span class='ocr_line' id='line_1_77' title="bbox 449 4342 2088 4417; baseline 0.001 -18"><span class='ocrx_word' id='word_1_603' title='bbox 449 4345 714 4400; x_wconf 87' lang='lat' dir='ltr'>cituum:</span> <span class='ocrx_word' id='word_1_604' title='bbox 742 4345 860 4416; x_wconf 91' lang='lat' dir='ltr'>Ego</span> <span class='ocrx_word' id='word_1_605' title='bbox 892 4342 996 4398; x_wconf 92' lang='lat' dir='ltr'>tuli</span> <span class='ocrx_word' id='word_1_606' title='bbox 1021 4348 1079 4398; x_wconf 90' lang='lat' dir='ltr'>te</span> <span class='ocrx_word' id='word_1_607' title='bbox 1109 4345 1176 4398; x_wconf 91' lang='lat' dir='ltr'>de</span> <span class='ocrx_word' id='word_1_608' title='bbox 1208 4343 1439 4414; x_wconf 86' lang='lat' dir='ltr'>pascuis</span> <span class='ocrx_word' id='word_1_609' title='bbox 1461 4350 1801 4414; x_wconf 89' lang='lat' dir='ltr'>sequentem</span> <span class='ocrx_word' id='word_1_610' title='bbox 1832 4360 2088 4417; x_wconf 88' lang='lat' dir='ltr'>gregem,</span> 
     </span>
    </p>
   </div>
   <div class='ocr_carea' id='block_1_78' title="bbox 449 4431 2092 4505">
    <p class='ocr_par' dir='ltr' id='par_1_78' title="bbox 449 4431 2092 4505">
     <span class='ocr_line' id='line_1_78' title="bbox 449 4431 2092 4505; baseline 0.001 -17"><span class='ocrx_word' id='word_1_611' title='bbox 449 4439 514 4489; x_wconf 90' lang='lat' dir='ltr'>ut</span> <span class='ocrx_word' id='word_1_612' title='bbox 543 4451 704 4489; x_wconf 89' lang='lat' dir='ltr'>esses</span> <span class='ocrx_word' id='word_1_613' title='bbox 734 4434 851 4488; x_wconf 86' lang='lat' dir='ltr'>dux</span> <span class='ocrx_word' id='word_1_614' title='bbox 872 4449 1050 4505; x_wconf 83' lang='lat' dir='ltr'>super</span> <span class='ocrx_word' id='word_1_615' title='bbox 1081 4431 1363 4504; x_wconf 89' lang='lat' dir='ltr'>populum</span> <span class='ocrx_word' id='word_1_616' title='bbox 1398 4449 1592 4487; x_wconf 87' lang='lat' dir='ltr'>meum</span> <span class='ocrx_word' id='word_1_617' title='bbox 1628 4432 1825 4503; x_wconf 89' lang='lat' dir='ltr'>Israel,</span> <span class='ocrx_word' id='word_1_618' title='bbox 1877 4440 1933 4489; x_wconf 90' lang='lat' dir='ltr'>et</span> <span class='ocrx_word' id='word_1_619' title='bbox 1983 4435 2092 4490; x_wconf 90' lang='lat' dir='ltr'>fuit</span> 
     </span>
    </p>
   </div>
   <div class='ocr_carea' id='block_1_79' title="bbox 2215 3273 3835 3346">
    <p class='ocr_par' dir='ltr' id='par_1_79' title="bbox 2215 3273 3835 3346">
     <span class='ocr_line' id='line_1_79' title="bbox 2215 3273 3835 3346; baseline -0.004 -14"><span class='ocrx_word' id='word_1_620' title='bbox 2215 3282 2470 3346; x_wconf 90' lang='lat' dir='ltr'>tuum,et</span> <span class='ocrx_word' id='word_1_621' title='bbox 2494 3279 2819 3334; x_wconf 88' lang='lat' dir='ltr'>secundum</span> <span class='ocrx_word' id='word_1_622' title='bbox 2837 3296 2934 3334; x_wconf 92' lang='lat' dir='ltr'>cor</span> <span class='ocrx_word' id='word_1_623' title='bbox 2951 3285 3118 3334; x_wconf 91' lang='lat' dir='ltr'>tuum</span> <span class='ocrx_word' id='word_1_624' title='bbox 3145 3280 3337 3336; x_wconf 81' lang='lat' dir='ltr'>fecisti</span> <span class='ocrx_word' id='word_1_625' title='bbox 3365 3280 3568 3336; x_wconf 87' lang='lat' dir='ltr'>omnia</span> <span class='ocrx_word' id='word_1_626' title='bbox 3589 3273 3835 3346; x_wconf 84' lang='lat' dir='ltr'>magnalia</span> 
     </span>
    </p>
   </div>
   <div class='ocr_carea' id='block_1_80' title="bbox 2215 3367 3832 3436">
    <p class='ocr_par' dir='ltr' id='par_1_80' title="bbox 2215 3367 3832 3436">
     <span class='ocr_line' id='line_1_80' title="bbox 2215 3367 3832 3436; baseline -0.003 -14"><span class='ocrx_word' id='word_1_627' title='bbox 2215 3367 2360 3436; x_wconf 67' lang='lat' dir='ltr'>haec,</span> <span class='ocrx_word' id='word_1_628' title='bbox 2394 3369 2473 3422; x_wconf 88' lang='lat' dir='ltr'>ita</span> <span class='ocrx_word' id='word_1_629' title='bbox 2514 3373 2578 3422; x_wconf 91' lang='lat' dir='ltr'>ut</span> <span class='ocrx_word' id='word_1_630' title='bbox 2607 3373 2813 3422; x_wconf 91' lang='lat' dir='ltr'>notum</span> <span class='ocrx_word' id='word_1_631' title='bbox 2847 3368 3066 3423; x_wconf 87' lang='lat' dir='ltr'>faceres</span> <span class='ocrx_word' id='word_1_632' title='bbox 3099 3385 3263 3425; x_wconf 88' lang='lat' dir='ltr'>servo</span> <span class='ocrx_word' id='word_1_633' title='bbox 3293 3375 3423 3424; x_wconf 92' lang='lat' dir='ltr'>tuo.</span> <span class='ocrx_word' id='word_1_634' title='bbox 3479 3367 3688 3424; x_wconf 89' lang='lat' dir='ltr'>Idcirco</span> <span class='ocrx_word' id='word_1_635' title='bbox 3733 3377 3832 3417; x_wconf 82' lang='lat' dir='ltr'>ma-</span> 
     </span>
    </p>
   </div>
   <div class='ocr_carea' id='block_1_81' title="bbox 2215 3451 3833 3528">
    <p class='ocr_par' dir='ltr' id='par_1_81' title="bbox 2215 3451 3833 3528">
     <span class='ocr_line' id='line_1_81' title="bbox 2215 3451 3833 3528; baseline 0 -18"><span class='ocrx_word' id='word_1_636' title='bbox 2215 3457 2530 3528; x_wconf 82' lang='lat' dir='ltr'>gniﬁcatus</span> <span class='ocrx_word' id='word_1_637' title='bbox 2561 3474 2642 3523; x_wconf 90' lang='lat' dir='ltr'>es,</span> <span class='ocrx_word' id='word_1_638' title='bbox 2679 3457 2918 3512; x_wconf 89' lang='lat' dir='ltr'>Domine</span> <span class='ocrx_word' id='word_1_639' title='bbox 2946 3459 3094 3513; x_wconf 89' lang='lat' dir='ltr'>Deus</span> <span class='ocrx_word' id='word_1_640' title='bbox 3125 3458 3208 3528; x_wconf 87' lang='lat' dir='ltr'>(b.</span> <span class='ocrx_word' id='word_1_641' title='bbox 3238 3459 3517 3526; x_wconf 88' lang='lat' dir='ltr'>Domine,</span> <span class='ocrx_word' id='word_1_642' title='bbox 3542 3451 3833 3513; x_wconf 59' lang='lat' dir='ltr'>Domine“).</span> 
     </span>
    </p>
   </div>
   <div class='ocr_carea' id='block_1_82' title="bbox 2217 3545 3834 3618">
    <p class='ocr_par' dir='ltr' id='par_1_82' title="bbox 2217 3545 3834 3618">
     <span class='ocr_line' id='line_1_82' title="bbox 2217 3545 3834 3618; baseline -0.006 -18"><span class='ocrx_word' id='word_1_643' title='bbox 2217 3545 2352 3618; x_wconf 89' lang='lat' dir='ltr'>quia</span> <span class='ocrx_word' id='word_1_644' title='bbox 2386 3563 2499 3601; x_wconf 92' lang='lat' dir='ltr'>non</span> <span class='ocrx_word' id='word_1_645' title='bbox 2532 3551 2620 3600; x_wconf 90' lang='lat' dir='ltr'>est</span> <span class='ocrx_word' id='word_1_646' title='bbox 2643 3545 2856 3601; x_wconf 87' lang='lat' dir='ltr'>similis</span> <span class='ocrx_word' id='word_1_647' title='bbox 2880 3549 2989 3614; x_wconf 92' lang='lat' dir='ltr'>tui,</span> <span class='ocrx_word' id='word_1_648' title='bbox 3014 3562 3205 3617; x_wconf 90' lang='lat' dir='ltr'>neque</span> <span class='ocrx_word' id='word_1_649' title='bbox 3229 3548 3394 3603; x_wconf 89' lang='lat' dir='ltr'>enim</span> <span class='ocrx_word' id='word_1_650' title='bbox 3428 3552 3520 3603; x_wconf 90' lang='lat' dir='ltr'>est</span> <span class='ocrx_word' id='word_1_651' title='bbox 3543 3547 3687 3602; x_wconf 88' lang='lat' dir='ltr'>Deus</span> <span class='ocrx_word' id='word_1_652' title='bbox 3708 3547 3834 3595; x_wconf 78' lang='lat' dir='ltr'>extra</span> 
     </span>
    </p>
   </div>
   <div class='ocr_carea' id='block_1_83' title="bbox 2217 3631 3837 3706">
    <p class='ocr_par' dir='ltr' id='par_1_83' title="bbox 2217 3631 3837 3706">
     <span class='ocr_line' id='line_1_83' title="bbox 2217 3631 3837 3706; baseline -0.002 -16"><span class='ocrx_word' id='word_1_653' title='bbox 2217 3635 2359 3702; x_wconf 88' lang='lat' dir='ltr'>te,in</span> <span class='ocrx_word' id='word_1_654' title='bbox 2381 3635 2657 3690; x_wconf 90' lang='lat' dir='ltr'>omnibus</span> <span class='ocrx_word' id='word_1_655' title='bbox 2690 3651 2817 3706; x_wconf 66' lang='lat' dir='ltr'>quae</span> <span class='ocrx_word' id='word_1_656' title='bbox 2852 3635 3191 3691; x_wconf 89' lang='lat' dir='ltr'>audivimus</span> <span class='ocrx_word' id='word_1_657' title='bbox 3217 3638 3478 3692; x_wconf 89' lang='lat' dir='ltr'>auribus</span> <span class='ocrx_word' id='word_1_658' title='bbox 3497 3631 3837 3695; x_wconf 65' lang='lat' dir='ltr'>nostris.Qum</span> 
     </span>
    </p>
   </div>
   <div class='ocr_carea' id='block_1_84' title="bbox 2214 3718 3837 3796">
    <p class='ocr_par' dir='ltr' id='par_1_84' title="bbox 2214 3718 3837 3796">
     <span class='ocr_line' id='line_1_84' title="bbox 2214 3718 3837 3796; baseline -0.004 -16"><span class='ocrx_word' id='word_1_659' title='bbox 2214 3730 2302 3780; x_wconf 87' lang='lat' dir='ltr'>est</span> <span class='ocrx_word' id='word_1_660' title='bbox 2335 3730 2552 3790; x_wconf 92' lang='lat' dir='ltr'>autem,</span> <span class='ocrx_word' id='word_1_661' title='bbox 2586 3729 2650 3778; x_wconf 94' lang='lat' dir='ltr'>ut</span> <span class='ocrx_word' id='word_1_662' title='bbox 2682 3724 2932 3794; x_wconf 86' lang='lat' dir='ltr'>populus</span> <span class='ocrx_word' id='word_1_663' title='bbox 2955 3729 3096 3780; x_wconf 91' lang='lat' dir='ltr'>tuus</span> <span class='ocrx_word' id='word_1_664' title='bbox 3129 3727 3334 3793; x_wconf 90' lang='lat' dir='ltr'>Israel,</span> <span class='ocrx_word' id='word_1_665' title='bbox 3371 3742 3522 3796; x_wconf 87' lang='lat' dir='ltr'>gens</span> <span class='ocrx_word' id='word_1_666' title='bbox 3545 3725 3625 3792; x_wconf 88' lang='lat' dir='ltr'>(b.</span> <span class='ocrx_word' id='word_1_667' title='bbox 3659 3724 3773 3785; x_wconf 85' lang='lat' dir='ltr'>una)</span> <span class='ocrx_word' id='word_1_668' title='bbox 3795 3718 3837 3769; x_wconf 85' lang='lat' dir='ltr'>in</span> 
     </span>
    </p>
   </div>
   <div class='ocr_carea' id='block_1_85' title="bbox 2211 3804 3840 3884">
    <p class='ocr_par' dir='ltr' id='par_1_85' title="bbox 2211 3804 3840 3884">
     <span class='ocr_line' id='line_1_85' title="bbox 2211 3804 3840 3884; baseline -0.004 -15"><span class='ocrx_word' id='word_1_669' title='bbox 2211 3818 2628 3884; x_wconf 83' lang='lat' dir='ltr'>terra,propter</span> <span class='ocrx_word' id='word_1_670' title='bbox 2650 3829 2826 3883; x_wconf 89' lang='lat' dir='ltr'>quam</span> <span class='ocrx_word' id='word_1_671' title='bbox 2849 3813 2952 3869; x_wconf 89' lang='lat' dir='ltr'>ivit</span> <span class='ocrx_word' id='word_1_672' title='bbox 2987 3819 3162 3879; x_wconf 87' lang='lat' dir='ltr'>Deus,</span> <span class='ocrx_word' id='word_1_673' title='bbox 3191 3820 3256 3870; x_wconf 90' lang='lat' dir='ltr'>ut</span> <span class='ocrx_word' id='word_1_674' title='bbox 3281 3816 3603 3872; x_wconf 86' lang='lat' dir='ltr'>redimeret</span> <span class='ocrx_word' id='word_1_675' title='bbox 3620 3827 3736 3868; x_wconf 89' lang='lat' dir='ltr'>eam</span> <span class='ocrx_word' id='word_1_676' title='bbox 3754 3804 3840 3862; x_wconf 78' lang='lat' dir='ltr'>sibi</span> 
     </span>
    </p>
   </div>
   <div class='ocr_carea' id='block_1_86' title="bbox 2211 3895 3840 3973">
    <p class='ocr_par' dir='ltr' id='par_1_86' title="bbox 2211 3895 3840 3973">
     <span class='ocr_line' id='line_1_86' title="bbox 2211 3895 3840 3973; baseline -0.002 -17"><span class='ocrx_word' id='word_1_677' title='bbox 2211 3902 2269 3956; x_wconf 92' lang='lat' dir='ltr'>in</span> <span class='ocrx_word' id='word_1_678' title='bbox 2304 3903 2610 3973; x_wconf 88' lang='lat' dir='ltr'>populum,</span> <span class='ocrx_word' id='word_1_679' title='bbox 2644 3909 2700 3956; x_wconf 87' lang='lat' dir='ltr'>et</span> <span class='ocrx_word' id='word_1_680' title='bbox 2732 3908 2974 3973; x_wconf 85' lang='lat' dir='ltr'>poneret</span> <span class='ocrx_word' id='word_1_681' title='bbox 3005 3903 3119 3958; x_wconf 89' lang='lat' dir='ltr'>sibi</span> <span class='ocrx_word' id='word_1_682' title='bbox 3155 3919 3404 3969; x_wconf 87' lang='lat' dir='ltr'>nomen,</span> <span class='ocrx_word' id='word_1_683' title='bbox 3432 3905 3751 3971; x_wconf 84' lang='lat' dir='ltr'>faceretque</span> <span class='ocrx_word' id='word_1_684' title='bbox 3775 3895 3840 3948; x_wconf 78' lang='lat' dir='ltr'>eis</span> 
     </span>
    </p>
   </div>
   <div class='ocr_carea' id='block_1_87' title="bbox 2210 3980 3842 4064">
    <p class='ocr_par' dir='ltr' id='par_1_87' title="bbox 2210 3980 3842 4064">
     <span class='ocr_line' id='line_1_87' title="bbox 2210 3980 3842 4064; baseline -0.004 -18"><span class='ocrx_word' id='word_1_685' title='bbox 2210 3991 2524 4064; x_wconf 88' lang='lat' dir='ltr'>magnalia,</span> <span class='ocrx_word' id='word_1_686' title='bbox 2547 3997 2605 4046; x_wconf 90' lang='lat' dir='ltr'>et</span> <span class='ocrx_word' id='word_1_687' title='bbox 2631 3990 3142 4062; x_wconf 88' lang='lat' dir='ltr'>horribilia,super</span> <span class='ocrx_word' id='word_1_688' title='bbox 3167 3996 3419 4060; x_wconf 87' lang='lat' dir='ltr'>terram,</span> <span class='ocrx_word' id='word_1_689' title='bbox 3451 4010 3487 4048; x_wconf 89' lang='lat' dir='ltr'>a</span> <span class='ocrx_word' id='word_1_690' title='bbox 3518 3992 3658 4047; x_wconf 84' lang='lat' dir='ltr'>facie</span> <span class='ocrx_word' id='word_1_691' title='bbox 3675 3980 3842 4060; x_wconf 75' lang='lat' dir='ltr'>populi</span> 
     </span>
    </p>
   </div>
   <div class='ocr_carea' id='block_1_88' title="bbox 2207 4077 3844 4154">
    <p class='ocr_par' dir='ltr' id='par_1_88' title="bbox 2207 4077 3844 4154">
     <span class='ocr_line' id='line_1_88' title="bbox 2207 4077 3844 4154; baseline -0.003 -19"><span class='ocrx_word' id='word_1_692' title='bbox 2207 4083 2314 4148; x_wconf 87' lang='lat' dir='ltr'>tui,</span> <span class='ocrx_word' id='word_1_693' title='bbox 2349 4096 2523 4152; x_wconf 91' lang='lat' dir='ltr'>quem</span> <span class='ocrx_word' id='word_1_694' title='bbox 2559 4079 2861 4134; x_wconf 86' lang='lat' dir='ltr'>redemisti</span> <span class='ocrx_word' id='word_1_695' title='bbox 2904 4079 3010 4134; x_wconf 90' lang='lat' dir='ltr'>tibi</span> <span class='ocrx_word' id='word_1_696' title='bbox 3063 4097 3132 4136; x_wconf 86' lang='lat' dir='ltr'>ex</span> <span class='ocrx_word' id='word_1_697' title='bbox 3175 4081 3456 4154; x_wconf 65' lang='lat' dir='ltr'>Egypto,</span> <span class='ocrx_word' id='word_1_698' title='bbox 3516 4085 3759 4152; x_wconf 86' lang='lat' dir='ltr'>gentem,</span> <span class='ocrx_word' id='word_1_699' title='bbox 3799 4077 3844 4125; x_wconf 76' lang='lat' dir='ltr'>el</span> 
     </span>
    </p>
   </div>
   <div class='ocr_carea' id='block_1_89' title="bbox 2207 4160 3842 4242">
    <p class='ocr_par' dir='ltr' id='par_1_89' title="bbox 2207 4160 3842 4242">
     <span class='ocr_line' id='line_1_89' title="bbox 2207 4160 3842 4242; baseline -0.006 -15"><span class='ocrx_word' id='word_1_700' title='bbox 2207 4173 2382 4227; x_wconf 90' lang='lat' dir='ltr'>deum</span> <span class='ocrx_word' id='word_1_701' title='bbox 2413 4170 2645 4239; x_wconf 86' lang='lat' dir='ltr'>ejus(h.</span> <span class='ocrx_word' id='word_1_702' title='bbox 2680 4169 2961 4240; x_wconf 87' lang='lat' dir='ltr'>gentibus</span> <span class='ocrx_word' id='word_1_703' title='bbox 3010 4173 3068 4224; x_wconf 90' lang='lat' dir='ltr'>et</span> <span class='ocrx_word' id='word_1_704' title='bbox 3125 4169 3240 4225; x_wconf 90' lang='lat' dir='ltr'>diis</span> <span class='ocrx_word' id='word_1_705' title='bbox 3295 4170 3555 4242; x_wconf 86' lang='lat' dir='ltr'>earum).</span> <span class='ocrx_word' id='word_1_706' title='bbox 3607 4160 3842 4223; x_wconf 83' lang='lat' dir='ltr'>Firmasti</span> 
     </span>
    </p>
   </div>
   <div class='ocr_carea' id='block_1_90' title="bbox 2203 4249 3843 4332">
    <p class='ocr_par' dir='ltr' id='par_1_90' title="bbox 2203 4249 3843 4332">
     <span class='ocr_line' id='line_1_90' title="bbox 2203 4249 3843 4332; baseline -0.005 -16"><span class='ocrx_word' id='word_1_707' title='bbox 2203 4261 2361 4316; x_wconf 87' lang='lat' dir='ltr'>enim</span> <span class='ocrx_word' id='word_1_708' title='bbox 2392 4259 2495 4314; x_wconf 91' lang='lat' dir='ltr'>tibi</span> <span class='ocrx_word' id='word_1_709' title='bbox 2531 4256 2815 4329; x_wconf 84' lang='lat' dir='ltr'>populum</span> <span class='ocrx_word' id='word_1_710' title='bbox 2846 4263 3011 4312; x_wconf 89' lang='lat' dir='ltr'>tuum</span> <span class='ocrx_word' id='word_1_711' title='bbox 3037 4257 3219 4312; x_wconf 88' lang='lat' dir='ltr'>Israel</span> <span class='ocrx_word' id='word_1_712' title='bbox 3241 4258 3302 4313; x_wconf 91' lang='lat' dir='ltr'>in</span> <span class='ocrx_word' id='word_1_713' title='bbox 3331 4259 3624 4332; x_wconf 86' lang='lat' dir='ltr'>populum</span> <span class='ocrx_word' id='word_1_714' title='bbox 3657 4249 3843 4321; x_wconf 83' lang='lat' dir='ltr'>sempi-</span> 
     </span>
    </p>
   </div>
   <div class='ocr_carea' id='block_1_91' title="bbox 2201 4343 3847 4419">
    <p class='ocr_par' dir='ltr' id='par_1_91' title="bbox 2201 4343 3847 4419">
     <span class='ocr_line' id='line_1_91' title="bbox 2201 4343 3847 4419; baseline -0.008 -14"><span class='ocrx_word' id='word_1_715' title='bbox 2201 4365 2458 4416; x_wconf 67' lang='lat' dir='ltr'>ternum,</span> <span class='ocrx_word' id='word_1_716' title='bbox 2492 4353 2550 4403; x_wconf 92' lang='lat' dir='ltr'>et</span> <span class='ocrx_word' id='word_1_717' title='bbox 2580 4353 2665 4415; x_wconf 89' lang='lat' dir='ltr'>tu,</span> <span class='ocrx_word' id='word_1_718' title='bbox 2701 4345 2940 4402; x_wconf 88' lang='lat' dir='ltr'>Domine</span> <span class='ocrx_word' id='word_1_719' title='bbox 2964 4347 3148 4418; x_wconf 78' lang='lat' dir='ltr'>(Vulg.</span> <span class='ocrx_word' id='word_1_720' title='bbox 3176 4347 3400 4405; x_wconf 74' lang='lat' dir='ltr'>addunt</span> <span class='ocrx_word' id='word_1_721' title='bbox 3425 4345 3625 4419; x_wconf 81' lang='lat' dir='ltr'>Deus),</span> <span class='ocrx_word' id='word_1_722' title='bbox 3683 4343 3847 4398; x_wconf 87' lang='lat' dir='ltr'>factus</span> 
     </span>
    </p>
   </div>
   <div class='ocr_carea' id='block_1_92' title="bbox 2200 4434 3847 4507">
    <p class='ocr_par' dir='ltr' id='par_1_92' title="bbox 2200 4434 3847 4507">
     <span class='ocr_line' id='line_1_92' title="bbox 2200 4434 3847 4507; baseline -0.006 -13"><span class='ocrx_word' id='word_1_723' title='bbox 2200 4454 2262 4494; x_wconf 89' lang='lat' dir='ltr'>es</span> <span class='ocrx_word' id='word_1_724' title='bbox 2291 4438 2376 4493; x_wconf 92' lang='lat' dir='ltr'>eis</span> <span class='ocrx_word' id='word_1_725' title='bbox 2407 4437 2464 4490; x_wconf 90' lang='lat' dir='ltr'>in</span> <span class='ocrx_word' id='word_1_726' title='bbox 2495 4437 2702 4492; x_wconf 91' lang='lat' dir='ltr'>Deum.</span> <span class='ocrx_word' id='word_1_727' title='bbox 2735 4435 2900 4490; x_wconf 83' lang='lat' dir='ltr'>Nunc</span> <span class='ocrx_word' id='word_1_728' title='bbox 2933 4451 3090 4507; x_wconf 88' lang='lat' dir='ltr'>ergo,</span> <span class='ocrx_word' id='word_1_729' title='bbox 3122 4436 3379 4493; x_wconf 87' lang='lat' dir='ltr'>Domine</span> <span class='ocrx_word' id='word_1_730' title='bbox 3426 4442 3581 4492; x_wconf 85' lang='lat' dir='ltr'>Deus</span> <span class='ocrx_word' id='word_1_731' title='bbox 3625 4434 3704 4505; x_wconf 90' lang='lat' dir='ltr'>(b.</span> <span class='ocrx_word' id='word_1_732' title='bbox 3754 4444 3847 4484; x_wconf 89' lang='lat' dir='ltr'>non</span> 
     </span>
    </p>
   </div>
   <div class='ocr_carea' id='block_1_93' title="bbox 446 4520 3847 4596">
    <p class='ocr_par' dir='ltr' id='par_1_93' title="bbox 446 4520 3847 4596">
     <span class='ocr_line' id='line_1_93' title="bbox 446 4520 3847 4596; baseline -0.002 -18"><span class='ocrx_word' id='word_1_733' title='bbox 446 4526 642 4578; x_wconf 88' lang='lat' dir='ltr'>tecum</span> <span class='ocrx_word' id='word_1_734' title='bbox 667 4521 723 4576; x_wconf 91' lang='lat' dir='ltr'>in</span> <span class='ocrx_word' id='word_1_735' title='bbox 747 4521 1023 4577; x_wconf 91' lang='lat' dir='ltr'>omnibus</span> <span class='ocrx_word' id='word_1_736' title='bbox 1048 4521 1384 4593; x_wconf 91' lang='lat' dir='ltr'>ubicunque</span> <span class='ocrx_word' id='word_1_737' title='bbox 1407 4520 2095 4587; x_wconf 88' lang='lat' dir='ltr'>ambulasti,etinterfeci</span> <span class='ocrx_word' id='word_1_738' title='bbox 2125 4532 2174 4594; x_wconf 81' lang='grc' dir='ltr'>Ι)</span> <span class='ocrx_word' id='word_1_739' title='bbox 2207 4527 2380 4583; x_wconf 89' lang='lat' dir='ltr'>habet</span> <span class='ocrx_word' id='word_1_740' title='bbox 2408 4525 2606 4596; x_wconf 90' lang='lat' dir='ltr'>Deus),</span> <span class='ocrx_word' id='word_1_741' title='bbox 2641 4524 2886 4579; x_wconf 88' lang='lat' dir='ltr'>verbum</span> <span class='ocrx_word' id='word_1_742' title='bbox 2921 4524 2942 4558; x_wconf 77' lang='grc'>⁴</span> <span class='ocrx_word' id='word_1_743' title='bbox 2974 4525 3130 4595; x_wconf 92' lang='lat' dir='ltr'>quod</span> <span class='ocrx_word' id='word_1_744' title='bbox 3163 4525 3408 4582; x_wconf 87' lang='lat' dir='ltr'>locutus</span> <span class='ocrx_word' id='word_1_745' title='bbox 3441 4543 3506 4582; x_wconf 86' lang='lat' dir='ltr'>es</span> <span class='ocrx_word' id='word_1_746' title='bbox 3551 4539 3720 4596; x_wconf 88' lang='lat' dir='ltr'>super</span> <span class='ocrx_word' id='word_1_747' title='bbox 3745 4533 3847 4575; x_wconf 87' lang='lat' dir='ltr'>ser-</span> 
     </span>
    </p>
   </div>
   <div class='ocr_carea' id='block_1_94' title="bbox 490 4646 2099 4730">
    <p class='ocr_par' dir='ltr' id='par_1_94' title="bbox 490 4646 2099 4730">
     <span class='ocr_line' id='line_1_94' title="bbox 490 4646 2099 4730; baseline 0.002 -28"><span class='ocrx_word' id='word_1_748' title='bbox 490 4649 538 4730; x_wconf 39' lang='lat'>.1</span> <span class='ocrx_word' id='word_1_749' title='bbox 567 4647 673 4702; x_wconf 90' lang='lat' dir='ltr'>Ms.</span> <span class='ocrx_word' id='word_1_750' title='bbox 707 4646 1027 4703; x_wconf 88' lang='lat' dir='ltr'>Veronens.</span> <span class='ocrx_word' id='word_1_751' title='bbox 1059 4663 1129 4702; x_wconf 76' lang='lat' dir='ltr'>ea:</span> <span class='ocrx_word' id='word_1_752' title='bbox 1155 4646 1246 4702; x_wconf 75' lang='lat' dir='ltr'>die</span> <span class='ocrx_word' id='word_1_753' title='bbox 1277 4663 1388 4720; x_wconf 83' lang='lat' dir='ltr'>qua</span> <span class='ocrx_word' id='word_1_754' title='bbox 1417 4647 1604 4717; x_wconf 75' lang='lat' dir='ltr'>eduxi,</span> <span class='ocrx_word' id='word_1_755' title='bbox 1646 4647 1885 4703; x_wconf 66' lang='lat' dir='ltr'>Hebraeo</span> <span class='ocrx_word' id='word_1_756' title='bbox 1935 4666 2099 4719; x_wconf 87' lang='lat' dir='ltr'>pres-</span> 
     </span>
    </p>
   </div>
   <div class='ocr_carea' id='block_1_95' title="bbox 454 4736 604 4774">
    <p class='ocr_par' dir='ltr' id='par_1_95' title="bbox 454 4736 604 4774">
     <span class='ocr_line' id='line_1_95' title="bbox 454 4736 604 4774; baseline -0.013 0"><span class='ocrx_word' id='word_1_757' title='bbox 454 4736 604 4774; x_wconf 71' lang='grc'><strong>8108.</strong></span> 
     </span>
    </p>
   </div>
   <div class='ocr_carea' id='block_1_96' title="bbox 525 4789 2097 4862">
    <p class='ocr_par' dir='ltr' id='par_1_96' title="bbox 525 4789 2097 4862">
     <span class='ocr_line' id='line_1_96' title="bbox 525 4789 2097 4862; baseline 0.001 -16"><span class='ocrx_word' id='word_1_758' title='bbox 525 4791 545 4824; x_wconf 81' lang='grc'>²</span> <span class='ocrx_word' id='word_1_759' title='bbox 577 4790 830 4846; x_wconf 89' lang='lat' dir='ltr'>Omnino</span> <span class='ocrx_word' id='word_1_760' title='bbox 864 4790 1079 4845; x_wconf 89' lang='lat' dir='ltr'>rectius</span> <span class='ocrx_word' id='word_1_761' title='bbox 1111 4807 1150 4844; x_wconf 84' lang='grc' dir='ltr'>α</span> <span class='ocrx_word' id='word_1_762' title='bbox 1179 4790 1328 4862; x_wconf 80' lang='lat' dir='ltr'>facie</span> <span class='ocrx_word' id='word_1_763' title='bbox 1357 4798 1451 4846; x_wconf 81' lang='lat' dir='ltr'>tua</span> <span class='ocrx_word' id='word_1_764' title='bbox 1487 4789 1718 4861; x_wconf 65' lang='lat' dir='ltr'>praefert</span> <span class='ocrx_word' id='word_1_765' title='bbox 1774 4790 2097 4849; x_wconf 88' lang='lat' dir='ltr'>Veronens.</span> 
     </span>
    </p>
   </div>
   <div class='ocr_carea' id='block_1_97' title="bbox 450 4863 1369 4963">
    <p class='ocr_par' dir='ltr' id='par_1_97' title="bbox 450 4863 1369 4963">
     <span class='ocr_line' id='line_1_97' title="bbox 450 4863 1369 4963; baseline -0.001 -30"><span class='ocrx_word' id='word_1_766' title='bbox 450 4895 563 4935; x_wconf 90' lang='lat' dir='ltr'>ms.</span> <span class='ocrx_word' id='word_1_767' title='bbox 592 4880 760 4949; x_wconf 85' lang='lat' dir='ltr'>juxta</span> <span class='ocrx_word' id='word_1_768' title='bbox 790 4878 1094 4933; x_wconf 71' lang='lat' dir='ltr'>Hebraeum</span> <span class='ocrx_word' id='word_1_769' title='bbox 1126 4863 1369 4963; x_wconf 56' lang='grc' dir='ltr'>ὐνδε-βε.</span> 
     </span>
    </p>
   </div>
   <div class='ocr_carea' id='block_1_98' title="bbox 517 4967 2095 5033">
    <p class='ocr_par' dir='ltr' id='par_1_98' title="bbox 517 4967 2095 5033">
     <span class='ocr_line' id='line_1_98' title="bbox 517 4967 2095 5033; baseline 0.001 -10"><span class='ocrx_word' id='word_1_770' title='bbox 517 4969 539 5003; x_wconf 83' lang='grc'>³</span> <span class='ocrx_word' id='word_1_771' title='bbox 572 4967 729 5033; x_wconf 86' lang='lat' dir='ltr'>LXX,</span> <span class='ocrx_word' id='word_1_772' title='bbox 761 4967 1050 5023; x_wconf 88' lang='lat' dir='ltr'>similiter.</span> <span class='ocrx_word' id='word_1_773' title='bbox 1085 4968 1334 5031; x_wconf 82' lang='lat' dir='ltr'>Domine,</span> <span class='ocrx_word' id='word_1_774' title='bbox 1365 4967 1447 5023; x_wconf 79' lang='lat' dir='ltr'>mi</span> <span class='ocrx_word' id='word_1_775' title='bbox 1489 4967 1738 5022; x_wconf 77' lang='lat' dir='ltr'>Domine.</span> <span class='ocrx_word' id='word_1_776' title='bbox 1801 4968 1862 5021; x_wconf 91' lang='lat' dir='ltr'>In</span> <span class='ocrx_word' id='word_1_777' title='bbox 1920 4969 2095 5026; x_wconf 86' lang='lat' dir='ltr'>Hebr.</span> 
     </span>
    </p>
   </div>
   <div class='ocr_carea' id='block_1_99' title="bbox 447 5038 2095 5113">
    <p class='ocr_par' dir='ltr' id='par_1_99' title="bbox 447 5038 2095 5113">
     <span class='ocr_line' id='line_1_99' title="bbox 447 5038 2095 5113; baseline 0.001 -19"><span class='ocrx_word' id='word_1_778' title='bbox 447 5039 745 5113; x_wconf 79' lang='lat' dir='ltr'>scriptum</span> <span class='ocrx_word' id='word_1_779' title='bbox 769 5038 944 5094; x_wconf 86' lang='lat' dir='ltr'>habet</span> <span class='ocrx_word' id='word_1_780' title='bbox 973 5049 1285 5113; x_wconf 58' lang='lat' dir='ltr'>nin’jz&#39;m,</span> <span class='ocrx_word' id='word_1_781' title='bbox 1309 5039 1490 5113; x_wconf 83' lang='lat' dir='ltr'>idque</span> <span class='ocrx_word' id='word_1_782' title='bbox 1521 5038 1917 5113; x_wconf 7' lang='lat' dir='ltr'>legiturgjuxta</span> <span class='ocrx_word' id='word_1_783' title='bbox 1949 5058 2095 5113; x_wconf 87' lang='lat' dir='ltr'>pun-</span> 
     </span>
    </p>
   </div>
   <div class='ocr_carea' id='block_1_100' title="bbox 447 5110 2096 5178">
    <p class='ocr_par' dir='ltr' id='par_1_100' title="bbox 447 5110 2096 5178">
     <span class='ocr_line' id='line_1_100' title="bbox 447 5110 2096 5178; baseline 0.001 -12"><span class='ocrx_word' id='word_1_784' title='bbox 447 5121 537 5166; x_wconf 89' lang='lat' dir='ltr'>cta</span> <span class='ocrx_word' id='word_1_785' title='bbox 567 5110 789 5167; x_wconf 78' lang='lat' dir='ltr'>vocalia</span> <span class='ocrx_word' id='word_1_786' title='bbox 821 5110 1320 5166; x_wconf 83' lang='lat' dir='ltr'>Massoretharum</span> <span class='ocrx_word' id='word_1_787' title='bbox 1351 5129 1364 5167; x_wconf 90' lang='lat'><strong>:</strong></span> <span class='ocrx_word' id='word_1_788' title='bbox 1395 5110 1630 5166; x_wconf 25' lang='lat' dir='ltr'>‘Adondi</span> <span class='ocrx_word' id='word_1_789' title='bbox 1684 5111 1920 5178; x_wconf 79' lang='lat' dir='ltr'>Elohim,</span> <span class='ocrx_word' id='word_1_790' title='bbox 1953 5110 2096 5167; x_wconf 50' lang='lat' dir='ltr'>&#39;non</span> 
     </span>
    </p>
   </div>
   <div class='ocr_carea' id='block_1_101' title="bbox 447 5181 2096 5254">
    <p class='ocr_par' dir='ltr' id='par_1_101' title="bbox 447 5181 2096 5254">
     <span class='ocr_line' id='line_1_101' title="bbox 447 5181 2096 5254; baseline 0.002 -18"><span class='ocrx_word' id='word_1_791' title='bbox 447 5182 924 5254; x_wconf 87' lang='lat' dir='ltr'>ntimperitiores</span> <span class='ocrx_word' id='word_1_792' title='bbox 965 5182 1322 5249; x_wconf 85' lang='lat' dir='ltr'>existimant,</span> <span class='ocrx_word' id='word_1_793' title='bbox 1384 5183 1596 5238; x_wconf 79' lang='lat' dir='ltr'>Adonei</span> <span class='ocrx_word' id='word_1_794' title='bbox 1649 5181 1879 5254; x_wconf 69' lang='lat' dir='ltr'>Jehona.</span> <span class='ocrx_word' id='word_1_795' title='bbox 1921 5184 2096 5238; x_wconf 82' lang='lat' dir='ltr'>Eloz&#39;m</span> 
     </span>
    </p>
   </div>
   <div class='ocr_carea' id='block_1_102' title="bbox 444 5252 2093 5326">
    <p class='ocr_par' dir='ltr' id='par_1_102' title="bbox 444 5252 2093 5326">
     <span class='ocr_line' id='line_1_102' title="bbox 444 5252 2093 5326; baseline 0.001 -18"><span class='ocrx_word' id='word_1_796' title='bbox 444 5252 641 5310; x_wconf 81' lang='lat' dir='ltr'>autem</span> <span class='ocrx_word' id='word_1_797' title='bbox 672 5271 902 5325; x_wconf 84' lang='lat' dir='ltr'>semper</span> <span class='ocrx_word' id='word_1_798' title='bbox 924 5255 1061 5326; x_wconf 76' lang='lat' dir='ltr'>Deus</span> <span class='ocrx_word' id='word_1_799' title='bbox 1093 5255 1546 5325; x_wconf 86' lang='lat' dir='ltr'>interpretatur:</span> <span class='ocrx_word' id='word_1_800' title='bbox 1602 5254 1747 5326; x_wconf 80' lang='lat' dir='ltr'>bene</span> <span class='ocrx_word' id='word_1_801' title='bbox 1805 5252 1985 5326; x_wconf 85' lang='lat' dir='ltr'>igitur</span> <span class='ocrx_word' id='word_1_802' title='bbox 2038 5259 2093 5310; x_wconf 92' lang='lat' dir='ltr'>S.</span> 
     </span>
    </p>
   </div>
   <div class='ocr_carea' id='block_1_103' title="bbox 445 5325 2094 5398">
    <p class='ocr_par' dir='ltr' id='par_1_103' title="bbox 445 5325 2094 5398">
     <span class='ocr_line' id='line_1_103' title="bbox 445 5325 2094 5398; baseline 0 -16"><span class='ocrx_word' id='word_1_803' title='bbox 445 5327 836 5398; x_wconf 83' lang='lat' dir='ltr'>Hieronymus</span> <span class='ocrx_word' id='word_1_804' title='bbox 867 5325 1060 5381; x_wconf 90' lang='lat' dir='ltr'>Latine</span> <span class='ocrx_word' id='word_1_805' title='bbox 1091 5326 1302 5398; x_wconf 83' lang='lat' dir='ltr'>reddit,</span> <span class='ocrx_word' id='word_1_806' title='bbox 1328 5327 1566 5398; x_wconf 78' lang='lat' dir='ltr'>Domine</span> <span class='ocrx_word' id='word_1_807' title='bbox 1596 5325 1740 5380; x_wconf 80' lang='lat' dir='ltr'>Deus</span> <span class='ocrx_word' id='word_1_808' title='bbox 1766 5325 2094 5398; x_wconf 33' lang='lat' dir='ltr'>;A_cuietiam</span> 
     </span>
    </p>
   </div>
   <div class='ocr_carea' id='block_1_104' title="bbox 443 5395 2095 5468">
    <p class='ocr_par' dir='ltr' id='par_1_104' title="bbox 443 5395 2095 5468">
     <span class='ocr_line' id='line_1_104' title="bbox 443 5395 2095 5468; baseline 0 -15"><span class='ocrx_word' id='word_1_809' title='bbox 443 5395 823 5455; x_wconf 79' lang='lat' dir='ltr'>consentiunt</span> <span class='ocrx_word' id='word_1_810' title='bbox 881 5395 1262 5452; x_wconf 86' lang='lat' dir='ltr'>Orientalium</span> <span class='ocrx_word' id='word_1_811' title='bbox 1323 5397 1692 5468; x_wconf 84' lang='lat' dir='ltr'>interpretes,</span> <span class='ocrx_word' id='word_1_812' title='bbox 1766 5395 2095 5467; x_wconf 68' lang='lat' dir='ltr'>Chaldaeus,</span> 
     </span>
    </p>
   </div>
   <div class='ocr_carea' id='block_1_105' title="bbox 441 5468 2094 5542">
    <p class='ocr_par' dir='ltr' id='par_1_105' title="bbox 441 5468 2094 5542">
     <span class='ocr_line' id='line_1_105' title="bbox 441 5468 2094 5542; baseline 0.001 -18"><span class='ocrx_word' id='word_1_813' title='bbox 441 5471 618 5542; x_wconf 72' lang='lat' dir='ltr'>Syrus</span> <span class='ocrx_word' id='word_1_814' title='bbox 645 5477 702 5525; x_wconf 89' lang='lat' dir='ltr'>et</span> <span class='ocrx_word' id='word_1_815' title='bbox 735 5470 940 5526; x_wconf 85' lang='lat' dir='ltr'>Arabs.</span> <span class='ocrx_word' id='word_1_816' title='bbox 977 5469 1092 5542; x_wconf 62' lang='lat' dir='ltr'>Iftec</span> <span class='ocrx_word' id='word_1_817' title='bbox 1124 5468 1504 5542; x_wconf 82' lang='lat' dir='ltr'>dissimulare</span> <span class='ocrx_word' id='word_1_818' title='bbox 1545 5483 1880 5542; x_wconf 74' lang='lat' dir='ltr'>possumus</span> <span class='ocrx_word' id='word_1_819' title='bbox 1925 5469 2094 5542; x_wconf 86' lang='lat' dir='ltr'>scho-</span> 
     </span>
    </p>
   </div>
   <div class='ocr_carea' id='block_1_106' title="bbox 440 5539 2097 5598">
    <p class='ocr_par' dir='ltr' id='par_1_106' title="bbox 440 5539 2097 5598">
     <span class='ocr_line' id='line_1_106' title="bbox 440 5539 2097 5598; baseline 0.002 -5"><span class='ocrx_word' id='word_1_820' title='bbox 440 5539 672 5598; x_wconf 81' lang='lat' dir='ltr'>liastem</span> <span class='ocrx_word' id='word_1_821' title='bbox 696 5542 950 5598; x_wconf 88' lang='lat' dir='ltr'>Canonis</span> <span class='ocrx_word' id='word_1_822' title='bbox 981 5540 1154 5596; x_wconf 88' lang='lat' dir='ltr'>Hebr.</span> <span class='ocrx_word' id='word_1_823' title='bbox 1177 5539 1444 5596; x_wconf 90' lang='lat' dir='ltr'>veritatis</span> <span class='ocrx_word' id='word_1_824' title='bbox 1468 5539 1889 5594; x_wconf 90' lang='lat' dir='ltr'>hallucinatum</span> <span class='ocrx_word' id='word_1_825' title='bbox 1914 5541 2097 5597; x_wconf 89' lang='lat' dir='ltr'>fuisse</span> 
     </span>
    </p>
   </div>
   <div class='ocr_carea' id='block_1_107' title="bbox 440 5610 2093 5686">
    <p class='ocr_par' dir='ltr' id='par_1_107' title="bbox 440 5610 2093 5686">
     <span class='ocr_line' id='line_1_107' title="bbox 440 5610 2093 5686; baseline 0.002 -20"><span class='ocrx_word' id='word_1_826' title='bbox 440 5610 500 5667; x_wconf 90' lang='lat' dir='ltr'>in</span> <span class='ocrx_word' id='word_1_827' title='bbox 542 5613 920 5670; x_wconf 86' lang='lat' dir='ltr'>adnotatione</span> <span class='ocrx_word' id='word_1_828' title='bbox 975 5612 1317 5669; x_wconf 90' lang='lat' dir='ltr'>immediate</span> <span class='ocrx_word' id='word_1_829' title='bbox 1373 5611 1663 5686; x_wconf 88' lang='lat' dir='ltr'>sequenti,</span> <span class='ocrx_word' id='word_1_830' title='bbox 1724 5611 1862 5682; x_wconf 90' lang='lat' dir='ltr'>quia</span> <span class='ocrx_word' id='word_1_831' title='bbox 1918 5613 2093 5670; x_wconf 84' lang='lat' dir='ltr'>Hebr.</span> 
     </span>
    </p>
   </div>
   <div class='ocr_carea' id='block_1_108' title="bbox 2208 4647 3853 4722">
    <p class='ocr_par' dir='ltr' id='par_1_108' title="bbox 2208 4647 3853 4722">
     <span class='ocr_line' id='line_1_108' title="bbox 2208 4647 3853 4722; baseline -0.007 -16"><span class='ocrx_word' id='word_1_832' title='bbox 2208 4667 2324 4706; x_wconf 86' lang='lat' dir='ltr'>non</span> <span class='ocrx_word' id='word_1_833' title='bbox 2355 4648 2533 4704; x_wconf 90' lang='lat' dir='ltr'>habet</span> <span class='ocrx_word' id='word_1_834' title='bbox 2560 4647 2639 4703; x_wconf 89' lang='lat' dir='ltr'>ibi</span> <span class='ocrx_word' id='word_1_835' title='bbox 2672 4659 2802 4722; x_wconf 70' lang='lat' dir='ltr'>rum</span> <span class='ocrx_word' id='word_1_836' title='bbox 2825 4658 2976 4714; x_wconf 56' lang='lat' dir='ltr'>VJ‘N,</span> <span class='ocrx_word' id='word_1_837' title='bbox 3002 4649 3157 4718; x_wconf 92' lang='lat' dir='ltr'>quod</span> <span class='ocrx_word' id='word_1_838' title='bbox 3182 4653 3500 4722; x_wconf 87' lang='lat' dir='ltr'>utcunque</span> <span class='ocrx_word' id='word_1_839' title='bbox 3543 4654 3853 4722; x_wconf 81' lang='lat' dir='ltr'>pateremur</span> 
     </span>
    </p>
   </div>
   <div class='ocr_carea' id='block_1_109' title="bbox 2207 4714 3853 4794">
    <p class='ocr_par' dir='ltr' id='par_1_109' title="bbox 2207 4714 3853 4794">
     <span class='ocr_line' id='line_1_109' title="bbox 2207 4714 3853 4794; baseline -0.002 -18"><span class='ocrx_word' id='word_1_840' title='bbox 2207 4722 2681 4792; x_wconf 86' lang='lat' dir='ltr'>interpretatum,</span> <span class='ocrx_word' id='word_1_841' title='bbox 2715 4721 2964 4785; x_wconf 82' lang='lat' dir='ltr'>Domine,</span> <span class='ocrx_word' id='word_1_842' title='bbox 2998 4714 3253 4789; x_wconf 73' lang='lat' dir='ltr'>Domine,</span> <span class='ocrx_word' id='word_1_843' title='bbox 3296 4714 3416 4778; x_wconf 44' lang='lat' dir='ltr'>sed.</span> <span class='ocrx_word' id='word_1_844' title='bbox 3444 4714 3732 4794; x_wconf 85' lang='lat' dir='ltr'>scriptum</span> <span class='ocrx_word' id='word_1_845' title='bbox 3785 4714 3853 4768; x_wconf 80' lang='lat' dir='ltr'>le-</span> 
     </span>
    </p>
   </div>
   <div class='ocr_carea' id='block_1_110' title="bbox 2199 4793 3849 4882">
    <p class='ocr_par' dir='ltr' id='par_1_110' title="bbox 2199 4793 3849 4882">
     <span class='ocr_line' id='line_1_110' title="bbox 2199 4793 3849 4882; baseline -0.004 -17"><span class='ocrx_word' id='word_1_846' title='bbox 2199 4811 2405 4882; x_wconf 87' lang='lat' dir='ltr'>gimus</span> <span class='ocrx_word' id='word_1_847' title='bbox 2438 4809 2544 4882; x_wconf 88' lang='lat' dir='ltr'>hoc</span> <span class='ocrx_word' id='word_1_848' title='bbox 2575 4810 2774 4864; x_wconf 87' lang='lat' dir='ltr'>eodem</span> <span class='ocrx_word' id='word_1_849' title='bbox 2811 4809 2897 4864; x_wconf 91' lang='lat' dir='ltr'>loc</span> <span class='ocrx_word' id='word_1_850' title='bbox 2931 4793 3121 4869; x_wconf 59' lang='lat'>[37.158</span> <span class='ocrx_word' id='word_1_851' title='bbox 3165 4820 3298 4870; x_wconf 66' lang='grc' dir='ltr'>’.ΠΝ</span> <span class='ocrx_word' id='word_1_852' title='bbox 3362 4793 3588 4867; x_wconf 59' lang='lat' dir='ltr'>Adonei</span> <span class='ocrx_word' id='word_1_853' title='bbox 3642 4806 3849 4864; x_wconf 76' lang='lat' dir='ltr'>Elohim,</span> 
     </span>
    </p>
   </div>
   <div class='ocr_carea' id='block_1_111' title="bbox 2208 4880 3407 4954">
    <p class='ocr_par' dir='ltr' id='par_1_111' title="bbox 2208 4880 3407 4954">
     <span class='ocr_line' id='line_1_111' title="bbox 2208 4880 3407 4954; baseline -0.001 -17"><span class='ocrx_word' id='word_1_854' title='bbox 2208 4880 2362 4954; x_wconf 81' lang='lat' dir='ltr'>quod</span> <span class='ocrx_word' id='word_1_855' title='bbox 2380 4880 2715 4954; x_wconf 76' lang='lat' dir='ltr'>significat,</span> <span class='ocrx_word' id='word_1_856' title='bbox 2743 4883 2978 4936; x_wconf 80' lang='lat' dir='ltr'>Domine</span> <span class='ocrx_word' id='word_1_857' title='bbox 2995 4881 3171 4954; x_wconf 66' lang='lat' dir='ltr'>Deus.</span> <span class='ocrx_word' id='word_1_858' title='bbox 3208 4881 3407 4937; x_wconf 78' lang='lat' dir='ltr'>MART.</span> 
     </span>
    </p>
   </div>
   <div class='ocr_carea' id='block_1_112' title="bbox 2276 4947 3851 5026">
    <p class='ocr_par' dir='ltr' id='par_1_112' title="bbox 2276 4947 3851 5026">
     <span class='ocr_line' id='line_1_112' title="bbox 2276 4947 3851 5026; baseline -0.006 -17"><span class='ocrx_word' id='word_1_859' title='bbox 2276 4985 2346 4994; x_wconf 94' lang='lat'><strong><em>—</em></strong></span> <span class='ocrx_word' id='word_1_860' title='bbox 2376 4947 2680 5008; x_wconf 61' lang='lat' dir='ltr'>Hebraeum</span> <span class='ocrx_word' id='word_1_861' title='bbox 2707 4953 2898 5026; x_wconf 87' lang='lat' dir='ltr'>ipsum</span> <span class='ocrx_word' id='word_1_862' title='bbox 2927 4950 3705 5026; x_wconf 51' lang='lat' dir='ltr'>scholiastenjeprehendit</span> <span class='ocrx_word' id='word_1_863' title='bbox 3722 4947 3851 5004; x_wconf 79' lang='lat' dir='ltr'>Mar-</span> 
     </span>
    </p>
   </div>
   <div class='ocr_carea' id='block_1_113' title="bbox 2207 5023 3850 5095">
    <p class='ocr_par' dir='ltr' id='par_1_113' title="bbox 2207 5023 3850 5095">
     <span class='ocr_line' id='line_1_113' title="bbox 2207 5023 3850 5095; baseline -0.002 -15"><span class='ocrx_word' id='word_1_864' title='bbox 2207 5025 2473 5092; x_wconf 70' lang='lat' dir='ltr'>tianzeus,</span> <span class='ocrx_word' id='word_1_865' title='bbox 2509 5041 2642 5078; x_wconf 92' lang='lat' dir='ltr'>cum</span> <span class='ocrx_word' id='word_1_866' title='bbox 2668 5025 2951 5095; x_wconf 86' lang='lat' dir='ltr'>scriptum</span> <span class='ocrx_word' id='word_1_867' title='bbox 2975 5024 3068 5079; x_wconf 91' lang='lat' dir='ltr'>hic</span> <span class='ocrx_word' id='word_1_868' title='bbox 3093 5023 3169 5079; x_wconf 91' lang='lat' dir='ltr'>sit</span> <span class='ocrx_word' id='word_1_869' title='bbox 3198 5024 3257 5078; x_wconf 91' lang='lat' dir='ltr'>in</span> <span class='ocrx_word' id='word_1_870' title='bbox 3283 5023 3542 5080; x_wconf 66' lang='lat' dir='ltr'>Hebraeo</span> <span class='ocrx_word' id='word_1_871' title='bbox 3567 5032 3696 5083; x_wconf 75' lang='lat' dir='ltr'>mm</span> <span class='ocrx_word' id='word_1_872' title='bbox 3717 5031 3850 5095; x_wconf 66' lang='lat' dir='ltr'>ms.</span> 
     </span>
    </p>
   </div>
   <div class='ocr_carea' id='block_1_114' title="bbox 2207 5093 3852 5169">
    <p class='ocr_par' dir='ltr' id='par_1_114' title="bbox 2207 5093 3852 5169">
     <span class='ocr_line' id='line_1_114' title="bbox 2207 5093 3852 5169; baseline 0.002 -17"><span class='ocrx_word' id='word_1_873' title='bbox 2207 5098 2359 5168; x_wconf 92' lang='lat' dir='ltr'>quod</span> <span class='ocrx_word' id='word_1_874' title='bbox 2393 5113 2460 5152; x_wconf 83' lang='lat' dir='ltr'>ex</span> <span class='ocrx_word' id='word_1_875' title='bbox 2489 5093 2985 5151; x_wconf 81' lang='lat' dir='ltr'>Massoretharum</span> <span class='ocrx_word' id='word_1_876' title='bbox 3033 5101 3320 5168; x_wconf 72' lang='lat' dir='ltr'>praecepto</span> <span class='ocrx_word' id='word_1_877' title='bbox 3384 5096 3707 5169; x_wconf 84' lang='lat' dir='ltr'>legendum</span> <span class='ocrx_word' id='word_1_878' title='bbox 3759 5093 3852 5156; x_wconf 55' lang='lat' dir='ltr'>est.</span> 
     </span>
    </p>
   </div>
   <div class='ocr_carea' id='block_1_115' title="bbox 2207 5169 3853 5260">
    <p class='ocr_par' dir='ltr' id='par_1_115' title="bbox 2207 5169 3853 5260">
     <span class='ocr_line' id='line_1_115' title="bbox 2207 5169 3853 5260; baseline -0.001 -22"><span class='ocrx_word' id='word_1_879' title='bbox 2207 5183 2422 5260; x_wconf 53' lang='grc' dir='ltr'><em>ῥᾴοῃαί</em></span> <span class='ocrx_word' id='word_1_880' title='bbox 2455 5184 2705 5260; x_wconf 69' lang='lat' dir='ltr'>Elohim:</span> <span class='ocrx_word' id='word_1_881' title='bbox 2741 5201 2875 5260; x_wconf 85' lang='lat' dir='ltr'>max</span> <span class='ocrx_word' id='word_1_882' title='bbox 2897 5200 3034 5260; x_wconf 84' lang='lat' dir='ltr'>vero</span> <span class='ocrx_word' id='word_1_883' title='bbox 3057 5184 3203 5260; x_wconf 80' lang='lat' dir='ltr'>ipsis</span> <span class='ocrx_word' id='word_1_884' title='bbox 3234 5185 3440 5260; x_wconf 74' lang='lat' dir='ltr'>verbis</span> <span class='ocrx_word' id='word_1_885' title='bbox 3475 5169 3672 5260; x_wconf 53' lang='lat' dir='ltr'>amba</span> <span class='ocrx_word' id='word_1_886' title='bbox 3717 5191 3853 5260; x_wconf 51' lang='lat' dir='ltr'>hijs.</span> 
     </span>
    </p>
   </div>
   <div class='ocr_carea' id='block_1_116' title="bbox 2206 5255 3853 5324">
    <p class='ocr_par' dir='ltr' id='par_1_116' title="bbox 2206 5255 3853 5324">
     <span class='ocr_line' id='line_1_116' title="bbox 2206 5255 3853 5324; baseline -0.005 -13"><span class='ocrx_word' id='word_1_887' title='bbox 2206 5255 2470 5311; x_wconf 84' lang='lat' dir='ltr'>Diximus</span> <span class='ocrx_word' id='word_1_888' title='bbox 2504 5256 2792 5324; x_wconf 87' lang='lat' dir='ltr'>suspicari</span> <span class='ocrx_word' id='word_1_889' title='bbox 2826 5273 2932 5312; x_wconf 92' lang='lat' dir='ltr'>nos</span> <span class='ocrx_word' id='word_1_890' title='bbox 2955 5255 3332 5311; x_wconf 88' lang='lat' dir='ltr'>scholiastem</span> <span class='ocrx_word' id='word_1_891' title='bbox 3368 5256 3480 5313; x_wconf 82' lang='lat' dir='ltr'>has</span> <span class='ocrx_word' id='word_1_892' title='bbox 3539 5255 3853 5311; x_wconf 86' lang='lat' dir='ltr'>adnotatio-</span> 
     </span>
    </p>
   </div>
   <div class='ocr_carea' id='block_1_117' title="bbox 2207 5327 3857 5402">
    <p class='ocr_par' dir='ltr' id='par_1_117' title="bbox 2207 5327 3857 5402">
     <span class='ocr_line' id='line_1_117' title="bbox 2207 5327 3857 5402; baseline -0.001 -19"><span class='ocrx_word' id='word_1_893' title='bbox 2207 5345 2311 5402; x_wconf 86' lang='lat' dir='ltr'>nes</span> <span class='ocrx_word' id='word_1_894' title='bbox 2342 5344 2455 5382; x_wconf 91' lang='lat' dir='ltr'>non</span> <span class='ocrx_word' id='word_1_895' title='bbox 2484 5345 2553 5402; x_wconf 79' lang='lat' dir='ltr'>ea</span> <span class='ocrx_word' id='word_1_896' title='bbox 2583 5329 2824 5402; x_wconf 67' lang='lat' dir='ltr'>Hebraeo</span> <span class='ocrx_word' id='word_1_897' title='bbox 2857 5327 3196 5402; x_wconf 85' lang='lat' dir='ltr'>archetypo,</span> <span class='ocrx_word' id='word_1_898' title='bbox 3232 5329 3334 5383; x_wconf 88' lang='lat' dir='ltr'>sed</span> <span class='ocrx_word' id='word_1_899' title='bbox 3375 5345 3450 5383; x_wconf 86' lang='lat' dir='ltr'>ex</span> <span class='ocrx_word' id='word_1_900' title='bbox 3480 5328 3691 5402; x_wconf 66' lang='lat' dir='ltr'>Latino</span> <span class='ocrx_word' id='word_1_901' title='bbox 3725 5338 3857 5402; x_wconf 62' lang='lat' dir='ltr'>qug;</span> 
     </span>
    </p>
   </div>
   <div class='ocr_carea' id='block_1_118' title="bbox 2206 5389 3855 5472">
    <p class='ocr_par' dir='ltr' id='par_1_118' title="bbox 2206 5389 3855 5472">
     <span class='ocr_line' id='line_1_118' title="bbox 2206 5389 3855 5472; baseline -0.004 -18"><span class='ocrx_word' id='word_1_902' title='bbox 2206 5399 2361 5472; x_wconf 87' lang='lat' dir='ltr'>piam</span> <span class='ocrx_word' id='word_1_903' title='bbox 2395 5400 2592 5454; x_wconf 90' lang='lat' dir='ltr'>codice</span> <span class='ocrx_word' id='word_1_904' title='bbox 2643 5401 2960 5472; x_wconf 86' lang='lat' dir='ltr'>derivasse,</span> <span class='ocrx_word' id='word_1_905' title='bbox 3014 5389 3083 5453; x_wconf 59' lang='lat' dir='ltr'>in&#39;</span> <span class='ocrx_word' id='word_1_906' title='bbox 3105 5389 3224 5472; x_wconf 69' lang='lat' dir='ltr'>quo</span> <span class='ocrx_word' id='word_1_907' title='bbox 3283 5399 3567 5456; x_wconf 88' lang='lat' dir='ltr'>nonnula</span> <span class='ocrx_word' id='word_1_908' title='bbox 3624 5415 3691 5454; x_wconf 84' lang='lat' dir='ltr'>ex</span> <span class='ocrx_word' id='word_1_909' title='bbox 3738 5389 3855 5451; x_wconf 73' lang='lat' dir='ltr'>LXX</span> 
     </span>
    </p>
   </div>
   <div class='ocr_carea' id='block_1_119' title="bbox 2202 5471 3057 5527">
    <p class='ocr_par' dir='ltr' id='par_1_119' title="bbox 2202 5471 3057 5527">
     <span class='ocr_line' id='line_1_119' title="bbox 2202 5471 3057 5527; baseline -0.002 -1"><span class='ocrx_word' id='word_1_910' title='bbox 2202 5471 2470 5526; x_wconf 86' lang='lat' dir='ltr'>versione</span> <span class='ocrx_word' id='word_1_911' title='bbox 2499 5471 2674 5526; x_wconf 89' lang='lat' dir='ltr'>veteri</span> <span class='ocrx_word' id='word_1_912' title='bbox 2713 5471 3057 5527; x_wconf 89' lang='lat' dir='ltr'>insederint.</span> 
     </span>
    </p>
   </div>
   <div class='ocr_carea' id='block_1_120' title="bbox 2274 5541 3856 5615">
    <p class='ocr_par' dir='ltr' id='par_1_120' title="bbox 2274 5541 3856 5615">
     <span class='ocr_line' id='line_1_120' title="bbox 2274 5541 3856 5615; baseline -0.005 -16"><span class='ocrx_word' id='word_1_913' title='bbox 2274 5543 2296 5615; x_wconf 54' lang='grc' dir='ltr'><strong><em>ἒ</em></strong></span> <span class='ocrx_word' id='word_1_914' title='bbox 2376 5542 2560 5615; x_wconf 84' lang='lat' dir='ltr'>Abest</span> <span class='ocrx_word' id='word_1_915' title='bbox 2662 5560 2910 5615; x_wconf 83' lang='lat' dir='ltr'>quoque</span> <span class='ocrx_word' id='word_1_916' title='bbox 2997 5542 3105 5596; x_wconf 89' lang='lat' dir='ltr'>hoc</span> <span class='ocrx_word' id='word_1_917' title='bbox 3162 5541 3322 5615; x_wconf 84' lang='lat' dir='ltr'>apud</span> <span class='ocrx_word' id='word_1_918' title='bbox 3429 5542 3582 5598; x_wconf 84' lang='lat' dir='ltr'>LXX</span> <span class='ocrx_word' id='word_1_919' title='bbox 3665 5551 3856 5615; x_wconf 73' lang='lat' dir='ltr'>nomen</span> 
     </span>
    </p>
   </div>
   <div class='ocr_carea' id='block_1_121' title="bbox 2204 5610 3855 5695">
    <p class='ocr_par' dir='ltr' id='par_1_121' title="bbox 2204 5610 3855 5695">
     <span class='ocr_line' id='line_1_121' title="bbox 2204 5610 3855 5695; baseline -0.006 -25"><span class='ocrx_word' id='word_1_920' title='bbox 2204 5613 2303 5670; x_wconf 91' lang='lat' dir='ltr'>Dei</span> <span class='ocrx_word' id='word_1_921' title='bbox 2356 5629 2370 5669; x_wconf 90' lang='lat'><strong>:</strong></span> <span class='ocrx_word' id='word_1_922' title='bbox 2434 5612 2530 5670; x_wconf 82' lang='grc' dir='ltr'>Καὶ</span> <span class='ocrx_word' id='word_1_923' title='bbox 2585 5610 2697 5684; x_wconf 61' lang='grc' dir='ltr'>νῦνξ</span> <span class='ocrx_word' id='word_1_924' title='bbox 2759 5610 2920 5690; x_wconf 75' lang='grc' dir='ltr'>Κῦριέ</span> <span class='ocrx_word' id='word_1_925' title='bbox 2997 5633 3128 5686; x_wconf 81' lang='grc' dir='ltr'>μου,</span> <span class='ocrx_word' id='word_1_926' title='bbox 3202 5610 3386 5690; x_wconf 66' lang='grc' dir='ltr'>ῥῆμα,</span> <span class='ocrx_word' id='word_1_927' title='bbox 3449 5620 3591 5686; x_wconf 87' lang='lat' dir='ltr'>etc.;</span> <span class='ocrx_word' id='word_1_928' title='bbox 3667 5612 3724 5669; x_wconf 89' lang='lat' dir='ltr'>id</span> <span class='ocrx_word' id='word_1_929' title='bbox 3758 5610 3855 5695; x_wconf 55' lang='lat' dir='ltr'>est,</span> 
     </span>
    </p>
   </div>
  </div>
