3982 6178
208 403 300 459 677

1504 397 1717 452 LIBER
1755 397 1805 451 Ιι
1843 397 2227 454 SAMUELlS.

3463 409 3574 463 678

199 545 318 585 vum
341 531 494 583 tuum
524 527 577 580 et
603 538 784 596 super
811 523 1054 580 domum
1085 523 1468 594 ejus,suscita
1496 521 1557 578 in
1590 521 1807 593 sempl-
1832 527 1886 592 Α
1916 521 2036 578 suit
2055 522 2232 579 David
2254 525 2592 595 prmeidium
2618 527 2676 583 in
2698 528 2862 601 Syria
2885 530 3450 607 Damasci,faetaque
3481 539 3572 592 est

203 625 404 674 ternum
427 634 441 674 :
466 617 519 669 et
541 613 625 668 fac
657 612 813 668 sicut
839 611 1074 668 locutus
1104 628 1187 680 es,
1227 617 1289 667 ut
1320 612 1444 683 (ms.
1477 611 1555 682 et)
1587 609 1811 681 magni-

201 708 379 763 ﬁcetur
404 718 602 758 nomen
631 705 802 756 tuum
854 716 1036 770 usque
1067 700 1127 755 in
1161 701 1609 772 sempiternum,
1641 703 1811 768 atque

201 797 399 850 dicatur
426 809 438 848 :
491 791 768 846 Dominus
800 789 1189 856 exercituum,
1225 794 1375 845 Deus
1406 805 1583 860 super
1614 787 1808 843 Israel.

201 885 256 941 Et
277 884 466 940 domus
487 881 632 936 servi
650 880 732 934 tui
757 879 935 934 David
963 879 1074 934 erit
1107 879 1367 934 stabilita
1397 894 1587 933 coram
1622 878 1814 932 Domi-

206 989 266 1028 no
291 972 364 1042 (h.
386 985 573 1025 coram
607 968 705 1040 te),
729 971 867 1038 quia
887 973 972 1035 tu,
998 967 1246 1022 Domine
1275 967 1636 1024 exercituum
1662 966 1815 1021 Deus

203 1059 376 1128 Israel,
413 1057 677 1114 revelasti
711 1071 908 1111 aurem
941 1057 1091 1112 servi
1122 1056 1230 1125 tui,
1263 1056 1464 1112 dicens
1498 1072 1512 1110 :
1562 1055 1814 1110 Domum

206 1148 471 1205 aediﬁcabo
499 1146 643 1214 tibi;
678 1151 987 1218 propterea
1021 1145 1242 1201 invenit
1288 1161 1490 1201 servus
1532 1148 1671 1201 tuus
1719 1160 1819 1199 cor

205 1254 374 1307 suum,
417 1242 476 1292 ut
521 1240 715 1292 oraret
760 1240 813 1290 te
862 1236 985 1306 (ms.
1039 1238 1182 1290 tacet
1229 1235 1306 1305 te)
1366 1234 1629 1290 oratione
1687 1233 1815 1288 hac.

203 1329 343 1383 Nunc
369 1343 516 1398 ergo,
547 1324 796 1381 Domine
825 1324 1000 1387 Deus.
1024 1329 1087 1379 tu
1115 1341 1176 1380 es
1207 1329 1382 1390 Deus,
1417 1329 1472 1378 et
1505 1325 1677 1378 verba
1718 1325 1819 1376 tua

197 1423 342 1472 erunt
367 1431 531 1470 vera:
565 1413 800 1469 locutus
833 1429 894 1469 es
919 1412 1077 1468 enim
1109 1413 1178 1467 ad
1200 1429 1433 1468 servum
1465 1417 1636 1467 tuum
1666 1411 1819 1466 bona

196 1506 313 1560 haec.
343 1503 528 1574 Incipe
573 1503 775 1574 igitur,
810 1507 866 1557 et
915 1501 1160 1556 benedic
1191 1501 1393 1556 domui
1423 1501 1574 1557 servi
1609 1501 1716 1570 tui,
1753 1505 1820 1555 ut

198 1595 260 1649 sit
286 1595 338 1648 in
379 1592 804 1664 sempiternum
852 1607 1047 1646 coram
1098 1594 1202 1645 te:
1252 1591 1392 1660 quia
1439 1595 1526 1659 tu,
1574 1589 1818 1644 Domine

198 1685 342 1750 Deus,
371 1684 601 1738 locutus
633 1698 715 1749 es,
749 1689 806 1736 et
839 1679 1242 1736 benedictione
1292 1685 1396 1735 tua
1443 1680 1822 1735 benedicetur

195 1773 377 1828 domus
407 1772 554 1827 servi
588 1770 676 1825 tui
711 1770 770 1824 in
803 1769 1257 1840 sempiternum.

253 1861 329 1933 (T.
358 1863 413 1926 C,
447 1860 578 1930 Cap.
623 1858 791 1929 VllI.)
827 1858 1067 1913 Factum
1112 1862 1204 1912 est
1251 1860 1445 1912 autem
1497 1860 1631 1927 post
1677 1855 1818 1924 haec,

1917 610 2080 681 Syria
2127 611 2306 668 David
2355 615 2614 672 serviens
2657 617 2768 670 sub
2818 618 3036 673 tributo
3067 619 3146 690 (b.
3181 637 3345 677 serva
3377 625 3569 680 ferens

1922 702 2218 772 munera);
2243 705 2606 774 servavitque
2623 705 2704 774 (h.
2727 705 2989 777 salvavit)
3011 708 3294 766 Dominus
3320 711 3491 766 David
3509 713 3569 768 in

1923 790 2197 845 omnibus
2219 792 2288 846 ad
2316 808 2680 866 quaecunque
2713 795 3004 866 profectus
3026 801 3132 853 est.
3150 798 3216 852 Et
3237 798 3369 854 tulit
3390 800 3569 857 David

1923 882 2162 950 torques
2192 897 2362 935 aures
2392 882 2432 950 ³,
2466 899 2612 953 quas
2645 882 2942 939 habebant
2985 886 3133 940 servi
3167 887 3480 954 Adadezer,
3513 906 3573 962 et

1925 967 2136 1022 detulit
2152 985 2248 1024 eas
2263 970 2319 1024 in
2332 969 2843 1028 Jerusalem.Etdc
2861 975 2994 1029 Bete
3007 976 3144 1030 etde
3161 976 3424 1034 Berothai
3449 980 3570 1047 (ms.

1926 1052 2156 1126 Beroth)
2169 1099 2182 1121 ,
2195 1055 2527 1112 civitatibus
2539 1058 2856 1127 Adadezer,
2875 1060 3010 1116 tulit
3024 1077 3122 1116 rex
3136 1063 3311 1118 David
3328 1082 3404 1120 aes
3421 1066 3572 1121 mul-

1927 1147 2052 1198 tum
2078 1144 2517 1201 nimis.Audivit
2538 1153 2734 1203 autem
2757 1149 2922 1204 Tbou
2947 1149 3201 1223 (h.Thoi)
3227 1169 3322 1208 rex
3340 1155 3574 1224 Ematb,

1929 1232 2085 1304 quod
2118 1233 2505 1303 percussisset
2536 1234 2714 1290 David
2749 1253 2922 1292 omne
2942 1239 2964 1273 ³
2984 1240 3164 1295 robur
3193 1241 3504 1314 Adadezer,
3519 1250 3577 1300 et

1929 1322 2092 1376 misit
2119 1322 2284 1378 'l‘hou
2317 1323 2583 1394 (b.Thoi)
2612 1325 2811 1380 Joram
2845 1326 3029 1382 lilium
3064 1345 3237 1384 suu'n
3271 1332 3340 1386 ad
3376 1347 3571 1403 regem

1929 1409 2130 1480 David,
2165 1415 2226 1464 ut
2273 1411 2553 1468 salularet
2602 1429 2734 1468 eum
2782 1418 3226 1488 congratulans,
3254 1424 3310 1474 et
3356 1421 3577 1492 gratias

1928 1505 2126 1570 ageret
2153 1515 2217 1555 eo
2249 1501 2404 1572 quod
2436 1509 2826 1572 expugnasset
2855 1504 2936 1574 (h.
2963 1511 3020 1562 et
3050 1506 3419 1565 benediceret
3439 1527 3574 1567 eum

1928 1603 1995 1643 eo
2018 1589 2172 1658 quod
2208 1593 2548 1660 pugnasset)
2579 1591 2970 1662 Adadezer,et
3001 1596 3388 1666 percussisset
3416 1615 3573 1658 eum.

1928 1677 2011 1748 (T.
2049 1677 2159 1744 Cl.)
2190 1677 2389 1733 Hostis
2437 1677 2654 1750 quippe
2698 1687 2821 1736 erat
2871 1683 3035 1739 Thou
3086 1684 3394 1756 Adadezer,
3428 1692 3486 1743 et
3514 1688 3575 1743 in

1931 1782 2107 1820 manu
2140 1765 2266 1837 ejus
2297 1771 2464 1822 erant
2493 1784 2634 1824 vasa
2680 1785 2878 1841 aurea,
2909 1775 2966 1827 et
3007 1789 3143 1829 vasa
3191 1781 3485 1846 argentea,
3518 1782 3576 1833 et

1928 1871 2068 1910 vasa
2101 1872 2281 1910 aerea:
2316 1874 2439 1926 quae
2461 1862 2517 1912 et
2548 1857 2676 1928 ipsa
2706 1861 3094 1916 sanctiﬁcavit
3120 1879 3215 1919 rex
3248 1863 3426 1920 David
3462 1866 3579 1922 Do-

196 1909 452 2022 peicussit
504 1909 685 2004 David
742 1909 1106 2012 Plbilisthim,
1137 1951 1194 2002 et
1225 1909 1558 2001 humiliavrit
1608 1962 1727 2012 eos,
1761 1909 1818 1999 et
1853 1909 1896 1974 Β
1932 1944 2090 1998 mino
2121 1960 2256 1999 cum
2285 1909 2644 2017 argenteoret
2670 1964 2811 2003 auro
2844 1966 2968 2020 quae
3009 1909 3577 2012 sanctiﬁcaverat’d’e

197 2038 308 2094 tulit
334 2038 504 2094 David
541 2038 777 2092 frenum
811 2035 1016 2090 tributi
1048 2036 1119 2090 de
1153 2052 1330 2090 manu
1364 2033 1717 2090 Philisthim.
1752 2034 1817 2088 Et

196 2127 452 2199 percussit
480 2126 673 2193 Moab,
705 2133 758 2180 et
790 2141 1037 2180 mensus
1071 2127 1162 2178 est
1211 2139 1310 2179 eos
1359 2123 1642 2194 funiculo,
1674 2137 1819 2177 coae-

195 2233 356 2288 quans
374 2222 555 2284 terris;
583 2230 825 2270 mensus
837 2217 925 2269 est
938 2218 1131 2268 autem
1147 2213 1294 2268 duos
1312 2212 1819 2284 funiculos,unum

195 2306 252 2359 ad
298 2304 697 2368 occidendum,
756 2308 814 2358 et
872 2318 1058 2357 unum
1113 2303 1183 2358 ad
1246 2301 1656 2357 viviﬁcandum
1733 2300 1818 2371 (h.

197 2408 406 2448 mensus
432 2396 521 2448 est
556 2396 755 2446 autem
790 2391 940 2446 duos
973 2389 1266 2446 funiculos
1296 2391 1368 2445 ad
1412 2389 1820 2458 occidendum,

196 2487 242 2536 et
281 2498 448 2537 unum
504 2482 582 2536 ad
626 2479 1116 2548 viviﬁcandum);
1163 2479 1466 2550 factusque
1518 2483 1607 2533 est
1653 2478 1822 2533 Moab

197 2570 372 2640 David,
427 2569 698 2625 serviens
754 2570 862 2624 sub
933 2567 1153 2623 tributo
1212 2567 1294 2638 (h.
1353 2573 1444 2623 est
1498 2568 1665 2622 Moab
1714 2567 1826 2622 Da-

195 2659 273 2713 vid
325 2659 606 2728 serviens,
671 2657 863 2712 ferens
923 2656 1209 2728 munera).
1254 2660 1320 2710 Et
1371 2655 1658 2728 percussit
1715 2656 1824 2710 Da-

199 2747 274 2802 vid
302 2749 590 2804 Adadezer
626 2749 641 2782 ί
695 2746 885 2801 ﬁlium
933 2747 1112 2815 Roob,
1146 2761 1340 2817 regem
1387 2747 1556 2814 Soba,
1591 2745 1825 2816 quando

201 2838 463 2907 proiectus
493 2840 591 2893 est
622 2840 686 2890 ut
716 2836 1119 2890 dominaretur
1134 2850 1310 2906 super
1327 2835 1546 2890 flumen
1570 2834 1827 2905 Euphra-

199 2930 318 2980 tem.
340 2927 402 2981 Et
425 2926 622 2998 captis
654 2924 838 2980 David
862 2941 930 2979 ex
953 2928 1116 2995 parte
1141 2925 1266 2994 ejus
1301 2923 1462 2978 mille
1492 2923 1830 2995 septingen-

202 3016 266 3070 tis
291 3016 605 3087 equitibus,
639 3019 696 3069 et
726 3013 930 3085 viginti
965 3012 1226 3068 millibus
1268 3014 1552 3084 peditum,
1584 3013 1828 3067 subner-

199 3105 332 3158 vavit
349 3119 551 3160 omnes
587 3101 815 3174 jugales
845 3118 1158 3168 curruum;
1191 3101 1503 3172 dereliquit
1534 3106 1728 3156 autem
1761 3117 1825 3156 ex

197 3192 268 3248 eis
288 3199 511 3248 centum
543 3207 780 3247 currus.
805 3190 980 3246 Venit
1001 3206 1234 3262 quoque
1267 3191 1436 3262 Syria
1467 3191 1828 3259 Damasci,ut

1930 2033 2218 2089 universis
2275 2034 2549 2106 gentibus
2601 2053 2748 2108 quas
2808 2039 3139 2110 subegerat,
3192 2041 3263 2096 de
3305 2042 3488 2114 Syria,
3521 2049 3579 2099 et

1929 2121 2117 2186 Moab,
2149 2127 2206 2177 et
2236 2122 2372 2177 llliis
2403 2125 2673 2191 Ammon,
2708 2129 2764 2180 et
2797 2125 3145 2196 Philistbim,
3170 2133 3228 2184 et
3247 2130 3504 2202 Amalec,
3523 2139 3581 2188 et

1929 2210 2000 2266 de
2034 2211 2330 2266 manubiis
2354 2212 2648 2267 Adadezer
2681 2213 2781 2268 ﬁlii
2817 2215 2975 2270 Roob
2999 2215 3122 2288 (ms.
3151 2218 3400 2286 Robotb)
3425 2221 3578 2292 regis

1929 2300 2098 2355 Soba.
2135 2300 2287 2354 Fecit
2319 2317 2550 2372 quoque
2581 2301 2692 2357 sibi
2722 2303 2902 2358 David
2939 2321 3167 2377 nomen,
3196 2324 3330 2363 cum
3387 2325 3580 2364 rever-

1929 2392 2150 2442 teretur
2179 2394 2348 2460 cipta
2378 2389 2542 2461 Syria
2581 2389 2640 2445 in
2686 2391 2835 2446 valle
2885 2392 3247 2466 Salinarum,
3281 2397 3446 2454 caesis
3475 2398 3576 2454 de-

1931 2492 2057 2532 cem
2082 2483 2289 2532 etocto
2313 2477 2573 2534 millibus
2596 2480 2654 2547 ⁴;
2687 2487 2744 2534 et
2775 2482 2970 2550 posuit
3000 2481 3061 2537 in
3094 2483 3352 2541 Idumaea
3382 2490 3577 2543 custo-

1932 2565 2056 2631 des,
2091 2566 2419 2638 statuitque
2469 2568 2808 2638 praesidium
2844 2586 2858 2625 :
2909 2575 2966 2626 et
3015 2572 3162 2627 facta
3193 2582 3278 2629 est
3312 2575 3583 2631 universa

1935 2654 2190 2710 ldumaaa
2239 2655 2498 2712 serviens
2551 2658 2751 2712 David.
2801 2658 2866 2712 Et
2921 2663 3172 2716 servavit
3201 2662 3280 2733 (h.
3315 2665 3583 2733 salvnvit)

1937 2743 2218 2798 Dominus
2252 2743 2425 2799 David
2459 2745 2516 2799 in
2549 2747 2826 2801 omnibus
2867 2749 2936 2802 ad
2989 2765 3353 2822 quaecunque
3385 2754 3581 2824 profe-

1937 2837 2067 2887 ctus
2115 2837 2218 2887 est.
2262 2837 2329 2886 Et
2378 2834 2642 2905 regnavit
2672 2835 2844 2889 David
2879 2852 3058 2908 super
3087 2854 3323 2894 omnem
3355 2840 3535 2897 Israel
3569 2858 3582 2898 :

1938 2922 2185 2976 faciebat
2214 2938 2450 2994 quoque
2484 2923 2656 2978 David
2677 2923 2971 2993 judicium
3003 2930 3059 2980 et
3102 2927 3393 2996 justitiam
3426 2930 3583 2984 omni

1938 3010 2154 3082 populo
2185 3027 2312 3065 suo.
2349 3011 2494 3066 Joab
2527 3017 2722 3066 autem
2773 3013 2930 3068 filius
2975 3014 3185 3068 Sarviae
3234 3021 3360 3071 erat
3405 3035 3587 3090 super

1939 3099 2306 3154 exercitum:
2358 3116 2529 3171 porro
2576 3099 2858 3172 Josaphat
2907 3103 3064 3158 ﬁlius
3112 3103 3331 3161 Abilud
3380 3113 3505 3162 erat
3555 3125 3587 3163 a

1941 3189 2383 3244 commentariis
2413 3206 2425 3244 :
2473 3194 2531 3245 et
2559 3191 2782 3246 Sadocb
2818 3191 2974 3247 ﬁlius
3007 3193 3238 3259 Ahitob,
3271 3200 3328 3250 et
3354 3196 3592 3252 Abime-

205 3281 513 3352 praesidium
551 3281 730 3336 ferret
762 3279 1057 3334 Adadezer
1088 3279 1209 3350 regi
1241 3280 1426 3346 Soba;
1459 3285 1516 3334 et
1548 3280 1838 3352 percussit
1870 3279 1912 3346 C
1950 3277 2076 3332 lech
2099 3279 2118 3311 ⁵
2141 3278 2298 3332 filius
2327 3278 2629 3349 Abiathar,
2657 3284 2823 3335 erant
2853 3283 3185 3338 sacerdotes
3212 3299 3224 3337 :
3258 3289 3314 3338 et
3342 3285 3595 3352 Saraias,

199 3369 351 3425 David
377 3371 446 3425 de
469 3369 640 3442 Syria
669 3367 880 3440 viginti
926 3367 1040 3422 duo
1091 3367 1274 3422 millia
1305 3368 1583 3423 virorum.
1616 3373 1680 3423 Et
1711 3385 1816 3441 po-

203 3478 262 3529 Et
288 3493 442 3546 nunc,
478 3477 716 3532 Domine
743 3477 842 3541 mi,
874 3474 1117 3541 verbum,
1152 3478 1260 3529 etc.
1294 3479 1488 3529 Exstat
1536 3480 1731 3530 tamen
1763 3473 1822 3528 in

202 3564 454 3620 hodierno
488 3564 669 3619 Hebr.
690 3547 1078 3627 textumvn‘m
1107 3573 1237 3620 mm
1270 3573 1443 3627 nnis,
1469 3565 1655 3619 Veatta
1686 3563 1826 3618 Ado-

203 3635 285 3690 nai
311 3635 712 3705 Elohim,quod
739 3637 1093 3689 transfertur
1118 3635 1178 3688 in
1213 3635 1474 3689 Latinum
1497 3652 1828 3699 serinonen,

205 3707 258 3761 Et
305 3724 465 3777 nunc,
523 3706 758 3762 Domine
815 3707 973 3762 Deus.
1031 3705 1230 3760 Restat
1286 3706 1503 3776 itaque,
1555 3707 1668 3761 nisi
1724 3722 1832 3761 nos

209 3778 348 3834 fallat
395 3779 645 3850 70pinio,
704 3778 852 3850 LXX
927 3777 1277 3848 Interpretes
1330 3795 1416 3850 ac,
1469 3779 1832 3834 Scholiasten

211 3849 437 3905 Canonis
458 3847 649 3904 Hebr.
683 3849 842 3907 verit.
870 3865 1007 3903 usos
1036 3847 1166 3904 sese
1194 3847 1629 3919 exemplaribus
1659 3850 1833 3904 Hebr.

210 3920 257 3974 in
287 3922 488 3992 quibus
516 3923 722 3976 deerat
749 3937 856 3974 vox
885 3920 1100 3975 Elohim
1150 3927 1282 3992 post
1337 3937 1547 3976 nomen
1603 3919 1834 3988 Adonai,

213 3998 314 4061 aut,
339 3994 384 4048 si
410 3994 627 4064 placet,
656 3996 884 4064 Jehova.
911 3992 1091 4047 MART.

268 4093 329 4135 έ
345 4061 486 4119 Hinc
505 4066 706 4119 denuo
719 4063 989 4135 colligere
1006 4061 1494 4130 est,scholiastem
1514 4079 1627 4117 non
1643 4063 1838 4134 ipsum

213 4133 490 4260 ἔδω-εὐλαὶ
521 4134 826 4207 exemplar
855 4133 1242 4201 consuluisse,
1276 4138 1364 4189 est
1408 4135 1565 4189 enim
1613 4133 1683 4189 in
1725 4135 1837 4190 He-

247 4223 344 4260 τωο
415 4224 526 4260 eus.

247 4223 344 4262 raso
373 4209 526 4263 Deus.

272 4281 286 4313 ¹
315 4278 373 4333 In
405 4280 583 4334 editis
613 4276 890 4333 Adarezer
913 4276 1128 4348 legitur
1151 4291 1174 4348 γε
1218 4276 1378 4348 quod
1399 4346 1405 4348 _
1429 4276 1596 4331 ﬂuxit
1624 4293 1654 4332 e
1687 4277 1843 4332 LXX

213 4347 644 4421 interpretibus,
691 4349 814 4421 qui
881 4342 1086 4418 legunt
1149 4342 1595 4421 ’Aapaa§&9,id
1657 4355 1746 4405 est
1809 4360 1840 4409 Ἴ

212 4418 367 4491 iterati
387 4439 485 4491 pro
518 4435 558 4481 '1
591 4418 810 4474 Dalelh.
848 4421 1120 4491 Hebraeus
1177 4435 1308 4473 cum
1365 4418 1641 4474 omnibus
1696 4436 1839 4474 mss.

215 4489 408 4548 Latinis
438 4492 872 4562 antiquioribus
900 4507 965 4545 ac
998 4489 1257 4544 melioris
1291 4496 1438 4546 nota:
1471 4492 1645 4562 habet
1664 4491 1842 4548 Adad-

213 4577 334 4617 cur.
369 4565 550 4619 MART.
586 4561 656 4603 4
689 4565 751 4618 In
787 4578 894 4617 ms.
931 4562 1246 4618 Veronens.
1280 4561 1374 4618 hic
1431 4561 1841 4618 Addadeazer:

215 4632 424 4705 Vulgati
454 4636 751 4690 Adurezer.

276 4702 639 4762 "Veronens.
673 4721 784 4759 ms.
816 4721 950 4758 cum
983 4702 1251 4774 Vulgatis
1282 4719 1440 4757 arma
1472 4719 1664 4776 aurea,
1699 4720 1845 4776 quae,

214 4781 330 4848 etc.,
356 4779 571 4848 quibus
592 4782 650 4831 et
668 4776 947 4831 Hebraeus
981 4781 1193 4844 textus,
1219 4781 1275 4830 et
1307 4775 1654 4846 Hexaplares
1687 4775 1845 4832 Grae-

213 4847 253 4901 ci
278 4847 624 4921 interpretes
658 4847 898 4921 propius
930 4849 1231 4921 accedunt.

275 4918 295 4952 ⁸
318 4921 398 4974 Ad
430 4917 542 4977 ins.
569 4917 918 4975 Veronensis
941 4919 1138 4983 ﬁdem,
1164 4923 1287 4972 tum
1322 4917 1546 4972 Hebraei
1577 4922 1772 4975 textus
1794 4923 1850 4975 et

217 4987 401 5056 Graeci,
433 4992 772 5048 sutfecimus
804 4989 896 5044 hic
924 4997 1164 5044 verbum
1195 5005 1372 5054 omne,
1407 4990 1559 5060 quod
1594 4991 1810 5045 deerat.

276 5062 296 5095 ⁴
323 5066 427 5117 Pro
457 5064 636 5118 decem
660 5067 714 5116 et
738 5069 854 5116 octo
875 5059 1148 5128 millibus,
1171 5061 1399 5115 codices
1423 5059 1722 5116 sacrorum
1761 5063 1846 5116 Bi-

214 5128 448 5189 bliorum
483 5133 865 5204 manuscripti
888 5132 1113 5203 legunt,
1129 5134 1288 5188 caesis
1302 5132 1848 5204 duodecimmillibus

213 5205 284 5276 De
310 5220 420 5276 quo
449 5206 712 5276 disputat
751 5203 954 5258 auctor
1004 5204 1110 5272 QQ.
1144 5203 1547 5259 Hebraicarum
1576 5204 1634 5276 in
1667 5204 1849 5261 libros

218 5271 708 5357 Degumﬁicensga
726 5276 791 5357 Et
812 5277 857 5331 si
883 5271 1057 5357 quem
1075 5277 1446 5357 movetquod
1473 5276 1530 5330 in
1555 5275 1847 5357 plerisque

219 5342 542 5404 Latinorum
571 5348 871 5404 codicibus
901 5342 1405 5414 invenitur-David
1432 5342 1769 5402 non—decem
1793 5353 1849 5404 et

216 5421 332 5470 octo
363 5419 548 5474 millia
576 5420 632 5474 in
664 5418 810 5473 valle
827 5417 1291 5481 Salinarum,sed
1325 5418 1630 5474 duodecim
1665 5418 1850 5475 millia

219 5487 502 5560 cecidisse,
539 5491 759 5545 noverit
805 5490 914 5545 hoc
945 5490 1082 5544 vitio
1113 5489 1465 5560 scriptorum
1493 5490 1552 5544 in
1583 5491 1846 5560 ejusdem

218 5557 501 5616 codicibus
533 5561 797 5617 inolitum
829 5577 958 5617 esse
990 5577 1004 5616 :
1038 5557 1316 5618 veraciter
1348 5566 1542 5616 tamen
1576 5557 1752 5618 David
1787 5564 1843 5618 in

219 5630 405 5703 eadem
426 5631 569 5689 valle
599 5633 928 5690 Salinarum
953 5633 1154 5689 decem
1179 5638 1235 5689 et
1258 5639 1385 5690 octo
1411 5632 1593 5688 millia
1615 5635 1844 5703 cecidit,

219 5697 350 5756 Joab
379 5703 845 5776 veroduodecim
880 5703 1064 5776 millia
1094 5722 1128 5776 :7
1160 5705 1313 5760 sicut
1361 5706 1420 5760 in
1471 5703 1644 5760 titulo
1674 5697 1848 5776 quin;

223 5774 535 5846 quagesimi
564 5778 743 5834 octavi
777 5775 989 5849 psalmi
1019 5775 1316 5834 scribitur.
1352 5800 1380 5827 »
1429 5774 1710 5833 Advertet
1762 5777 1844 5834 le-

1875 4645 1922 4709 D

1936 3366 2165 3436 scriba;
2199 3367 2450 3422 Banaias
2481 3373 2678 3423 autem
2715 3369 2872 3424 filius
2901 3370 3144 3436 Joiadaa,
3177 3388 3354 3444 super
3385 3373 3599 3448 Chere_

1934 3479 2060 3530 ctor
2111 3489 2366 3528 errorem
2417 3473 2513 3528 hic
2563 3490 2692 3529 esse
2750 3475 2809 3530 in
2869 3493 3113 3531 numero
3175 3479 3386 3533 tamin
3417 3480 3595 3535 editis

1938 3545 2102 3622 libris
2132 3561 2309 3615 quam
2343 3545 2398 3598 in
2435 3547 2893 3622 manuscriptis;
2949 3565 3084 3604 nam
3115 3566 3218 3622 pro
3249 3550 3599 3622 quinquage-

1937 3617 2076 3671 simo
2102 3626 2294 3693 octavo
2340 3619 2573 3693 psalmo,
2599 3617 2919 3693 legendum
2971 3627 3076 3690 est,
3113 3617 3172 3693 in
3220 3617 3594 3693 titulo—quin-

1940 3687 2254 3814 ?)uagesirﬁi
2305 3691 2438 3743 noni
2487 3687 2710 3760 psalmi,
2763 3691 2850 3746 vel
2897 3687 3227 3762 sexagesimi
3269 3687 3596 3763 juxta-He-

1986 3777 2149 3814 rzeos.
2238 3776 2365 3813 AR'l‘.

1986 3777 2149 3814 l‘iBOS.
2181 3776 2365 3814 lVlAR'l‘.

2016 3829 2456 3895 —Veronensis
2479 3847 2708 3901 quoque
2727 3834 3367 3902 ms.,quemarlmodum
3393 3840 3449 3889 et
3469 3834 3597 3890 reli-

1948 3903 2070 3976 qui
2098 3919 2304 3957 omnes
2327 3919 2481 3976 quos
2512 3903 2781 3976 Martian.
2817 3904 3116 3976 consuluit
3148 3923 3358 3976 magno
3395 3923 3598 3961 nume-

1949 3972 2033 4040 ro,
2058 3972 2277 4049 habent
2307 3974 2589 4049 duntaxat
2613 3974 2898 4049 duodecim
2924 3976 3178 4030 millibus
3203 3992 3220 4049 :7
3241 3972 3416 4049 (luem
3448 3994 3602 4032 erro-

1949 4063 2096 4111 rem,
2135 4046 2488 4116 scriptorum
2537 4046 2673 4100 vitio
2729 4046 3002 4101 inolitum
3036 4046 3599 4104 Latinis-codicibus

1955 4117 2175 4188 iamdiu
2210 4122 2382 4170 antea
2428 4123 2632 4188 auctor
2678 4117 2988 4188 Quazslion.
3024 4119 3272 4174 llebraic.
3307 4119 3365 4174 in
3417 4119 3600 4175 libros

2002 4205 2202 4263 egum,
2233 4189 2304 4243 ab
2339 4189 2466 4263 ipso
2498 4187 2831 4263 Martianst
2860 4189 3157 4260 laudatus,
3190 4193 3598 4263 castigaverat.

1953 4261 2061 4316 Sed
2095 4265 2153 4332 et
2187 4259 2367 4332 Lucas
2395 4260 2707 4331 Brugensis
2739 4265 3070 4332 corruptam
3108 4259 3374 4319 eamdem
3396 4263 3452 4316 in
3472 4265 3598 4317 suis

1953 4348 2098 4402 mss.
2132 4331 2442 4385 lectionem
2476 4333 2710 4402 reperit,
2745 4331 2931 4402 quam
2983 4333 3054 4388 ad
3105 4334 3372 4390 tlebraici
3403 4351 3601 4390 exem-

1955 4401 2135 4476 plaris
2157 4401 2559 4458 auctoritatem
2593 4401 2876 4476 repudiat.

2025 4475 2045 4508 ⁸
2078 4475 2291 4529 lterum
2325 4478 2594 4545 corrupte
2641 4474 2856 4545 legitur
2880 4474 2937 4528 in
2972 4477 3286 4532 Veronens.
3323 4493 3433 4531 ms.
3466 4477 3604 4531 Abi-

1954 4546 2160 4601 melecli
2196 4563 2297 4616 pro
2333 4545 2705 4601 Achimelech.
2734 4547 3046 4600 Obtinebat
3070 4547 3162 4602 hic
3185 4565 3345 4604 error
3375 4550 3433 4603 in
3457 4548 3605 4604 Grai-

1955 4619 2038 4673 cis
2071 4617 2238 4691 libris
2279 4618 2404 4688 jam
2445 4618 2590 4691 inde
2626 4618 2698 4672 ab
2724 4618 2964 4691 Eusebii
2999 4619 3377 4691 temporibus,
3411 4620 3510 4691 qui
3545 4619 3603 4674 in

1959 4687 2377 4780 p‘salm'.‘xxiuii
2409 4689 2493 4780 silc
2525 4689 3040 4780 disserit‘:"H~c&’w
3095 4687 3386 4780 @‘ueil’isii‘bv
3415 4687 3597 4766 Ῠραφὴ

1977 4757 2276 4850 Αχιμὲλξχ
2322 4761 2611 4850 τξεξιέχειὶ
2643 4757 2976 4850 Λάναλλαγῆς
3029 4757 3317 4850 ςστόιχεείοιτ
3376 4757 3606 4850 vivont-:4-

1955 4827 2307 4906 ημοτιξῖόὐίεὲἧ⁸
2337 4827 2419 4884 δεῖ
2467 4827 2750 4906 ἑῖνξῖᾳθαιο
2811 4827 3105 4906 π-αρλᾀῖγᾶρ-
3142 4827 3240 4901 sint
3298 4827 3604 4906 ὁμάιότὴτα

1955 4906 2052 4978 τος)
2098 4900 2374 4978 στοιχείῳ
2417 4906 2514 4978 ⁸ςοῦ
2560 4903 2674 4978 Βήθ
2733 4900 3207 4978 πᾳρ-’ς-Ἐϐρᾲίᾳςςν
3258 4900 3603 4978 καλουμὲῥφυ

1957 4974 2046 5052 udi
2102 4971 2370 5052 Eoi-Kac?
2421 4971 2692 5052 διᾳφρρως
2745 4971 2962 5052 gagaten
3019 4971 3068 5028 ζτ’
3127 4973 3302 5052 ὄνομα
3335 4997 3346 5008 ·
3406 4971 3600 5052 σχεδὸν

1954 5046 2055 5118 γὰρ
2099 5041 2162 5133 ’ἓν
2219 5041 2533 5133 aediﬁcio-:63}
2562 5041 2672 5133 {oft
2701 5041 2894 5133 τὰβύο
2935 5041 3608 5123 άτοιχεῖα,’βραχυίε”ἀτης

1956 5115 2193 5190 naeniae,
2258 5117 2432 5188 μόνης
2487 5115 2946 5187 ἐναλλαττοΰσης.
2982 5115 3607 5190 Ιίιδᾱηοναίήδέἱήρίανα
3701 5143 3705 5148 '

1956 5189 2302 5245 Achimelecli
2339 5190 2520 5245 habet:
2542 5205 2610 5245 ne
2635 5189 2844 5248 lilterae
2871 5192 3298 5247 commutatione
3329 5194 3608 5262 quispiam

1955 5271 2238 5317 moveatur
2289 5279 2301 5316 :
2361 5278 2493 5316 nam
2549 5278 2613 5316 ea
2670 5278 2789 5332 qua
2849 5263 3135 5318 intercedit
3193 5267 3338 5318 inter
3397 5262 3609 5316 litteras

1955 5333 2092 5388 Beth
2164 5335 2214 5387 et
2282 5332 2451 5404 Chap.
2513 5342 2572 5388 ut
2630 5334 2849 5388 Hebraei
2923 5338 3133 5402 vocant,
3205 5332 3606 5397 similitudine,

1957 5405 2174 5476 diverse
2203 5421 2399 5460 nomen
2431 5407 2542 5474 [ait
2573 5421 2591 5458 :
2649 5404 2920 5476 siquidem
2978 5422 3090 5458 una
3144 5407 3438 5476 eademque
3493 5408 3608 5473 fere

1957 5481 2033 5530 est
2081 5475 2317 5531 duorum
2374 5477 2770 5532 elementorum
2820 5477 3023 5546 ﬁgura,
3057 5475 3380 5530 brevissimo
3430 5477 3609 5529 solum

1954 5546 2111 5616 apice
2167 5547 2558 5617 distinguente.
2622 5547 2835 5604 Verum
2908 5548 3031 5617 ipse
3085 5548 3261 5601 etiam
3321 5546 3608 5602 Eusebius

1957 5619 2200 5684 fallitur,
2246 5637 2435 5690 neque
2493 5620 2649 5674 enim
2705 5636 2804 5689 per
2847 5631 2881 5677 3
2928 5617 3207 5672 scribitur
3255 5618 3312 5672 in
3368 5617 3606 5690 Hebraeo

1953 5699 2208 5775 TID’DN,
2241 5689 2351 5747 sed,
2389 5707 2490 5762 per
2539 5703 2601 5756 Π,
2633 5708 2760 5761 quae
2821 5706 2937 5744 una
2990 5693 3144 5742 recta
3200 5694 3288 5743 est
3345 5689 3606 5761 scriptio,

1954 5790 2216 5868 11737.18.
2273 5779 2661 5850 Subsequitur
2733 5777 2793 5832 in
2871 5776 3191 5832 Veronensi
3267 5778 3395 5834 cod.
3455 5779 3609 5849 ﬁlius
