3982 6178
415 288 524 343 679

1464 297 1524 349 s.
1564 289 1972 347 nxaaouvm
2011 286 2268 342 mva
2303 284 2796 340 BIBLIOTFIECA.
3670 300 3750 353 δεο

422 417 511 474 tbi
539 422 595 475 et
625 419 844 475 Pbeleti
885 419 966 492 (b.
999 419 1246 486 Saraias,
1281 419 1511 476 scriba:
1543 421 1602 475 et
1629 415 1881 473 Banaias
1907 412 2063 468 filius
2095 414 2149 480 Α
2179 410 2392 467 liorum
2423 415 2676 468 Ammon
2707 412 2778 468 ad
2810 416 2977 470 Anon
3011 415 3314 473 dominum
3362 434 3519 476 suum
3551 438 3561 478 :
3613 425 3754 482 Putas

421 509 661 577 Joiadae,
694 508 960 564 Cberethi
991 513 1049 563 et
1089 508 1418 580 Phelethi):
1473 507 1580 563 ﬁlii
1633 511 1830 563 autem
1890 503 2070 559 David

423 600 754 654 sacerdotes
785 601 964 652 erant.

496 687 583 754 (T.
617 688 732 755 CII,
767 685 898 757 Cap.
934 685 1059 754 IX.)
1090 687 1160 741 Et
1200 686 1347 742 dixit
1393 686 1570 743 David
1603 702 1616 740 :
1683 686 1930 740 Putasne
1987 687 2075 737 est

419 773 633 845 aliquis
695 773 795 845 qui
853 775 1140 829 remansit
1198 776 1269 830 de
1322 776 1497 830 domo
1546 773 1704 840 Saul,
1733 778 1790 827 et
1829 771 1953 844 (ms.
1990 769 2071 839 ut)

417 863 630 918 faciam
661 879 793 917 cum
827 879 893 917 eo
927 864 1394 919 misericordiam
1454 866 1688 934 propter
1728 860 2021 916 Jonathan
2044 856 2072 911 ‘I

417 952 553 1006 Erat
583 956 777 1006 autem
818 951 889 1006 de
942 951 1117 1008 domo
1169 952 1303 1008 Saul
1354 968 1578 1017 servus,
1612 950 1848 1006 nomine
1878 948 2017 1003 Siba
2053 956 2067 995 ε

419 1057 592 1112 quem
627 1056 758 1096 cum
788 1050 1050 1096 vocasset
1100 1058 1198 1098 rex
1245 1042 1318 1096 ad
1369 1059 1454 1108 se,
1488 1039 1634 1095 dixit
1665 1040 1713 1094 ei
1749 1057 1762 1095 :
1812 1039 1975 1093 Tunc
2005 1053 2067 1092 es

414 1129 600 1185 Siba?
629 1134 685 1184 et
713 1129 809 1185 ille
841 1131 1146 1201 respondit
1179 1149 1192 1186 :
1227 1131 1333 1201 Ego
1389 1147 1514 1186 sum
1573 1129 1651 1193 (h.
1703 1145 1816 1182 non
1872 1126 2066 1194 habet)

414 1235 619 1275 servus
659 1222 818 1273 tuus.
847 1218 918 1273 Et
948 1218 1030 1273 ait
1061 1234 1178 1273 rex.
1207 1219 1486 1290 Nunquid
1541 1222 1809 1289 superest
1852 1214 2065 1286 aliquis

414 1309 486 1363 de
525 1308 698 1362 domo
745 1307 904 1375 Saul,
941 1312 1003 1362 ut
1035 1308 1240 1362 faciam
1301 1324 1432 1362 cum
1482 1323 1548 1362 eo
1599 1305 2061 1362 misericordiam

412 1395 562 1451 Dei?
591 1395 858 1467 Dixitque
888 1396 1025 1451 Siba
1059 1397 1175 1467 regi
1201 1412 1215 1452 :
1248 1397 1524 1466 Superest
1557 1395 1711 1449 ﬁlius
1741 1394 2056 1463 Jonathan,

416 1485 628 1540 debilis
651 1485 918 1555 pedibus.
943 1485 1073 1552 Ubi,
1103 1486 1314 1556 inquit,
1340 1486 1473 1540 est?
1493 1489 1556 1538 Et
1574 1485 1711 1540 Siba
1734 1484 1803 1538 ad
1831 1499 2060 1552 regem:

415 1574 581 1640 Ecce,
614 1572 716 1637 ait,
744 1573 803 1627 in
836 1574 1007 1627 domo
1039 1577 1127 1627 est
1156 1573 1378 1628 Machir
1410 1572 1511 1627 ﬁlii
1545 1571 1718 1626 Amiel
1762 1572 1820 1626 in
1874 1571 2062 1626 Lodo-

414 1662 539 1716 bar.
574 1661 733 1717 Misit
777 1677 911 1727 ergo
943 1677 1042 1716 rex
1079 1662 1276 1728 David,
1309 1666 1365 1717 et
1412 1660 1550 1715 tulit
1593 1677 1725 1715 eum
1773 1661 1844 1716 de
1890 1662 2063 1716 domo

2187 501 2338 572 quod
2376 505 2610 573 propter
2654 501 2930 559 honorem
2989 506 3172 576 patris
3229 505 3310 561 lui
3365 507 3526 564 David
3579 512 3757 570 miserit

2185 590 2257 645 ad
2289 594 2344 645 te
2375 589 2790 660 consolatores,
2824 597 2882 648 et
2912 610 3025 648 non
3057 594 3187 650 ideo
3235 599 3296 650 ut
3347 596 3692 671 investigaret,
3715 608 3759 659 et

2185 678 2510 749 exploraret
2542 680 2851 749 civitatem,
2885 687 2942 737 et
2989 689 3270 739 everteret
3324 702 3464 751 eam,
3493 688 3634 744 misit
3674 691 3757 746 Da-

2186 769 2278 822 vid
2315 784 2512 846 servos
2544 785 2682 824 suos
2713 770 2784 824 ad
2817 771 2921 842 tei?
2968 771 3127 826 Tulit
3164 773 3360 845 itaque
3407 781 3556 831 Anon
3601 795 3757 836 servos

2183 857 2383 922 David,
2421 857 2682 928 rasitque
2713 859 3020 915 dimidiam
3054 865 3276 932 partem
3310 864 3494 920 barbae
3516 875 3762 933 eorum,et

2182 946 2478 1017 praescidit
2500 951 2692 1003 vestes
2723 948 2946 1004 medias
2978 965 3162 1021 usque
3190 953 3260 1005 ad
3296 958 3475 1024 nates,
3503 960 3554 1009 et
3581 957 3761 1012 dimisit

2180 1051 2299 1090 eos.
2345 1035 2504 1099 Quod
2557 1052 2690 1090 cum
2738 1038 3072 1093 nuntiatum
3114 1043 3272 1095 esset
3319 1041 3508 1108 David,
3548 1044 3686 1100 misit
3717 1045 3762 1102 in

2179 1140 2490 1179 occursum
2524 1140 2725 1180 eorum
2754 1142 2767 1182 :
2801 1132 2968 1182 erant
2997 1127 3152 1183 enim
3176 1128 3287 1184 viri
3315 1132 3531 1186 confusi
3548 1136 3761 1202 turpiter,

2174 1213 2256 1285 (h.
2291 1230 2406 1268 non
2459 1213 2655 1285 habet)
2707 1213 2896 1280 valde,
2945 1223 3004 1271 et
3054 1218 3351 1273 mandavit
3379 1219 3458 1274 eis
3496 1221 3653 1276 David
3701 1224 3764 1294 (h.

2177 1302 2296 1373 rex)
2323 1319 2334 1356 :
2368 1301 2593 1357 Manete
2614 1301 2671 1356 in
2697 1302 2948 1373 Jericho,
2967 1305 3148 1360 donec
3169 1312 3391 1363 crescat
3413 1309 3576 1365 barba
3594 1317 3765 1377 vestra,

2176 1395 2233 1446 et
2267 1396 2405 1444 tunc
2437 1390 2816 1446 revertimini.
2852 1391 3134 1449 Videntes
3183 1400 3375 1451 autem
3425 1396 3520 1451 ﬁlii
3565 1399 3768 1453 Ammon

2175 1480 2329 1550 quod
2361 1479 2639 1550 injuriam
2671 1481 2950 1537 fecissent
2981 1483 3158 1538 David
3206 1484 3288 1555 (h.
3325 1487 3468 1557 quod
3504 1487 3770 1542 fmdassent

2179 1569 2404 1640 David),
2441 1569 2732 1625 miserunt
2760 1574 2817 1624 et
2846 1571 3251 1627 conduxerunt
3303 1575 3556 1629 mercede
3599 1575 3770 1646 Syrum

2173 1657 2335 1712 Roob
2359 1658 2440 1728 (h.
2463 1663 2675 1730 Syrum
2708 1659 2923 1714 domus
2949 1660 3195 1733 Robob),
3225 1667 3282 1717 et
3307 1662 3510 1734 Syrum
3537 1664 3685 1730 Soba,
3709 1666 3772 1715 vi-

414 1750 639 1806 Machir
671 1751 774 1806 ﬁlii
802 1750 989 1805 Amiel
1020 1752 1089 1806 de
1123 1751 1390 1806 Lodobar
1421 1752 1545 1821 (ms.
1578 1751 1884 1847 Lodabar).
1916 1753 2062 1847 Cum
2094 1782 2141 1847 Β
2354 1746 2538 1847 millia
2570 1748 2856 1847 peditum,
2882 1754 2991 1847 eta
3015 1766 3148 1822 rege
3164 1750 3405 1806 Maacba
3427 1751 3575 1806 mille
3598 1751 3775 1806 viroset

411 1845 605 1896 autem
663 1839 916 1895 venisset
970 1840 1386 1910 Miphibosetb,
1419 1839 1575 1893 ﬁlius
1605 1837 1923 1906 Jonathan,
1956 1837 2059 1892 ﬁlii

409 1927 566 1995 Saul,
593 1929 662 1982 ad
692 1929 870 1983 David
890 1929 1128 1992 ,corruit
1158 1929 1217 1983 in
1254 1929 1457 1984 faciem
1489 1931 1742 1991 suam,et
1772 1927 2057 1981 adoravit.

409 2017 680 2088 Dixitque
714 2019 887 2071 David
919 2035 930 2072 :
967 2017 1361 2088 Miphibosetb
1391 2020 1410 2070 τ’
1439 2017 1544 2080 Qui
1572 2016 1877 2086 respondit
1908 2033 1920 2070 :
1956 2016 2061 2070 Ad-

411 2123 540 2160 sum
577 2122 782 2161 servus
813 2111 970 2162 tuus.
1001 2108 1069 2160 Et
1098 2107 1181 2161 ait
1211 2107 1260 2160 ei
1299 2107 1506 2161 David:
1545 2106 1625 2161 Ne
1658 2106 1886 2166 timeas,
1921 2105 2059 2175 quia

411 2194 631 2250 faciens
663 2194 872 2249 faciam
907 2195 966 2250 in
999 2199 1055 2249 te
1087 2194 1547 2250 misericordiam
1602 2198 1835 2266 propter
1881 2195 2058 2248 Jona-

409 2283 549 2338 than
584 2288 812 2355 patrem
843 2289 1033 2352 tuum,
1066 2288 1124 2338 et
1171 2283 1477 2338 restituam
1510 2284 1616 2342 tibi
1650 2299 1854 2338 omnes
1886 2298 2057 2353 agros

408 2371 548 2427 Saul
579 2372 762 2444 patris
795 2371 900 2438 tui,
925 2378 981 2428 et
1002 2378 1063 2426 tu
1090 2373 1360 2428 comedes
1392 2387 1601 2442 panem
1623 2371 1680 2426 in
1700 2388 1903 2425 mensa
1931 2387 2057 2425 mea

406 2477 660 2532 semper.
693 2461 799 2525 Qui
833 2461 1078 2516 adorans
1109 2478 1263 2528 eum,
1298 2461 1443 2517 dixit
1475 2478 1487 2516 :
1522 2462 1663 2525 Quis
1698 2476 1794 2529 ego
1823 2477 1943 2515 sum
1974 2460 2054 2530 (h.

404 2566 518 2605 non
554 2549 751 2618 habet)
783 2565 988 2605 servus
1040 2556 1201 2615 tuus,
1235 2551 1512 2622 quoniam
1546 2550 1848 2622 respexisti
1884 2565 2060 2620 super

401 2655 606 2694 canem
643 2643 936 2694 mortuum
971 2639 1223 2694 similem
1259 2640 1416 2696 mei?
1458 2639 1700 2696 Vocavit
1734 2639 1930 2709 itaque
1961 2654 2060 2692 rex

398 2728 595 2782 Sibam
630 2744 876 2798 puerum
908 2728 1128 2793 Saul,et
1158 2729 1306 2783 dixit
1337 2728 1410 2782 ei:
1447 2728 1667 2784 Omnia
1697 2744 2059 2799 quascunque

399 2819 641 2872 fuerunt
671 2816 829 2882 Saul,
863 2823 921 2872 et
952 2818 1286 2873 universam
1321 2818 1560 2874 domum
1596 2819 1746 2888 ejus,
1779 2816 1911 2872 dedi
1942 2817 2057 2873 ﬁlio

397 2905 616 2961 domini
653 2905 760 2962 tui.
787 2905 1040 2977 Operare
1074 2905 1255 2978 igitur
1284 2907 1336 2962 ei
1367 2910 1580 2961 terram
1613 2911 1695 2973 tu,
1728 2910 1786 2961 et
1817 2905 1919 2960 ﬁlii
1948 2905 2057 2972 tui,

397 2999 454 3049 et
501 2995 652 3050 servi
703 2995 838 3048 tui:
894 2998 950 3048 et
999 2994 1216 3050 interes
1262 2995 1382 3051 ﬁlio
1429 2995 1651 3050 domini
1684 3001 1747 3049 tu
1780 2995 1940 3050 cibos
1969 2995 2054 3063 (h.

389 3086 609 3155 panem)
643 3087 707 3137 ut
739 3081 964 3138 alatur:
1001 3083 1393 3155 Miphibosetb
1430 3089 1623 3139 autem
1650 3084 1805 3140 ﬁlius
1822 3083 2045 3139 domini

2171 1836 2242 1889 ab
2257 1834 2459 1890 Histob
2484 1836 2794 1891 duodecim
2810 1837 2994 1893 millia
3006 1839 3260 1894 virorum
3275 1841 3451 1904 .Quod
3475 1858 3596 1894 cum
3614 1841 3776 1895 audis-

2168 1928 2254 1979 set
2267 1924 2442 1980 David
2456 1924 2784 1990 ,misitJoab
2801 1931 2857 1980 et
2873 1944 3105 1982 omnem
3121 1929 3439 1984 exercitum
3454 1928 3773 1984 bellatorum.

2167 2012 2397 2084 Egressi
2441 2018 2579 2068 sunt
2608 2031 2744 2085 ergo
2779 2015 2880 2069 ﬁlii
2909 2021 3186 2083 Ammon,
3221 2022 3288 2073 et
3343 2019 3602 2074 dixerunt
3627 2018 3776 2072 aciem

2167 2107 2300 2157 ante
2333 2102 2524 2173 ipsum
2552 2103 2634 2171 (h.
2668 2120 2779 2158 non
2831 2104 2990 2159 habet
3041 2111 3176 2161 ante
3228 2106 3452 2178 ipsum)
3485 2107 3541 2161 in
3573 2106 3776 2161 introitu

2166 2195 2342 2260 portae
2377 2208 2389 2246 :
2441 2195 2620 2263 Syrus
2666 2198 2861 2248 autem
2905 2193 3085 2264 Solia,
3117 2199 3175 2249 et
3206 2195 3388 2262 Roob,
3415 2201 3470 2250 et
3500 2195 3701 2260 Histob,
3731 2199 3778 2249 et

2169 2278 2430 2348 Maacha,
2451 2296 2715 2335 seorsum
2741 2286 2908 2336 erant
2931 2283 2985 2336 in
3012 2283 3462 2351 campo.Videns
3484 2281 3775 2355 igiturloab

2169 2368 2320 2436 quod
2351 2375 2740 2440 praeparatum
2759 2373 2916 2426 esset
2939 2371 3250 2427 adversum
3273 2389 3339 2428 se
3363 2372 3630 2444 praelium,
3651 2375 3700 2426 et
3725 2387 3779 2425 ex

2167 2457 2409 2512 adverso
2445 2463 2501 2512 et
2531 2462 2661 2529 post
2715 2463 2968 2530 tergum,
2998 2459 3170 2530 elegit
3199 2477 3268 2516 ex
3300 2462 3567 2517 omnibus
3611 2459 3776 2515 electis

2169 2545 2369 2613 Israel,
2407 2553 2460 2602 et
2496 2547 2768 2602 instruxit
2802 2548 2983 2603 aciem
3014 2554 3219 2604 contra
3244 2551 3496 2623 Syrum:
3536 2548 3780 2619 reliquam

2169 2639 2361 2690 autem
2391 2641 2610 2705 partem
2646 2636 2846 2708 populi
2877 2638 3119 2692 tradidit
3147 2638 3320 2694 Abisa
3338 2639 3628 2710 (h.Absat)
3649 2635 3781 2691 fratri

2168 2740 2297 2794 suo,
2314 2725 2411 2795 qui
2429 2725 2642 2780 direxit
2657 2727 2840 2780 aciem
2859 2732 3060 2781 contra
3075 2727 3224 2782 ﬁlios
3240 2729 3336 2782 Am
3355 2745 3507 2784 mon.
3526 2725 3784 2782 EtaitJoab

2169 2812 2251 2884 (h.
2279 2829 2391 2868 non
2427 2813 2619 2884 habet)
2645 2830 2658 2868 :
2694 2815 2747 2868 Si
2781 2814 3192 2885 praevaluerint
3217 2817 3532 2872 adversum
3557 2831 3640 2869 me
3661 2812 3783 2884 Syri,

2167 2901 2282 2956 eris
2309 2901 2451 2956 mihi
2476 2903 2531 2956 in
2558 2903 2917 2972 adjutorium
2946 2921 2960 2972 ;
2993 2905 3262 2960 siautem
3283 2904 3390 2959 ﬁlii
3409 2907 3643 2960 Ammon
3666 2918 3786 2974 pre-

2164 2989 2456 3046 valuerint
2484 2993 2795 3046 adversum
2830 2996 2904 3056 te,
2929 2992 3256 3048 auxiliabor
3287 2995 3419 3050 tibi.
3445 2995 3574 3049 Esto
3596 2991 3672 3046 vir
3689 2991 3782 3045 for-

2167 3079 2262 3145 tis,
2296 3084 2352 3134 et
2388 3096 2719 3152 pugnemus
2769 3097 2870 3151 pro
2920 3081 3132 3153 populo
3166 3087 3390 3151 nostro,
3424 3099 3455 3138 e
3482 3081 3693 3137 civitate
3732 3078 3781 3133 h.

393 3173 480 3226 tui
512 3172 778 3228 comedet
807 3189 1037 3243 semper
1068 3189 1279 3244 panem
1305 3190 1483 3242 super
1501 3189 1764 3228 mensam
1792 3189 1978 3228 meam
2003 3174 2041 3242 1,
2077 3145 2119 3211 C
2157 3171 2214 3222 et
2257 3167 2616 3239 civitatibus)
2649 3169 2747 3223 Dei
2782 3170 2964 3224 nostri
2991 3189 3004 3238 ;
3065 3170 3354 3227 Dominus
3411 3177 3602 3227 autem
3630 3167 3784 3224 faciet

397 3263 574 3314 Erant
603 3267 799 3315 autem
831 3261 977 3314 Siba:
1011 3261 1345 3331 quindecim
1381 3261 1507 3329 ﬁlii,
1540 3266 1596 3316 et
1625 3261 1828 3332 viginti
1878 3261 2049 3317 servi.

395 3347 668 3420 Dixitque
698 3349 831 3404 Siba
859 3349 931 3403 ad
965 3365 1160 3421 regem
1189 3366 1202 3403 :
1234 3349 1670 3420 Sicutjussisti,
1705 3349 1939 3404 domine
1970 3351 2050 3405 mi

397 3454 517 3506 rex,
543 3453 708 3493 servo
740 3443 864 3504 tuo,
886 3437 970 3493 sic
1002 3437 1174 3495 faciet
1203 3455 1407 3493 servus
1442 3444 1576 3493 tuus
1615 3454 1628 3492 :
1673 3443 1730 3494 et
1762 3439 2050 3510 Miphibo-

397 3525 524 3581 setb
558 3526 824 3580 comedet
856 3541 1036 3596 super
1073 3543 1338 3582 mensam
1363 3532 1524 3581 tuam
1549 3525 2050 3599 (h.meani).,quasi

393 3631 549 3669 unus
582 3614 652 3669 de
684 3611 820 3670 ﬁliis
848 3615 1022 3685 regis.
1048 3615 1315 3671 Habebat
1345 3620 1540 3671 autem
1575 3615 1964 3688 Miphibosetb
1991 3616 2050 3669 ﬁ-

391 3701 538 3757 lium
573 3703 884 3774 parvulum
917 3704 1156 3760 nomine
1188 3704 1419 3760 Micha:
1454 3705 1649 3760 omnis
1680 3722 1812 3760 vero
1845 3721 2050 3776 cogna-

393 3791 475 3846 tio
507 3792 721 3846 domus
773 3791 922 3846 Sibae
968 3791 1259 3848 serviebat
1294 3793 1705 3864 Miphibosetb.
1740 3799 1916 3850 Porro
1946 3792 2047 3847 Mi-

390 3879 702 3953 phibosetb
727 3880 1109 3936 habitabatin
1125 3881 1476 3938 Jerusalem:
1495 3883 1633 3954 quia
1654 3883 1724 3937 de
1747 3899 1949 3937 mensa
1963 3897 2048 3936 re-

389 3969 713 4042 gisjugiter
733 3971 1104 4025 vescebatur:
1131 3975 1186 4024 et
1206 3975 1331 4025 erat
1351 3971 1596 4026 claudus
1615 3977 1863 4043 utroque
1879 3972 2043 4043 pede.

465 4057 555 4127 (T.
587 4057 732 4125 CIII,
767 4056 898 4129 Cap.
931 4057 1022 4129 Χ.)
1058 4059 1293 4114 Factum
1341 4064 1430 4114 est
1477 4065 1672 4115 autem
1727 4065 1858 4130 post
1901 4059 2042 4126 haec,

387 4151 455 4200 ut
486 4151 810 4201 moreretur
842 4162 941 4200 rex
973 4145 1224 4202 ﬁliorum
1258 4149 1531 4214 Ammon,
1553 4153 1610 4202 et
1639 4147 1903 4218 regnavit
1932 4153 2046 4202 An-

385 4235 547 4289 non'
578 4235 912 4304 (h.Hanon)
954 4235 1112 4290 ﬁlius
1165 4237 1295 4306 ejus
1343 4252 1446 4308 pro
1495 4252 1583 4293 eo.
1618 4235 1887 4307 Dixitque
1931 4236 2039 4291 Da-

385 4323 520 4377 vid:
558 4322 782 4377 Faciam
819 4322 1285 4378 misericordiam
1318 4340 1451 4379 cum
1483 4327 1646 4380 Anon
1699 4324 1814 4380 ﬁlio
1865 4324 2037 4393 Naas,

386 4411 539 4466 sicut
567 4409 704 4464 fecit
735 4416 898 4481 pater
928 4413 1058 4482 ejus
1092 4427 1322 4467 mecum
1367 4413 1850 4467 misericordiam.
1885 4413 2042 4469 Misit

2163 3258 2317 3327 quod
2354 3258 2567 3312 bonum
2600 3261 2688 3312 est
2710 3258 2766 3311 in
2792 3263 3105 3329 conspectu
3138 3277 3244 3314 suo
3267 3261 3422 3330 (h.in
3446 3256 3784 3322 oculissuis).

2162 3346 2299 3400 Iniit
2331 3347 2526 3417 itaque
2555 3346 2720 3414 Joab,
2749 3353 2805 3401 et
2837 3347 3091 3419 papulus
3124 3349 3221 3416 qui
3253 3355 3544 3404 eratcum
3577 3363 3656 3411 eo,
3687 3361 3783 3400 crr-

2162 3439 2357 3489 tamen
2393 3445 2592 3490 contra
2621 3441 2834 3506 Syros;
2885 3435 2985 3507 qui
3033 3437 3233 3491 statim
3286 3439 3566 3510 fugerunt
3591 3454 3623 3491 a
3663 3433 3783 3488 facio

2161 3524 2307 3592 ejus.
2335 3523 2458 3578 Filii
2494 3530 2688 3578 autem
2720 3529 2990 3589 Ammon,
3022 3525 3290 3581 videntes
3337 3528 3478 3598 quia
3528 3526 3782 3597 fugissent

2160 3613 2304 3684 Syri,
2341 3613 2641 3683 fugierunt
2693 3620 2746 3667 et
2806 3613 2916 3684 ipsi
2961 3630 2995 3667 a
3045 3615 3188 3669 facie
3219 3615 3446 3681 Abisai,
3483 3619 3540 3670 et
3565 3608 3779 3685 ingressi

2160 3706 2299 3755 sunt
2325 3701 2617 3756 civitatem
2655 3717 2666 3754 :
2703 3718 3088 3773 reversusque
3121 3708 3210 3757 est
3239 3704 3390 3760 Joab
3425 3722 3458 3759 a
3490 3703 3623 3758 ﬁliis
3665 3704 3782 3756 Am-

2161 3807 2319 3856 mon,
2341 3795 2397 3845 et
2425 3790 2586 3844 venit
2614 3789 2960 3846 Jerusalem.
2998 3790 3270 3846 Videntes
3299 3792 3486 3864 igitur
3513 3790 3631 3864 Syri
3661 3802 3781 3860 quo-

2159 3881 2315 3934 niam
2331 3879 2898 3934 corruissentcoram
2927 3879 3123 3950 Israel,
3149 3883 3491 3953 congregati
3516 3875 3785 3949 suntpari-

2156 3973 2263 4023 ter.
2301 3968 2575 4039 Misitque
2604 3968 2897 4023 Adadezer
2927 3969 2970 4033 3,
2994 3973 3050 4023 et
3078 3969 3276 4024 eduxit
3305 3971 3483 4043 Syros
3515 3969 3612 4042 qui
3643 3968 3785 4022 erant

2156 4063 2320 4113 trans
2355 4057 2619 4122 ﬂuvium,
2651 4061 2707 4110 et
2739 4057 2816 4120 (h.
2850 4061 2906 4111 et
2934 4063 3219 4112 venerunt
3267 4059 3324 4112 in
3381 4059 3604 4125 Helam)
3631 4057 3784 4110 adau-

2154 4146 2238 4201 xit
2267 4146 2580 4201 exercitum
2614 4161 2813 4200 eorum
2844 4162 2857 4212 ;
2887 4145 3110 4201 Sobach
3145 4152 3370 4217 autem,
3407 4147 3680 4219 magister
3701 4142 3788 4197 mi-

2153 4235 2289 4290 litia:
2338 4235 2652 4300 Adadezer,
2699 4238 2824 4289 erat
2867 4234 3139 4306 princeps
3187 4251 3417 4292 eorum.
3463 4235 3621 4301 Quod
3672 4245 3785 4286 cum

2153 4325 2488 4380 nuntiatum
2523 4327 2678 4378 esset
2705 4323 3211 4393 David,contraxit
3241 4341 3480 4380 omnem
3516 4320 3786 4380 Israelem,

2151 4419 2210 4468 et
2259 4412 2532 4467 transivit
2577 4411 2918 4478 Jordanem,
2966 4413 3239 4482 venitque
3287 4412 3346 4468 in
3405 4411 3610 4469 Helam
3642 4411 3697 4475 ‘;
3742 4410 3792 4461 et

384 4515 522 4570 ergo
552 4498 754 4564 David,
787 4501 1098 4555 consolans
1129 4517 1260 4554 eum
1295 4517 1397 4572 per
1429 4517 1626 4556 servos
1674 4517 1812 4556 suos
1862 4517 2039 4572 super
2067 4515 2114 4576 [)
2148 4503 2483 4556 direxerunt
2543 4502 2724 4555 aciem
2758 4500 2884 4572 Syri
2917 4517 2985 4555 ex
3042 4502 3285 4556 adverso
3344 4501 3556 4569 David,
3595 4503 3650 4555 et
3697 4511 3788 4568 pu-

387 4587 572 4660 patris
601 4587 862 4643 interitu.
897 4592 1038 4644 Cum
1089 4593 1284 4644 autem
1314 4589 1615 4646 venissent
1657 4589 1808 4644 servi
1859 4591 2034 4645 David
2145 4595 2472 4664 gnaverunt
2492 4596 2694 4646 contra
2724 4604 2877 4644 eum.
2907 4589 3316 4661 Fugeruntque
3346 4590 3527 4664 Syria
3548 4587 3687 4645 facie
3714 4587 3787 4641 Is-

384 4675 442 4730 in
476 4683 691 4733 terram
725 4675 980 4732 ﬁliorum
1028 4679 1299 4745 Ammon,
1328 4677 1606 4734 dixerunt
1648 4678 1940 4751 principes
1971 4679 2036 4734 ﬁ-

381 4885 666 4963 Agbiqthorg
688 4888 993 4963 sacerdotis
1020 4905 1033 4945 :
1085 4888 1299 4945 iterum
1335 4889 1562 4958 vitiose,
1591 4891 1704 4947 nisi
1737 4891 1785 4947 si
1815 4892 2035 4963 passim

383 4960 553 5034 obvia
581 4961 623 5015 E
655 4959 711 5016 in
747 4961 765 5015 Ι
801 4960 1130 5016 litterarum
1177 4963 1526 5034 mutatione,
1573 4959 1897 5034 putandum
1951 4970 2040 5020 est

381 5030 557 5087 scribi
600 5049 704 5108 pro
737 5034 1086 5108 _sacerdotes,
1119 5034 1483 5106 verbumque
1512 5030 1680 5106 erat,
1713 5035 2038 5108 elegantius

382 5103 870 5174 praaterrnittitur.

452 5176 471 5247 ἢ
501 5176 886 5247 Manuscripti
919 5175 1114 5247 plures
1148 5175 1405 5230 retinent
1433 5191 1680 5230 mensam
1724 5182 1899 5238 tuam.
1935 5178 2033 5232 alii

378 5244 598 5321 habent
639 5244 893 5321 mensam
921 5244 1298 5321 ineamjuxta
1328 5247 1762 5321 adnotationem
1793 5251 2036 5321 Amargi-

382 5316 572 5373 nalem
623 5319 893 5374 Canonis.
932 5318 1154 5373 Videsis
1203 5319 1274 5372 de
1324 5317 1424 5372 illa
1471 5319 1732 5375 variante
1788 5316 2036 5376 lectione

379 5390 865 5461 Qumstionesjam
902 5389 1113 5444 citatas
1143 5389 1433 5460 suppositi
1467 5389 1827 5461 Hieronymi.
1851 5393 2033 5448 MART.

449 5462 470 5494 ²
500 5461 609 5516 Ms.
642 5463 982 5528 Veronens.,
1017 5469 1068 5516 et
1099 5469 1354 5532 regnaret
1387 5462 1556 5516 Anon.

449 5549 605 5622 #Hic
654 5551 716 5605 in
765 5550 940 5605 Hebr.
974 5553 1246 5622 contextu
1305 5549 1589 5621 scriptum
1649 5557 1739 5606 est
1790 5563 2029 5622 annm,

379 5619 694 5689 Λάαν-σωκ
746 5638 879 5679 cum
911 5638 1092 5694 supra
1121 5621 1310 5694 capite
1349 5619 1549 5679 octavo
1598 5622 1827 5696 legatur
1872 5619 2029 5696 (cum

2147 4680 2287 4748 rael,
2313 4683 2369 4735 et
2388 4677 2602 4734 occidit
2636 4677 2808 4732 David
2840 4677 2910 4733 de
2939 4678 3096 4750 Syris
3128 4679 3540 4752 septingentos
3569 4689 3784 4741 currus,

2148 4892 2368 4966 duplici
2432 4888 2988 4966 dal_eth,_Adariczer,
3023 4890 3178 4960 quod
3230 4888 3411 4945 etiam
3465 4905 3613 4945 mss.
3646 4883 3790 4942 Lati-

2149 4967 2208 5022 ni
2233 4961 2492 5020 retinent
2523 4962 2628 5016 boo
2660 4961 2806 5016 loco.
2840 4964 3023 5016 MART.

2216 5067 2286 5077 —
2311 5039 2468 5116 Quoc
2501 5032 2592 5087 hic
2624 5033 2788 5115 effert
2816 5032 3084 5116 Hebraic.
3121 5031 3424 5114 exemplar
3454 5049 3560 5116 per
3579 5044 3610 5092 ‘t

2145 5123 2290 5173 ρων,
2316 5100 2530 5161 laetum
2566 5103 2793 5177 passim
2817 5104 2986 5160 obvia
3015 5100 3307 5177 perquam
3329 5100 3624 5159 similium
3655 5100 3791 5173 litte-

2148 5195 2344 5234 rarum
2380 5190 2413 5236 Ἴ
2441 5181 2497 5232 et
2526 5175 2934 5238 nimutatione.

2217 5253 2235 5286 ‘
2272 5254 2332 5306 In
2368 5248 2498 5303 aliis
2532 5263 2640 5302 ms.
2675 5246 2843 5302 libris
2893 5245 3147 5318 legimus
3179 5260 3194 5301 ε
3250 5246 3476 5318 Ηείεηια
3514 5249 3592 5318 Aet
3649 5240 3791 5296 Hela—

2144 5339 2253 5377 ma.
2290 5321 2643 5375 Emendator
2667 5335 2798 5374 vero
2821 5314 3130 5374 Canonicis
3159 5316 3445 5388 expunxit
3471 5314 3742 5372 ultimum
3765 5325 3794 5363 α

2143 5409 2211 5449 ex
2244 5395 2490 5448 Helama.
2525 5390 2709 5444 MART.

2213 5496 2280 5504 -—
2316 5463 2635 5518 Veronens.
2671 5477 2784 5515 ms.
2817 5459 3256 5530 Heluma,atque
3286 5458 3534 5514 additur
3565 5455 3790 5530 quidem

2143 5553 2236 5610 hic
2264 5565 2302 5612 Π
2336 5553 2393 5607 in
2427 5551 2686 5620 Hebrmo,
2720 5533 2960 5612 nna‘m.
