3982 6178
456 247 564 304 683
1492 258 1551 310 S.
1594 255 1995 311 HIERONYMI
2032 257 2286 310 DIVINA
2321 253 2816 310 BIBLIOTHECA.
3697 257 3782 316 688

451 373 558 442 illi,
589 374 686 445 qui
711 378 948 432 venerat
977 376 1048 431 ad
1082 393 1164 444 se,
1214 377 1347 434 tulit
1378 395 1543 436 ovem
1573 380 1679 434 viri
1713 379 2010 452 pauperis,
2043 382 2101 434 et
2129 381 2182 447 Α
2212 383 2302 434 est
2331 395 2474 450 puer
2503 379 2582 448 (h.
2608 378 2931 450 parvulus),
2959 393 3019 434 se
3043 377 3308 450 afﬂiget?
3337 376 3472 434 Cum
3495 395 3612 453 ergo
3637 381 3780 440 vidis-

452 464 795 534 praeparavit
823 463 984 520 cibos
1035 464 1258 521 homini
1291 466 1374 538 (h.
1423 468 1594 540 viro),
1629 468 1730 540 qui
1758 471 2001 524 venerat
2028 467 2098 521 ad
2211 469 2340 524 set’
2370 468 2550 525 David
2575 485 2774 524 servos
2794 483 2935 524 suos
2956 466 3360 536 mussitantes,
3383 465 3635 524 intellexit
3660 473 3783 541 quod

449 567 530 607 se.
564 555 753 609 Iratus
783 557 976 610 autem
1008 553 1417 627 indignatione
1445 558 1628 616 David
1683 559 1964 613 adversus
1993 556 2100 612 ho-
2209 563 2480 613 mortuus
2501 563 2656 614 esset
2675 556 3007 613 infantulus
3040 556 3122 624 (h.
3147 556 3462 628 parvulus),
3485 557 3712 630 dixitque
3727 562 3781 616 ad

449 639 668 697 minem
715 641 794 712 (h.
843 641 1053 713 virum)
1087 644 1253 701 illum
1303 647 1503 716 nimis,
1538 648 1686 704 dixit
1713 649 1780 704 ad
1815 647 2044 703 Nathan
2081 663 2094 702 :
2208 662 2403 702 servos
2425 663 2563 703 suos
2586 662 2599 702 :
2624 651 2771 701 Num
2805 649 3076 702 mortuus
3104 648 3195 701 est
3223 645 3462 718 puer(h.
3493 647 3784 719 parvulus)?

446 729 602 786 Vivit
631 729 940 800 Dominus,
971 733 1249 805 quoniam
1301 735 1457 792 filius
1497 738 1704 794 mortis
1733 744 1820 793 est
1849 736 1960 804 vir,
1993 736 2096 808 qui
2205 735 2313 798 Qui
2345 736 2777 808 responderunt
2825 735 2875 791 ei
2905 752 2918 790 ε
2968 734 3236 791 Mortuus
3278 738 3386 790 est.
3415 735 3650 790 Surrexit
3675 751 3783 808 ergo

443 819 578 876 fecit
606 819 918 878 hoc.0vem
952 823 1156 880 reddet
1186 825 1246 880 in
1279 826 1704 898 quadruplum,
1737 842 1804 882 eo
1835 826 1991 897 quod
2013 825 2096 880 fe-
2209 824 2383 880 David
2440 825 2511 880 de
2560 829 2734 896 terra,
2785 829 2841 880 et
2871 823 3027 879 lotus
3071 828 3401 897 unctusque
3441 827 3540 880 est.
3567 825 3785 896 Cumque

442 908 583 965 cerit
609 910 852 966 verbum
882 911 1064 981 istud,
1099 917 1156 971 et
1184 930 1300 970 non
1329 916 1672 988 pepercerit.
1707 915 1866 971 Dixit
1895 917 2091 971 autem
2204 917 2492 969 mutasset
2519 918 2730 981 vestes,
2763 912 3072 985 ingressus
3119 916 3207 968 est
3237 911 3470 968 domum
3501 912 3719 977 Domini,
3743 917 3785 968 et

441 996 672 1056 Nathan
704 999 776 1055 ad
815 1000 991 1056 David
1021 1018 1034 1056 :
1065 1002 1152 1058 Tu
1187 1020 1249 1059 es
1281 1003 1380 1060 ille
1411 1005 1536 1060 vir:
1571 1009 1702 1060 Haec
1735 1004 1875 1059 dicit
1903 1003 2096 1059 Domi-
2203 1002 2486 1067 adoravit,
2522 1006 2578 1057 et
2624 1002 2784 1057 venit
2816 1003 2877 1056 in
2923 1002 3166 1057 domum
3212 1017 3400 1067 suam,
3434 1000 3716 1072 petivitque
3738 1009 3787 1056 ut

437 1103 552 1143 nus
605 1093 756 1143 Deus
803 1088 1019 1146 Israel:
1077 1093 1193 1163 Ego
1255 1094 1395 1148 unxi
1454 1098 1512 1150 te
1559 1094 1618 1148 in
1669 1109 1863 1165 regem
1916 1109 2094 1164 super
2202 1094 2482 1162 ponerent
2513 1089 2564 1146 ei
2597 1106 2830 1161 panem,
2863 1094 2921 1146 et
2950 1089 3224 1145 comedit.
3259 1089 3523 1144 Dixerunt
3554 1093 3722 1144 autem
3747 1089 3786 1146 ei

440 1175 639 1246 Israel,
671 1181 728 1232 et
775 1193 880 1249 ego
915 1180 1042 1235 erui
1073 1185 1128 1235 te
1175 1181 1246 1236 de
1294 1199 1474 1238 manu
1525 1183 1686 1241 Saul.
1721 1183 1788 1237 Et
1819 1182 1952 1236 dedi
1984 1181 2090 1237 tibi
2201 1179 2348 1234 servi
2402 1180 2534 1235 sui:
2585 1179 2726 1244 Quis
2775 1183 2865 1235 est
2912 1194 3128 1249 sermo,
3189 1194 3363 1249 quem
3396 1177 3786 1249 fecisti?prop-

440 1265 682 1322 domum
716 1267 940 1323 domini
985 1269 1092 1340 tui,
1125 1275 1184 1326 et
1235 1288 1442 1328 uxores
1490 1271 1714 1328 domini
1742 1272 1827 1327 tui
1860 1272 1920 1326 in
1954 1272 2086 1326 sinu
2199 1272 2286 1322 ter
2315 1267 2598 1323 infantem
2635 1267 2716 1338 (h.
2753 1266 3113 1340 parvulum),
3139 1282 3271 1322 eum
3292 1265 3481 1321 adhuc
3504 1266 3791 1337 viverel,je-

436 1360 559 1422 tuo,
585 1356 836 1428 dedique
854 1357 960 1412 tibi
985 1359 1225 1415 domum
1250 1361 1426 1416 Israel
1455 1362 1681 1417 etJuda
1706 1380 1719 1429 ;
1745 1366 1802 1416 et
1831 1360 1880 1416 si
1911 1377 2089 1432 parva
2193 1356 2422 1426 junasti
2453 1362 2509 1412 et
2541 1356 2743 1423 flebas,
2790 1360 3022 1411 mortuo
3073 1358 3268 1411 autem
3300 1371 3475 1426 puero
3503 1354 3576 1426 (h.
3611 1370 3788 1424 parvu-

435 1449 577 1500 sunt
599 1445 730 1515 ista,
765 1446 1039 1517 adjiciam
1065 1447 1170 1503 tibi
1196 1451 1421 1520 majora
1443 1450 1526 1522 (h.
1561 1450 1863 1522 duplicia).
1901 1452 2088 1516 Quare
2197 1446 2274 1517 lo)
2308 1447 2636 1516 surrexisti,
2667 1450 2724 1501 et
2749 1446 3055 1502 eomedisti
3090 1461 3300 1518 panem
3321 1444 3350 1500 ?
3379 1445 3483 1512 Qui
3514 1444 3620 1500 ait:
3644 1443 3790 1514 Prop-

433 1549 571 1604 ergo
599 1536 1010 1606 contempsisti
1043 1538 1286 1593 verbum
1325 1539 1582 1608 Domini,
1618 1544 1682 1594 ut
1712 1539 1931 1596 faceres
1963 1555 2086 1595 ma-
2195 1539 2286 1590 ter
2315 1535 2597 1591 infantem
2651 1536 2732 1606 (h.
2784 1534 3140 1607 parvulum),
3192 1536 3334 1590 dum
3382 1534 3565 1589 adhuc
3591 1533 3789 1597 viveret,

433 1621 553 1679 lum
589 1622 649 1679 in
679 1629 996 1697 conspectu
1029 1643 1158 1682 meo
1201 1627 1284 1700 (h.
1319 1627 1377 1683 in
1411 1628 1600 1685 oculis
1654 1629 1853 1698 ejus)?
1883 1628 2083 1684 Uriam
2187 1622 2446 1694 jejunavi
2480 1628 2537 1680 et
2580 1624 2732 1694 ﬂevi,
2775 1623 3040 1679 dicebam
3072 1623 3230 1679 enim
3258 1641 3271 1679 :
3306 1623 3444 1690 Quis
3472 1623 3577 1679 scit
3604 1622 3647 1679 si
3675 1621 3794 1678 forte

433 1712 763 1768 Hetthaeum
808 1715 1155 1786 percussisti
1190 1717 1406 1788 gladio,
1440 1723 1497 1773 et
1526 1734 1765 1774 uxorem
1793 1717 1955 1773 illius
1988 1734 2081 1773 ae-
2114 1758 2158 1788 η
2194 1713 2370 1768 donet
2399 1730 2531 1769 eum
2573 1711 2718 1768 mihi
2742 1713 3052 1780 Dominus,
3077 1719 3131 1768 et
3153 1712 3547 1768 vivat‘infans
3577 1712 3650 1782 (h.
3677 1710 3792 1774 Ουίε

434 1802 641 1874 cepisti
670 1802 777 1858 tibi
807 1804 933 1875 (ms.
989 1814 1128 1862 tacet
1176 1806 1306 1879 tibi)
1351 1823 1614 1876 uxorem,
1657 1812 1713 1864 et
1739 1806 2083 1863 interfecisti
2113 1801 2160 1824 ”
2194 1802 2306 1858 scit
2334 1802 2382 1857 si
2417 1803 2562 1859 forte
2595 1802 2943 1858 misereatur
2972 1801 3086 1858 mei
3119 1802 3409 1858 Dominus
3439 1806 3495 1858 et
3521 1802 3659 1857 vivet
3684 1816 3796 1872 par-

433 1908 568 1947 eum
599 1891 794 1964 gladio
815 1892 1071 1949 filiorum
1101 1896 1371 1953 Ammon.
1416 1897 1807 1961 Quamobrem
1841 1913 1957 1951 non
1991 1913 2080 1952 re-
2191 1891 2386 1963 vulus)
2408 1890 2435 1946 ?
2466 1891 2631 1946 Nunc
2654 1896 2850 1947 autem
2873 1890 3014 1963 quia
3035 1894 3307 1947 mortuus
3334 1897 3442 1962 est,
3474 1906 3642 1962 quare
3661 1890 3794 1960 jeju-

431 1984 598 2040 eedet
617 1983 853 2056 gladius
877 1986 947 2042 de
984 1987 1158 2042 domo
1197 1991 1302 2043 tua
1337 2004 1518 2060 usque
1541 1989 1600 2044 in
1634 1989 2077 2061 sempiternum,
2191 1994 2324 2035 nem
2347 1980 2374 2034 ?
2408 1979 2684 2051 Nunquid
2715 1985 2912 2052 potero
2942 1995 3077 2035 eum
3101 1996 3372 2036 revocare
3401 1977 3684 2052 amplius?
3711 1991 3796 2048 080

431 2088 499 2128 eo
557 2073 712 2143 quod
763 2073 1097 2145 despexeris
1145 2091 1258 2144 me,
1307 2080 1364 2132 et
1401 2077 1610 2133 tuleris
1658 2093 1898 2133 uxorem
1931 2076 2078 2132 Uriaa
2186 2074 2395 2128 vadam
2422 2073 2609 2144 magis
2640 2073 2710 2128 ad
2746 2089 2879 2128 eum
2908 2097 2921 2139 ;
2954 2071 3052 2127 ille
3101 2087 3234 2127 vero
3265 2088 3385 2128 non
3415 2074 3714 2126 revertetur
3736 2067 3793 2122 ad

428 2161 698 2230 Hetthtei,
731 2166 798 2217 ut
847 2167 1004 2218 esset
1051 2180 1198 2219 uxor
1243 2168 1365 2221 tua.
1423 2167 1625 2238 Itaque
1665 2167 1746 2238 (h.
1778 2182 1888 2222 non
1919 2167 2078 2224 habet
2188 2179 2302 2218 me.
2336 2164 2406 2218 Et
2463 2160 2804 2217 consolatus
2861 2166 2952 2217 est
3010 2160 3192 2236 David
3240 2160 3561 2216 Bethsabee
3588 2171 3794 2214 uxorem

425 2247 645 2321 itaque)
697 2249 820 2306 haec
865 2252 1009 2308 dicit
1055 2253 1381 2310 Dominus:
1432 2259 1595 2322 Ecce,
1641 2271 1746 2328 ego
1777 2255 2075 2313 suscitabo
2185 2267 2377 2307 suam.
2410 2252 2501 2320 (T.
2551 2251 2770 2317 CVIII.)
2811 2255 3240 2322 Ingressusque
3285 2251 3360 2305 ad
3407 2265 3532 2305 eam
3562 2243 3798 2302 dormivit

425 2355 606 2411 super
661 2344 717 2396 te
748 2339 970 2396 malum
1023 2342 1094 2398 de
1147 2343 1322 2398 domo
1374 2349 1495 2414 tua,
1541 2349 1599 2400 et
1626 2344 1827 2401 tollam
1864 2361 2072 2402 uxores
2184 2356 2315 2396 eum
2349 2355 2454 2407 ea;
2487 2355 2617 2412 quae
2648 2339 2850 2411 genuit
2881 2339 3094 2405 filium,
3124 2343 3180 2394 et
3209 2338 3437 2394 vocavit
3465 2352 3666 2392 nomen
3691 2335 3798 2404 ejus

423 2429 558 2480 tuas
577 2425 634 2481 in
659 2426 844 2482 oculis
867 2426 1004 2495 tuis,
1037 2432 1094 2483 et
1115 2429 1264 2484 dabo
1287 2429 1549 2500 proximo
1581 2435 1700 2500 tuo,
1733 2437 1790 2487 et
1820 2432 2072 2489 dormiet

425 2529 559 2570 eum
589 2515 869 2572 uxoribus
917 2516 1036 2572 tuis
1084 2517 1141 2573 in
1175 2517 1362 2575 oculis
1394 2519 1537 2575 solis
1565 2520 1766 2592 hujus.
1798 2525 1880 2577 Tu
1911 2522 2068 2578 enim

421 2599 608 2659 fecisti
631 2605 973 2662 abscondito
997 2625 1011 2675 ;
1035 2621 1142 2679 ego
1163 2623 1296 2664 vero
1319 2608 1530 2664 faciam
1547 2610 1795 2665 verbum
1820 2610 1977 2666 istud
2005 2612 2066 2666 in

420 2697 737 2765 conspectu
769 2693 962 2750 omnis
1007 2696 1205 2763 Israel,
1240 2701 1296 2752 et
1341 2697 1401 2753 in
1435 2703 1749 2770 conspectu
1783 2699 1945 2756 solis.
1978 2701 2063 2772 (T.

416 2782 576 2852 CVI.)
608 2782 678 2838 Et
707 2783 853 2839 dixit
884 2784 1060 2840 David
1110 2785 1181 2840 ad
1213 2785 1446 2842 Nathan
1481 2803 1494 2840 :
1528 2787 1764 2844 Peccavi
1797 2788 2062 2846 Domino.

414 2869 686 2944 Dixitque
704 2873 934 2929 Nathan
961 2874 1034 2929 ad
1056 2873 1237 2930 David
1266 2890 1280 2929 :
1314 2875 1594 2932 Dominus
1619 2893 1846 2948 quoque
1879 2883 2066 2935 trans-

412 2959 550 3017 tulit
577 2966 878 3033 peeeatum
910 2967 1075 3018 tuum
1102 2978 1115 3016 :
1152 2979 1267 3020 non
1297 2965 1585 3021 morieris.
1621 2966 2057 3036 Verumtamen,

414 3051 692 3121 quoniam
742 3051 1151 3124 blasphemare
1196 3053 1384 3109 fecisti
1439 3053 1712 3111 inimicos
1763 3057 2058 3126 Dominii,

2181 2427 2543 2498 Salomon,et
2563 2428 2852 2483 Dominus
2874 2426 3075 2483 dilexit
3095 2443 3252 2484 eum.
3272 2427 3551 2498 Misitque
3568 2426 3623 2480 in
3644 2437 3793 2478 manu

2185 2517 2414 2575 Nathan
2447 2517 2763 2590 prophetae,
2795 2521 2852 2573 et
2882 2517 3108 2572 vocavit
3146 2532 3363 2572 nomen
3406 2516 3555 2586 ejus,
3585 2510 3796 2570 Amabi-

2179 2605 2250 2661 lis
2283 2606 2548 2673 Domino,
2608 2623 2674 2662 eo
2727 2605 2882 2678 quod
2937 2604 3205 2677 diligeret
3254 2621 3394 2661 eum
3428 2602 3698 2660 Dominus
3724 2599 3792 2669 (h.

2177 2695 2245 2749 Et
2274 2693 2499 2750 vocavit
2524 2710 2737 2750 nomen
2770 2693 3003 2749 Domini
3053 2698 3287 2766 propter
3319 2691 3668 2762 Dominum).
3699 2688 3796 2761 Igi-

2175 2787 2273 2840 tur
2293 2784 2596 2856 pugnabat
2624 2783 2767 2839 Joab
2799 2786 3002 2839 contra
3034 2782 3302 2838 Rabbath
3336 2783 3525 2838 ﬁlium
3554 2782 3795 2842 Ammon,

2174 2878 2230 2929 et
2247 2875 2621 2946 expugnabat
2643 2873 2848 2929 urbem
2873 2871 3111 2942 regiam.
3127 2871 3408 2944 Misitque
3423 2871 3566 2928 Joab
3589 2866 3799 2924 nuntios

2173 2965 2244 3018 ad
2306 2963 2502 3032 David,
2565 2961 2805 3018 dicens:
2863 2959 3142 3016 Dimieavi
3198 2961 3515 3017 adversum
3561 2954 3798 3014 Rabbath

2171 3051 2254 3122 (h.
2288 3051 2535 3122 Rabba),
2568 3055 2625 3106 et
2673 3051 2958 3122 capienda
3003 3054 3093 3106 est
3124 3049 3262 3106 urbs
3302 3056 3623 3122 Aquarum.
3653 3046 3796 3102 Nune

413 3144 653 3212 propter
723 3141 966 3196 verbum
1026 3141 1157 3210 hoc,
1221 3141 1379 3198 {ilius
1438 3143 1520 3214 (h.
1594 3144 2058 3217 blasphemando
2090 3129 2132 3196 C
2169 3139 2348 3212 igitur
2368 3155 2658 3212 congrege
2699 3139 2984 3211 reliquam
3022 3143 3246 3211 partem
3277 3137 3512 3212 populi,
3541 3142 3598 3193 et
3623 3133 3802 3192 obside

408 3227 830 3301 blasphemasti
888 3229 1158 3287 inimicos
1213 3231 1472 3298 Domini,
1530 3238 1768 3304 propter
1811 3236 2056 3292 verbum

408 3313 541 3384 hoc,
573 3316 750 3372 etiam
781 3320 837 3372 et
868 3317 1068 3388 filius),
1102 3317 1201 3389 qui
1234 3322 1408 3374 natus
1435 3325 1524 3376 est
1555 3321 1682 3386 tibi,
1718 3328 1904 3380 morte
1926 3341 2055 3380 mo—

409 3403 683 3461 rietur.Et
715 3420 984 3461 reversus
1010 3411 1104 3462 est
1122 3407 1352 3464 Nathan
1379 3408 1437 3462 in
1470 3409 1712 3465 domum
1745 3428 1936 3468 suam.
1960 3415 2049 3485 (T.

408 3492 593 3565 CVII.)
625 3493 1036 3566 Percussitque
1067 3495 1350 3552 Dominus
1383 3498 1716 3570 parvulum,
1750 3517 1926 3573 quem
1958 3518 2052 3574 pe—

407 3587 638 3654 pererat
667 3600 812 3640 uxor
832 3583 979 3639 Uriae
1001 3584 1203 3654 David,
1240 3589 1296 3640 et
1317 3585 1662 3658 desperatus
1694 3595 1802 3645 est.
1835 3595 2048 3663 Depre-

406 3676 690 3745 catusque
719 3677 809 3730 est
855 3673 1034 3729 David
1070 3674 1378 3730 Dominum
1427 3692 1530 3747 pro
1565 3678 1842 3749 parvulo:
1875 3685 1932 3736 et
1955 3681 2046 3752 je-

2172 3230 2494 3300 eivitatem,
2529 3234 2586 3285 et
2627 3244 2769 3300 cape
2802 3245 2931 3285 eam
2983 3245 3054 3284 ne
3093 3245 3228 3285 eum
3253 3244 3290 3284 a
3321 3244 3418 3284 me
3449 3231 3667 3283 vastata
3691 3223 3800 3278 fue-

2167 3320 2243 3375 rit
2275 3320 2436 3389 urbs,
2472 3318 2695 3373 nomini
2727 3335 2853 3375 meo
2876 3318 3207 3374 ascribatur
3226 3317 3801 3387 victoria.Congrega-

2165 3409 2246 3463 vit
2277 3409 2471 3478 itaque
2502 3407 2680 3463 David
2705 3423 2940 3463 omnem
2979 3407 3292 3480 populum,
3329 3411 3389 3463 et
3426 3404 3799 3479 profectusest

2165 3498 2473 3552 adversum
2498 3497 2699 3553 Rabba
2723 3498 2764 3552 ‘.
2792 3496 3056 3567 Cumque
3088 3495 3463 3562 dimicasset,
3496 3494 3647 3566 cepit
3668 3506 3799 3548 eam.

2161 3587 2230 3642 Et
2262 3585 2396 3642 tulit
2425 3586 2698 3642 diadema
2745 3585 2900 3658 regis
2949 3601 3150 3641 eorum
3199 3584 3286 3657 (h.
3320 3585 3632 3652 Melehom,
3660 3578 3796 3653 quod

2153 3669 2602 3748 interpretatur,
2662 3690 2761 3730 rex
2791 3674 3019 3745 eorum)
3079 3675 3151 3730 de
3180 3675 3382 3746 capite
3441 3675 3593 3745 ejus,
3626 3669 3797 3744 pondo

2161 3766 2286 3821 auri
2319 3765 2624 3835 talentum,
2673 3763 2896 3820 habens
2944 3780 3203 3836 gemmas
3238 3763 3724 3834 pretiosissimas,
3750 3760 3799 3813 et

399 3761 629 3831 junavit
657 3761 839 3818 David
865 3761 1094 3834 jejunio
1133 3763 1256 3834 (ms.
1283 3764 1625 3837 jejunium),
1656 3772 1714 3822 et
1744 3768 2048 3841 ingressus

2159 3854 2502 3926 impositum
2534 3857 2623 3909 est
2671 3867 2849 3925 super
2881 3857 3055 3923 caput
3084 3852 3292 3908 David.
3330 3853 3448 3910 Sed
3477 3856 3536 3909 et
3565 3848 3798 3924 praedam

400 3851 892 3922 seorsum,jaeuit
922 3867 1101 3922 super
1129 3857 1366 3908 terram.
1399 3857 1699 3910 Venerunt
1728 3862 1923 3913 autem
1954 3876 2048 3916 se-

401 3939 594 3996 niores
625 3939 838 3996 domus
885 3940 1034 4011 ejus,
1087 3945 1360 4014 cogentes
1411 3959 1542 3999 cum
1576 3949 1638 3999 ut
1673 3951 1940 4018 surgeret
1969 3948 2042 4004 de
2157 3943 2413 3998 civitatis
2441 3941 2761 4014 asportavit
2804 3941 3049 3997 multum
3093 3941 3301 4010 valde;
3359 3940 3649 4014 populum
3675 3951 3800 4009 quo-

395 4032 594 4098 terra;
627 4028 727 4100 qui
778 4027 987 4096 noluit,
1020 4045 1210 4101 neque
1262 4033 1512 4088 comedit
1556 4049 1688 4089 cum
1721 4034 1806 4089 eis
1837 4035 2034 4092 cibum
2154 4049 2268 4104 que
2297 4033 2425 4103 ejus
2457 4032 2756 4086 adducens
2787 4030 3031 4087 serravit
3053 4036 3112 4086 et
3137 4031 3501 4104 circumegit
3521 4045 3695 4102 super
3712 4040 3798 4083 eos

394 4118 478 4187 (h.
503 4117 988 4191 panem).Aecidit
1008 4123 1203 4175 autem
1237 4120 1329 4176 die
1359 4121 1606 4192 septima
1626 4127 1691 4178 ut
1712 4130 2037 4181 moreretur
2151 4123 2366 4178 ferrata
2396 4125 2673 4192 carpenta
2706 4140 2720 4188 ;
2754 4120 3070 4191 divisitque
3100 4119 3332 4186 cultris,
3368 4126 3429 4176 et
3461 4117 3715 4176 traduxit
3741 4114 3792 4168 in

390 4206 587 4263 infans
636 4207 716 4278 (h.
766 4207 1065 4281 parvulus)
1114 4226 1127 4276 ;
1166 4209 1609 4282 timueruntque
1656 4215 1804 4268 servi
1853 4213 2031 4271 David
2147 4215 2282 4283 typo
2313 4209 2604 4266 laterum:
2638 4210 2722 4265 sic
2753 4208 2888 4265 fecit
2935 4209 3223 4266 universis
3271 4208 3618 4265 civitatibus
3655 4203 3794 4261 filio-

390 4297 661 4354 nuntiare
691 4298 742 4354 ei
775 4299 932 4370 quod
964 4304 1232 4356 mortuus
1256 4301 1723 4373 essetpervulus.
1750 4303 2034 4362 Dixerunt
2147 4315 2280 4354 rum
2314 4301 2588 4355 Ammon.
2625 4299 2693 4354 Et
2717 4315 2990 4355 reversus
3019 4303 3109 4355 est
3141 4299 3324 4355 David
3354 4304 3415 4355 et
3445 4296 3638 4354 omnis
3655 4308 3795 4350 exe!“

387 4387 544 4444 enim
571 4404 584 4443 :
619 4388 759 4444 Ecce
775 4389 916 4444 dum
940 4388 1218 4461 parvulus
1249 4389 1440 4445 adhuc
1472 4390 1710 4458 viveret,
1746 4391 2028 4464 loqueba-
2143 4390 2294 4444 citus
2323 4387 2383 4444 in
2413 4387 2751 4444 Jerusalem.

385 4492 516 4532 mur
570 4477 643 4533 ad
675 4494 828 4576 eum,
1001 4495 1114 4534 non
1160 4478 1438 4576 audiebat
1491 4495 1691 4576 vocem
1725 4486 2020 4554 nostram;
2056 4505 2102 4570 Β
2138 4566 2150 4576 ⁸
2209 4479 2299 4576 (ΤΣ
2360 4477 2688 4576 ΟξΧτβαρσ
2749 4476 3221 4576 “Fufium
3283 4481 3381 4533 est
3439 4480 3642 4576 alitem.
3672 4473 3792 4571 Ρῼεί

379 4571 601 4638 quanto
633 4566 818 4640 magis
849 4566 899 4623 si
931 4566 1054 4639 (ms.
1087 4570 1228 4623 tacet
1259 4566 1332 4639 si)
1365 4566 1685 4625 dixerimus
1716 4585 1728 4624 :
1762 4572 2022 4629 Mortuus
2056 4565 2093 4570 ⁷
2136 4566 2259 4623 hac
2279 4567 2320 4637 ⁸,
2356 4569 2420 4622 ut
2475 4565 2726 4622 Absalon
2785 4565 2890 4622 lilii
2947 4566 3128 4622 David
3178 4581 3454 4623 sororem
3487 4565 3789 4639 speciosis-

2130 4727 2374 4784 Absalon
2409 4726 2524 4796 ﬁlio
2557 4725 2726 4781 David
2772 4730 2912 4782 esset
2957 4741 3109 4782 soror
3152 4727 3598 4795 speciosissima,
3636 4736 3784 4796 voca-

2128 4799 2256 4856 bulo
2288 4793 2525 4854 Thamar
2547 4841 2560 4865 ,
2596 4797 2989 4869 adamaretque
3008 4813 3131 4853 eam
3158 4793 3388 4854 Amnon
3420 4799 3581 4868 ﬁlius
3601 4793 3782 4860 David,

2122 4881 2174 4927 et
2205 4870 2467 4942 diligeret
2515 4869 2707 4942 valde;
2767 4870 2850 4924 ita
2879 4874 2941 4924 ut
2967 4874 3262 4941 wgrolarel
3275 4879 3530 4942 propter,
3550 4880 3781 4942 amorem

369 4957 574 5020 pr_es_s_a
604 4947 696 4999 est
725 4941 916 5020 lectio:
1032 5013 1042 5020 _
1414 5015 1424 5020 _
1602 4936 1644 5020 _°
1735 4936 1753 4946 ’
2119 4936 2352 5020 eius.lta
2373 4941 2658 5020 .l‘ereIlXX
2680 4936 3047 5020 interpretes,
3082 4947 3138 4996 et
3160 4942 3245 4997 sie
3275 4936 3478 5020 'He'br.
3512 4936 3780 5020 Majorﬁ.

435 5013 456 5048 ³
485 5014 646 5070 Idem
695 5031 830 5084 ms.,
873 5018 938 5070 Et
985 5013 1166 5070 vivet:
1218 5014 1496 5071 Hebraiee
1540 5015 1714 5072 etiam
1766 5021 1855 5072 est
1894 5027 2006 5077 im.
2117 5009 2573 5079 Germani,n.ll,
2608 5009 2879 5069 eumdem
2908 5028 3149 5068 sensum
3173 5013 3502 5083 expressit,
3529 5009 3632 5068 sed
3657 5009 3780 5084 aliis

361 5086 538 5160 Paulo
571 5082 1002 5160 quoque_'_post,
1042 5087 1241 5160 jejuno
1290 5104 1392 5158 pro
1428 5087 1699 5159 jejunem,
1743 5089 2006 5160 pressius
2117 5087 2308 5160 verbis
2327 5103 2372 5160 _:
2421 5085 2653 5160 Factum
2696 5093 2778 5140 est
2829 5093 3011 5141 autem
3050 5095 3172 5154 post
3225 5082 3370 5160 haec,
3427 5091 3499 5160 iul
3552 5082 3780 5139 Absalon

360 5155 620 5227 Hebraeo,
651 5155 1310 5229 et'reliquis'teiitibusf
1429 5155 1441 5158 ⁷
1484 5155 1494 5159 ⁷
1687 5155 1690 5156 ⁷
1743 5155 1761 5160 “
2112 5159 2266 5227 ﬁlius
2321 5156 2512 5220 David,
2559 5155 2784 5229 haberet
2821 5173 3070 5213 sororem
3108 5156 3594 5229 speciosissimam
3625 5169 3778 5229 voea-

428 5230 542 5307 ‘_In
574 5225 813 5286 Hebraeo
844 5225 1037 5298 572‘);
1090 5231 1324 5302 praefert
1355 5230 1680 5286 Veronens.
1713 5246 1823 5286 ms.
1862 5231 1998 5286 Rab-
2113 5225 2240 5307 bule
2293 5229 2538 5307 Tbamar
2578 5245 2593 5307 ξ
2639 5228 3027 5307 adamarelque
3051 5225 3185 5307 eam
3224 5229 3472 5307 Amnes:
3490 5225 3776 5307 filiasuDa-

356 5300 505 5356 balh.
1090 5299 1108 5302 ⁷
2108 5302 2221 5366 vid,
2253 5304 2302 5356 et
2332 5300 2590 5368 diligeret
2637 5315 2758 5354 eam
2800 5299 2997 5369 valde;
3038 5299 3119 5354 ita
3154 5307 3235 5363 ut,
3271 5304 3393 5356 etc.
3429 5299 3776 5356 Colbertinre

421 5373 442 5408 ⁸
470 5373 663 5430 Multae
712 5377 1028 5430 occurrunt
1076 5372 1184 5456 hoc
1215 5373 1340 5429 loco
1388 5371 1681 5454 variantes
1713 5371 1996 5430 lectiones
2109 5372 2470 5428 bibliothecae
2502 5371 2638 5454 duo,
2668 5380 2722 5427 et
2768 5371 2825 5427 S.
2857 5372 3131 5454 Germani
3181 5370 3343 5426 alter
3374 5372 3590 5498 legunt
3610 5371 3778 5442 juxta

440 5446 780 5498 mss.libris.
815 5446 1009 5498 Canon
1035 5443 1177 5498 legit
1209 5449 1400 5498 utnos
1423 5445 1716 5498 edidimus
1740 5461 1754 5498 :
1778 5445 1994 5498 Regius
2106 5444 2412 5498 Vulgatam
2437 5443 2704 5498 Latinam
2751 5459 3077 5498 versionem
3099 5446 3400 5498 nostram.
3481 5459 3551 5498 oc
3583 5440 3769 5497 solum

348 5443 403 5496 in
440 5446 780 5502 mss.libris.
815 5446 1009 5502 Canon
1035 5443 1177 5516 legit
1209 5449 1400 5502 utnos
1423 5443 1716 5517 edidimus
1740 5461 1754 5513 ;
1778 5445 1994 5517 Regius
2106 5444 2412 5516 Vulgatam
2437 5443 2704 5517 Latinam
2751 5445 3400 5517 versionemnostram,
3436 5440 3551 5517 hoc
3583 5440 3769 5497 solum

342 5523 534 5590 autem
564 5519 745 5576 codex
793 5534 930 5575 cum
978 5515 1313 5590 Corbeiensi
1365 5533 1480 5572 uno
1508 5533 1566 5571 n.
1597 5516 1688 5584 22,
1722 5520 1786 5590 et
1808 5515 1991 5574 altero
2102 5515 2361 5590 excepto,
2392 5518 2448 5590 et
2471 5516 2719 5590 peperiet
2750 5517 2811 5590 ia
2837 5532 2966 5573 eam
2996 5516 3294 5590 valde,pro
3327 5515 3772 5590 deperireleam

341 5586 398 5642 S.
435 5589 709 5647 Germani
762 5606 818 5646 n.
868 5590 941 5646 5:
991 5589 1218 5645 Factum
1260 5595 1339 5647 est
1387 5591 1570 5646 autem
1620 5588 1900 5662 posthaec,
1927 5593 1991 5646 ut
2099 5584 2279 5645 valde.
2314 5584 2568 5659 Denique
2617 5584 3201 5645 San-Germanensis‘
3231 5584 3476 5657 noster,
3509 5604 3571 5644 n.
3603 5588 3661 5658 7,
3692 5584 3771 5641 le-

447 4727 464 4763 ί
498 4725 749 4783 Consule
796 4727 954 4783 hunc
1002 4727 1195 4783 locum
1229 4726 1286 4782 in
1322 4729 1726 4796 Qumstz’onibus
1755 4732 1920 4788 Hebr.
1955 4733 2015 4789 in

373 4796 554 4854 libros
583 4803 828 4870 Regum.
865 4800 1050 4856 MART.

442 4871 463 4904 ³
495 4870 632 4927 Cod.
665 4871 980 4946 veronens.
1032 4870 1288 4938 audisset,
1339 4871 1578 4928 Hebraeo
1626 4873 1863 4946 propior
1903 4875 2014 4932 im-
