3982 6178
148 349 226 405 685

1460 336 1673 389 LIBER
1710 337 1761 388 II
1799 333 2177 387 SAMUELIS.

3383 334 3492 391 686

146 476 335 539 simam,
361 467 631 526 vocabulo
660 466 934 533 Thamar,
967 464 1273 520 adamaret
1302 464 1531 515 Amnon
1566 457 1723 514 filius
1752 457 1800 524 Α
1835 456 2010 522 foras,
2044 458 2101 510 et
2130 454 2337 511 claude
2369 454 2589 511 ostium
2624 459 2756 527 post
2785 471 2935 512 eam.
2969 458 3102 521 Quae
3135 458 3343 515 induta
3364 464 3490 516 erat

145 562 300 631 David,
327 564 377 616 et
402 558 691 631 deperiret
725 559 739 592 ¹
776 559 1015 627 propter
1045 569 1196 621 eam,
1229 552 1312 606 ita
1343 551 1723 622 utaagrotarct

143 658 333 726 propter
356 663 608 704 amorem
631 646 783 716 ejus:
811 644 950 715 quia
982 659 1114 697 cum
1145 643 1300 697 esset
1338 640 1520 710 virgo,
1574 636 1732 691 difﬁ-

146 742 229 797 cile
252 739 294 795 ei
319 738 614 792 videbatur
636 740 701 789 ut
725 733 1026 805 quidpiam
1052 731 1362 786 inhoneste
1378 730 1577 799 ageret
1598 742 1733 781 cum

144 830 250 887 ea’.
278 830 395 882 Erat
435 829 630 881 autem
663 822 951 878 Amnonis
1000 820 1226 876 amicus
1270 816 1508 873 nomine
1554 815 1732 871 Jona-

147 915 417 984 bab,ﬁlius
444 914 716 970 Semmaa
751 912 873 981 (ms.
934 908 1211 980 Semmai)
1271 905 1467 963 fratris
1527 904 1734 973 David,

146 1006 462 1080 virprudens
490 1002 680 1057 valde.
724 999 834 1066 Qui
887 998 1033 1055 dixit
1080 999 1151 1054 ad
1193 1013 1366 1053 eum:
1401 995 1605 1066 _Quare
1653 993 1737 1049 sic

145 1094 422 1154 attenuaris
452 1091 660 1157 macie,
693 1089 776 1146 fili
808 1088 984 1161 regis,
1008 1104 1109 1161 per
1132 1086 1399 1158 singulos
1431 1082 1596 1140 dies?
1635 1100 1739 1139 cur

148 1203 243 1241 non
269 1183 482 1240 indicas
512 1180 658 1237 mihi
687 1180 713 1235 ?
742 1179 1018 1251 Dixitque
1063 1178 1115 1233 ei
1164 1178 1435 1232 Amnon:
1480 1173 1741 1229 Thamar

138 1289 356 1331 sororem
386 1269 657 1327 Absalom
706 1267 907 1324 fratris
952 1265 1062 1322 mei
1104 1282 1256 1322 amo.
1303 1264 1407 1320 Cui
1440 1261 1741 1335 respondit

140 1362 386 1419 Jonadab:
414 1360 576 1417 Cuba
602 1373 779 1429 super
804 1354 1082 1412 lectulum
1106 1359 1297 1421 tuum,
1317 1357 1374 1408 et
1395 1352 1739 1423 languorem

138 1452 339 1520 simula;
370 1464 626 1520 cumque
658 1445 885 1502 venerit
913 1448 1076 1515 pater
1124 1449 1263 1499 tuus
1308 1446 1374 1498 ut
1416 1441 1612 1496 visitet
1662 1444 1740 1507 te,

138 1542 212 1597 dic
254 1541 344 1596 ei:
400 1538 630 1604 Veniat,
688 1552 787 1591 oro
834 1534 1085 1589 Thamar
1121 1549 1286 1589 soror
1332 1547 1489 1598 mea,
1534 1538 1597 1585 ut
1645 1530 1743 1585 det

133 1631 251 1687 mihi
279 1629 463 1685 cibum
498 1627 582 1689 (h.
638 1624 896 1697 panem),
938 1628 995 1680 et
1038 1622 1213 1678 faciat
1261 1620 1633 1693 pulmentum
1679 1622 1744 1674 ut

132 1719 396 1776 comedam
428 1718 504 1773 de
536 1731 715 1771 manu
742 1715 890 1784 ejus.
926 1711 1218 1767 Accubuit
1249 1710 1449 1782 itaque
1490 1710 1741 1775 Amnon,

128 1814 173 1864 et
211 1808 364 1880 quasi
424 1808 708 1877 aegrotare
766 1802 985 1874 coepit;
1038 1814 1291 1871 cumque
1336 1798 1589 1854 venisset
1644 1812 1743 1852 rex

130 1898 188 1953 ad
214 1896 567 1953 visitandum
597 1908 757 1962 sum,
783 1892 865 1947 ait
894 1892 1123 1945 Amnon
1155 1888 1226 1944 ad
1260 1903 1473 1957 regem:
1504 1886 1735 1952 Veniat,

127 1987 355 2053 obsecro,
389 1984 653 2040 Thamar
682 1996 847 2038 soror
904 1995 1053 2046 mea,
1108 1986 1170 2033 ut
1218 1977 1389 2033 faciat
1438 1976 1497 2030 in
1554 1974 1742 2030 oculis

126 2076 399 2131 meisduas
417 2069 903 2135 sorbitiunculas,
925 2072 982 2123 et
1004 2067 1200 2123 cibum
1218 2066 1445 2137 capiam
1469 2065 1539 2120 de
1564 2080 1741 2120 manu

122 2166 245 2235 ejus.
274 2164 430 2223 Misit
461 2178 608 2233 ergo
637 2159 816 2217 David
851 2159 924 2214 ad
953 2158 1209 2213 Thamar
1229 2158 1494 2224 domum,
1518 2154 1739 2210 dicens:

124 2254 241 2310 Veni
267 2253 323 2308 in
353 2254 606 2309 domum
636 2252 867 2305 Amnon
901 2245 1095 2302 fratris
1126 2245 1236 2315 tui,
1285 2249 1343 2300 et
1387 2244 1475 2300 fac
1526 2243 1576 2299 ei
1608 2242 1742 2314 pul-

124 2347 379 2399 mentum.
415 2339 711 2411 Venitque
735 2336 1071 2393 Thamarin
1095 2336 1336 2390 domum
1368 2336 1592 2389 Amnon
1626 2334 1744 2389 fra-

120 2434 208 2487 tris
235 2432 341 2501 sui;
373 2430 478 2486 ille
520 2433 719 2484 autem
757 2425 1009 2497 jacebat;
1058 2440 1183 2494 quae
1233 2423 1445 2479 tollens
1493 2422 1743 2477 farinam

124 2520 179 2576 h.
216 2534 600 2593 consparsam
627 2515 903 2587 farinam)
944 2512 1354 2581 commiscuit;
1406 2517 1463 2568 et
1501 2512 1747 2583 liquefa-

117 2610 275 2681 ciens,
303 2611 364 2666 in
414 2607 617 2666 oculis
666 2606 821 2662 coxit
866 2602 1344 2659 sorbitiunculas.
1398 2601 1747 2672 Tollensque

117 2701 249 2770 quod
281 2702 548 2765 coxerat,
581 2695 807 2761 effudit,
840 2699 899 2749 et
930 2693 1127 2764 posuit
1157 2708 1353 2747 coram
1371 2708 1458 2758 eo,
1482 2697 1538 2746 et
1559 2690 1749 2747 noluit
1772 2728 1785 2749 .

112 2790 439 2859 comedere;
514 2786 776 2856 dixitque
833 2784 1108 2837 Amnon:
1173 2781 1376 2852 Ejicite
1443 2779 1748 2836 universos

110 2879 278 2936 foras3
292 2897 323 2934 a
341 2893 455 2934 me.
483 2876 762 2946 Cumque
783 2871 1096 2942 ejecissent
1115 2886 1339 2937 omnes,
1356 2870 1505 2925 dixit
1523 2876 1749 2926 Amnon

103 2970 166 3023 ad
195 2969 452 3025 Thamar
492 2983 518 3021 :
544 2964 699 3019 Infer
751 2962 949 3017 cibum
992 2960 1052 3014 in
1112 2958 1403 3025 conclave,
1434 2963 1500 3014 ut
1554 2975 1753 3014 vescar

104 3059 163 3112 de
192 3074 365 3113 manu
392 3062 539 3114 tua.
563 3051 726 3109 Tulit
774 3066 911 3122 ergo
963 3048 1223 3105 Thamar
1270 3047 1750 3117 sorbitiunculas,

97 3164 228 3217 quas
258 3148 518 3213 fecerat,
546 3146 609 3199 at
636 3139 843 3196 intulit
871 3138 942 3193 ad
1004 3144 1233 3193 Amnon
1281 3137 1519 3192 fratrem
1576 3152 1751 3192 suum

101 3235 154 3290 in
201 3234 500 3291 conclave.
565 3231 834 3301 Cumque
882 3226 1193 3283 obtulisset
1218 3228 1268 3281 ei
1329 3228 1448 3294 (ms.
1506 3230 1645 3281 tacet
1676 3225 1751 3295 ei)

100 3322 307 3391 cibum,
330 3318 746 3395 apprehendit
770 3332 897 3375 eam
910 3320 987 3383 ,et
1014 3315 1115 3371 ait:
1137 3315 1305 3383 Veni,
1325 3315 1477 3371 cuba
1503 3330 1754 3385 mecum,

101 3428 249 3468 soror
278 3429 436 3469 mea.
473 3414 625 3477 Quae
657 3405 964 3479 respondit
982 3406 1055 3461 ei:
1088 3404 1238 3471 Noli,
1285 3404 1465 3460 frater
1497 3405 1599 3473 mi,
1635 3403 1755 3460 noli

95 3499 416 3571 opprimere
452 3514 581 3563 me,
619 3511 807 3566 neque
837 3493 996 3550 enim
1041 3492 1150 3549 hoc
1193 3494 1279 3547 fas
1300 3497 1389 3548 est
1421 3492 1482 3547 in
1529 3491 1706 3548 Israel
1739 3509 1752 3558 ;

98 3588 200 3642 noli
230 3588 427 3644 facere
462 3583 788 3643 stultitiam
837 3582 1011 3636 hanc.
1062 3581 1179 3653 Ego
1236 3580 1391 3635 enim
1444 3581 1591 3635 ferre
1640 3596 1755 3635 non

93 3679 275 3745 potero
306 3672 725 3748 opprobrium
762 3686 978 3739 meum,
1011 3672 1067 3726 et
1097 3673 1158 3724 tu
1180 3668 1294 3725 eris
1317 3669 1483 3739 quasi
1512 3686 1663 3724 unus
1686 3670 1757 3724 de

97 3764 535 3838 insipientibus
602 3762 659 3816 in
712 3760 937 3815 Israel:
990 3758 1087 3829 qui
1148 3758 1344 3830 potius
1391 3758 1627 3830 loquere
1686 3758 1756 3813 ad

92 3869 298 3927 regem,
362 3858 428 3912 et
486 3868 616 3909 non
666 3848 907 3921 negabit
953 3864 1048 3903 me
1099 3847 1246 3903 tibi.
1302 3848 1500 3905 Noluit
1562 3851 1759 3904 autem

94 3945 481 4015 acquiescere
550 3939 825 4014 precibus
881 3938 1030 4007 ejus,
1090 3937 1191 3993 sed
1250 3936 1566 4008 praevalens
1623 3937 1761 3992 viri-

99 4030 200 4089 bus
228 4032 559 4106 Oppressit
587 4044 741 4096 eam,
774 4031 831 4082 et
874 4026 1107 4082 cubavit
1159 4042 1294 4081 cum
1343 4025 1467 4081 illa.
1510 4027 1580 4082 Et
1629 4043 1762 4082 exo-

94 4136 213 4178 sam
244 4139 382 4178 eam
420 4116 654 4177 habuit
705 4122 932 4171 Amnon
981 4114 1113 4171 odio
1158 4131 1371 4186 magno
1416 4115 1631 4182 nimis;
1681 4115 1765 4171 ita

99 4214 154 4263 ut
195 4212 403 4282 majus
458 4210 636 4265 esset
691 4205 890 4261 odium
939 4220 1054 4275 quo
1105 4204 1307 4258 oderat
1361 4220 1508 4273 eam,
1569 4220 1766 4260 amore

93 4314 204 4367 quo
227 4304 372 4354 ante
406 4295 736 4353 dilexerat.
786 4294 872 4364 (T.
922 4294 1063 4359 CX.)
1110 4290 1382 4362 Dixitque
1421 4293 1472 4347 ei
1519 4293 1764 4349 Amnon:

1844 546 2013 603 talari
2045 546 2263 602 tunica:
2299 546 2710 617 hujuscemodi
2742 549 2900 604 enim
2933 549 3064 604 filiae
3114 550 3269 624 regis
3314 552 3491 624 virgi-

1844 652 1948 691 nes
1978 636 2241 692 vestibus
2273 637 2602 693 utebantur.
2636 638 2821 707 Ejecit
2849 639 3049 711 itaque
3074 656 3202 696 eam
3227 640 3496 698 minister

1845 724 2007 780 illius
2040 725 2214 780 foras:
2248 724 2577 798 clausitque
2610 728 2763 783 fores
2796 733 2929 799 post
2950 744 3100 785 eam.
3124 729 3262 792 Quae
3285 745 3491 801 asper-

1846 829 1989 886 gens
2020 813 2275 870 cinerem
2308 815 2484 886 capiti
2512 833 2642 882 suo,
2682 816 2868 874 scissa
2918 818 3089 875 talari
3130 819 3351 887 tunica,
3384 818 3497 875 im-

1847 905 2176 977 positisque
2204 905 2480 962 manibus
2511 922 2688 976 super
2725 911 2900 979 caput
2926 925 3124 980 suum,
3151 910 3275 965 ibat
3304 910 3495 983 ingre-

1848 992 2015 1048 diens
2046 997 2102 1049 et
2128 993 2413 1049 clamans.
2464 994 2617 1050 Dixit
2668 1000 2862 1051 autem
2910 997 2963 1051 ei
3009 997 3284 1054 Absalom
3320 999 3500 1055 frater

1848 1097 2015 1137 suus:
2045 1081 2190 1137 Num
2219 1084 2447 1139 Amnon
2491 1084 2619 1153 (Hic
2666 1084 2727 1140 h.
2778 1086 3052 1157 Aminon,
3102 1087 3257 1158 quod
3310 1087 3494 1144 inter-

1850 1174 2110 1242 pretatur
2140 1187 2347 1243 exsp...
2385 1171 2444 1226 in
2476 1170 2610 1227 aliis
2642 1176 2837 1229 autem
2868 1176 3097 1230 Amnon
3128 1176 3284 1246 quod
3316 1176 3498 1232 inter-

1848 1264 2114 1332 pretatur
2144 1260 2553 1329 ﬁdelissimus)
2583 1262 2762 1317 frater
2791 1267 2930 1319 tuus
2962 1263 3279 1320 concubuit
3300 1268 3496 1320 tecum

1850 1349 1952 1404 sed
1982 1365 2161 1419 nunc,
2194 1366 2378 1415 soror,
2413 1353 2558 1418 tace,
2587 1350 2763 1406 frater
2795 1359 2930 1407 tuus
2952 1356 3077 1408 est:
3113 1368 3299 1424 neque
3344 1354 3499 1409 afﬂi-

1849 1453 1953 1509 gas
1983 1453 2083 1491 cor
2112 1441 2280 1491 tuum
2307 1454 2409 1509 pro
2442 1438 2551 1493 hac
2585 1438 2746 1511 re(h.
2776 1456 2890 1495 non
2937 1457 3123 1512 ponas
3174 1441 3324 1498 hanc
3374 1459 3497 1499 rem

1851 1526 1910 1581 in
1945 1526 2118 1581 corde
2150 1526 2297 1596 tuo).
2333 1526 2549 1581 Mansit
2569 1526 2767 1598 itaque
2799 1528 3057 1585 Thamar
3087 1532 3501 1588 contabescens

1851 1616 1911 1670 in
1943 1616 2117 1670 domo
2146 1614 2397 1670 Absalon
2434 1616 2631 1672 fratris
2662 1616 2778 1672 sui.
2811 1621 2956 1674 Cum
2990 1619 3257 1675 audisset
3299 1624 3497 1677 autem

1853 1720 1954 1759 rex
1983 1704 2157 1759 David
2191 1704 2366 1759 verba
2399 1704 2540 1775 haec,
2586 1705 2967 1763 contristatus
3021 1708 3104 1779 (h.
3159 1708 3366 1782 iratus)
3410 1714 3501 1766 est

1772 1835 1817 1900 Β
1854 1791 2021 1848 valde
2052 1793 2091 1847 ³.
2127 1793 2300 1848 Porro
2332 1810 2448 1849 non
2480 1800 2569 1849 est
2597 1793 2829 1851 locutus
2861 1796 3136 1853 Absalom
3168 1799 3238 1855 ad
3268 1801 3495 1855 Amnon

1855 1898 1959 1937 nec
2006 1881 2227 1937 malum
2281 1899 2385 1938 nec
2440 1884 2661 1939 bonum
2692 1901 2711 1939 :
2744 1885 2948 1941 oderat
3002 1886 3158 1942 enim
3217 1887 3491 1944 Absalom

1847 1976 2103 2041 Amnon,
2136 1990 2201 2030 eo
2234 1975 2388 2046 quod
2420 1975 2695 2033 violasset
2725 1978 2985 2033 Thamar
3021 1996 3281 2036 sororem
3324 1997 3496 2037 suam

1851 2062 1973 2134 [γης.
2007 2063 2433 2132 ejus].Factum
2467 2068 2557 2121 est
2588 2072 2783 2123 autem
2814 2071 2948 2139 post
2968 2072 3205 2140 tempus
3250 2069 3495 2137 biennii,

1851 2157 1916 2207 ut
1945 2152 2326 2207 tonderentur
2356 2169 2489 2210 oves
2509 2154 2786 2211 Absalom
2807 2156 2865 2211 in
2888 2155 3233 2225 Baal-Asor,
3258 2174 3386 2229 quas
3407 2162 3498 2214 est

1843 2242 2015 2312 juxta
2045 2240 2355 2311 Ephraim:
2389 2247 2444 2297 et
2491 2244 2717 2299 vocavit
2764 2245 3040 2302 Absalom
3089 2264 3296 2304 omnes
3344 2247 3499 2305 filios

1858 2330 2036 2401 regis,
2068 2329 2341 2402 venitque
2372 2331 2441 2386 ad
2473 2347 2690 2403 regem,
2725 2337 2781 2387 et
2811 2334 2892 2389 ait
2912 2336 2983 2390 ad
3017 2352 3174 2391 eum:
3208 2341 3349 2395 Ecce
3369 2341 3497 2394 ton-

1853 2421 2068 2475 dentur
2089 2435 2225 2477 oves
2256 2420 2406 2476 servi
2438 2422 2543 2476 tui:
2578 2423 2794 2488 veniat,
2827 2440 2947 2480 oro.
2979 2442 3079 2480 rex
3126 2442 3260 2481 cum
3312 2426 3498 2483 servis

1854 2509 1979 2565 suis
2010 2509 2079 2564 ad
2114 2525 2345 2565 servum
2382 2526 2580 2565 suum.
2615 2511 2888 2584 Dixitque
2920 2529 3019 2568 rex
3048 2515 3120 2570 ad
3170 2515 3447 2572 Absalom
3481 2534 3495 2585 ;

1853 2598 2001 2666 Noli,
2035 2598 2118 2652 ﬁli
2153 2599 2255 2668 mi,
2289 2598 2408 2653 noli
2448 2615 2651 2672 rogare
2700 2604 2765 2655 ut
2810 2602 3119 2658 veniamus
3167 2620 3396 2672 omnes,
3441 2610 3500 2662 et

1855 2705 2165 2761 gravemus
2196 2694 2272 2744 te.
2306 2689 2446 2745 Cum
2481 2694 2673 2746 autem
2699 2698 2931 2762 cogeret
2953 2708 3110 2761 eum,
3130 2698 3187 2749 et
3209 2694 3498 2753 noluisset

1855 2776 1961 2848 ire,
1994 2777 2289 2834 benedixit
2318 2778 2390 2834 ei.
2425 2780 2493 2833 Et
2523 2778 2604 2834 ait
2634 2779 2906 2836 Absalom
2941 2798 2953 2837 :
2987 2781 3048 2837 Si
3108 2799 3225 2839 non
3266 2783 3352 2840 vis
3400 2799 3498 2840 ve-

1859 2868 2005 2937 nire,
2065 2868 2282 2937 veniat,
2343 2868 2608 2936 obsecro,
2656 2869 2963 2926 nobiscum
3012 2869 3220 2928 saltem
3266 2877 3498 2929 Amnon

1860 2957 2039 3012 frater
2069 2972 2254 3012 meus:
2282 2955 2547 3029 dixitque
2578 2958 2649 3012 ad
2681 2975 2813 3014 eum
2848 2975 2967 3014 rex:
3000 2959 3125 3016 Non
3157 2966 3245 3017 est
3262 2977 3501 3019 necesse

1861 3049 1926 3101 ut
1957 3046 2132 3101 vadat
2161 3050 2356 3101 tecum
2391 3046 2474 3107 (h.
2510 3046 2626 3103 Cur
2656 3047 2768 3103 ibit
2796 3049 3062 3121 tecumP).
3092 3050 3505 3123 Coegititaque

1862 3150 1997 3190 eum
2021 3133 2320 3200 Absalom,
2351 3140 2408 3190 et
2437 3135 2664 3191 dimisit
2694 3137 2775 3207 [h.
2813 3136 2993 3211 misit]
3016 3154 3151 3194 cum
3180 3155 3246 3196 eo
3270 3146 3503 3198 Amnon

1866 3228 1922 3278 et
1952 3224 2250 3280 universos
2276 3223 2427 3281 filios
2456 3225 2611 3297 regis
2642 3226 2683 3280 °.
2717 3225 3076 3299 Praeceperat
3104 3234 3302 3285 autem
3328 3231 3507 3287 Absa-

1860 3312 1980 3368 lom
2013 3313 2212 3385 pueris
2246 3314 2393 3378 suis,
2427 3315 2652 3371 dicens:
2684 3314 2999 3373 Observate
3052 3334 3186 3375 cum
3216 3320 3506 3376 temulen-

1864 3407 1961 3458 tus
1996 3402 2168 3459 fuerit
2198 3407 2434 3459 Amnon
2464 3404 2619 3471 vino,
2654 3409 2710 3460 et
2739 3405 2937 3463 dixero
2971 3407 3169 3464 vobis:
3218 3410 3509 3466 Percutite

1866 3508 2018 3549 eum.
2053 3496 2111 3547 et
2155 3492 2487 3549 interficite:
2523 3493 2701 3550 nolite
2732 3494 2977 3563 timere;
3012 3513 3118 3570 ego
3169 3499 3325 3554 enim
3375 3517 3508 3556 sum

1868 3580 1965 3653 qui
1999 3580 2270 3652 praecipio
2302 3583 2321 3615 ⁷
2376 3582 2589 3648 vobis;
2646 3583 3015 3651 robofamini,
3065 3592 3124 3642 et
3162 3592 3348 3643 estote
3406 3588 3511 3643 viri

1868 3671 2044 3725 fortes
2104 3670 2189 3737 (h.
2253 3670 2364 3726 viri
2416 3672 2821 3741 fortitudinis).
2874 3674 2958 3745 [T.
3013 3674 3177 3746 CXL]
3228 3677 3514 3733 Fecerunt

1868 3773 2002 3830 ergo
2038 3759 2202 3829 pueri
2235 3758 2508 3815 Absalom
2546 3761 2859 3817 adversum
2893 3766 3146 3831 Amnon,
3182 3765 3338 3821 sicut
3368 3782 3513 3837 prae-

1870 3852 2105 3919 ceperat
2134 3847 2216 3903 eis
2261 3847 2343 3919 [h.
2398 3864 2508 3904 non
2548 3849 2707 3906 habet
2756 3850 2863 3922 eis]
2918 3851 3211 3908 Absalom.
3258 3853 3513 3925 Surgen-

1871 3941 2077 4007 tesque
2107 3953 2310 3993 omnes
2337 3937 2443 3992 filii
2476 3939 2629 4010 regis
2658 3941 3052 3997 ascenderunt
3082 3942 3300 4014 singuli
3327 3942 3520 4001 mulas

1874 4042 2014 4081 suas
2047 4025 2131 4095 (h.
2165 4025 2356 4081 mulos
2387 4031 2573 4096 suos),
2606 4031 2664 4083 et
2704 4029 3001 4100 fugerunt.
3025 4032 3290 4102 Cumque
3329 4032 3522 4089 adhuc

1876 4118 2185 4186 pergerent
2214 4114 2272 4168 in
2300 4114 2528 4185 itinere,
2563 4116 2721 4172 fama
2752 4118 3014 4188 pervenit
3058 4120 3130 4175 ad
3174 4120 3381 4189 David,
3429 4123 3526 4177 di-

1875 4220 2032 4259 cens:
2068 4204 2363 4259 Percussit
2397 4204 2672 4261 Absalom
2704 4222 2909 4263 omnes
2940 4208 3090 4265 ﬁlios
3122 4210 3299 4281 regis,
3332 4214 3388 4267 et
3408 4228 3524 4268 non

1878 4293 2166 4348 remansit
2196 4310 2266 4349 ex
2298 4293 2384 4349 eis
2415 4293 2625 4350 saltem
2653 4312 2828 4351 unus.
2860 4299 3123 4353 Surrexit
3168 4298 3365 4370 itaque
3404 4316 3528 4373 rex,

90 4388 498 4460 Surge,vade.
530 4385 671 4449 Quae
693 4381 1078 4453 responditei:
1101 4380 1289 4452 Majus
1311 4381 1527 4437 esthoc
1550 4382 1771 4439 malum
1878 4387 1935 4438 et
1966 4381 2140 4437 scidit
2168 4387 2531 4439 vestamenta
2562 4401 2692 4451 sua,
2726 4390 2783 4441 et
2816 4387 3025 4442 cecidit
3054 4404 3232 4459 super
3261 4394 3475 4446 terram
3512 4408 3526 4447 :

89 4479 237 4547 quod
274 4494 448 4533 nunc
485 4474 630 4547 agis
658 4474 962 4528 adversum
994 4468 1291 4542 me,quam
1332 4471 1486 4541 quod
1520 4475 1653 4527 ante
1685 4472 1771 4527 fe-
1879 4479 1932 4527 et
1963 4487 2166 4526 omnes
2200 4472 2352 4526 servi
2375 4471 2591 4543 ipsius,
2614 4474 2717 4545 qui
2748 4476 3107 4533 assistebant
3126 4478 3201 4544 ei,
3229 4478 3533 4536 sciderunt

90 4564 238 4632 cisti,
271 4564 611 4639 expellens
640 4564 680 4617 ‘.
714 4564 782 4616 Et
812 4560 1001 4616 noluit
1023 4559 1227 4614 audire
1255 4575 1406 4615 eam:
1441 4561 1541 4616 sed
1567 4565 1769 4617 vocato
1806 4582 1851 4647 Ι)
1881 4560 2229 4616 vestimenta
2260 4578 2387 4616 sua.
2423 4562 2805 4633 Respondens
2837 4570 3032 4621 autem
3065 4567 3330 4624 Jonadab
3373 4568 3532 4625 ﬁlius

84 4672 284 4726 puero,
323 4655 442 4727 qui
480 4650 876 4709 ministrabat
922 4649 996 4719 ei,
1030 4649 1179 4704 dixit
1210 4665 1223 4704 :
1258 4649 1414 4720 Ejice
1442 4648 1594 4707 hanc
1620 4668 1653 4706 a
1684 4666 1775 4706 me
1887 4650 2161 4707 Semmaa
2190 4650 2316 4721 [τηε.
2348 4651 2625 4723 Semmai]
2686 4653 2882 4709 fratris
2940 4654 3143 4727 David,
3201 4656 3346 4713 dixit
3377 4674 3392 4715 :
3451 4658 3536 4715 Ne

87 4798 167 4871 git
200 4799 266 4856 in
322 4814 523 4857 sacro
566 4798 864 4871 contextu,
921 4798 973 4871 et
1031 4791 1268 4871 diligere
1323 4810 1447 4871 earn
1478 4793 1640 4871 υαζιζθ
1671 4794 1780 4871 ;Ai_n

93 4847 1303 4945 marg-inve—v-e'roxdel‘deperiretjn“eam.
1329 4847 1458 4921 'His
1497 4847 1783 4945 sese:ti
1898 4847 2066 4945 νίψω)
2092 4863 2255 4945 quod
2288 4868 2378 4918 est
2410 4864 2483 4919 ad
2513 4847 3049 4945 verbumnderupve;
3063 4847 3250 4928 3723?.

91 4935 459 5000 Corbeiensi
500 4940 728 5013 major,
751 4935 822 4992 n.'
860 4939 912 5007 1,
963 4936 1127 5013 solus
1167 4953 1374 5008 puram
1424 4936 1654 5013 exhibet
1703 4938 1785 5013 l_e-
1969 4936 1991 4968 ‘
2023 4935 2202 4989 Addit
2233 4951 2388 4990 nunc
2419 4951 2553 4991 cum
2584 4936 2756 5009 Vulg.
2790 4935 3087 4996 idem'ms.
3119 4958 3225 5013 me,
3259 4943 3329 4998 ad
3361 4943 3537 5000 Hebr.

92 5018 360 5072 ctionem
404 5008 719 5091 Vulgata;
750 5025 885 5065 nam
934 5008 1055 5091 qui.
1087 5013 1356 5080 superest
1399 5025 1463 5064 ex
1516 5009 1741 5091 un‘decii

1898 5014 2141 5091 ἰτ-τινων.

96 5104 239 5182 mss.
283 5080 708 5182 Acodicibus,‘
737 5098 885 5182 quos
934 5080 1170 5182 inph’o‘cl
1193 5081 1741 5182 operenrfpntglimu:

1924 5080 2261 5182 T'iqulg‘ati
2294 5103 2541 5182 addunt,
2588 5107 2655 5182 Et
2696 5106 2877 5182 noluit
2923 5110 3247 5182 contristare
3282 5112 3544 5182 spiritum

94 5157 243 5241 hanc
277 5159 622 5215 diversam
643 5151 727 5254 3b
758 5153 889 5254 aliis
922 5152 1129 5236 retinet
1148 5151 1486 5254 lectionem”,
1518 5158 1595 5254 ἐξ
1636 5154 1737 5225 dep

1904 5151 2256 5254 Amnonﬁlii
2284 5176 2390 5239 sui,
2425 5151 2686 5254 quoidam
2739 5178 3001 5254 dilige/tat
3047 5199 3195 5252 eum,
3243 5151 3380 5254 ιμίέα
3426 5182 3547 5253 pri-

94 5233 227 5322 νίζεί
248 5248 361 5322 pro
418 5245 499 5311 eq
562 5226 743 5307 valde.
796 5224 1043 5307 Phrasis.
1093 5224 1293 5306 isthmc
1330 5224 1595 5322 ιἀδρανὴς
1649 5224 1741 5280 ean

1904 5224 2221 5317 mogenit'us
2268 5224 2485 5322 8)·αέξί
2515 5266 2532 5303 .·
2565 5264 2692 5322 quae
2753 5224 3027 5322 ignbrant
3079 5228 3210 5308 cum
3243 5224 3547 5310 VHebrgaus

94 5303 203 5367 vel,
248 5294 575 5374 'deperire
606 5299 848 5389 in‘ean},
881 5295 1153 5389 lmi'nime‘
1197 5294 1591 5389 insolensuest
1640 5314 1741 5368 apu

1909 5294 2126 5389 tertius,
2180 5323 2306 5372 tum
2358 5294 2822 5389 Hieronjmiange
2851 5324 3133 5378 versionis
3165 5342 3305 5380 mss.

94 5366 600 5444 Hieronimum,
632 5372 697 5422 ut
726 5368 851 5423 suis
880 5367 1024 5423 locis
1057 5368 1417 5422 notabimus.
1452 5366 1632 5422 Mm'r.
1680 5366 1692 5368 ⁷

1912 5366 2306 5467 "Interea"
2336 5366 2566 5467 vaga:
2573 5366 2841 5467 "£33313:
2862 5366 3553 5467 Ϊίῐτέἑέιῖῗιιξίὲἱὲᾜὺεαιοπ

169 5470 185 5502 ³
224 5468 386 5521 Cum
426 5456 735 5538 Vulgatis
757 5457 1075 5538 Veronens.
1111 5471 1344 5538 quoque
1374 5472 1507 5538 ms.,
1540 5461 1618 5538 et-
1634 5456 1797 5538 depe-
1910 5461 2228 5538 connivium
2268 5462 2426 5532 quasi
2446 5456 2774 5538 convicium
2825 5456 2972 5534 regis
2997 5482 3010 5520 :
3036 5456 3187 5538 qua;
3242 5468 3461 5523 frustra
3491 5468 3552 5523 in

96 5538 239 5595 γένει
273 5552 416 5596 eam
451 5527 659 5588 valde.
691 5528 973 5586 Hebraica
1002 5527 1235 5601 phrasis
1265 5528 1499 5601 longius
1530 5545 1564 5584 a
1597 5527 1801 5586 Latina
1915 5532 2173 5608 HaabAraeo
2203 5527 2453 5608 quaeras,
2486 5536 2678 5608 autin
2711 5527 3181 5608 Hieronymianis
3211 5555 3355 5595 mss.

1917 5602 2175 5736 anzwgod.
2203 5604 2546 5673 Veronens.,
2581 5607 2686 5674 Qui
2709 5602 2971 5679 praecepit
3012 5609 3229 5667 rectius
3261 5612 3333 5669 ad
3383 5612 3561 5674 Hebr.

1968 4793 1991 4828 ³
2023 4792 2181 4846 Idem
2212 4794 2367 4870 tacet
2397 4791 2489 4870 hic
2513 4794 2683 4870 foras,
2716 4793 2895 4870 ferme
2944 4796 3309 4870 concinnius,
3361 4800 3534 4857 Hebr.

96 5611 424 5740 ἃδὲυξέἒὲι
462 5676 691 5732 Veron.
725 5671 798 5729 ei.
832 5670 1108 5729 Hebraeus
1132 5687 1341 5728 nomen
1390 5672 1599 5745 repetit
1631 5682 1803 5764 rch
