3982 6178
511 346 617 400 687

1554 353 1612 404 S.
1655 350 2058 404 HIERONYMI
2097 349 2354 403 DIVINA
2391 351 2882 410 BIBLIOTHECA.

3749 367 3827 423 688

513 475 762 529 aestimet
791 473 1067 529 dominus
1110 489 1276 529 meus
1325 490 1422 530 rex
1454 477 1497 545 ¹,
1545 476 1699 547 quod
1739 492 1944 531 omnes
1989 473 2151 546 pueri
2186 476 2240 543 Α
2273 475 2625 534 interﬁciant
2656 479 2782 551 (ms.
2808 479 3598 554 interﬁcient)ﬁliummeum.
3625 491 3750 556 Quid
3771 497 3834 550 ait

511 562 616 617 lilii
651 562 803 634 regis
835 562 1009 618 occisi
1041 562 1189 618 sint:
1223 564 1455 620 Amnon
1503 562 1666 621 solus
1722 569 1992 620 mortuus
2047 567 2155 633 est,

512 653 792 723 quoniam
824 652 884 707 in
918 669 1014 708 ore
1048 652 1325 710 Absalom
1359 658 1485 711 erat
1507 654 1756 726 positus,
1805 671 1873 710 ex
1903 654 1995 709 die
2043 669 2160 725 qua

511 741 803 813 oppressit
829 741 1088 798 Thamar
1117 759 1376 798 sororem
1406 743 1551 814 ejus.
1587 745 1753 800 Nunc
1778 760 1914 817 ergo
1956 759 2026 798 ne
2059 761 2158 816 po-

513 835 616 886 nat
639 831 916 888 dominus
950 848 1119 887 meus
1170 848 1269 888 rex
1323 849 1501 905 super
1549 849 1648 889 cor
1693 850 1866 889 suum
1916 832 2157 890 verbum

512 920 696 988 istud,
723 920 948 977 dicens:
977 921 1195 977 Omnes
1226 920 1332 976 ﬁlii
1368 922 1522 994 regis
1553 923 1729 978 occisi
1777 927 1918 977 sunt
1950 937 1962 974 :
2016 937 2157 992 quo-

513 1008 672 1066 niam
706 1011 933 1066 Amnon
966 1008 1127 1067 solus
1161 1016 1429 1068 mortuus
1461 1016 1571 1067 est.
1607 1012 1780 1084 Fugit
1810 1015 2007 1069 autem
2041 1009 2157 1065 Ab-

514 1098 721 1155 salom:
753 1105 811 1154 et
846 1098 1054 1156 levavit
1079 1116 1224 1171 puer
1270 1099 1606 1171 speculator
1654 1099 1856 1157 oculos
1907 1117 2069 1168 suos,
2105 1103 2161 1154 et

513 1188 763 1261 aspexit:
795 1194 854 1245 et
883 1205 1014 1244 ecce
1045 1189 1301 1261 pepulus
1333 1189 1558 1246 multus
1590 1189 1855 1246 veniebat
1902 1205 2004 1262 per
2052 1189 2161 1244 iter

514 1277 748 1334 devium
780 1295 851 1334 ex
876 1277 1055 1334 latere
1082 1279 1320 1333 montis.
1360 1279 1510 1334 Dixit
1541 1285 1738 1334 autem
1787 1279 2052 1336 Jonadab
2085 1277 2157 1333 ad

514 1383 732 1439 regem:
765 1367 909 1422 Ecce
942 1367 1044 1422 ﬁlii
1080 1369 1234 1439 regis
1268 1368 1504 1424 adsunt:
1531 1369 1704 1439 juxta
1735 1370 1972 1424 verbum
2006 1368 2157 1423 servi

513 1457 600 1512 tui
634 1457 718 1512 sic
743 1458 958 1512 factum
989 1461 1098 1511 est.
1145 1457 1410 1528 Cumque
1444 1457 1942 1529 cessassetloqni,
1974 1475 2157 1529 appa-

513 1553 763 1604 ruerunt
791 1552 848 1603 et
879 1547 982 1601 filii
1017 1548 1193 1619 regis:
1233 1554 1289 1602 et
1342 1547 1633 1603 intrantes
1678 1547 2013 1603 levaverunt
2061 1565 2157 1604 vo-

511 1653 636 1692 cem
671 1653 864 1704 suam,
896 1642 954 1692 ct
979 1636 1284 1692 ﬂeverunt:
1315 1636 1417 1692 sed
1450 1640 1506 1692 et
1537 1654 1631 1693 rex
1667 1641 1723 1692 et
1758 1653 1958 1692 omnes
2007 1636 2155 1692 servi

509 1728 638 1798 ejus
668 1727 954 1782 ﬂeverunt
977 1725 1204 1797 ploratu
1230 1742 1439 1796 magno
1456 1727 1652 1781 nimis.
1680 1732 1854 1782 Porro
1879 1726 2154 1782 Absalom

2267 563 2420 620 Vivit
2451 567 2758 639 Dominus,
2793 571 2931 641 quia
2964 588 3077 628 non
3110 573 3278 630 cadet
3309 575 3379 631 de
3408 578 3614 649 capillis
3641 581 3729 636 ﬁlii
3762 584 3826 640 tui

2269 669 2448 725 super
2480 659 2714 713 terram.
2748 657 2902 714 Dixit
2930 676 3067 732 ergo
3099 662 3333 721 mulier:
3365 663 3636 737 Loquatur
3663 671 3830 728 ancilla

2266 746 2363 798 tua
2399 744 2466 799 ad
2502 745 2808 802 dominum
2841 764 3039 804 meum
3091 767 3289 823 regem
3347 755 3596 812 verbum.
3642 758 3698 814 Et
3737 761 3832 817 ait:

2270 832 2552 903 Loquere.
2589 835 2855 908 Dixitque
2886 837 3118 895 mulier:
3161 841 3350 907 Quare
3392 843 3639 915 cogitasti
3677 846 3836 904 istius-

2268 922 2425 977 modi
2457 939 2578 979 rem
2611 930 2815 981 contra
2845 927 3127 999 populum
3160 929 3280 998 Dei,
3313 936 3369 986 et
3412 929 3627 990 locutus
3667 941 3742 991 est
3764 954 3836 993 rex

2266 1010 2508 1067 verbum
2545 1012 2725 1080 istud,
2761 1019 2824 1070 ut
2849 1020 3069 1087 peccet,
3099 1023 3156 1074 et
3203 1035 3320 1074 non
3369 1021 3598 1078 reducat
3637 1026 3838 1093 ejectum

2267 1115 2443 1156 suum
2475 1101 2502 1155 ?
2533 1101 2750 1160 Omnes
2773 1103 3081 1176 morimur,
3114 1111 3170 1163 et
3199 1109 3368 1179 quasi
3399 1126 3554 1181 aqua:
3576 1111 3837 1168 dilabimur

2266 1189 2324 1243 in
2362 1194 2602 1258 terram,
2636 1208 2764 1263 qua;
2800 1209 2914 1249 non
2947 1200 3318 1251 revertuntur
3350 1198 3470 1270 [τηε.
3491 1202 3841 1273 revertantur],

2268 1294 2374 1335 nec
2407 1279 2527 1335 vult
2557 1280 2711 1336 Deus
2739 1282 2929 1354 perire
2961 1283 3246 1350 animam,
3269 1287 3370 1342 sed
3403 1294 3683 1359 retractat,
3725 1292 3844 1361 cogi-

2266 1373 2400 1426 tans
2428 1387 2498 1425 ne
2530 1371 2767 1442 penitus
2799 1377 2998 1443 pereat
3027 1374 3128 1445 qui
3162 1376 3427 1446 abjectus
3457 1383 3562 1433 est.
3595 1378 3741 1434 Nunc
3764 1378 3846 1451 igi-

2266 1463 2364 1513 tur
2389 1459 2542 1525 veni,
2575 1464 2640 1515 ut
2665 1459 2874 1531 loquar
2902 1462 2976 1516 ad
3008 1462 3317 1520 dominum
3352 1482 3544 1522 meum
3562 1483 3736 1539 regem
3755 1485 3853 1523 ver-

2267 1550 2407 1604 bum
2440 1547 2571 1618 hoc,
2606 1555 2890 1620 praesente
2921 1552 3159 1623 pepulo.
3193 1556 3262 1608 Et
3309 1554 3456 1610 dixit
3501 1555 3697 1611 ancilla
3735 1560 3849 1612 tua:

2269 1639 2501 1708 Loquar
2531 1638 2603 1692 ad
2632 1654 2850 1709 regem,
2884 1639 2933 1695 si
2965 1656 3080 1710 quo
3114 1641 3286 1696 modo
3314 1643 3491 1698 faciat
3519 1660 3613 1698 rex
3658 1645 3852 1699 verbum

2265 1725 2490 1782 ancillae
2521 1743 2660 1782 suae.
2706 1727 2773 1782 Et
2805 1727 3029 1783 audivit
3059 1745 3180 1797 rex,
3215 1739 3274 1785 ut
3320 1729 3589 1787 liberaret
3629 1730 3853 1787 ancillam

508 1816 762 1889 fugiens,
823 1815 967 1872 abiit
997 1816 1069 1871 ab
1127 1815 1436 1871 Tholomai
1491 1816 1574 1887 (h.
1621 1815 1908 1888 Thalmai)
1971 1814 2154 1870 (ilium
2191 1851 2234 1915 Β
2272 1832 2438 1871 suam
2471 1816 2540 1871 de
2574 1831 2747 1870 manu
2782 1815 3048 1915 omnium
3079 1816 3164 1889 (h.
3195 1819 3348 1890 viri),
3382 1819 3484 1890 qui
3531 1819 3774 1876 volebant
3806 1819 3859 1874 ds

504 1907 717 1962 Amiud
740 1907 864 1976 [ηις.
892 1905 1120 1976 Amiur]
1139 1921 1332 1977 regem
1348 1905 1586 1961 Gessur.
1616 1905 1786 1960 Luxit
1813 1922 1948 1977 ergo
1976 1904 2155 1960 David

507 1996 697 2052 ﬁlium
730 2013 904 2051 suum
937 1995 1166 2051 cunctis
1191 1993 1420 2049 diebus.
1469 1993 1744 2049 Absalom
1779 1999 1973 2049 autem
2025 2009 2156 2049 cum

506 2086 778 2157 fugisset,
811 2090 869 2140 et
899 2084 1154 2140 venisset
1184 2083 1242 2138 in
1276 2083 1514 2152 Gessur,
1551 2081 1656 2137 fuit
1690 2082 1767 2137 ibi
1813 2084 2001 2138 tribus
2055 2099 2156 2138 an-

513 2175 629 2230 nis.
663 2173 1037 2244 Cessiivitque
1069 2172 1245 2228 David
1279 2189 1378 2227 rex
1409 2172 1681 2243 persequi
1713 2172 1795 2243 [h.
1827 2171 1982 2227 exire
2003 2176 2156 2243 post]

507 2263 782 2320 Absalom
806 2264 849 2332 ³,
881 2279 947 2319 eo
981 2263 1134 2334 quod
1167 2261 1502 2318 consolatus
1533 2265 1686 2317 esset
1715 2278 1895 2333 super
1928 2266 2155 2318 Amnon

518 2352 779 2410 interitu.
1192 2350 1196 2354 ’

589 2443 677 2515 [Τ.
709 2441 884 2510 CXII,
917 2441 1044 2513 Cap.
1069 2440 1231 2506 XIV]
1253 2438 1589 2510 Intelligens
1613 2443 1807 2494 autem
1830 2438 1975 2495 Joab
2000 2437 2156 2494 ﬁlius

514 2533 726 2589 Serviat
759 2532 912 2603 quod
943 2546 1044 2586 cor
1073 2529 1228 2598 regis
1260 2545 1491 2584 versum
1533 2532 1688 2584 esset
1737 2528 1808 2584 ad
1860 2526 2156 2598 Absalom,

514 2622 676 2678 misit
704 2621 1024 2685 Thecuam,
1058 2623 1115 2674 et
1144 2617 1274 2674 tulit
1306 2616 1440 2672 inde
1472 2616 1773 2672 mulierem
1807 2616 2152 2687 sapientem,

511 2711 772 2783 dixitque
831 2710 902 2766 ad
943 2725 1095 2765 eam:
1154 2708 1374 2778 Lugere
1403 2710 1460 2762 te
1518 2703 1761 2776 simula,
1796 2710 1852 2761 et
1909 2705 2153 2761 induere

507 2809 662 2858 veste
690 2799 948 2873 lugubri,
983 2815 1054 2854 ne
1085 2796 1325 2869 ungaris
1357 2795 1503 2864 oleo;
1539 2799 1601 2850 ut
1630 2795 1712 2851 sis
1744 2794 1910 2867 quasi
1945 2793 2154 2849 mulier

508 2891 904 2964 plurimojam
946 2895 1206 2958 tempore
1235 2884 1447 2956 lugens
1478 2889 1815 2952 mortuum;
1849 2890 1903 2938 et
1953 2883 2148 2955 ingre-

507 2981 688 3036 dieris
718 2980 791 3034 ad
817 2993 1035 3050 regem,
1066 2979 1123 3032 et
1151 2974 1412 3045 loqueris
1444 2974 1514 3029 ad
1546 2989 1679 3028 eum
1713 2989 2011 3028 sermones
2047 2971 2151 3026 hu-

500 3067 855 3140 juscemodi.
890 3065 1090 3122 Posuit
1147 3079 1282 3134 ergo
1313 3062 1458 3118 Joab
1517 3062 1690 3117 verba
1724 3062 1784 3116 in
1845 3078 1940 3117 ore
1995 3061 2145 3132 ejus.

506 3162 707 3229 Itaque
739 3172 871 3212 cum
906 3156 1172 3226 ingressa
1204 3152 1411 3209 fuisset
1460 3151 1672 3206 mulier
1720 3151 2020 3207 Thecuitis
2073 3150 2144 3205 ad

2269 1904 2606 1960 haereditate
2639 1905 2736 1960 Dei
2769 1903 2961 1961 delere
2992 1905 3074 1977 (h.
3106 1907 3470 1980 disperdere)
3495 1925 3604 1979 me,
3633 1915 3685 1965 et
3709 1907 3857 1964 ﬁlium

2223 2003 2232 2018 ‘
2269 2010 2466 2049 meum
2499 1993 2696 2050 simul.
2733 1995 2893 2050 Dicat
2922 2012 3055 2066 ergo
3079 1996 3294 2054 ancilla
3320 2004 3441 2066 tua,
3467 2003 3534 2054 ut
3553 1997 3649 2054 ﬁat
3665 1997 3862 2054 verbum

2268 2083 2492 2139 domini
2525 2084 2636 2139 mei
2686 2086 2837 2156 regis
2883 2084 3051 2156 quasi
3095 2085 3453 2143 sacriﬁcium
3503 2087 3584 2156 [h.
3627 2085 3778 2158 quasi
3815 2085 3862 2140 ia

2265 2173 2556 2245 requiem].
2590 2172 2754 2228 Sicut
2783 2171 2939 2229 enim
2971 2173 3216 2246 angelus
3238 2175 3365 2242 Dei,
3397 2175 3484 2232 sic
3513 2181 3602 2232 est
3628 2174 3862 2232 dominus

2269 2280 2437 2319 meus
2469 2280 2589 2333 rex,
2624 2267 2822 2318 utnec
2875 2264 3298 2332 benedictione,
3347 2281 3459 2322 nec
3511 2264 3866 2321 maledictione

2269 2356 2570 2409 moveatur
2599 2351 2682 2421 [h.
2721 2357 2782 2407 ut
2809 2352 3012 2408 audiat
3043 2353 3250 2409 bonum
3280 2358 3332 2410 et
3360 2355 3639 2426 malum]:
3671 2354 3806 2410 unde
3825 2357 3869 2408 et

2266 2441 2553 2497 Dominus
2589 2442 2737 2496 Deus
2769 2446 2908 2497 tuus
2941 2440 3021 2512 (h.
3055 2445 3112 2497 et
3139 2441 3458 2512 Dominus)
3491 2449 3580 2500 est
3607 2450 3794 2500 tecum.
3819 2445 3870 2496 Et

2267 2529 2632 2599 respondens
2665 2543 2788 2596 rex,
2820 2526 2966 2583 dixit
2988 2528 3060 2584 ad
3089 2528 3424 2585 mulierem:
3459 2530 3543 2586 Ne
3591 2527 3872 2586 abscondas

2267 2634 2300 2672 a
2332 2633 2422 2672 me
2454 2617 2718 2683 verbum,
2751 2617 2906 2689 quod
2940 2621 2994 2672 te
3025 2617 3346 2692 interrogo.
3379 2619 3654 2691 Dixitque
3681 2617 3874 2674 mulier:

2267 2707 2552 2778 Loquere,
2584 2705 2820 2762 domine
2870 2707 2947 2761 mi
3008 2723 3127 2763 rex.
3186 2708 3256 2763 Et
3285 2708 3372 2765 ait
3431 2725 3576 2765 rex:
3635 2703 3872 2779 Nunquid

2263 2813 2478 2851 manus
2506 2795 2650 2851 Joab
2684 2799 2876 2851 tecum
2910 2800 2996 2851 est
3026 2794 3084 2851 in
3117 2796 3398 2854 omnibus
3429 2794 3877 2869 istisil’lespondit

2262 2885 2474 2940 mulier
2504 2890 2561 2940 et
2604 2887 2704 2941 ait:
2737 2889 2844 2940 Per
2892 2883 3141 2940 salutem
3202 2885 3418 2942 animas
3481 2892 3594 2942 tua:
3651 2885 3727 2958 [h.
3768 2882 3874 2939 vita

2261 2973 2412 3044 tuas],
2446 2973 2681 3029 domine
2713 2972 2792 3028 mi
2826 2990 2942 3039 rex,
2977 2989 3081 3029 nec
3102 2974 3173 3028 ad
3198 2973 3535 3041 sinistram,
3557 2991 3660 3031 nec
3680 2975 3744 3031 ad
3766 2975 3877 3028 dex-

2259 3068 2441 3118 teram
2475 3068 2564 3118 est
2592 3079 2658 3118 ex
2682 3061 2959 3118 omnibus
2991 3061 3083 3119 his
3128 3079 3258 3134 quae
3303 3063 3545 3121 locutus
3587 3068 3674 3120 est
3717 3059 3873 3118 domi-

2263 3171 2373 3209 nus
2407 3169 2574 3208 meus
2605 3168 2721 3207 rex:
2756 3168 2959 3208 servus
2989 3151 3145 3208 enim
3179 3158 3322 3209 tuus
3351 3153 3509 3211 Joab
3541 3154 3665 3228 ipse
3702 3166 3877 3226 prece-

506 3212 725 3320 regem,
757 3245 967 3301 cecidit
998 3260 1192 3299 coram
1226 3258 1292 3297 eo
1324 3257 1502 3312 super
1531 3245 1774 3307 terram,
1797 3249 1847 3296 et
1880 3241 2145 3296 adoravit
2177 3212 2220 3278 C
2260 3241 2349 3314 pit
2381 3240 2546 3311 mihi,
2579 3245 2634 3296 et
2664 3239 2789 3312 ipse
2819 3241 3017 3312 posuit
3050 3241 3107 3296 in
3158 3258 3224 3297 os
3268 3242 3512 3300 ancillae
3559 3212 3673 3299 tuae
3711 3238 3878 3297 omnia

506 3337 590 3409 [h.
625 3335 834 3392 cecidit
860 3350 1024 3405 super
1049 3334 1261 3404 faciem
1288 3347 1450 3386 suam
1482 3332 1538 3385 in
1570 3334 1800 3400 terram,
1834 3335 1893 3385 et
1935 3330 2145 3385 adora-

502 3427 630 3498 vit],
666 3431 721 3481 et
751 3424 914 3479 dixit:
947 3429 1122 3478 Serva
1155 3437 1264 3490 me,
1297 3437 1412 3476 rex.
1457 3423 1523 3475 Et
1567 3418 1646 3475 ait
1691 3419 1761 3474 ad
1812 3436 1940 3475 eam
1995 3435 2093 3474 rex
2129 3436 2142 3476 :

504 3514 653 3580 Quid
685 3531 872 3571 causa:
907 3511 1126 3568 habes?
1158 3512 1291 3576 Quae
1345 3509 1684 3581 respondit:
1737 3509 1880 3573 Heu,
1937 3507 2146 3564 mulier

501 3607 681 3660 vidua
702 3620 809 3675 ego
841 3619 996 3658 sum:
1042 3605 1312 3656 mortuus
1361 3605 1452 3654 est
1498 3597 1650 3653 enim
1705 3599 1792 3652 vir
1841 3614 2030 3654 meus.
2080 3602 2144 3654 Et

502 3692 725 3750 ancillis
760 3697 870 3748 tua:
900 3696 1068 3746 erant
1098 3691 1212 3744 duo
1244 3688 1368 3755 lilii,
1401 3687 1500 3759 qui
1535 3687 1701 3742 rixati
1751 3691 1890 3743 sunt
1934 3688 2138 3743 adver-

496 3801 634 3841 sum
666 3799 728 3838 se
759 3782 817 3836 in
851 3796 1012 3853 agro,
1043 3779 1358 3848 nullusque
1389 3782 1513 3832 erat
1542 3777 1641 3847 qui
1683 3791 1782 3832 eos
1833 3776 2138 3849 prohibere

496 3879 716 3945 posset:
752 3877 809 3926 et
865 3867 1156 3942 percussit
1209 3866 1356 3922 alter
1411 3865 1678 3934 alterum,
1739 3870 1795 3921 et
1849 3865 2139 3923 interfecit

495 3979 653 4019 eum.
686 3963 754 4016 Et
782 3975 913 4015 ecce
945 3972 1304 4027 consurgens
1338 3955 1609 4009 universa
1639 3955 1906 4026 cognatio
1938 3955 2144 4011 adver-'

495 4069 628 4110 sum
662 4048 942 4105 ancillam
972 4051 1160 4113 tuam,
1209 4044 1370 4099 dicit:
1418 4044 1604 4099 Trade
1653 4059 1809 4112 eum,
1863 4044 1964 4115 qui
2007 4061 2135 4115 per-

495 4141 682 4198 cussit
713 4139 951 4194 fratrem
981 4151 1182 4202 suum,
1211 4139 1268 4190 et
1299 4132 1633 4190 occidamus
1665 4149 1798 4188 eum
1817 4150 1918 4204 pro
1941 4134 2137 4189 anima

495 4229 694 4287 fratris
724 4228 818 4284 sui
849 4243 1024 4298 quem
1057 4222 1370 4293 interfecit,
1401 4227 1459 4278 et
1489 4221 1790 4278 deleamus
1823 4221 2133 4278 hazredem:

494 4324 550 4376 et
579 4322 851 4390 quaerunt
874 4314 1242 4386 exstinguere
1282 4310 1599 4368 scintillam
1631 4328 1845 4382 meam,
1879 4328 2006 4382 qua:
2054 4329 2136 4368 re-

492 4408 632 4464 licta
664 4414 773 4474 est,
839 4411 902 4462 ut
933 4422 1046 4460 non
1109 4401 1368 4475 supersit
1424 4401 1546 4456 viro
1608 4417 1736 4456 meo
1798 4417 2031 4472 nomen,
2077 4405 2134 4457 et

491 4497 751 4569 reliquiae
777 4512 954 4568 super
978 4499 1190 4549 terram
1223 4492 1302 4564 (h.
1337 4508 1512 4561 super
1562 4491 1766 4546 faciem
1803 4491 2010 4562 terrae).
2067 4491 2132 4546 Et

2253 3331 2429 3387 verba
2461 3330 2600 3386 haec.
2636 3329 2707 3385 Ut
2736 3334 3019 3386 verterem
3055 3331 3305 3402 ﬁguram
3363 3333 3663 3389 sermonis
3709 3332 3879 3401 hujus,

2254 3436 2460 3476 servus
2493 3425 2630 3476 tuus
2659 3419 2806 3475 Joab
2838 3418 3109 3491 praecepit
3139 3421 3300 3476 istud
3335 3422 3425 3493 (ι).
3463 3423 3606 3478 fecit
3635 3420 3879 3490 istudjzta

2253 3515 2468 3577 autem,
2503 3509 2738 3564 domine
2771 3507 2872 3573 mi,
2908 3508 3144 3581 sapiens
3173 3525 3260 3577 es,
3293 3510 3461 3567 sicut
3483 3507 3885 3582 habetsapien-

2251 3599 2396 3655 tiam
2429 3597 2675 3670 angelus
2694 3597 2890 3664 Dei,ut
2917 3597 3214 3670 intelligas
3239 3601 3454 3656 omnia
3480 3617 3662 3673 super
3681 3606 3881 3655 terram.

2251 3691 2335 3760 (Τ.
2370 3688 2586 3756 CXIII.)
2616 3687 2685 3744 Et
2714 3687 2796 3743 ait
2825 3704 2923 3743 rex
2953 3689 3022 3743 ad
3065 3687 3248 3746 Joab:
3295 3691 3452 3746 Ecce
3502 3690 3762 3764 placatus
3801 3684 3885 3742 feci

2249 3779 2491 3833 verbum
2521 3781 2690 3834 tuum
2723 3775 2807 3848 (h.
2840 3777 3086 3832 verbum
3121 3777 3276 3850 hoc):
3310 3780 3476 3836 vade
3528 3795 3692 3851 ergo,
3722 3783 3772 3834 et
3810 3791 3884 3831 ro-

2249 3884 2392 3923 voca
2423 3882 2669 3939 puerum
2699 3865 2998 3922 Absalom.
3024 3866 3374 3940 Cadensque
3405 3868 3562 3926 Joab
3615 3884 3783 3941 super
3820 3863 3886 3920 ia-

2246 3957 2389 4013 ciem
2425 3972 2594 4012 suam
2623 3955 2682 4011 in
2717 3959 2952 4023 terram,
2989 3957 3249 4012 adoravit
3281 3962 3342 4013 et
3374 3959 3691 4014 benedixit
3712 3955 3886 4027 regi,“

2244 4046 2390 4102 dixit
2417 4047 2578 4102 Joab:
2614 4046 2796 4102 Hodie
2827 4044 3112 4101 intellexit
3158 4061 3375 4104 servus
3421 4053 3592 4118 tuus,
3643 4047 3774 4120 quia
3817 4044 3888 4098 in-

2242 4137 2374 4192 veni
2405 4135 2655 4208 gratiam
2689 4136 2747 4190 in
2781 4133 2966 4190 oculis
3001 4135 3142 4206 tuis,
3177 4136 3434 4193 domine
3471 4138 3559 4193 mi
3584 4153 3704 4193 rex:
3735 4129 3888 4190 fecisti

2243 4225 2400 4281 enim
2433 4239 2763 4280 sermonem
2798 4223 2950 4278 servi
2983 4223 3089 4278 tui.
3139 4226 3423 4282 Surrexit
3483 4241 3631 4299 ergo
3677 4223 3810 4282 Joab
3848 4223 3893 4276 et

2244 4314 2390 4370 abiit
2421 4313 2481 4368 in
2511 4312 2751 4382 Gessur,
2786 4318 2842 4367 et
2873 4312 3117 4368 adduxit
3145 4313 3416 4370 Absalon
3457 4315 3519 4370 in
3574 4311 3891 4371 Jerusalem.

2242 4402 2398 4458 Dixit
2422 4406 2619 4458 autem
2654 4404 2692 4456 1:
2722 4400 3065 4456 Revertatur
3095 4400 3155 4456 in
3186 4401 3449 4459 domum
3485 4420 3690 4474 suam,
3730 4405 3785 4459 et
3828 4400 3895 4454 fa-

2241 4491 2389 4549 ciem
2423 4507 2615 4546 meam
2641 4507 2757 4546 non
2790 4489 3000 4546 videat.
3031 4493 3328 4548 Reversus
3363 4498 3465 4549 est
3498 4493 3706 4566 itaque
3747 4491 3898 4546 Absa-

488 4588 572 4643 ait
604 4603 701 4642 rex
733 4586 802 4640 ad
864 4583 1193 4639 mulierem:
1253 4581 1411 4636 Vade
1441 4580 1500 4634 in
1552 4580 1793 4635 domum
1854 4584 2040 4648 tuam,
2075 4584 2132 4636 et
2160 4584 2205 4648 D
2240 4580 2359 4636 lom
2394 4581 2453 4636 in
2487 4581 2728 4636 domum
2765 4595 2958 4646 suam,
2991 4583 3049 4635 et
3079 4579 3289 4636 faciem
3350 4583 3525 4656 regis
3579 4598 3702 4640 non
3751 4577 3896 4636 vidit.

486 4693 591 4749 ego
618 4676 838 4747 jubebo
870 4691 972 4746 pro
1006 4680 1082 4728 te.
1128 4670 1395 4739 Dixitque
1444 4668 1658 4724 mulier
1703 4669 2003 4724 Thecuitis
2052 4670 2123 4725 ad

483 4781 702 4837 regem:
738 4768 801 4819 In
829 4780 944 4830 me,
975 4761 1213 4817 domine
1247 4759 1325 4814 mi
1368 4776 1464 4815 rex
1507 4759 1697 4830 (Vulg.
1747 4758 1957 4814 addunt
2001 4757 2121 4829 sit),

478 4853 788 4924 iniquitas,
821 4860 879 4908 et
908 4853 968 4907 in
1000 4853 1241 4906 domum
1285 4849 1467 4922 patris
1519 4848 1653 4904 mei:
1707 4866 1803 4904 rex
1839 4857 2034 4905 autem
2066 4856 2124 4905 et

478 4942 730 4998 thronus
759 4945 886 5013 ejus
919 4942 986 4996 sit
1024 4943 1326 4995 innocens.
1361 4943 1427 4993 Et
1455 4939 1535 4994 ait
1586 4954 1703 4993 rex:
1738 4939 1841 5004 Qui
1895 4943 2122 4994 contra-

476 5033 685 5088 dixerit
729 5031 809 5104 [h.
846 5031 951 5095 Qui
983 5031 1212 5086 locutus
1244 5029 1436 5100 fuerit]
1474 5028 1599 5093 tibi,
1633 5028 1824 5084 adduc
1863 5044 1996 5084 eum
2045 5029 2116 5084 ad

2237 4671 2414 4726 Porro
2438 4669 2593 4725 sicut
2621 4667 2896 4724 Absalom
2931 4668 3019 4722 vir
3048 4684 3166 4723 non
3199 4673 3332 4725 erat
3365 4671 3637 4744 pulcher
3667 4673 3726 4727 in
3757 4665 3895 4725 omni

2235 4759 2434 4827 Israel,
2465 4769 2516 4815 et
2540 4757 2620 4828 (b.
2656 4775 2771 4813 non
2807 4757 3003 4828 habet)
3034 4757 3282 4814 decorus
3317 4759 3546 4832 nimis,
3595 4779 3630 4818 a
3673 4754 3896 4831 vestigio

2234 4850 2396 4921 pedis
2428 4863 2617 4919 usque
2639 4849 2711 4902 ad
2743 4846 3015 4902 verticem
3042 4863 3156 4901 non
3191 4854 3319 4903 erat
3354 4849 3421 4904 in
3457 4867 3533 4906 eo
3570 4850 3696 4906 ulla
3726 4861 3899 4905 macu-

2230 4939 2306 4994 la.
2343 4939 2409 4993 Et
2432 4939 2665 5008 quando
2692 4936 2970 4991 tondebat
3000 4935 3278 5006 capillum
3337 4937 3569 5008 (semel
3623 4943 3814 4996 autem
3842 4933 3893 4988 in

2229 5044 2384 5084 anno
2415 5025 2766 5081 tondebatur
2795 5024 2874 5094 [h.
2909 5024 2975 5078 Et
3015 5025 3250 5096 quando
3305 5027 3694 5084 tondebatur
3741 5028 3899 5097 caput

477 5139 589 5192 me,
621 5129 677 5178 et
712 5123 866 5178 ultra
897 5138 1010 5177 non
1043 5121 1219 5175 addet
1252 5125 1314 5173 ut
1343 5123 1547 5189 tangat
1576 5123 1651 5172 te.
1685 5118 1820 5182 Qum
1870 5119 1970 5174 ait:
2007 5117 2113 5174 Βε-
2227 5118 2356 5187 ejus
2406 5116 2650 5186 [statuto
2711 5119 2903 5168 autem
2964 5117 3227 5184 tempore
3281 5116 3722 5190 tondebatur],
3771 5113 3897 5188 quia

469 5218 743 5266 cordetur
772 5229 870 5266 rex
900 5208 1132 5265 Domini
1166 5210 1261 5263 Dei
1287 5208 1401 5271 sui,
1425 5214 1624 5262 utnon
1652 5205 2116 5278 multiplicentur
2224 5207 2652 5278 gravabateum
2671 5201 2985 5273 caesaries),
3012 5201 3388 5273 ponderabat
3403 5206 3674 5277 capillos
3708 5202 3901 5275 capitis

464 5300 714 5371 proximi
750 5299 1062 5372 sanguinis
1095 5298 1164 5353 ad
1200 5296 1627 5364 ulciscendum,
1657 5299 1713 5348 et
1745 5311 2110 5366 nequaquam
2223 5295 2313 5350 sui
2347 5293 2616 5348 ducentis
2642 5290 2804 5348 sielis
2836 5291 3092 5362 pondere
3122 5289 3368 5361 publico
3400 5293 3491 5362 (b.
3532 5295 3745 5368 regio).
3779 5288 3894 5349 Nati

532 5481 549 5514 ί
583 5478 783 5550 Neque
811 5477 1110 5546 Hebraeus,
1139 5490 1326 5545 neque
1369 5473 1684 5529 Veronens.
1736 5489 1847 5528 ms.
1891 5471 2109 5530 habent
2219 5468 2819 5550 falsiﬁieronymiin
2853 5469 3079 5550 Regum
3109 5467 3316 5524 libros.
3355 5469 3574 5528 MART.

457 5547 552 5604 hic
577 5539 704 5606 rex:
1096 5539 1107 5546 '
1229 5539 1249 5545 ’
2288 5547 2309 5580 ³
2340 5545 2443 5600 Hic
2473 5539 2814 5598 vero'addix
2845 5539 2965 5597 rex“
2997 5539 3318 5599 Veronens.
3377 5559 3510 5602 me.
3578 5543 3898 5603 rectissima

453 5675 462 5686 ,
525 5623 544 5654 ²
567 5621 716 5685 Quid
747 5620 817 5676 de
846 5619 960 5677 ista
1001 5615 1424 5689 persecutionis
1473 5615 1800 5674 cessatione
1847 5617 2103 5689 sentien-
2215 5633 2350 5675 eum
2390 5615 2629 5673 Hebraeo
2663 5618 2823 5671 textu
2853 5617 2910 5670 et
2938 5611 3226 5686 Vulgatis.

455 5689 597 5746 dum
632 5693 732 5760 sit,
772 5692 922 5763 vide,
955 5688 1314 5759 sivolueris,
1359 5688 1730 5747 Traditiones
1791 5688 2104 5746 Hebraicas
