3982 6178
199 366 292 424 689

1533 365 1745 418 LIBER
1782 365 1832 416 ῐῐ
1870 362 2251 418 SAMUELIS.

3470 363 3579 420 690

195 495 316 550 sunt
341 494 525 548 autem
558 490 784 548 Asalom
814 491 921 548 filii
951 495 1095 563 tres,
1127 495 1186 548 et
1215 490 1352 548 filiis
1401 507 1522 547 una
1570 487 1808 545 nomine
1837 488 1892 556 Α
1922 486 2181 544 adoravit
2213 504 2391 560 super
2425 488 2629 544 faciem
2663 492 2827 544 terra:
2861 504 3053 546 coram
3099 503 3184 560 eo,
3239 488 3574 547 osculatus-

194 582 441 651 Thamar,
472 579 754 654 elegantis
784 581 985 638 formai
1019 583 1060 650 ¹,
1096 581 1434 653 mansitque
1463 576 1810 636 Absalomin

192 669 486 727 Jerusalem
522 670 750 726 duobus
783 670 1049 735 annis,et
1081 670 1286 726 faciem
1325 670 1474 740 regis
1503 685 1617 723 non
1645 665 1807 720 vidit.

195 760 266 832 [Τ.
295 758 496 827 CXlVJ
528 759 684 815 Misit
712 759 911 831 itaque
942 761 1014 814 ad
1046 759 1212 828 Joab,
1265 764 1330 814 ut
1379 759 1634 813 mitteret
1676 770 1806 810 eum

196 849 255 904 ad
283 864 484 919 regem,
518 849 618 920 qui
649 849 835 904 noluit
863 849 1058 905 venire
1086 850 1157 904 ad
1193 865 1346 904 eum.
1403 847 1664 917 Cumque
1712 859 1806 899 se-

188 937 352 991 cundo
380 935 657 1005 misisset,
691 941 748 992 et
780 937 876 994 ille
901 937 1188 993 noluisset
1217 937 1414 992 venire
1445 937 1514 991 ad
1570 950 1701 990 eum
1758 933 1802 998 ’,

184 1025 305 1080 dixit
327 1025 499 1080 servis
530 1025 656 1081 suis
695 1043 707 1080 :
742 1025 917 1082 Scitis
953 1043 1159 1099 agrum
1192 1026 1336 1082 Joab
1376 1027 1546 1097 juxta
1596 1038 1804 1095 agrum

185 1129 378 1180 meum,
410 1115 718 1170 habentem
773 1130 1025 1170 messem
1080 1114 1319 1183 hordei;
1373 1115 1453 1170 ite
1498 1113 1695 1185 igitur,
1746 1115 1805 1167 et

182 1203 486 1258 succendite
517 1219 650 1259 eum
689 1203 834 1276 igni.
867 1205 1299 1260 Succenderent
1331 1220 1467 1276 ergo
1497 1202 1642 1258 servi
1690 1193 1802 1257 Ab-

186 1293 345 1348 salom
394 1297 649 1365 segetem
723 1292 804 1365 [b.
859 1297 1090 1366 agrum]
1159 1294 1276 1366 igni
1329 1295 1368 1347 ³.
1424 1293 1803 1363 Surrexitque

177 1381 319 1447 Joab,
340 1385 391 1437 et
419 1380 574 1436 venit
605 1383 675 1437 ad
706 1381 983 1438 Absalom
1017 1381 1073 1436 in
1105 1383 1346 1438 domum
1380 1382 1592 1452 ejus,et
1613 1380 1796 1435 dixit:

179 1473 341 1534 Quare
366 1471 797 1526 succenderunt
829 1470 975 1526 servi
1026 1471 1113 1526 tui
1169 1475 1425 1543 segetem
1477 1485 1662 1524 meam
1713 1469 1795 1538 [b.

178 1575 355 1632 agrum
389 1567 610 1630 meum}
641 1558 795 1632 igni?
814 1559 878 1615 Et
903 1560 1209 1632 respondit
1237 1559 1507 1616 Absalom
1533 1559 1602 1614 ad
1627 1558 1796 1614 Joab:

178 1648 289 1704 Misi
319 1649 384 1704 ad
413 1652 468 1704 te
498 1649 839 1712 obsecrans,
876 1653 939 1703 ut
967 1650 1194 1704 venires
1227 1649 1296 1704 ad
1333 1665 1444 1717 me,
1493 1654 1551 1704 et
1600 1647 1794 1703 mitte-

177 1754 277 1792 rem
306 1742 358 1792 te
386 1738 451 1792 ad
488 1753 712 1810 regem,
739 1743 796 1794 et
825 1744 946 1810 [ms.
978 1744 1061 1815 ut]
1091 1739 1312 1794 diceres
1345 1738 1394 1794 ei
1417 1755 1428 1792 :
1451 1739 1638 1803 Quare
1665 1736 1795 1792 veni

171 1827 230 1883 de
253 1824 495 1883 Gessur?
529 1826 743 1882 melius
774 1827 916 1882 mihi
948 1832 1072 1882 erat
1103 1827 1182 1882 ibi
1214 1843 1378 1895 esse;
1411 1827 1651 1882 obsecro
1707 1841 1792 1881 er-
1824 1864 1869 1929 Β

173 1930 252 1986 go,
279 1921 336 1970 ut
364 1914 585 1971 videam
623 1915 828 1972 faciem
863 1916 1013 1988 regis
1046 1917 1126 1988 [b.
1161 1921 1217 1972 et
1249 1931 1402 1970 nunc
1427 1917 1656 1972 videam
1703 1917 1793 1972 fa-

173 2004 294 2059 ciem
325 2004 494 2077 regis]
530 2021 545 2060 :
584 2005 740 2077 quod
775 2005 823 2060 si
860 2021 1086 2061 memor
1131 2009 1223 2062 est
1266 2005 1600 2078 iniquitatis
1651 2020 1790 2060 meae

178 2092 244 2164 [b.
293 2110 394 2149 non
446 2093 624 2149 habet
680 2104 864 2162 meae),
926 2093 1232 2149 interﬁciat
1303 2111 1415 2150 me.
1485 2097 1792 2164 Ingressus

171 2180 294 2237 Joab
321 2182 385 2237 ad
421 2197 645 2255 regem,
674 2182 968 2238 nuntiavit
1009 2182 1061 2238 ei
1110 2187 1466 2254 vocatusque
1515 2182 1788 2238 Absalom

172 2269 376 2326 intravit
397 2271 465 2326 ad
512 2286 710 2341 regem
737 2269 819 2344 [b.
865 2274 931 2328 In
963 2276 1174 2327 terram
1207 2271 1278 2326 ad
1308 2274 1477 2342 [acies
1509 2271 1703 2343 regis],
1737 2274 1794 2326 et

229 2374 652 2448 'Memorabilis
674 2375 838 2431 locus
862 2380 1096 2448 propter
1117 2376 1584 2432 additamentum
1611 2377 1789 2448 quod-

172 2445 278 2500 dam
326 2447 458 2502 LXX
508 2448 760 2518 interpr.
812 2445 911 2518 qui
967 2445 1096 2519 post
1140 2447 1259 2503 haec
1307 2449 1483 2503 verba
1525 2445 1791 2518 elegantis

171 2519 337 2590 forma:
361 2519 740 2590 subjungunt
769 2525 1196 2590 consequenter
1227 2536 1240 2575 :
1276 2521 1398 2575 "me
1427 2522 1535 2587 fuit
1566 2519 1626 2574 in
1666 2536 1787 2574 ma-

171 2588 398 2646 trimonio
428 2588 671 2662 Roboam
690 2591 800 2659 ﬁlii
820 2595 892 2646 Sa
903 2588 1167 2659 loinmiis,
1189 2596 1239 2646 et
1258 2590 1470 2662 petierit
1493 2591 1546 2645 ei
1569 2591 1786 2646 Abiam.

171 2663 472 2734 anuoque
502 2661 788 2734 leguntur
819 2663 873 2716 in
903 2661 1130 2734 aliquot
1159 2661 1296 2734 mss.
1331 2663 1631 2718 codicibus
1685 2662 1787 2717 La-

172 2731 303 2806 tinis,
333 2731 648 2806 et'integ'ra
679 2731 1216 2806 supersunt'adhuc
1248 2733 1305 2806 in
1335 2739 1564 2790 Canone
1608 2735 1784 2789 Hebr.

170 2804 415 2876 veritatis.
446 2804 566 2860 sed“
584 2804 918 2859 transversa
949 2805 1102 2860 linea
1134 2805 1480 2876 iugulantur
1508 2810 1787 2876 tanquam

170 2875 484 2944 adulterina,
517 2881 701 2948 atque
731 2878 913 2932 ascita
953 2877 1024 2932 de
1070 2875 1284 2932 Grauis
1331 2877 1785 2948 exemplaribus.

167 2951 410 3003 Ceterum
431 2950 492 3003 in
517 2947 618 3020 his
641 2949 833 3020 verbis
855 2948 1254 3020 inextricabile
1277 2947 1788 3020 pondusexsurgit

170 3034 356 3091 nupero
401 3018 624 3076 Vindici
674 3018 1172 3091 interpretationis
1221 3019 1428 3075 Graeca:
1476 3018 1782 3074 Seniorulm

168 3088 516 3171 Septuaginta
557 3109 573 3145 :
607 3106 740 3172 nam
770 3088 1032 3216 inspecta
1061 3090 1369 3174 diligenter
1417 3091 1638 3163 Regum
1689 3091 1781 3174 hi-

170 3165 861 3216 storia.sunoutatisaueA
905 3161 1778 3216 salominatmsThamaranms.

170 3161 800 3234 storia,s’upputatisque
817 3161 1110 3234 Absalomi
1129 3163 1272 3233 patri
1283 3162 1400 3234 sTh
1411 3161 1574 3217 amar
1585 3179 1655 3218 an
1667 3162 1778 3227 nis,

168 3229 752 3306 Salomonis'quoque,
786 3233 1088 3306 Roboami,
1122 3229 1179 3288 et
1213 3233 1368 3288 Abiaa
1409 3235 1579 3303 juxta
1622 3251 1784 3290 com-
1815 3229 1858 3293 C

173 3305 520 3374 putationem
543 3307 814 3374 ejusdem
860 3305 1108 3360 vindicis
1143 3321 1208 3359 ac
1231 3307 1586 3362 restitutoris
1634 3307 1785 3361 anti-

173 3390 390 3444 quorum
423 3385 795 3447 temporum,
817 3377 916 3447 qui
959 3378 1363 3433 incunctanter
1412 3379 1580 3433 docet
1621 3393 1670 3433 c.
1723 3379 1788 3432 10

175 3461 306 3502 novre
334 3447 510 3519 hujus
545 3446 957 3519 restitutionis,
988 3447 1353 3504 Salomonem
1399 3466 1551 3504 anno
1601 3449 1787 3504 uitatis

174 3533 272 3591 suae
302 3518 793 3591 quinquagesimo
827 3521 995 3575 tertio
1025 3520 1296 3591 genuisse
1328 3521 1684 3575 Robuamum
1719 3538 1788 3576 ex

175 3590 536 3646 Ammonitide
556 3590 846 3651 {necesse
875 3597 963 3646 est
991 3590 1250 3646 Thamar
1279 3591 1456 3646 tiliam
1488 3593 1786 3647 Absalomi

177 3662 519 3738 matrimonio
544 3663 818 3732 junctam
847 3662 1029 3738 fuisse
1058 3678 1191 3738 cum
1225 3663 1785 3738 Roboam,curmjam

176 3732 594 3807 ipseattigisset
616 3735 945 3807 ann._a2tatis
960 3732 1092 3807 plus
1109 3734 1302 3789 minus
1319 3732 1784 3807 nonagesimum.

173 3799 488 3883 Quodserte
518 3807 605 3883 ita
635 3805 791 3883 credi
827 3799 1346 3883 ridiculumesset,
1381 3799 1508 3883 τιωρ
1546 3807 1785 3883 quidem

167 3875 379 3948 judicio,
412 3881 466 3932 et
499 3876 685 3932 nimis
718 3880 1116 3948 portentosum
1145 3876 1200 3930 in
1237 3894 1414 3933 uxore
1465 3875 1714 3934 Roboam
1767 3896 1780 3933 :

169 3946 282 4014 quia
307 3947 409 4021 hoc
439 3949 561 4004 fuit
588 3946 742 4002 Sara}
773 3947 1072 4020 singulare
1106 3947 1490 4021 privilegium,
1516 3953 1581 4003 ut
1611 3966 1785 4004 nona-

163 4020 366 4092 genaria
389 4027 644 4092 pareret.
674 4024 886 4092 Atinon
911 4025 1000 4075 est
1028 4020 1331 4092 praesentis
1355 4022 1463 4076 loci
1490 4021 1782 4091 discepta-

167 4087 232 4164 t_io
279 4087 470 4164 isthaac
529 4091 972 4163 chronologica,
1028 4087 1210 4164 quam
1260 4091 1421 4158 alibi,
1467 4087 1782 4164 adjuvante

164 4155 274 4227 Deo,
299 4161 629 4233 agitaturus
660 4179 793 4217 sum
819 4155 1188 4218 Tmonendus
1223 4155 1418 4218 tamen
1445 4155 1571 4219 era't
1604 4164 1782 4220 lector

162 4233 428 4288 studiosus
451 4251 520 4290 ex
547 4233 656 4290 hoc
678 4233 802 4305 loco
826 4234 1295 4289 indissolubitem
1323 4235 1482 4290 nasci
1507 4235 1782 4305 quaestio-

164 4316 270 4387 nem
299 4306 445 4387 apud
479 4304 713 4376 eos,qui
747 4311 954 4375 printer
983 4306 1312 4360 divinarum
1343 4304 1774 4387 Scripturarum

160 4380 539 4432 auctoritatem
590 4392 850 4432 asserere
899 4395 1013 4432 non
1066 4384 1359 4439 verentur.
1407 4380 1776 4434 Salomonem

164 4459 408 4522 regnasse
439 4448 582 4504 totis
614 4447 785 4522 annis
815 4449 1133 4522 octoginta,
1164 4448 1296 4514 etsi,
1327 4450 1626 4522 conceptis
1653 4467 1774 4522 ver-

163 4512 255 4584 bis,
284 4520 594 4592 scriptores
627 4519 778 4592 sacri
807 4512 1168 4575 voluminum
1197 4512 1422 4592 Regum
1455 4512 1527 4576 et.
1557 4521 1774 4577 Parali-

161 4591 417 4672 pomenon
449 4591 811 4672 contrarium
845 4593 1153 4672 testentur.
1186 4591 1372 4648 Maa'r.
1409 4620 1472 4635 --
1501 4595 1609 4672 his.
1632 4593 1740 4672 Δ’γε
1803 4609 1850 4672 D

162 4672 289 4734 ron.,
344 4662 844 4734 eleganti/"arma.
886 4662 1242 4734 ,lnﬂaliquot
1306 4679 1449 4718 mss.
1501 4663 1768 4719 Martian.

162 4730 512 4800 subjunctum
567 4730 662 4788 hic
710 4733 924 4800 reperit
970 4730 1493 4790 illud'Grascorum
1543 4736 1771 4790 addita-

161 4808 455 4877 mentum:
508 4806 637 4862 Haec
681 4806 790 4875 fuit
833 4804 894 4858 in
937 4807 1295 4877 matrimonio
1363 4807 1597 4861 Roboam
1664 4805 1774 4877 ﬁlii

161 4869 550 4959 da‘lomonistet
565 4869 780 4959 peperit
811 4877 865 4932 ei
891 4876 1110 4947 Abiam,
1142 4878 1297 4948 quod
1331 4877 1552 4933 nullius
1592 4869 1773 4934 ferme

163 4948 233 4998 est
259 4948 635 5003 auctoritatis.

220 5015 238 5049 ²
262 5015 502 5075 Voculas
531 5017 609 5092 qd
636 5034 784 5086 smn,
818 5017 1154 5092 planecum
1189 5019 1422 5076 Hebraeo
1455 5019 1772 5092 exemplari

168 5098 259 5161 ms.
277 5104 514 5161 quoque
542 5089 859 5161 veronens.
893 5089 1128 5145 omittit.

217 5156 237 5190 ⁸
261 5156 490 5216 Addunt
518 5160 747 5228 Vulgati
782 5177 796 5216 :
830 5163 893 5216 Et
925 5164 1197 5216 venientes
1219 5162 1365 5216 servi
1409 5163 1534 5228 Job,
1581 5163 1772 5218 scissis

162 5229 362 5300 vestibus
409 5235 548 5300 suis,
601 5232 861 5288 dixerunt
905 5250 922 5286 :
970 5233 1376 5289 Succenderunt
1422 5235 1566 5288 servi
1604 5234 1774 5289 Absa-

165 5299 259 5375 ἔρνη
281 5312 491 5364 partem
520 5306 654 5370 agri
682 5303 966 5373 igni,quae
999 5304 1584 5375 mss.Hieronymiani
1607 5307 1774 5373 juxta

164 5369 437 5429 Hebreum
468 5369 686 5431 textum
707 5369 1006 5432 nesciunt.

219 5441 239 5474 ⁸
261 5443 395 5500 Cum
436 5445 686 5504 V'ulzatis
716 5446 1036 5503 Veronens.
1071 5463 1182 5502 ms.
1214 5450 1363 5502 tacet
1404 5448 1462 5500 in
1495 5449 1605 5502 via.
1658 5447 1770 5502 He-

165 5509 332 5589 braica
361 5516 585 5585 phrasis
614 5524 724 5585 est,
757 5518 946 5574 Stabat
977 5535 1143 5589 super
1172 5533 1400 5572 manum
1433 5520 1516 5573 via
1549 5529 1742 5588 portae.

192 5580 242 5660 ,⁸
263 5580 516 5655 Magnam
534 5580 763 5661 habent
793 5590 885 5661 hic
918 5580 1434 5646 loci'numerorum
1469 5580 1774 5645 dissonan-

168 5655 292 5724 tiam
321 5675 431 5713 non
463 5656 648 5716 solum
677 5677 815 5716 mss.
851 5660 1123 5724 libri,sed
1157 5663 1444 5718 editiones
1472 5661 1649 5716 etiam
1684 5663 1770 5716 Bi-

170 5723 395 5786 bliorum
425 5730 566 5789 Sixti
592 5749 658 5792 ac
687 5723 1024 5792 Clementis.
1057 5734 1440 5806 Manuscripti
1473 5739 1588 5792 tres
1618 5735 1772 5792 codi-

1920 591 2034 646 que
2065 582 2154 632 est
2185 595 2282 632 rex
2312 578 2613 634 Absalom.

1993 665 2145 738 [ϐαρ.
2177 666 2315 737 XV.]
2344 667 2526 739 Igitur
2547 671 2677 739 post
2702 668 2822 723 haec
2847 667 2980 723 fecit
3002 667 3111 722 sibi
3137 668 3413 724 Absalom
3439 686 3572 725 cur-

1919 772 2071 821 rum,
2099 759 2154 810 et
2174 755 2421 827 equites,
2445 762 2501 812 et
2526 757 2960 828 quinquaginta
2982 756 3134 812 viros
3161 757 3259 830 qui
3283 760 3569 830 praecede-

1919 849 2047 899 rent
2069 860 2199 899 eum
2227 846 2308 913 [b.
2345 849 2479 900 ante
2500 862 2632 900 eum
2659 847 3004 918 currerent].
3039 847 3106 901 Et.
3130 863 3302 902 mane
3323 864 3566 903 consur-

1917 948 2061 1002 gens
2087 933 2580 996 Absalom,stabat
2602 935 2770 1004 juxta
2791 933 3096 989 introitum
3125 939 3302 1006 portae
3324 935 3379 989 in
3411 935 3503 991 via
3523 937 3565 1005 ι,

1915 1031 1964 1078 et
1999 1039 2231 1077 omnem
2266 1023 2480 1094 virum,
2507 1023 2606 1094 qui
2635 1023 2888 1078 habebat
2918 1025 3219 1096 negotium
3252 1029 3316 1079 ut
3343 1025 3566 1080 veniret

1915 1112 1983 1166 ad
2019 1112 2170 1184 regis
2197 1113 2508 1181 judicium,
2531 1112 2773 1168 vocabat
2807 1113 3075 1169 Absalom
3107 1115 3175 1169 ad
3213 1131 3293 1184 se,
3319 1119 3374 1170 et
3404 1116 3562 1171 dice-

1915 1200 2013 1256 bat
2046 1219 2058 1255 :
2095 1202 2172 1257 De
2195 1219 2312 1274 qua
2339 1202 2572 1257 civitate
2595 1219 2656 1257 es
2681 1206 2741 1256 tu
2763 1203 2789 1258 ‘t
2811 1203 2915 1266 Qui
2943 1204 3300 1274 respondens
3326 1203 3517 1260 aiebat
3545 1221 3558 1259 :

1913 1297 1989 1347 Bx
2021 1310 2136 1348 una
2165 1293 2316 1348 tribu
2355 1292 2530 1348 israel
2559 1309 2658 1362 ego
2690 1309 2809 1348 sum.
2841 1293 2928 1362 [b.
2963 1310 3079 1348 non
3112 1293 3308 1368 habet]
3356 1311 3562 1352 servus

1907 1385 2069 1438 tuus.
2105 1383 2633 1454 Respondebatque
2662 1382 2712 1438 ei
2735 1382 3012 1438 Absalom
3050 1399 3062 1436 :
3102 1382 3394 1439 Videntur
3416 1384 3560 1440 mihi

1908 1487 2215 1527 sermones
2245 1471 2329 1526 tui
2362 1471 2497 1526 boni
2530 1476 2585 1526 et
2611 1471 2781 1542 justi.
2813 1472 2925 1526 Sed
2957 1489 3066 1527 ncn
3101 1475 3188 1527 est
3220 1473 3320 1545 qui
3360 1476 3416 1529 te
3456 1490 3557 1529 au-

1907 1561 2032 1615 diat
2061 1560 2417 1615 constitutus
2450 1578 2482 1615 a
2513 1560 3031 1632 rege.Dicebatque
3059 1561 3337 1617 Absalom
3370 1580 3382 1616 :
3416 1562 3557 1627 Quis

1906 1665 1999 1705 me
2043 1650 2359 1705 constituat
2401 1649 2662 1721 judicem
2716 1666 2895 1721 super
2942 1655 3182 1716 terram,
3233 1654 3298 1706 ut
3341 1652 3412 1705 d
3463 1669 3556 1708 me

1903 1737 2135 1794 veniant
2170 1754 2372 1793 omnes
2406 1739 2504 1810 qui
2533 1737 2751 1793 habent
2781 1739 3102 1810 negotium,
3129 1743 3187 1792 et
3213 1740 3372 1810 justo
3396 1740 3556 1811 judi-

1902 1826 2072 1882 cem?
2104 1827 2214 1882 Sed
2249 1832 2464 1882 etcum
2497 1828 2798 1883 accederet
2830 1827 2900 1880 ad
2935 1843 3067 1881 eum
3101 1827 3274 1883 homo
3303 1829 3385 1900 [b.
3441 1828 3550 1901 vir]

1901 1919 1963 1970 ut
1994 1915 2277 1970 salutaret
2318 1913 2504 1980 illum,
2557 1915 2906 1970 extendebat
2955 1931 3192 1970 manum
3251 1933 3441 1983 suam,
3493 1923 3551 1974 et

1901 2003 2369 2076 apprehendens,
2405 2003 2784 2059 osculabatur
2807 2019 2966 2058 eum.
3004 2004 3389 2077 Faciebatque
3438 2006 3547 2062 hoc

1900 2091 2060 2147 omni
2096 2090 2401 2162 lsrael,qui
2432 2091 2700 2145 veniebat
2731 2092 2799 2146 ad
2826 2091 3208 2161 judicium,ut
3243 2092 3549 2148 audiretur

1899 2199 1929 2234 a
1952 2185 2168 2252 rege,et
2190 2179 2542 2236 sollicitabat
2565 2181 2740 2235 corda
2761 2180 3018 2235 virorum
3045 2181 3241 2235 Israel.
3266 2183 3543 2252 [T.CXV.]

1901 2270 2035 2326 Post
2057 2269 2445 2342 quadraginta
2468 2275 2663 2324 autem
2697 2286 2881 2326 annos
2914 2271 2955 2340 ⁸,
2989 2270 3137 2325 dixit
3165 2270 3440 2327 Absalom
3474 2274 3544 2328 ad

1901 2393 1995 2432 ces
2021 2376 2401 2450 Corbeienses
2432 2376 2814 2450 vetustissimi
2845 2381 2902 2431 et
2933 2376 3164 2449 optima:
3197 2382 3344 2433 nota:
3387 2378 3543 2450 lege-

1903 2451 2042 2503 bant
2069 2447 2352 2519 olim,post
2373 2448 2740 2519 quadraginta
2761 2457 2942 2503 autem
2969 2447 3322 2520 annos,quod
3351 2447 3549 2505 eman-

1898 2521 2131 2575 datores
2164 2524 2471 2574 mutarunt
2514 2521 2573 2573 in
2622 2530 2888 2592 quatuor,
2938 2521 3024 2572 vel
3077 2523 3136 2574 in
3185 2522 3318 2575 duos
3367 2522 3545 2579 etiam

1897 2608 2070 2654 annos
2126 2592 2340 2661 Regius
2369 2591 2568 2656 codex,
2597 2609 2652 2645 n.
2677 2593 2839 2660 3563,
2862 2596 2917 2646 et
2949 2593 3134 2661 Major
3162 2593 3220 2647 S.
3245 2593 3543 2661 Germani,

1899 2681 1956 2717 n.
1990 2663 2043 2729 3,
2078 2670 2211 2717 ante
2239 2663 2710 2734 emendationem
2741 2666 2985 2734 quinque
3016 2679 3208 2726 (ianos,
3244 2681 3396 2718 nunc
3437 2682 3546 2720 au-

1897 2739 2014 2806 tem
2046 2743 2277 2804 quatuor
2308 2734 2542 2806 habent.
2578 2737 2639 2787 ln
2675 2733 2811 2788 Can.
2850 2733 3015 2806 [li-br.
3043 2734 3281 2802 verit,ex
3309 2745 3546 2806 quatuor

1894 2805 1981 2859 vel
2013 2806 2257 2878 quinque
2305 2805 2504 2876 primas
2557 2822 2787 2878 manus,
2839 2805 3211 2878 quadraginta
3257 2805 3544 2878 posterior

1898 2876 2048 2931 fecit.
2082 2877 2449 2930 Colbertinus
2481 2894 2537 2930 n.
2573 2877 2696 2944 181,
2731 2879 2932 2931 reticet
2965 2879 3034 2931 ab
3067 2876 3535 2947 initin,'qua«lra-

1891 2951 2048 3018 ginta
2077 2967 2096 3002 :
2128 2949 2228 3002 sed
2262 2949 2591 3003 Aniciensis
2621 2951 2759 3002 item
2790 2949 3157 3002 Colbertinus
3183 2965 3316 3002 cum
3351 2951 3540 3006 tribus

1895 3019 2026 3075 aliis
2060 3020 2272 3076 nostris
2299 3020 2356 3074 S.
2409 3019 2682 3074 Germani
2731 3038 2762 3073 a
2808 3019 3014 3086 Pratis,
3061 3026 3297 3090 quatuor
3343 3020 3540 3090 habet,

1895 3109 2027 3163 non,
2058 3091 2446 3163 quadraginta.
2490 3095 2670 3163 Porro
2722 3089 3039 3163 Bibliorum
3093 3095 3366 3147 Romanae
3413 3089 3539 3148 cor;

1896 3161 2177 3217 rectiones
2210 3164 2421 3217 docent
2453 3162 2810 3232 abjiciendos
2843 3178 3118 3216 numeros
3140 3167 3194 3216 et
3222 3172 3459 3234 quatuor
3486 3169 3544 3220 et

1896 3237 2135 3305 quinque
2164 3239 2218 3288 ot
2249 3250 2365 3301 δατ,
2398 3233 2531 3288 licet
2562 3241 2796 3303 quatuor
2821 3250 2935 3287 non
2968 3241 3162 3288 careat
3195 3233 3301 3288 sua
3334 3236 3541 3304 proba-

1899 3306 2145 3368 bilitate,
2177 3307 2324 3361 adde
2354 3312 2412 3360 et
2441 3307 2803 3368 auctoritate,
2836 3306 2974 3376 quia
3000 3314 3234 3376 quatuor
3271 3307 3543 3363 similiter

1895 3376 2150 3459 legimus
2166 3378 2330 3459 apud
2364 3378 2573 3459 Syrum
2596 3381 2656 3459 et
2684 3378 2934 3459 Arabem
2966 3377 3331 3459 interpretes.
3371 3379 3538 3433 Eam-

1897 3447 2008 3520 que
2050 3447 2611 3520 lectio’nemi'probat
2661 3447 2926 3503 eruditus
2979 3447 3214 3504 Grotius
3267 3449 3469 3505 dicens
3522 3466 3536 3506 :

1896 3519 1926 3569 ei
1951 3521 2108 3574 Haud
2136 3521 2351 3574 dubius
2375 3519 2468 3573 hic
2491 3535 2650 3575 error
2672 3520 2972 3590 scripturas
2989 3520 3212 3573 additis
3242 3521 3310 3576 ad
3337 3537 3536 3576 vocem

1893 3602 2050 3655 vnn
2083 3592 2294 3646 litteris
2338 3592 2588 3644 duabus.
2641 3592 2885 3658 Quatuor
2929 3592 3083 3645 enim
3134 3591 3537 3649 intercessisse

1895 3665 2038 3718 dixit
2105 3663 2422 3734 Josephus,
2473 3679 2577 3718 nec
2623 3664 2792 3718 aliter
2839 3664 3262 3734 Theodoretus.
3312 3664 3376 3718 Et
3427 3665 3535 3719 hoc

1893 3751 2094 3790 verum
2126 3733 2262 3790 esse
2287 3751 2377 3790 res
2409 3737 2536 3803 ipsa
2565 3733 2842 3804 loquitur.
2894 3754 2919 3784 ιο
2976 3733 3191 3789 Verum
3241 3736 3533 3791 enimvero

1895 3805 2251 3861 contrarium
2303 3805 2502 3860 docuit
2551 3805 3334 3876 suppositusﬂllieronymus
3383 3805 3532 3861 libro

1897 3878 2274 3949 Traditionum
2307 3875 2704 3949 Hebruiuarurn
2736 3877 2791 3930 in
2828 3876 2873 3949 ll
2901 3875 2996 3930 lib.
3042 3875 3288 3949 Regum:
3310 3900 3336 3926 ‹‹
3361 3879 3532 3943 Cave,

1893 3948 2075 4004 lector
2104 3949 2318 4019 inquit,
2351 3947 2658 4020 plerosque
2691 3948 3000 4002 mendosos
3031 3947 3280 4013 codices,
3312 3949 3372 4002 in
3401 3949 3536 4020 qui-

1893 4021 2002 4076 bus
2035 4024 2321 4090 scriptum
2371 4021 2687 4082 invenitur,
2737 4026 2868 4090 post
2910 4025 3186 4090 quatuor,
3236 4036 3351 4074 non
3406 4025 3536 4090 post

1892 4089 2281 4163 quadraginta
2302 4108 2488 4146 annos
2523 4107 2535 4144 :
2561 4091 2619 4145 in
2645 4089 3037 4145 veracioribus
3061 4107 3188 4146 vero
3211 4089 3532 4163 codicibus,

1890 4171 1946 4218 et
1976 4165 2034 4218 in
2069 4162 2347 4219 llebraica
2378 4163 2634 4234 veritate,
2672 4179 2782 4218 non
2817 4166 3088 4233 quatuor,
3137 4162 3236 4234 sed
3289 4163 3538 4234 quadra-

1889 4234 2052 4306 ginta
2082 4235 2423 4289 scribuntur
2453 4233 2612 4288 anni.
2665 4234 2720 4288 Si
2771 4249 2904 4287 vero
2952 4233 3352 4306 contentiosus
3398 4235 3534 4306 quis

1887 4304 2120 4361 eosdem
2174 4311 2428 4377 quatuor
2477 4321 2660 4359 annos
2727 4308 2986 4358 astruere
3052 4304 3300 4359 voluerit
3345 4304 3431 4362 abl
3466 4322 3532 4362 eo

1887 4382 2148 4448 tempore
2171 4394 2286 4447 quo
2308 4377 2583 4432 Absalom
2614 4379 2838 4430 Amnon
2877 4377 3124 4448 fratrem
3144 4393 3319 4433 suum
3352 4379 3530 4432 inter-

1885 4447 2040 4520 fecit,
2075 4465 2261 4520 usque
2291 4451 2362 4504 ad
2397 4448 2538 4503 illud
2575 4454 2807 4518 tempus
2834 4465 2948 4517 quo
2981 4447 3130 4519 patri
3162 4449 3308 4503 dixit
3359 4466 3372 4504 :
3433 4451 3527 4506 Va-

1882 4519 2009 4575 dam
2077 4526 2128 4576 et
2167 4519 2417 4576 reddam
2470 4523 2592 4575 vota
2653 4535 2772 4574 mea
2829 4533 2954 4589 qua:
3007 4520 3127 4574 vovi
3185 4522 3410 4575 Domino
3467 4522 3526 4575 in

1884 4594 2090 4664 Hebron
2121 4609 2140 4646 :
2173 4591 2485 4664 perspicue
2511 4607 2570 4646 se
2599 4606 2811 4656 errare,
2834 4590 2883 4664 si
2914 4589 3224 4664 diligenter
3254 4609 3525 4664 perscru-

1880 4667 2041 4718 tatus
2072 4662 2264 4728 fuerit,
2297 4663 2552 4716 inveniet
2585 4679 2597 4717 :
2632 4678 2762 4715 rum
2797 4662 3001 4728 utique
3035 4662 3330 4725 Absalom.
3353 4665 3528 4719 inter-

1883 4736 2033 4790 fecto
2066 4742 2317 4799 Amnon,
2351 4737 2408 4788 in
2436 4738 2661 4806 Gessurp
2686 4734 2834 4806 apud
2868 4733 3130 4788 Tbolmai
3176 4751 3369 4806 regem
3420 4736 3524 4790 tri-

1883 4808 1993 4862 bu's
2021 4806 2212 4876 annis,
2246 4812 2302 4860 et
2341 4807 2398 4860 in
2438 4803 2763 4861 Jerusalem
2797 4805 2951 4876 inde
2993 4803 3296 4862 revocatus
3320 4850 3334 4871 ,
3408 4825 3522 4863 non

1881 4877 2002 4933 \iso
2034 4874 2216 4948 patre,
2254 4877 2483 4932 duobus
2515 4881 2780 4948 moratus
2809 4874 2984 4930 tuerit
3015 4880 3207 4942 annis,
3258 4885 3315 4934 et
3363 4885 3523 4934 sexto

1880 4947 2044 5021 anno
2065 4949 2269 5003 faciem
2305 4947 2740 5021 patrisqviderit,
2773 4952 2830 5021 et
2859 4952 3061 5004 contra
3089 4965 3223 5004 eum
3257 4949 3523 5021 perduel-

1880 5019 2094 5076 lionem
2129 5019 2562 5093 praeparaverit,
2594 5040 2622 5068 »
2655 5020 2842 5093 etc.AA
2872 5035 2988 5093 quo
3037 5026 3235 5093 autem
3259 5019 3518 5093 'compu-

1881 5096 2077 5146 tentur
2107 5089 2189 5144 illi
2220 5089 2608 5162 quadraginta
2655 5089 2813 5149 anui.
2865 5089 2994 5145 vide
3046 5092 3197 5158 apud
3252 5089 3518 5148 eumdem

1882 5163 2248 5231 scriptorem,
2280 5171 2336 5217 et
2366 5165 2516 5232 apud
2551 5162 2780 5216 criticos
2811 5179 3026 5218 sacros.
3063 5165 3241 5219 MART.

1953 5267 2019 5276 ——
2049 5239 2370 5290 Veronens.
2410 5251 2547 5288 mss.
2584 5249 2685 5302 pro
2718 5233 3113 5301 quadraginta,
3166 5237 3340 5289 habet
3386 5251 3518 5304 qua-

1881 5313 2010 5360 tuor
2057 5324 2075 5360 :
2127 5323 2301 5377 quam
2353 5305 2654 5360 lectionem
2705 5308 2761 5360 et
2809 5307 3154 5377 vetustiores
3207 5304 3515 5377 Martianazi

1881 5379 2110 5432 codices
2139 5376 2472 5449 priet‘erunt,
2502 5383 2557 5431 et
2588 5391 2924 5445 quanquam
2961 5376 3030 5449 ab
3074 5377 3351 5449 Hebraico
3398 5376 3518 5431 dis~

1881 5449 2114 5517 sentiat,
2142 5447 2356 5504 scitum
2391 5455 2584 5503 tamen
2621 5449 2849 5516 probari
2883 5447 3087 5514 magis,
3121 5448 3350 5516 ipsique
3381 5465 3518 5517 prze-

1884 5520 2017 5574 ferri
2054 5521 2288 5576 Hebraeo
2319 5520 2522 5584 textui,
2567 5519 2666 5587 qui
2715 5519 3072 5572 doctissimis
3119 5517 3340 5574 criticis
3387 5537 3516 5573 cor-

1882 5597 2088 5662 ruptus
2123 5592 2350 5646 videtur
2392 5592 2483 5644 hic
2536 5590 2663 5654 loci,
2714 5591 2932 5644 additis
2971 5591 3062 5662 ad
3101 5605 3296 5644 vocem
3346 5602 3514 5656 mnu,

1881 5659 2110 5718 duabus
2140 5663 2352 5719 litteris
2381 5674 2398 5710 τ
2432 5668 2488 5718 ei,
2521 5674 2563 5721 ω
2618 5679 2630 5716 :
2682 5677 2817 5714 nam
2864 5666 2920 5715 et
2968 5659 3236 5716 Hebraeos
3287 5663 3516 5718 codices

1884 5734 2112 5792 facilius
2144 5734 2438 5806 corrumpi
2473 5732 2730 5804 potuisse
2761 5749 2828 5788 ea
2857 5733 2918 5789 in
2949 5748 3105 5802 voce,
3138 5735 3513 5808 perspicuum
