3982 6178
428 319 531 377 691

1485 331 1544 384 8.
1583 329 1990 384 HIERONYMI
2029 331 2282 385 DIVINA
2318 331 2817 388 BIBLIOTHECA.

3709 340 3798 396 692

433 461 629 519 regem
655 446 852 519 [Vulg.
889 447 1101 502 addunt
1127 448 1331 521 David]
1376 465 1390 507 :
1437 449 1686 518 Vadam,
1737 455 1795 507 et
1842 452 2085 508 reddam
2115 461 2167 526 Α
2196 453 2406 509 vadam
2450 470 2564 525 quo
2596 455 2787 512 iturus
2819 473 2990 514 sum:
3024 462 3309 516 revertere
3351 463 3408 517 et
3435 461 3604 518 reduc
3629 465 3794 520 tecum

439 541 572 591 vota
622 552 751 591 mea
799 552 929 607 quae
976 536 1101 592 vovi
1155 538 1405 595 Domino
1448 539 1510 594 in
1559 541 1821 596 Hebron.
1869 542 2091 599 Vovens

439 624 598 680 enim
621 624 775 680 vovit
797 641 1000 680 servus
1026 631 1188 694 tuus,
1220 643 1354 682 cum
1376 629 1634 684 esset‘in
1651 629 1870 686 Gessur
1890 630 2092 702 Syriae,

443 713 645 769 dicens
681 730 694 768 :
727 712 787 769 Si
816 713 1111 770 reduxerit
1161 733 1252 771 me
1303 717 1588 772 Dominus
1635 719 1693 773 in
1740 719 2093 788 Jerusalem,

443 801 786 858 sacriﬁcabo
819 801 1211 877 [b.‘serviam]
1259 805 1528 862 Domino.
1575 807 1850 878 Dixitque
1898 808 1947 863 ei
1998 825 2095 864 rex

444 890 624 947 David
653 891 674 924 ²
705 909 720 946 :
751 890 912 946 Vade
942 891 1000 946 in
1033 909 1194 964 pace.
1223 895 1294 948 Et
1323 895 1598 964 surrexit,
1629 900 1688 951 et
1717 897 1859 952 abiit
1890 897 1948 952 in
1982 901 2093 952 He-

442 979 611 1036 bron.
645 979 806 1036 Misit
837 987 1030 1036 aulam
1078 982 1353 1039 Absalom
1405 984 1798 1056 exploratores
1849 985 1907 1040 in
1965 986 2097 1041 uni-

442 1085 641 1126 versas
670 1069 862 1126 tribus
897 1070 1100 1137 Israel,
1146 1071 1346 1128 dicens
1381 1090 1393 1128 :
1427 1073 1633 1128 Statim
1687 1079 1751 1129 ut
1793 1075 2098 1130 audieritis

444 1160 780 1233 clangorem
812 1161 1093 1228 buccinae,
1127 1163 1300 1219 dicite
1337 1180 1349 1218 :
1385 1165 1665 1237 Regnavit
1709 1167 1986 1222 Absalom
2039 1167 2098 1222 in

346 1277 350 1280 η
446 1249 699 1306 Hebron.
730 1256 908 1307 Porro
939 1267 1074 1307 cum
1097 1251 1368 1308 Absalom
1403 1253 1596 1309 ierunt
1627 1256 1860 1310 ducenti
1891 1255 1999 1310 viri
2031 1257 2101 1312 de

448 1338 778 1396 Jerusalem
807 1340 1017 1410 vocati,
1061 1346 1266 1398 euntes
1317 1342 1572 1413 simplici
1623 1345 1816 1414 corde,
1867 1349 1924 1399 et
1971 1362 2104 1400 cau-

453 1445 580 1485 sam
613 1430 848 1501 penitus
881 1429 1232 1500 ignorantes.
1279 1432 1595 1488 Accersivit
1641 1449 1875 1504 quoque
1915 1434 2102 1489 Absa-

452 1518 572 1576 10m
594 1517 910 1590 Ahitopbel
932 1518 1223 1575 Giloniten
1248 1521 1649 1576 consiliarium
1666 1522 1945 1592 David,de
1969 1522 2104 1577 civi-

457 1612 579 1664 tate
609 1624 717 1664 sua
749 1606 897 1676 Gilo,
931 1624 1065 1663 cum
1110 1607 1444 1666 immolaret
1492 1610 1782 1666 victimas.
1837 1611 1908 1666 Et
1956 1612 2106 1667 facta

457 1701 548 1753 est
578 1696 908 1767 conjuratio
938 1696 1155 1765 valida,
1187 1697 1559 1770 populusque
1600 1716 1954 1755 concurrens
2002 1717 2105 1756 au-

456 1785 704 1858 gebatur
750 1801 885 1840 cum
932 1786 1231 1843 Absalom.
1284 1787 1455 1842 Venit
1503 1788 1683 1860 igitur
1744 1789 1988 1844 nuntius
2034 1791 2105 1844 ad

455 1874 660 1946 David,
694 1874 895 1930 dicens
925 1890 937 1930 :
972 1877 1116 1932 Toto
1148 1876 1321 1931 corde
1352 1877 1663 1932 universus
1694 1877 1872 1934 Israel
1914 1879 2104 1950 sequi-
2140 1842 2186 1906 B

453 1967 550 2018 tur
571 1963 848 2019 Absalom
870 1963 912 2020 ³.
951 1965 1037 2038 [Τ.
1075 1963 1288 2035 GXVIJ
1311 1965 1380 2019 Et
1415 1964 1497 2020 ait
1529 1965 1710 2021 David
1747 1967 1930 2023 servis
1963 1966 2111 2036 suis,

454 2053 553 2124 qui
577 2057 899 2109 erantcum
924 2069 990 2108 eo
1013 2052 1071 2107 in
1093 2051 1420 2108 Jerusalem
1448 2070 1460 2108 :
1486 2054 1739 2126 Surgite,
1765 2055 2110 2127 fugiamus],

454 2158 644 2212 neque
695 2141 852 2197 enim
888 2142 998 2198 erit
1023 2141 1192 2198 nobis
1224 2141 1508 2212 eﬂ‘ugium
1539 2160 1573 2198 a
1606 2145 1748 2199 facie
1781 2143 2058 2200 Absalom
2095 2162 2107 2200 :

454 2216 731 2286 feetinate
759 2231 983 2303 egredi,
1017 2245 1089 2286 ne
1120 2230 1268 2286 forte
1314 2231 1555 2287 veniens
1604 2238 1865 2304 occupet’
1898 2250 2004 2289 nos
2057 2238 2114 2290 et

454 2317 719 2390 impellat
751 2335 930 2391 super
960 2336 1065 2375 nos
1087 2319 1319 2376 ruinam
1351 2319 1714 2393 [b.malum],
1739 2327 1796 2378 et
1820 2321 2114 2394 percutiat

458 2407 754 2464 civitatem
794 2407 855 2463 in
904 2424 1003 2464 ore
1055 2407 1260 2480 gladii.
1309 2411 1704 2484 Dixeruntque
1749 2413 1903 2468 servi
1956 2412 2113 2485 regis

461 2496 532 2554 ad
555 2514 690 2555 eum
717 2513 729 2552 :
753 2496 963 2553 Omnia
983 2514 1349 2570 quaecunque
1370 2501 1708 2572 praeceperit
1735 2500 1817 2573 [b.
1846 2500 2110 2574 elegerit]

459 2586 738 2644 dominus
785 2587 984 2641 noster
1042 2600 1159 2653 rex,
1208 2585 1460 2642 libenter
1525 2603 1918 2660 exsequemur
1983 2588 2111 2661 [ms.

459 2674 860 2748 exsequimur]
894 2673 1044 2730 servi
1076 2673 1186 2729 tui.
1229 2674 1512 2746 Egressus
1560 2680 1649 2732 est
1695 2693 1831 2750 ergo
1883 2693 2002 2748 rex,
2055 2681 2112 2734 et

460 2765 736 2824 universa
766 2765 980 2820 domus
1008 2763 1412 2836 ejus,pedibus
1441 2766 1650 2836 suis,et
1677 2767 1992 2839 dereliquit
2014 2783 2112 2823 rex

458 2857 659 2912 decem
693 2852 970 2910 mulieres
1001 2853 1364 2909 concubinas
1395 2855 1468 2910 ad
1511 2854 1957 2911 custodiendam
2007 2856 2111 2911 do-

455 2961 646 3002 mum.
677 2947 1076 3016 Egressusque
1109 2957 1206 2998 rex
1237 2947 1294 2998 et
1338 2942 1530 2999 omnis
1564 2944 1644 3014 [b.
1678 2944 1874 3000 omnis
1921 2961 2110 3016 popu-

455 3034 572 3105 lus]
599 3031 798 3100 Israel,
833 3030 1087 3104 pedibus
1115 3031 1242 3087 suis
1274 3031 1434 3087 stetit
1473 3031 1674 3103 procul
1726 3049 1760 3088 a
1807 3033 2002 3100 domo,
2055 3036 2112 3088 et

460 3121 721 3180 universi
745 3120 894 3176 servi
915 3119 1045 3189 ejus
1067 3119 1636 3192 ambulabantjuxta
1657 3137 1816 3187 eum,
1850 3125 1905 3176 et
1927 3120 2108 3194 legio-

460 3226 566 3268 nes
595 3211 681 3283 ]h.
705 3226 818 3265 non
851 3208 1025 3264 habet
1049 3208 1328 3281 legiones]
1360 3209 1630 3266 Cherethi
1661 3215 1718 3266 et
1747 3211 2034 3278 Pbelethi,
2057 3214 2113 3266 et
2143 3202 2186 3269 C

463 3315 670 3357 omnes
698 3297 1216 3366 Getthaei,sexcenti
1249 3298 1355 3352 viri
1385 3300 1426 3366 ‘,
1461 3299 1558 3370 qui
1593 3300 1778 3355 secuti
1805 3317 1960 3370 eum,
1987 3301 2114 3356 fue-

470 3393 601 3446 rant
621 3387 846 3460 pedites
867 3387 937 3442 de
959 3386 1128 3457 Gctb,
1154 3389 1555 3458 praecedebant
1575 3403 1789 3459 regem.
1824 3389 1978 3444 Dixit
2009 3406 2115 3445 au-

472 3484 586 3536 tem
621 3493 719 3533 rex
759 3477 829 3532 ad
879 3474 1052 3532 Ethai
1106 3475 1434 3532 Getthaeum
1464 3478 1501 3549 εξ
1547 3476 1666 3532 Cur
1713 3478 1873 3535 venis
1925 3478 2116 3535 nobis-

475 3584 609 3625 cum
627 3569 655 3622 ?
684 3570 1007 3636 Revertere,
1030 3571 1088 3621 et
1120 3566 1318 3621 habita
1345 3583 1476 3622 cum
1510 3583 1664 3640 rege,
1691 3567 1830 3639 quia
1862 3568 2118 3641 peregri-

479 3674 590 3713 nus
622 3672 704 3724 es,
738 3660 795 3711 et
821 3671 1094 3727 egressus
1124 3671 1187 3711 es
1217 3656 1288 3710 de
1334 3653 1458 3712 loco
1508 3660 1607 3712 tuo
1659 3674 1673 3714 :
1720 3657 1844 3713 heri
1887 3657 2118 3730 venisti,

477 3751 536 3804 et
563 3744 736 3802 hodie
765 3743 1129 3817 compelleris
1159 3744 1469 3801 nobiscum
1501 3746 1694 3818 egredi
1719 3749 1742 3801 ἱ)
1769 3762 1876 3820 ego
1924 3751 2120 3804 autem

476 3870 718 3951 est-.lfios
739 3867 886 3951 illud
912 3869 1413 3951 urge‘mus‘magis
1443 3886 1577 3951 cum
1618 3871 1771 3951 Luca
1818 3872 2124 3951 Brugensi,

478 3942 762 4013 quidquid
780 3941 1015 4013 auctori
1041 3942 1410 4009 Quzrstionum
1437 3943 1837 4000 Hebraicarum
1859 3945 1916 3998 in
1946 3941 2126 4000 libros

479 4015 704 4085 Regum
738 4012 1029 4086 videatur,
1058 4014 1212 4083 quod
1246 4015 1292 4068 si
1323 4015 1460 4070 anni
1492 4019 1725 4086 quatuor
1770 4016 2124 4086 scribantur,

479 4089 705 4140 constet
734 4085 875 4140 satis
906 4085 1140 4139 initium
1172 4100 1373 4141 eorum
1419 4085 1750 4142 ducendum
1799 4104 1833 4142 a
1881 4085 2126 4143 reconci-

481 4158 720 4214 liatione
751 4155 954 4228 patris,
987 4157 1094 4211 hoc
1127 4161 1217 4213 est
1247 4159 1320 4213 ab
1346 4157 1705 4214 admissione
1735 4159 2047 4216 Absalonis
2067 4160 2126 4214 in

479 4229 828 4303 Jerusalem.
861 4233 982 4295 aut,
1015 4229 1437 4303 quodduobus
1468 4229 1638 4286 annis
1682 4232 1973 4303 posterius
2017 4235 2126 4298 est,

483 4302 555 4356 ad
582 4301 896 4375 videndam
938 4300 1400 4375 patrisfaciem.
1449 4302 1522 4375 Si,
1558 4300 1700 4375 vere
1741 4303 2127 4375 quadraginta,

483 4372 637 4448 unde
665 4372 785 4426 sint
807 4373 1155 4448 numerandi
1182 4375 1488 4448 commode
1511 4372 1762 4448 inveniri
1784 4391 1896 4430 non
1923 4372 2127 4448 possit.

481 4443 719 4519 édbaec,
750 4448 807 4498 et
833 4442 1177 4514 Josepham,
1212 4444 1312 4519 lib.
1342 4461 1419 4500 vn
1449 4447 1744 4519 Antiquit.,
1792 4442 1940 4519 cap.‘
1968 4448 2023 4513 9,
2075 4449 2132 4502 et

482 4516 938 4588 Theodoretum,
971 4520 1177 4585 quaest.
1210 4518 1300 4587 28,
1332 4523 1569 4588 quatuor
1601 4516 1886 4574 duntaxat
1911 4534 2131 4588 suppu-

481 4593 605 4644 tare
638 4604 651 4642 :
689 4577 1186 4660 noniadeo,‘quod
1214 4577 1480 4644 Hebraici
1523 4589 1874 4660 exemplaris
1921 4577 2126 4644 vitium
2167 4577 2207 4641 D

483 4664 726 4728 spectat,
759 4657 1203 4714 dissimulamus
1235 4660 1570 4716 Coisliniani
1619 4657 1837 4731 codicis
1889 4665 1925 4715 2
1971 4663 2122 4731 apud

481 4731 1212 4803 Montlauconiumnotam
1267 4731 1413 4803 :_'Ev_
1443 4735 1522 4802 τῷ
1571 4728 1823 4803 Ἑξαπλῷ
1869 4728 2130 4803 Tegeaee.

483 4751 980 4787 montlaucomum
1014 4751 1212 4785 norum
1267 4751 1279 4788 :
1329 4751 1396 4786 ων
1443 4752 1522 4802 τῳ
1589 4751 1823 4803 ngam/trp
1870 4751 2036 4786 ιεσσα
2076 4752 2126 4785 α·

483 4821 652 4855 κοντα
676 4806 848 4854 κεῖται
875 4801 1020 4874 παρὰ
1061 4805 1244 4869 πᾶσιν,
1295 4801 1346 4878 ἐν
1395 4800 1578 4878 δὲΑτῷ
1628 4797 1867 4878 Ἑϐραίῳ
1913 4751 2126 4878 Ἀρϐρα-

486 4877 618 4948 ρεῖγ.
651 4874 712 4928 In
744 4875 1006 4945 Hexapto,
1038 4875 1428 4948 quadraginta
1445 4875 1594 4947 jacet
1620 4874 1767 4947 apud
1816 4874 2017 4948 omnes,
2071 4894 2131 4932 in

486 4945 722 5002 Hebraeo
752 4954 931 5001 autem
961 4945 1195 5002 Arbaim
1209 4988 1221 5001 .

561 5037 576 5071 ι
611 5033 877 5091 Pressius
909 5034 1147 5090 Hebraeo
1178 5045 1362 5105 ’n't’n,
1396 5037 1458 5092 In
1510 5038 1784 5093 manendo
1833 5054 1940 5094 me.
1995 5038 2127 5093 Cod.

490 5106 806 5162 Veronens.
839 5123 963 5162 cum
991 5123 1178 5164 essem.

559 5178 838 5234 ’Rursus
892 5195 1025 5233 cum
1086 5179 1324 5235 Hebraeo
1382 5195 1492 5234 ms.
1554 5177 1874 5236 Veronens.
1932 5179 2128 5235 David.

488 5266 698 5305 nomen
730 5250 824 5306 hic
859 5254 1027 5306 tacet.

558 5322 580 5355 ⁸
610 5322 766 5394 Idem
803 5339 914 5377 ms.
966 5321 1308 5394 Sequebatur
1357 5322 1632 5378 Absalom.
1682 5323 1859 5380 Hebr.
1895 5322 1966 5379 ad
2011 5338 2133 5377 ver-

489 5392 651 5462 bum,
681 5393 794 5465 fuit
821 5398 939 5465 post
969 5392 1242 5450 Absalom.

562 5464 583 5500 δ
613 5464 854 5521 Addunt
885 5465 1142 5537 Vulgati,
1174 5470 1507 5536 pugnat-ores
1545 5465 1738 5533 validi,
1792 5482 1916 5536 quae
1960 5464 2134 5520 verba

490 5539 689 5610 textus
719 5543 775 5593 et
806 5539 1240 5608 Hieronymiani
1273 5537 1440 5592 codd.
1471 5538 1933 5610 ignorantnMox
1982 5540 2135 5592 tacet

490 5606 810 5660 Vornlirns,
852 5627 957 5660 mc,
997 5606 1213 5676 χίμεέίιδίις,
1253 5610 1404 5680 ψιοᾶ
1441 5606 1628 5678 ntiqua
1657 5608 1963 5666 Chaldeus
2011 5613 2130 5675 est;

490 5700 687 5750 tamen
720 5697 777 5752 in
810 5698 1044 5754 Hebraeo
1060 5684 1243 5767 15.11:,
1276 5703 1335 5754 in
1360 5700 1496 5772 pede
1519 5714 1636 5754 51(0-

2203 542 2412 599 fratres
2435 547 2587 612 tuos,
2617 546 2897 616 quoniam
2930 547 3237 604 ostendisti
3268 549 3510 621 gratiam
3549 557 3604 608 et
3629 553 3798 610 ﬁdem‘

2204 630 2285 700 ]h.
2319 633 2628 688 ostendisti
2661 635 3125 692 misericordium
3159 642 3217 694 et
3251 639 3590 708 veritatem].
3630 641 3690 696 Et
3725 659 3801 698 re-

2203 721 2441 792 spondit
2471 721 2636 778 Ethai
2671 723 2789 796 regi
2823 725 3022 780 dicens
3048 743 3062 782 :
3096 727 3249 782 Vivit
3279 729 3575 796 Dominus,
3605 735 3655 785 et
3675 731 3802 787 vivat

2209 809 2331 880 [ms.
2359 808 2519 882 vivit]
2543 811 2822 868 dominus
2845 828 3013 870 meus
3031 831 3164 883 rex;
3195 815 3471 886 quoniam
3503 817 3559 872 in
3573 833 3802 888 quocun-

2206 913 2318 968 que
2349 897 2474 953 loco
2495 899 2692 970 fueris,
2729 901 2966 958 domine
2997 903 3078 958 mi
3109 919 3226 974 rex,
3256 904 3375 961 sive
3406 905 3464 960 in
3489 911 3680 970 morte,
3703 907 3804 962 sive

2208 986 2266 1040 in
2300 987 2442 1056 vita,
2474 988 2552 1043 ibi
2585 989 2697 1044 erit
2727 1007 2930 1046 servus
2978 998 3138 1048 tuus.
3191 994 3261 1048 Et
3299 993 3381 1050 ait
3411 995 3582 1050 David
3626 995 3804 1050 Etbai:

2206 1073 2376 1142 Veni,
2409 1079 2465 1131 et
2491 1078 2700 1132 transi.
2747 1079 2819 1134 Et
2872 1080 3144 1138 transivit
3192 1081 3361 1137 Ethai
3419 1083 3718 1151 Getthmus,
3764 1091 3809 1140 et

2210 1180 2414 1220 omnes
2446 1165 2550 1221 viri
2580 1167 2680 1238 qui
2711 1184 2846 1224 cum
2878 1185 2944 1225 eo
2966 1176 3156 1241 erant,
3189 1177 3247 1227 et
3269 1171 3494 1244 reliqua
3515 1172 3808 1229 multitudo.

2211 1253 2546 1326 Omnesque
2575 1255 2794 1312 ﬂebant
2823 1257 2904 1330 [b.
2937 1258 3250 1330 omnisque
3280 1264 3435 1316 terra
3482 1261 3662 1333 ﬂebat]
3705 1277 3813 1318 voce

2213 1357 2446 1412 magna,
2468 1347 2525 1399 et
2550 1344 2859 1419 universus
2881 1348 3136 1419 populus
3158 1349 3447 1405 transibat
3469 1367 3482 1405 :
3506 1366 3600 1406 rex
3624 1367 3815 1422 quoque

2215 1432 2758 1503 transgrediebatur
2787 1439 3102 1493 torrentem
3133 1438 3380 1504 Cedron,
3412 1442 3466 1494 et
3490 1445 3714 1495 cunctus
3733 1457 3813 1511 po-

2219 1519 2398 1592 pulus
2430 1521 2740 1579 incedebat
2771 1530 2972 1580 contra
3001 1525 3176 1595 viam,
3208 1543 3334 1598 quae
3367 1528 3602 1600 respicit
3627 1529 3690 1584 ad
3735 1531 3816 1584 de-

2217 1615 2458 1667 sertum.
2492 1611 2668 1668 Venit
2699 1619 2895 1669 autem
2923 1619 2979 1670 et
3008 1615 3196 1672 Sadoc
3226 1615 3307 1682 [b.
3341 1617 3514 1674 etiam
3551 1623 3605 1673 et
3645 1619 3813 1690 Sadoc]

2217 1700 2490 1755 sacerdos
2520 1701 2561 1769 ⁸,
2595 1706 2652 1756 et
2696 1703 2958 1760 universi
3004 1703 3190 1760 levitas
3241 1722 3374 1761 cum
3428 1722 3517 1774 eo,
3563 1710 3815 1777 portantes

2216 1805 2408 1852 arcam
2446 1789 2678 1846 fmderis
2710 1792 3239 1864 Dei,deposuerunt
3269 1811 3464 1850 arcam
3497 1798 3590 1852 Dei
3613 1813 3626 1853 :
3647 1811 3815 1852 ascen-

2223 1877 2311 1932 dit
2339 1877 2643 1950 Abiathar,
2675 1880 2860 1936 donec
2890 1881 3153 1953 expletus
3185 1889 3346 1940 esset
3371 1885 3558 1941 omnis
3588 1885 3819 1956 populus,

2223 1967 2324 2039 qui
2373 1983 2647 2040 egressus
2695 1970 2885 2026 luerat
2929 1974 2998 2027 de
3045 1971 3295 2028 civitate.
3345 1974 3416 2029 Et
3462 1973 3599 2030 dixit
3642 1990 3726 2029 rex
3765 1974 3819 2028 ad

2222 2055 2409 2111 Sadoc
2441 2072 2453 2111 :
2488 2061 2734 2129 Reporla
2767 2075 2960 2114 arcam
2999 2060 3091 2115 Dei
3127 2061 3186 2115 in
3221 2062 3426 2118 urbem
3461 2078 3475 2117 :
3507 2062 3555 2118 si
3593 2061 3820 2118 invenero

2223 2145 2472 2216 gratiam
2506 2146 2564 2201 in
2596 2147 2784 2202 oculis
2810 2147 3066 2215 Domini,
3102 2150 3346 2206 reducet
3377 2167 3490 2220 me,
3520 2154 3573 2208 et
3600 2150 3824 2208 ostendet

2225 2233 2370 2288 mihi
2399 2251 2548 2300 eam,
2581 2239 2637 2289 et
2656 2236 3104 2292 tabernaculum
3129 2255 3305 2294 suum
3341 2239 3422 2314 [b.
3457 2248 3509 2296 et
3536 2239 3820 2312 gloriﬁcabo

2223 2323 2405 2394 eum].
2440 2323 2500 2379 Si
2535 2328 2732 2380 autem
2764 2323 2976 2381 dixerit
3026 2326 3172 2383 mihi
3202 2329 3221 2362 ⁷
3248 2345 3262 2384 :
3286 2327 3413 2384 Non
3463 2327 3682 2400 places:
3711 2343 3822 2400 prse-

2223 2416 2315 2467 sto
2373 2429 2528 2481 sum,
2591 2412 2765 2469 faciat
2817 2413 2962 2469 mihi
3011 2415 3191 2486 [Vulg.
3268 2422 3414 2472 tacet
3479 2415 3639 2486 mihi]
3696 2414 3819 2486 quod

2222 2501 2442 2557 bonum
2475 2504 2563 2557 est
2593 2519 2790 2558 coram
2821 2519 2884 2558 se
2917 2502 2999 2572 [b.
3032 2505 3189 2576 quod
3222 2504 3443 2560 bonum
3475 2503 3642 2560 estin
3671 2501 3820 2559 oculis

2221 2590 2388 2661 ejus].
2415 2590 2484 2645 Et
2513 2591 2656 2646 dixit
2688 2608 2788 2647 rex
2818 2592 2890 2647 ad
2920 2593 3104 2648 Sadoc
3161 2594 3523 2650 sacerdotem
3549 2611 3562 2649 :
3591 2593 3632 2649 Ο
3658 2592 3821 2647 videns

2223 2685 2507 2736 revertere
2532 2679 2616 2751 [b.
2650 2680 2709 2736 Si
2740 2680 2972 2736 videtur
2997 2680 3106 2738 tibi
3131 2682 3441 2754 revertere]
3478 2683 3534 2737 in
3577 2680 3820 2737 civitatem

2222 2767 2281 2824 in
2315 2785 2489 2840 pace;
2523 2769 2799 2826 Ahimaas
2832 2776 2853 2810 ⁸
2884 2769 3044 2827 ﬁlius
3074 2777 3232 2840 tuus,
3267 2775 3326 2827 et
3364 2771 3649 2829 Jonathan
3692 2770 3819 2824 ﬁlius

2219 2856 2530 2925 Abiathar,
2596 2857 2657 2913 hi
2722 2859 2838 2914 duo
2905 2859 3014 2914 ﬁlii
3080 2860 3290 2926 vestri,
3363 2861 3482 2917 sint
3540 2858 3819 2916 vobiscum.

2221 2946 2364 3001 Ecce
2393 2963 2529 3020 ergo
2561 2947 2890 3003 abscondar
2935 2948 3018 3020 [b.
3070 2949 3366 3022 morabor]
3420 2950 3479 3006 in
3523 2947 3822 3021 campestri-

2221 3035 2334 3092 bus
2362 3036 2598 3104 deserti,
2632 3037 2816 3093 donec
2845 3038 3040 3094 veniat
3069 3055 3260 3095 sermo
3310 3056 3346 3096 a
3393 3039 3554 3096 vobis
3599 3038 3824 3094 indicans

2222 3125 2857 3196 mihi.Reportaverunt
2885 3126 3067 3198 igitur
3095 3128 3279 3184 Sadoc
3300 3133 3361 3184 et
3378 3128 3649 3184 Abiathar
3666 3142 3823 3183 arcam

2223 3211 2324 3269 Dei
2357 3213 2414 3266 in
2447 3212 2794 3282 Jerusalem,
2828 3217 2884 3269 et
2915 3220 3262 3271 manserunt
3288 3215 3410 3287 ,ibi.
3465 3220 3634 3272 Porro
3681 3212 3822 3269 David

2222 3301 2575 3358 ascendebat
2605 3302 2815 3357 clivum
2847 3303 3156 3372 olivarum,
3190 3305 3514 3360 ascendens
3538 3309 3590 3361 et
3618 3303 3758 3372 ﬂens,
3779 3306 3822 3356 et

2225 3394 2428 3463 operto
2459 3390 2647 3463 capite
2676 3395 2732 3446 et
2764 3391 2936 3448 nudis
2987 3392 3235 3464 pedibus
3287 3393 3599 3462 incedens;
3649 3393 3736 3448 sed
3777 3394 3820 3445 et

2225 3479 2413 3537 omnis
2443 3479 2718 3552 populus,
2759 3481 2860 3554 qui
2904 3486 3030 3537 erat
3079 3498 3211 3538 cum
3245 3499 3338 3551 eo,
3399 3488 3594 3556 operto
3645 3480 3818 3552 capite,

2233 3569 2590 3626 ascendebat
2619 3569 2878 3642 plorans.
2910 3571 3259 3627 Nuntiatum
3299 3577 3393 3629 est
3421 3576 3609 3629 autem
3657 3569 3820 3631 David,

2229 3658 2383 3731 quod
2415 3663 2472 3714 et
2490 3658 2803 3732 Ahitopbel
2828 3664 2983 3717 esset
3011 3661 3072 3716 in
3104 3661 3512 3732 conjuratione
3551 3661 3627 3734 [b.
3669 3655 3822 3716 rebel-

2226 3747 2402 3819 lione]
2465 3763 2598 3804 cum
2661 3749 2956 3817 Absalom,
3016 3749 3274 3822 dixitque
3341 3751 3561 3807 David:
3609 3748 3822 3811 Infatua,

2303 3869 2612 3940 l‘Ejusdem
2633 3871 2932 3927 sententiae
2950 3872 3096 3927 duas
3118 3871 3226 3928 hoc
3250 3871 3379 3930 loco
3397 3871 3824 3942 retinetVulgata

2234 3947 2434 3998 nostra
2461 3943 2990 4015 interpretationes,
3023 3944 3534 4015 Hieronymianam
3565 3943 3756 4000 scilicet
3774 3954 3824 3996 ac

2235 4017 2511 4086 veterem,
2540 4014 2668 4086 quae
2700 4014 2842 4072 Itala
2868 4016 3189 4072 dicebatur.
3221 4014 3341 4073 Nos
3373 4033 3542 4074 unam
3581 4016 3825 4074 edidimus

2237 4085 2383 4142 fonti
2405 4085 2644 4166 Hebraeo
2675 4089 3147 4166 resppndentem.
3182 4088 3370 4166 MART.
3448 4162 3459 4166 _
3750 4157 3758 4166 _

2308 4186 2376 4200 -
2403 4161 2767 4233 interserunt
2784 4159 3041 4233 vulgati,
3057 4161 3322 4218 Dominus
3341 4159 3825 4233 [aciettecumgnise

2237 4229 2540 4303 ricordiam
2605 4239 2655 4286 et
2693 4302 2696 4303 ν
2732 4229 3032 4287 veritatem
3091 4248 3270 4303 :quaa
3341 4229 3550 4289 eadem
3601 4229 3829 4303 habetur

2239 4303 2348 4358 sub
2381 4302 2512 4356 aliis
2541 4302 2736 4357 verbis
2766 4319 2900 4358 cum
2933 4299 3319 4374 subsequenti
3369 4301 3662 4367 sententia,
3719 4299 3827 4374 Qua-

2237 4376 2399 4446 niam
2428 4374 2713 4429 ostendisti
2739 4374 2980 4446 gratiam
3010 4379 3057 4446 et
3087 4372 3276 4445 ﬁdem.
3313 4375 3419 4432 Pro
3457 4377 3546 4430 his
3598 4372 3826 4428 omnibus

2239 4447 2354 4501 duo
2387 4445 2506 4500 haec
2538 4445 2765 4521 tantum
2799 4445 2974 4521 verba
3004 4445 3060 4501 in
3095 4446 3332 4521 Hebraeo
3379 4451 3515 4503 sunt
3543 4449 3707 4511 textu,
3731 4450 3827 4521 ’φη

2239 4527 2426 4591 nam,
2487 4517 2873 4572 misericordia
2951 4525 3006 4591 et
3085 4518 3285 4574 veritas
3330 4535 3342 4573 :
3394 4536 3520 4591 quae
3586 4517 3826 4591 superiori

2240 4590 2503 4662 proxime
2531 4601 2682 4673 13:17,
2716 4597 2912 4660 tecum,
2936 4589 3160 4660 juncta.
3210 4591 3357 4645 bene
3411 4589 3655 4662 optantis
3683 4596 3824 4673 sensu

2239 4671 2619 4750 proferuntur
2652 4694 2664 4732 :
2700 4677 2888 4750 Tecum
2917 4677 3301 4750 misericordia
3353 4689 3402 4734 et
3450 4681 3637 4750 veritas
3678 4693 3694 4728 :
3735 4671 3828 4750 si}?

2240 4741 2392 4819 quod
2428 4751 2582 4804 idem
2615 4765 2742 4804 esse
2767 4749 2936 4819 juxta
2968 4749 3310 4821 Hebraicum
3346 4749 3600 4821 pbrasim
3623 4762 3722 4802 non
3745 4741 3829 4796 dif-

2240 4822 2407 4875 fiteor
2441 4836 2453 4875 :
2489 4821 2674 4892 Tecum
2703 4821 2884 4891 gratia
2914 4824 2964 4876 et
2996 4819 3154 4891 ﬁdes.
3199 4819 3372 4877 Porro
3423 4821 3692 4892 impressa
3731 4829 3830 4869 sen-

2239 4893 2424 4975 tentia
2459 4891 2910 4976 un_ice'b.abe.tur
2941 4907 3044 4963 pro
3061 4891 3690 4976 .Hieronxmianaquod
3720 4899 3828 4976 cou-

2241 4965 2362 5020 cise
2392 4963 2579 5035 magis
2611 4963 2960 5018 Hebraicum
2993 4964 3223 5032 referat,
3258 4963 3447 5033 sitque
3471 4963 3637 5035 longe
3661 4971 3826 5035 emen-

2241 5028 2534 5091 datiorum
2567 5035 3008 5111 exemplarium.
3041 5028 3439 5111 Adeo'rectius
3468 5028 3658 5111 legerit
3682 5028 3827 5111 Vero-

2240 5124 2408 5164 nens.
2444 5124 2552 5162 ms.
2604 5107 2662 5161 in
2714 5103 2828 5178 quo
2877 5106 3073 5178 ipsum
3124 5107 3489 5163 desideratur
3524 5103 3825 5162 adverbium

2240 5178 2522 5252 quoniam,
2555 5179 2710 5250 quod
2735 5177 2794 5234 et
2825 5177 3154 5252 Scholiasta:
3187 5180 3482 5252 probatur.

2310 5252 2332 5285 ⁶
2378 5238 2586 5305 Verius
2643 5266 2772 5305 cum
2851 5251 3085 5307 Hebraeo
3143 5238 3302 5307 textu
3361 5265 3566 5306 nomen
3621 5238 3828 5302 sacerdos

2241 5321 2561 5399 Veronens.
2598 5322 2832 5399 ms._hic
2863 5326 3033 5399 tacet.
3071 5393 3116 5399 __
3156 5393 3169 5399 _
3280 5393 3292 5399 _
3350 5396 3357 5399 _
3446 5396 3454 5399 _
3581 5388 3632 5399 η

2312 5395 2330 5428 ⁷
2387 5396 2595 5448 lterum
2653 5394 3016 5451 adamussim
3069 5393 3294 5451 Hebraei
3343 5396 3534 5450 textus
3581 5388 3665 5444 hic
3708 5382 3829 5440 tacet

2241 5465 2538 5520 Veronens
2571 5482 2681 5521 ms.
2716 5464 2877 5522 mihi.

2313 5535 2333 5569 ⁸
2381 5536 2539 5592 Idem
2609 5554 2719 5593 ms.
2777 5537 3084 5594 Achimaas.
3157 5535 3428 5593 Hebraice
3493 5543 3706 5604 quoque
3760 5523 3827 5578 es!

2241 5617 2511 5696 vimina.
2549 5608 2681 5666 Mox
2711 5609 2984 5666 voculum
3017 5609 3078 5666 hi
3106 5609 3346 5679 omittit,
3375 5601 3546 5679 quam
3593 5601 3827 5658 Hebraeus

2244 5696 2450 5754 nescit.
