3982 6178
263 377 376 435 693

1628 379 1842 432 LIBER
1881 376 1932 430 II
1969 377 2347 436 SAMUELIS.

3585 385 3692 444 694

259 502 1708 578 quasso,consiliumAhitophel,domine.Cumque
1730 517 1932 557 ascen-
1961 500 2017 566 Α
2047 506 2104 557 et
2128 505 2446 575 amputabo
2477 510 2655 578 caput
2683 508 2833 579 ejus.
2876 511 2944 564 Et
2974 509 3059 565 ait
3088 524 3186 565 rex
3219 526 3234 564 :
3261 509 3412 576 Quid
3461 510 3607 567 mihi
3638 517 3697 569 et

265 597 451 652 deret
482 595 662 652 David
694 592 1099 650 summitatem
1131 593 1371 661 montis,
1401 593 1458 647 in
1505 608 1621 663 quo
1655 591 1934 646 adoratu-

261 703 375 742 rus
408 690 541 742 erat
587 686 796 752 Deum,
845 699 978 739 ecce
1008 683 1231 738 occurit
1277 682 1329 737 ei
1378 680 1559 737 Husai
1609 680 1931 746 Arachites,

254 776 464 832 scissa
489 779 650 831 veste
680 774 763 848 [h.
797 773 1049 843 tunica],
1081 776 1138 828 et
1185 776 1341 828 terra
1388 771 1559 843 pleno
1583 771 1663 844 [h.
1700 770 1929 842 sparso]

257 865 492 938 capite.
527 864 612 938 [Τ.
644 863 899 930 CXVII.]
941 866 1008 917 Et
1055 861 1203 917 dixit
1248 861 1300 916 ei
1346 861 1526 916 David
1563 877 1576 914 :
1610 860 1670 916 Si
1701 859 1932 915 veneris

262 971 545 1019 mecum,
569 953 687 1009 eris
720 952 864 1008 mihi
909 951 1067 1008 oneri
1101 970 1114 1019 ;
1148 950 1237 1005 sin
1271 952 1467 1006 autem
1523 949 1582 1004 in
1633 949 1929 1004 civitatem

264 1044 622 1110 revertaris,
653 1047 710 1098 et
739 1043 973 1112 dixeris,
1006 1039 1282 1096 Absalom
1317 1056 1331 1094 :
1365 1040 1578 1095 Servus
1624 1043 1765 1094 tuus
1798 1054 1930 1094 sum

265 1149 384 1206 ego
423 1134 550 1205 [τηε.
577 1138 630 1188 et
666 1132 816 1203 Vulg.
850 1135 1044 1186 tacent
1072 1129 1226 1202 ego],
1258 1146 1395 1195 rex;
1427 1128 1580 1184 sicut
1610 1127 1692 1182 fui
1725 1144 1929 1184 servus

269 1224 475 1295 patris
505 1224 614 1288 tui,
646 1222 731 1278 sic
760 1238 858 1278 ero
905 1236 1108 1276 servus
1152 1225 1311 1285 tuus,
1365 1217 1685 1290 dissipabis
1735 1216 1926 1272 consi-

267 1312 428 1368 lium
461 1310 996 1382 Ahitopbel.Habes
1029 1313 1225 1365 autem
1256 1313 1449 1364 tecum
1472 1307 1656 1363 Sadoc
1680 1312 1736 1362 et
1754 1307 1926 1362 Abia-

267 1403 408 1458 thar
439 1403 793 1468 sacerdotes,
826 1405 884 1456 et
913 1416 1086 1456 omne
1114 1399 1355 1454 verbum
1398 1398 1792 1469 quodcunque
1818 1414 1922 1452 au-

270 1491 462 1548 dieris
493 1492 564 1546 de
593 1491 769 1546 domo
800 1489 975 1562 regis,
1008 1487 1294 1544 iudicabis
1337 1488 1522 1543 Sadoc
1561 1491 1619 1542 et
1645 1486 1925 1542 Abiatbar

271 1579 875 1637 sacerdotibus.Sunt
906 1583 1268 1636 autemeum
1298 1577 1382 1632 eis
1413 1577 1528 1631 duo
1561 1575 1661 1630 lilii
1694 1591 1920 1645 eorum,

268 1671 560 1726 Ahimaas
589 1663 1308 1741 [Vulg.add.ﬁlius],Sadoc
1333 1670 1391 1722 et
1419 1663 1918 1732 Jonatban,Abia-

270 1759 408 1816 thar
438 1776 452 1815 :
487 1764 546 1814 et
575 1758 827 1814 mitteris
856 1774 958 1830 per
986 1774 1085 1813 eos
1119 1755 1200 1827 [h.
1233 1772 1337 1828 per
1369 1772 1578 1811 manus
1609 1755 1916 1825 eorum]ad

2042 592 2231 659 vobis,
2262 593 2366 649 filii
2398 595 2608 650 Sarviae
2634 595 2662 650 ‘I
2689 596 2922 653 dimitte
2973 614 3131 664 eum,
3173 603 3238 654 ut
3266 600 3287 634 ⁵
3335 599 3687 670 maledicat;

2042 681 2326 737 Dominus
2357 682 2512 739 enim
2547 685 2822 757 praecepit
2852 687 2926 756 ei,
2958 692 3026 742 ut
3056 687 3431 744 malediceret
3454 690 3636 746 David
3674 707 3686 745 :

2044 774 2100 825 et
2130 771 2262 842 quis
2292 778 2380 827 est
2430 773 2528 843 qui
2583 775 3036 840 audeat.dicere
3067 776 3150 846 [h.
3202 782 3259 832 et
3305 777 3442 850 quis
3495 779 3691 854 dicet],

2043 875 2223 930 quare
2254 860 2337 916 sic
2369 862 2570 918 fecerit
2603 866 2626 918 Ρ
2657 868 2726 919 Et
2773 866 2854 920 ait
2886 882 2981 921 rex
3027 867 3244 933 Abisai,
3295 871 3352 922 et
3397 868 3691 926 universis

2042 949 2224 1005 servis
2255 949 2380 1006 suis
2413 968 2426 1006 :
2459 951 2603 1008 Ecce
2633 952 2788 1008 ﬁlius
2813 955 3108 1023 meus,qui
3135 971 3411 1026 egressus
3429 957 3500 1012 de
3523 961 3689 1014 utero

2041 1054 2170 1094 meo
2204 1039 2293 1111 (de
2321 1041 2621 1097 visceribus
2665 1043 2847 1114 meis),
2897 1043 3105 1115 quaerit
3145 1043 3404 1100 animam
3437 1061 3632 1102 meam
3665 1064 3680 1103 :

2040 1133 2262 1198 quanto
2296 1129 2481 1200 magis
2511 1147 2666 1185 nunc
2695 1131 2856 1188 filius
2885 1132 3147 1188 Jemini?
3180 1134 3409 1190 dimitte
3453 1151 3588 1190 eum
3620 1140 3687 1192 ut

2037 1218 2164 1288 (ms.
2199 1218 2449 1286 dimitte,
2482 1223 2587 1285 ut),
2630 1221 2944 1277 maledicat
2965 1223 3138 1292 juxta
3187 1227 3540 1295 praeceptum
3573 1224 3684 1280 Do-

2039 1306 2181 1361 mini
2239 1324 2253 1362 :
2316 1308 2364 1364 si
2421 1310 2568 1364 forte
2624 1309 2901 1381 respiciat
2948 1310 3237 1366 Dominus
3303 1311 3680 1369 afﬂictionem

2035 1411 2250 1463 meam,
2305 1401 2362 1452 et
2413 1399 2618 1454 reddat
2665 1398 2809 1454 mihi
2878 1400 3060 1472 [Vulg.
3111 1400 3321 1457 addunt
3371 1401 3682 1474 Dominus]

2032 1485 2254 1540 bonum
2295 1502 2398 1557 pro
2431 1486 2841 1543 maledictione
2867 1487 2974 1544 hac
3008 1489 3684 1547 hodierna.Ambulabat

2031 1574 2226 1646 itaque
2255 1575 2432 1630 David
2467 1579 2524 1631 et
2552 1576 2693 1632 socii
2727 1579 2856 1648 ejus
2888 1594 2991 1649 per
3016 1578 3169 1634 viam
3196 1595 3322 1634 cum
3350 1595 3411 1636 eo
3441 1579 3524 1652 [h.
3559 1597 3678 1637 non

2029 1665 2251 1738 habet.]
2282 1667 2468 1722 Semei
2502 1672 2695 1722 autem
2731 1684 2834 1738 per
2875 1670 3087 1739 jugum
3130 1669 3348 1726 montis
3379 1685 3445 1726 ex
3475 1671 3676 1738 latere,

2029 1759 2232 1811 contra
2262 1755 2427 1811 illum
2475 1757 2874 1828 gradiebatur,
2927 1757 3286 1814 maledicens
3329 1766 3386 1815 et
3434 1759 3676 1817 mittens

269 1865 364 1906 me
397 1865 572 1904 omne
601 1849 844 1904 verbum
889 1847 1044 1918 quod
1075 1845 1396 1902 audieritis.
1448 1843 1732 1900 Veniente
1779 1861 1916 1918 ergo
1947 1878 1995 1941 Β
2026 1842 2249 1916 lapides
2280 1845 2590 1900 adversum
2622 1861 2779 1913 eum,
2812 1851 3149 1918 terramque
3177 1863 3482 1920 spargens.
3501 1849 3677 1906 Venit

270 1939 450 1995 Husai
486 1938 676 1994 amico
712 1937 886 1993 David
921 1936 979 1991 in
1024 1935 1342 2002 civitatem,
1373 1933 1651 1990 Absalom
1685 1951 1918 2007 quoque

272 2028 582 2100 ingressus
605 2031 697 2083 est
723 2028 1058 2083 Jerusalem.
1653 2068 1656 2071 .

347 2117 509 2190 [Cap.
539 2117 715 2188 XVI.]
744 2120 1009 2187 Cumque
1039 2114 1222 2171 David
1248 2113 1562 2170 transisset
1607 2112 1916 2184 paululum

271 2207 489 2263 montis
521 2206 818 2272 verticem,
853 2204 1127 2277 apparuit
1173 2203 1314 2259 Siba
1344 2219 1490 2275 puer
1520 2201 1914 2274 Miphibosetb

268 2296 326 2351 in
357 2312 675 2352 occursum
705 2295 854 2366 ejus,
887 2310 1021 2349 cum
1073 2293 1300 2348 duobus
1351 2291 1555 2358 asinis,
1589 2291 1687 2362 qui
1719 2291 1915 2346 onusti

269 2389 432 2441 erant
463 2382 736 2440 ducentis
767 2382 1042 2455 panibus,
1070 2385 1128 2436 et
1158 2385 1396 2436 centum
1441 2378 1772 2452 alligaturis
1795 2397 1914 2434 uva;

267 2491 456 2546 passa
507 2473 589 2543 [h.
644 2477 700 2528 et
749 2476 984 2528 centum
1029 2470 1270 2543 passis],
1320 2473 1376 2524 et
1423 2473 1659 2525 centum
1700 2470 1913 2525 massis

266 2562 663 2634 palatharum,
701 2565 758 2617 et
790 2561 1018 2616 utribus
1056 2560 1174 2616 vini
1222 2558 1303 2624 [h.
1339 2557 1620 2630 amphora
1646 2558 1808 2629 vini].
1843 2559 1914 2614 Et

265 2651 411 2708 dixit
444 2668 546 2707 rex
576 2651 725 2706 Siba:
759 2666 772 2704 :
807 2649 954 2716 Quid
985 2649 1099 2704 sibi
1131 2648 1336 2704 volunt
1363 2647 1484 2703 haec
1507 2647 1534 2702 ?
1562 2647 1911 2719 Respondit-

265 2757 377 2812 que
410 2740 556 2797 Siba
588 2756 602 2795 :
634 2739 820 2807 Asini,
852 2738 1190 2795 domesticis
1242 2735 1396 2810 regis
1445 2742 1513 2792 ut
1559 2737 1823 2802 sedeant,
1857 2741 1914 2792 et

269 2847 455 2902 panes
490 2833 547 2886 et
577 2829 847 2901 palathaa,
879 2829 948 2884 ad
981 2828 1334 2885 vescendum
1385 2825 1582 2898 pueris
1618 2828 1658 2895 ί]
1707 2826 1909 2881 vinum

264 2924 489 2986 autem,
522 2925 587 2974 ut
617 2918 778 2974 bibat
804 2918 852 2974 si
886 2918 1020 2989 quis
1053 2917 1329 2973 deiecerit
1370 2917 1429 2971 in
1461 2917 1706 2971 deserto.
1743 2916 1811 2970 Et
1832 2917 1913 2971 ait

259 3025 355 3065 rex
391 3027 405 3065 :
442 3009 548 3065 Ubi
584 3012 672 3064 est
701 3007 858 3064 ﬁlius
889 3007 1113 3063 domini
1143 3007 1276 3062 tui?
1307 3006 1748 3078 ReSpnnditque
1773 3005 1912 3061 Siba

257 3100 382 3170 regi
418 3115 432 3152 :
469 3097 774 3154 Remansit
799 3096 880 3169 [h.
915 3101 1058 3152 Ecce
1088 3096 1272 3166 sedet]
1321 3095 1379 3149 in
1428 3094 1774 3159 Jerusalem,
1815 3095 1906 3150 di-

255 3201 394 3242 cens
429 3203 444 3240 :
480 3186 661 3242 Hodie
691 3186 959 3242 restituet
986 3184 1134 3239 mihi
1167 3185 1376 3239 domus
1428 3182 1602 3239 Israel
1657 3200 1899 3253 regnum

2026 1932 2224 2004 itaque
2254 1950 2373 2000 rex,
2407 1939 2463 1990 et
2492 1934 2801 1991 universus
2833 1935 3086 2006 populus
3117 1953 3250 1992 cum
3283 1953 3348 1992 eo
3383 1937 3674 2002 lassus.et

2027 2022 2386 2078 refocillatus
2431 2026 2519 2078 est
2564 2023 2585 2058 ⁶
2634 2023 2736 2079 ibi.
2792 2023 3061 2080 Absalom
3129 2030 3325 2082 autem
3377 2035 3431 2082 et
3477 2029 3670 2084 omnis

2028 2113 2280 2183 pepulus
2313 2112 2493 2167 Israel
2527 2112 2776 2183 ingressi
2808 2116 2948 2168 sunt
2974 2113 3434 2182 Jerusalem,sed
3468 2119 3525 2170 et
3541 2116 3671 2171 Abi-

2027 2200 2222 2271 tophel
2256 2217 2388 2256 cum
2416 2217 2504 2256 eo.
2538 2203 2682 2256 Cum
2713 2207 2912 2258 autem
2942 2201 3199 2258 venisset
3222 2204 3399 2259 Husai
3431 2205 3669 2260 Aracbi-

2025 2294 2113 2346 tes
2145 2289 2374 2345 amicus
2402 2289 2582 2346 David
2600 2291 2672 2345 ad
2704 2290 3240 2361 Absalom,]ocutus
3270 2297 3360 2348 est
3389 2293 3460 2349 ad
3492 2309 3666 2350 eum:

2023 2378 2208 2448 Salve,
2241 2395 2363 2448 rex,
2397 2378 2574 2448 salve,
2603 2396 2702 2434 rex
2729 2379 2811 2451 [h.
2846 2379 3016 2436 Vivat
3052 2396 3175 2452 rex,
3226 2381 3382 2436 vivat
3412 2382 3550 2453 rex].
3584 2383 3669 2438 Ad

2023 2483 2198 2538 quem
2229 2467 2530 2539 Absalom,
2562 2467 2682 2523 haec
2713 2473 2822 2535 est,
2855 2469 3068 2540 inquit,
3101 2470 3288 2539 gratia
3319 2470 3400 2541 (h.
3436 2470 3668 2528 miseri-

2023 2557 2242 2627 cordia]
2274 2561 2375 2612 tua
2422 2558 2493 2612 ad
2539 2557 2799 2614 amicum
2847 2561 3072 2614 tuum?
3117 2576 3298 2630 quare
3346 2577 3461 2616 non
3514 2559 3669 2617 ivisti

2022 2662 2158 2701 cum
2181 2645 2368 2702 amico
2399 2651 2500 2702 tuo
2525 2646 2552 2701 ‘I
2582 2647 3025 2718 Responditque
3048 2647 3224 2704 Husai
3260 2649 3330 2703 ad
3363 2648 3663 2706 Absalom:

2020 2735 2428 2807 Nequaquam,
2461 2735 2598 2806 quia
2631 2735 2792 2791 illius
2822 2752 3123 2807 ero,quem
3151 2736 3320 2807 elegit
3349 2737 3658 2806 Dominus,

2020 2828 2078 2880 et
2106 2825 2299 2880 omnis
2332 2824 2426 2878 hic
2455 2823 2735 2895 populus,
2767 2828 2825 2880 et
2857 2827 3165 2880 universus
3193 2825 3393 2890 Israel,
3426 2831 3484 2882 et
3529 2843 3665 2882 cum

2021 2929 2088 2969 eo
2122 2913 2390 2968 manebo.
2424 2913 2554 2980 Sed,
2585 2917 2649 2968 ut
2679 2917 2736 2969 et
2763 2912 2872 2970 hoc
2903 2915 3170 2979 inferam,
3215 2915 3307 2970 cui
3340 2930 3446 2986 ego
3483 2915 3663 2986 [ναις.

2020 3003 2178 3074 ergo]
2196 3003 2522 3057 serviturus
2549 3018 2680 3057 sum
2701 3002 2728 3056 ?
2750 3019 2943 3058 nonne
2966 3001 3084 3058 ﬁlio
3108 3003 3264 3075 regis
3280 3003 3471 3059 ‘Isicut
3495 3006 3664 3076 parui

2020 3091 2169 3164 patri
2202 3096 2324 3161 tuo,
2358 3091 2442 3146 sic
2476 3092 2688 3162 parebo
2718 3096 2772 3147 et
2804 3091 3252 3164 tibi.[’I‘.CXIX.]
3287 3093 3437 3148 Dixit
3466 3101 3660 3150 autem

2018 3180 2289 3238 Absalom
2310 3181 2380 3236 ad
2414 3180 2727 3252 Abitophel
2761 3197 2773 3236 :
2809 3181 2959 3236 Inite
2981 3181 3294 3237 consilium
3327 3182 3466 3254 quid
3491 3199 3661 3255 agere

255 3236 445 3346 52.5..
477 3236 1136 3330 $1.}."E‘t'si‘ggegs
1170 3236 1503 3328 ἦᾞέᾋῶ
1523 3236 1750 3328 "sua;
1774 3236 1900 3344 qua:
1931 3236 1975 3306 C
2016 3236 2433 3337 debeamus,Et
2455 3271 2538 3326 ait
2559 3236 2874 3343 A‘hitophel
2907 3272 2977 3326 ad
3002 3236 3658 3345 Absalomzingredere

250 3363 492 3420 fuerunt
542 3363 954 3436 Miphiboseth.
986 3361 1258 3434 Dixitque
1306 3362 1444 3418 Siba
1476 3379 1488 3417 :
1521 3365 1631 3418 Oro
1664 3362 1706 3428 ³,
1741 3362 1901 3418 iuve-
2013 3363 2084 3418 ad
2119 3362 2478 3418 concubinas
2512 3361 2695 3433 patris
2725 3361 2832 3430 tui,
2868 3378 3016 3434 quas
3065 3362 3292 3418 dimisit
3345 3364 3417 3418 ad
3467 3369 3658 3420 custo-

248 3452 409 3509 niam
447 3454 695 3524 gratiam
729 3469 924 3508 coram
957 3455 1014 3508 te
1049 3452 1127 3524 [h.
1162 3452 1223 3507 in
1255 3451 1440 3507 oculis
1470 3451 1635 3523 tuis],
1669 3451 1902 3508 domine
2013 3451 2287 3508 diendam
2315 3452 2556 3507 domum
2593 3469 2606 3508 :
2643 3455 2708 3506 ut
2746 3467 2882 3507 cum
2931 3451 3183 3508 audierit
3236 3453 3428 3508 omnis
3478 3453 3656 3510 Israel

247 3542 324 3597 mi
358 3559 480 3597 rex.
514 3543 602 3613 [T.
634 3541 899 3612 CXVIII.]
947 3541 1121 3596 Venit
1168 3555 1304 3612 ergo
1338 3556 1437 3596 rex
1485 3540 1667 3596 David
1717 3556 1902 3612 usque
2013 3542 2167 3614 quod
2202 3541 2510 3598 fmdaveris
2549 3545 2774 3613 patrem
2823 3546 3016 3609 tuum,
3069 3541 3419 3598 roborentur
3448 3559 3659 3600 manus

249 3631 556 3696 Baburim,
588 3636 646 3686 et
675 3647 807 3687 ecce
837 3629 1246 3702 egrediebatur
1276 3630 1415 3686 inde
1443 3630 1535 3685 vir
1582 3631 1653 3686 de
1683 3647 1898 3702 cogua-
2010 3647 2215 3686 eorum
2238 3629 2854 3686 tecum.Tetenderunt
2882 3629 3064 3704 igitur
3078 3631 3359 3687 Absalom
3383 3633 3656 3689 taberna-

249 3720 412 3776 tioue
444 3721 656 3776 domus
686 3721 848 3790 Saul,
883 3720 1119 3776 nomine
1148 3719 1358 3786 Semei,
1383 3718 1542 3775 ﬁlius
1573 3719 1736 3786 Gera,
1766 3737 1898 3790 pro-
2011 3720 2210 3776 culum
2240 3719 2300 3774 in
2333 3719 2567 3786 solario,
2603 3720 3024 3792 ingressusque
3071 3723 3162 3776 est
3191 3721 3261 3775 ad
3295 3721 3656 3778 concubinas

247 3809 490 3864 cedebat
537 3809 870 3881 egrediens,
940 3813 998 3866 et
1048 3808 1455 3876 maledicebat,
1512 3809 1899 3881 mittebatque
2009 3809 2194 3882 patris
2221 3809 2312 3864 sui
2345 3825 2540 3864 coram
2574 3807 3066 3864 universolsrael.
3099 3809 3424 3865 Consilium
3457 3822 3652 3866 autem

245 3897 478 3971 lapides
528 3903 729 3954 contra
778 3899 954 3954 David
1006 3902 1062 3954 et
1110 3903 1314 3954 contra
1363 3898 1666 3955 universos
1700 3916 1897 3956 servos
2006 3898 2516 3969 Ahitophel,quod
2551 3898 2729 3952 dabat
2757 3899 2816 3953 in
2848 3898 3056 3953 diebus
3096 3897 3410 3970 illis,quasi
3443 3899 3491 3954 si
3515 3899 3652 3970 quis

243 3988 402 4060 regis
443 3987 675 4043 David:
720 3987 915 4043 omnis
965 3991 1158 4044 autem
1211 3988 1486 4060 populus,
1533 3991 1590 4043 et
1639 3989 1894 4045 universi
2005 3987 3646 4059 consuleretDeumzsiceratomneconsiliumAhitophel,

243 4075 580 4144 bellatores,
613 4093 646 4131 a
676 4077 880 4132 dextro
909 4081 966 4132 et
995 4093 1029 4131 a
1059 4076 1294 4132 sinistro
1334 4075 1514 4132 latere
1545 4077 1698 4149 regis
1738 4078 1892 4134 ince-
2002 4081 2214 4133 etcum
2238 4080 2393 4132 esset
2415 4092 2547 4130 cum
2570 4075 2831 4141 David,et
2856 4092 2992 4131 cum
3013 4079 3168 4132 esset
3189 4092 3323 4131 cum
3346 4076 3641 4132 Absalom.

237 4165 484 4222 dobant.
519 4165 605 4220 Ita
634 4168 828 4221 autem
864 4164 1220 4237 loquebatur
1256 4165 1443 4221 Semei
1476 4181 1608 4220 cum
1645 4167 1892 4222 maledi-
2073 4167 2155 4238 [T.
2216 4165 2384 4234 CXX,
2431 4169 2563 4236 Cap.
2637 4164 2830 4232 XVII]
2884 4163 3030 4219 Dixit
3094 4164 3275 4236 igitur
3329 4163 3647 4237 Ahitophel

237 4260 395 4310 ceret
423 4255 449 4288 ³
476 4297 489 4310 .
527 4254 834 4326 Egredere,
890 4254 982 4309 vir
1030 4255 1417 4326 sanguinum,
1467 4260 1524 4310 et
1570 4255 1658 4310 vir
1688 4253 1889 4310 Belial.
2001 4256 2072 4312 ad
2107 4253 2376 4311 Absalom
2409 4270 2421 4308 :
2459 4253 2678 4324 Eligam
2704 4253 2844 4309 mihi
2879 4253 3146 4327 [h.nunc]
3170 4253 3483 4310 duodecim
3511 4254 3646 4310 mil-

235 4343 512 4399 Reddidit
581 4343 687 4398 tibi
761 4343 1049 4399 Dominus
1120 4343 1460 4400 universum
1539 4344 1889 4416 sanguinem
1999 4343 2080 4400 lia
2124 4343 2408 4412 virorum,
2439 4346 2496 4397 et
2535 4359 2897 4415 consurgens
2943 4357 3262 4414 persequar
3309 4340 3488 4398 David
3537 4341 3646 4398 hac

237 4432 457 4488 domus
488 4431 624 4487 Saul
659 4450 672 4488 :
705 4432 983 4504 quoniam
1017 4433 1280 4489 invasisti
1310 4449 1555 4505 regnum
1582 4451 1682 4504 pro
1715 4449 1802 4504 eo,
1834 4437 1891 4488 et
1999 4435 2261 4489 nocte.Et
2290 4430 2522 4487 irruens
2545 4448 2720 4502 super
2749 4446 2878 4486 eum
2914 4431 3156 4502 [quippe
3185 4429 3286 4502 qui
3317 4429 3636 4487 lassusest.

238 4521 402 4577 dedit
431 4520 722 4577 Dominus
745 4538 991 4594 regnum
1023 4521 1081 4577 in
1115 4539 1291 4578 manu
1325 4521 1601 4578 Absalom
1637 4523 1738 4578 ﬁlii
1762 4523 1884 4579 tui:
1998 4526 2057 4578 et
2084 4521 2294 4578 solutis
2327 4520 2631 4591 manibus]
2663 4519 2982 4591 percutiam
3006 4535 3140 4574 eum
3167 4535 3180 4574 :
3207 4535 3462 4590 cumque
3481 4519 3644 4591 fuge-

237 4613 296 4665 et
323 4626 457 4666 ecce
492 4615 768 4681 premunt
801 4617 855 4666 te
884 4609 1038 4667 mala
1057 4615 1160 4666 tua
1188 4610 1270 4682 [h.
1303 4611 1372 4666 Et
1402 4627 1532 4667 ecce
1562 4621 1622 4667 tu
1652 4614 1713 4666 in
1741 4613 1888 4669 malo
1920 4608 1968 4675 D
1998 4613 2069 4668 rit
2095 4610 2287 4668 omnis
2317 4608 2701 4682 populus,qui
2723 4625 2852 4664 cum
2886 4625 2952 4665 eo
2982 4609 3424 4680 est,percutiam
3445 4624 3643 4681 regem

240 4701 378 4768 tuo],
411 4699 691 4771 quoniam
716 4700 802 4754 vir
829 4699 1186 4771 sanguiuum
1221 4716 1302 4756 es.
1332 4700 1490 4755 Dixit
1518 4704 1714 4757 autem
1747 4702 1884 4758 Abi-
1993 4699 2348 4757 desolatum.
2380 4699 2451 4754 Et
2472 4699 2747 4753 reducam
2779 4698 3120 4754 universum
3160 4697 3464 4770 populum,
3499 4715 3644 4770 quo-

242 4788 325 4843 sai
357 4787 516 4844 ﬁlius
545 4787 778 4858 Sarvize,
814 4789 935 4860 regi
969 4805 982 4842 :
1017 4792 1204 4852 Quare
1251 4788 1549 4847 maledicit
1596 4791 1757 4847 canis
1790 4791 1883 4846 hic
1997 4791 2166 4845 modo
2199 4803 2401 4843 omnes
2426 4787 2633 4842 reverti
2661 4786 2850 4842 solent
2881 4789 2936 4856 7;
2971 4803 3157 4842 unum
3182 4787 3338 4843 enim
3365 4787 3558 4844 virum
3581 4792 3646 4843 tu

247 4877 565 4934 moriturus
587 4877 1027 4949 ‘(h.mortuus)
1051 4878 1291 4935 domino
1315 4895 1443 4936 meo
1461 4880 1584 4952 regi
1605 4881 1632 4936 ?
1653 4881 1882 4949 vadam,
1994 4877 2228 4951 quaeris,
2262 4883 2318 4934 et
2348 4877 2540 4933 omnis
2573 4875 2826 4948 populus
2857 4875 2966 4932 erit
2993 4876 3052 4932 in
3087 4892 3248 4949 pace.
3300 4876 3643 4949 Placuitque

1993 5143 2175 5218 facile
2193 5142 2457 5218 additum
2497 5143 2593 5198 hic
2624 5147 2710 5218 est
2741 5159 2811 5218 ex
2841 5143 3060 5218 Graeco,
3089 5137 3248 5218 ἄφετε
3278 5139 3458 5218 αὐτόν.

2066 5217 2087 5252 ⁶
2121 5215 2382 5271 Plurium
2415 5231 2658 5271 numero
2690 5215 2866 5270 habet
2896 5214 3639 5286 Veronens.ms.re/ocillatz

1993 5291 2140 5348 sunt.
2176 5287 2362 5358 magis
2396 5288 2464 5343 ad
2500 5287 2784 5350 Graecum.
2817 5292 2875 5342 et
2905 5303 3038 5343 cum
3065 5285 3351 5358 Vulgatis.

2065 5362 2085 5394 7
2117 5357 2324 5414 Verius
2356 5361 2415 5414 in
2445 5363 2766 5415 Veronens.
2801 5376 2937 5429 ms.,
2972 5357 3198 5415 Omnis
3225 5357 3426 5412 reverti
3472 5357 3626 5429 solet,

1984 5433 2155 5503 juxta
2187 5431 2518 5496 Hebraeum,
2569 5427 3064 5503 quemadmodum
3115 5433 3171 5484 et
3216 5427 3638 5500 Eparnothotes

1993 5505 2146 5576 apud
2182 5504 2393 5559 Lucam
2426 5503 2783 5576 Brugensem
2808 5503 3126 5576 legendum
3149 5503 3393 5576 monet,
3423 5503 3482 5554 et
3512 5515 3634 5576 me-

1993 5571 2155 5632 lioris
2195 5579 2340 5630 nolw
2394 5571 2620 5646 codicies
2676 5571 3004 5646 praeferunt.
3056 5571 3308 5643 Vulgati,
3361 5573 3632 5640 Quomodo

1988 5665 2134 5705 unus
2164 5648 2321 5705 homo
2352 5645 2556 5703 reverti
2581 5645 2734 5702 solet.

316 5147 332 5180 ¹
364 5148 436 5199 Μ.
470 5144 787 5201 Veronens.
812 5161 946 5200 cum
978 5143 1244 5216 Vulgatis
1274 5145 1438 5201 addit
1467 5149 1596 5204 tuis.

313 5216 333 5250 ¹
360 5217 629 5272 Pressius
658 5216 858 5272 Hebrus
889 5217 1044 5272 idem
1080 5234 1214 5284 ms.,
1248 5217 1446 5274 Adoro.

311 5288 534 5363 {Addit
565 5289 721 5363 idem
753 5305 863 5343 ms.
899 5304 1030 5344 cum
1062 5289 1354 5362 Vulgatis,
1386 5291 1523 5358 regi,
1557 5307 1660 5363 pro
1684 5309 1798 5363 quo
1820 5294 1880 5349 in

249 5359 474 5443 Hebrzeo
507 5365 599 5415 est
629 5362 685 5415 ei
715 5377 734 5415 :
767 5377 898 5416 max
931 5359 1348 5433 quoqueidem
1402 5377 1514 5417 ms.
1560 5359 1746 5419 reddet
1779 5383 1880 5437 pro

244 5431 520 5569 κῳδάιῖἒά
554 5502 904 5558 scholiastes
934 5503 1194 5568 adnotat,
1225 5506 1494 5568 mortuus,
1517 5509 1573 5560 et
1602 5507 1879 5563 Hebraeus

246 5576 465 5646 pmfert
493 5579 550 5629 et
579 5575 895 5631 Veronens.
931 5591 1066 5643 ms.,
1101 5577 1334 5632 demum
1369 5582 1423 5632 et
1456 5577 1689 5649 Vulgati
1722 5579 1874 5638 libri.

313 5646 333 5679 ⁸
364 5647 425 5702 ln
456 5647 897 5704 Veronens.ms.
917 5652 979 5703 ut
1007 5653 1172 5704 vacat
1205 5665 1217 5704 :
1250 5648 1310 5703 in
1343 5649 1577 5706 Hebrzeo
1597 5654 1795 5706 autem
1823 5658 1874 5706 et

313 5658 333 5679 ³
365 5658 425 5702 1n
463 5658 979 5704 νενοηθηε.ωε.ιιι
1007 5658 1172 5704 vacat
1205 5665 1217 5704 ζ
1250 5658 1310 5703 in
1343 5658 1577 5706 HEDPIBO
1597 5658 1795 5706 autem
1823 5658 1880 5709 et

251 5718 572 5790 proximum
605 5735 837 5778 comma
882 5719 1122 5778 dimittet
1167 5735 1312 5791 sum,
1363 5720 1794 5795 desiderantur,
1827 5729 1884 5781 et
