  <div class='ocr_page' id='page_1' title='image "/cluster/home/n/w/nwhite01/storage/ocr_20150623/28/hvd.32044052824265/401.png"; bbox 0 0 3982 6178; ppageno 0'>
   <div class='ocr_carea' id='block_1_1' title="bbox 392 383 3758 450">
    <p class='ocr_par' dir='ltr' id='par_1_1' title="bbox 392 383 3758 450">
     <span class='ocr_line' id='line_1_1' title="bbox 392 383 3758 450; baseline 0.002 -8"><span class='ocrx_word' id='word_1_1' title='bbox 392 383 502 443; x_wconf 83' lang='grc'><strong>695</strong></span> <span class='ocrx_word' id='word_1_2' title='bbox 1421 388 1482 440; x_wconf 79' lang='grc' dir='ltr'><strong>Β.</strong></span> <span class='ocrx_word' id='word_1_3' title='bbox 1523 387 1932 442; x_wconf 77' lang='lat' dir='ltr'><strong>HIERONYMI</strong></span> <span class='ocrx_word' id='word_1_4' title='bbox 1970 384 2230 442; x_wconf 76' lang='lat' dir='ltr'><strong>DIVINA</strong></span> <span class='ocrx_word' id='word_1_5' title='bbox 2267 389 2762 445; x_wconf 76' lang='lat' dir='ltr'><strong>BIBLIOTHECA.</strong></span> <span class='ocrx_word' id='word_1_6' title='bbox 3667 392 3758 450; x_wconf 80' lang='lat'><strong>696</strong></span> 
     </span>
    </p>
   </div>
   <div class='ocr_carea' id='block_1_2' title="bbox 399 506 3762 583">
    <p class='ocr_par' dir='ltr' id='par_1_2' title="bbox 399 506 3762 583">
     <span class='ocr_line' id='line_1_2' title="bbox 399 506 3762 583; baseline 0.002 -17"><span class='ocrx_word' id='word_1_7' title='bbox 399 527 592 567; x_wconf 87' lang='lat' dir='ltr'><strong>sermo</strong></span> <span class='ocrx_word' id='word_1_8' title='bbox 621 510 749 581; x_wconf 82' lang='lat' dir='ltr'><strong>ejus</strong></span> <span class='ocrx_word' id='word_1_9' title='bbox 800 506 1099 572; x_wconf 85' lang='lat' dir='ltr'><strong>Absalom,</strong></span> <span class='ocrx_word' id='word_1_10' title='bbox 1141 511 1204 563; x_wconf 86' lang='lat' dir='ltr'><strong>&#39;et</strong></span> <span class='ocrx_word' id='word_1_11' title='bbox 1253 509 1484 564; x_wconf 92' lang='lat' dir='ltr'><strong>cunctis</strong></span> <span class='ocrx_word' id='word_1_12' title='bbox 1535 509 1862 579; x_wconf 81' lang='lat' dir='ltr'><strong>majoribus</strong></span> <span class='ocrx_word' id='word_1_13' title='bbox 1895 512 2034 563; x_wconf 89' lang='lat' dir='ltr'><strong>natu</strong></span> <span class='ocrx_word' id='word_1_14' title='bbox 2070 511 2116 576; x_wconf 78' lang='grc' dir='ltr'>Α</span> <span class='ocrx_word' id='word_1_15' title='bbox 2153 509 2379 564; x_wconf 92' lang='lat' dir='ltr'><strong>concito</strong></span> <span class='ocrx_word' id='word_1_16' title='bbox 2405 511 2590 580; x_wconf 84' lang='lat' dir='ltr'><strong>gradu</strong></span> <span class='ocrx_word' id='word_1_17' title='bbox 2624 509 2874 580; x_wconf 76' lang='lat' dir='ltr'><strong>ingressi</strong></span> <span class='ocrx_word' id='word_1_18' title='bbox 2907 515 3046 566; x_wconf 91' lang='lat' dir='ltr'><strong>sunt</strong></span> <span class='ocrx_word' id='word_1_19' title='bbox 3075 511 3321 566; x_wconf 89' lang='lat' dir='ltr'><strong>domum</strong></span> <span class='ocrx_word' id='word_1_20' title='bbox 3362 513 3652 583; x_wconf 76' lang='lat' dir='ltr'><strong>cujusdam</strong></span> <span class='ocrx_word' id='word_1_21' title='bbox 3676 517 3762 574; x_wconf 86' lang='lat' dir='ltr'><strong>viri</strong></span> 
     </span>
    </p>
   </div>
   <div class='ocr_carea' id='block_1_3' title="bbox 401 597 3764 673">
    <p class='ocr_par' dir='ltr' id='par_1_3' title="bbox 401 597 3764 673">
     <span class='ocr_line' id='line_1_3' title="bbox 401 597 3764 673; baseline 0.002 -17"><span class='ocrx_word' id='word_1_22' title='bbox 401 599 600 656; x_wconf 81' lang='lat' dir='ltr'><strong>Israel.</strong></span> <span class='ocrx_word' id='word_1_23' title='bbox 636 599 729 652; x_wconf 81' lang='lat' dir='ltr'><strong>Ait</strong></span> <span class='ocrx_word' id='word_1_24' title='bbox 760 603 954 651; x_wconf 85' lang='lat' dir='ltr'><strong>autem</strong></span> <span class='ocrx_word' id='word_1_25' title='bbox 988 597 1264 652; x_wconf 78' lang='lat' dir='ltr'><strong>Absalom</strong></span> <span class='ocrx_word' id='word_1_26' title='bbox 1303 615 1314 652; x_wconf 90' lang='lat'><strong>:</strong></span> <span class='ocrx_word' id='word_1_27' title='bbox 1349 598 1560 652; x_wconf 89' lang='lat' dir='ltr'><strong>Vocate</strong></span> <span class='ocrx_word' id='word_1_28' title='bbox 1609 605 1664 653; x_wconf 92' lang='lat' dir='ltr'><strong>et</strong></span> <span class='ocrx_word' id='word_1_29' title='bbox 1699 598 1870 652; x_wconf 74' lang='lat' dir='ltr'><strong>[Iussi</strong></span> <span class='ocrx_word' id='word_1_30' title='bbox 1905 601 2041 652; x_wconf 87' lang='lat' dir='ltr'><strong>Ara-</strong></span> <span class='ocrx_word' id='word_1_31' title='bbox 2151 597 2208 652; x_wconf 89' lang='lat' dir='ltr'><strong>in</strong></span> <span class='ocrx_word' id='word_1_32' title='bbox 2245 598 2546 667; x_wconf 81' lang='lat' dir='ltr'><strong>Bahurim,</strong></span> <span class='ocrx_word' id='word_1_33' title='bbox 2577 600 2675 669; x_wconf 87' lang='lat' dir='ltr'><strong>qui</strong></span> <span class='ocrx_word' id='word_1_34' title='bbox 2703 599 2957 654; x_wconf 89' lang='lat' dir='ltr'><strong>habebat</strong></span> <span class='ocrx_word' id='word_1_35' title='bbox 2989 605 3234 670; x_wconf 82' lang='lat' dir='ltr'><strong>puteum</strong></span> <span class='ocrx_word' id='word_1_36' title='bbox 3267 599 3324 656; x_wconf 90' lang='lat' dir='ltr'><strong>in</strong></span> <span class='ocrx_word' id='word_1_37' title='bbox 3357 603 3636 659; x_wconf 90' lang='lat' dir='ltr'><strong>vestibulo</strong></span> <span class='ocrx_word' id='word_1_38' title='bbox 3656 621 3764 673; x_wconf 88' lang='lat' dir='ltr'><strong>suo,</strong></span> 
     </span>
    </p>
   </div>
   <div class='ocr_carea' id='block_1_4' title="bbox 403 685 3768 758">
    <p class='ocr_par' dir='ltr' id='par_1_4' title="bbox 403 685 3768 758">
     <span class='ocr_line' id='line_1_4' title="bbox 403 685 3768 758; baseline 0.003 -15"><span class='ocrx_word' id='word_1_39' title='bbox 403 688 641 750; x_wconf 88' lang='lat' dir='ltr'><strong>chitem,</strong></span> <span class='ocrx_word' id='word_1_40' title='bbox 675 693 731 742; x_wconf 89' lang='lat' dir='ltr'><strong>et</strong></span> <span class='ocrx_word' id='word_1_41' title='bbox 760 685 1071 740; x_wconf 85' lang='lat' dir='ltr'><strong>audiamus</strong></span> <span class='ocrx_word' id='word_1_42' title='bbox 1095 686 1235 754; x_wconf 90' lang='lat' dir='ltr'><strong>quid</strong></span> <span class='ocrx_word' id='word_1_43' title='bbox 1269 687 1439 741; x_wconf 79' lang='lat' dir='ltr'><strong>etiam</strong></span> <span class='ocrx_word' id='word_1_44' title='bbox 1492 687 1618 757; x_wconf 90' lang='lat' dir='ltr'><strong>ipse</strong></span> <span class='ocrx_word' id='word_1_45' title='bbox 1660 688 1836 742; x_wconf 84' lang='lat' dir='ltr'><strong>dicat.</strong></span> <span class='ocrx_word' id='word_1_46' title='bbox 1869 687 2046 742; x_wconf 88' lang='lat' dir='ltr'><strong>Cum-</strong></span> <span class='ocrx_word' id='word_1_47' title='bbox 2154 691 2211 741; x_wconf 91' lang='lat' dir='ltr'><strong>et</strong></span> <span class='ocrx_word' id='word_1_48' title='bbox 2241 687 2673 742; x_wconf 85' lang='lat' dir='ltr'><strong>descenderunt</strong></span> <span class='ocrx_word' id='word_1_49' title='bbox 2717 688 2774 743; x_wconf 93' lang='lat' dir='ltr'><strong>in</strong></span> <span class='ocrx_word' id='word_1_50' title='bbox 2831 705 2988 743; x_wconf 91' lang='lat' dir='ltr'><strong>eum.</strong></span> <span class='ocrx_word' id='word_1_51' title='bbox 3040 689 3201 744; x_wconf 86' lang='lat' dir='ltr'><strong>Tulit</strong></span> <span class='ocrx_word' id='word_1_52' title='bbox 3241 696 3433 745; x_wconf 88' lang='lat' dir='ltr'><strong>autem</strong></span> <span class='ocrx_word' id='word_1_53' title='bbox 3487 692 3695 758; x_wconf 87' lang='lat' dir='ltr'><strong>mulier,</strong></span> <span class='ocrx_word' id='word_1_54' title='bbox 3721 703 3768 752; x_wconf 92' lang='lat' dir='ltr'><strong>et</strong></span> 
     </span>
    </p>
   </div>
   <div class='ocr_carea' id='block_1_5' title="bbox 403 774 3768 854">
    <p class='ocr_par' dir='ltr' id='par_1_5' title="bbox 403 774 3768 854">
     <span class='ocr_line' id='line_1_5' title="bbox 403 774 3768 854; baseline 0.002 -22"><span class='ocrx_word' id='word_1_55' title='bbox 403 792 518 850; x_wconf 93' lang='lat' dir='ltr'><strong>que</strong></span> <span class='ocrx_word' id='word_1_56' title='bbox 549 777 809 832; x_wconf 75' lang='lat' dir='ltr'><strong>venisset</strong></span> <span class='ocrx_word' id='word_1_57' title='bbox 853 774 1029 829; x_wconf 86' lang='lat' dir='ltr'><strong>Husai</strong></span> <span class='ocrx_word' id='word_1_58' title='bbox 1078 776 1146 830; x_wconf 90' lang='lat' dir='ltr'><strong>ad</strong></span> <span class='ocrx_word' id='word_1_59' title='bbox 1185 775 1482 842; x_wconf 75' lang='lat' dir='ltr'><strong>Abealom,</strong></span> <span class='ocrx_word' id='word_1_60' title='bbox 1534 777 1616 831; x_wconf 85' lang='lat' dir='ltr'><strong>ait</strong></span> <span class='ocrx_word' id='word_1_61' title='bbox 1663 775 1941 831; x_wconf 85' lang='lat' dir='ltr'><strong>Absalom</strong></span> <span class='ocrx_word' id='word_1_62' title='bbox 1973 775 2045 830; x_wconf 91' lang='lat' dir='ltr'><strong>ad</strong></span> <span class='ocrx_word' id='word_1_63' title='bbox 2157 777 2431 847; x_wconf 88' lang='lat' dir='ltr'><strong>expandit</strong></span> <span class='ocrx_word' id='word_1_64' title='bbox 2462 777 2725 832; x_wconf 82' lang='lat' dir='ltr'><strong>velamen</strong></span> <span class='ocrx_word' id='word_1_65' title='bbox 2747 793 2925 848; x_wconf 81' lang='lat' dir='ltr'><strong>super</strong></span> <span class='ocrx_word' id='word_1_66' title='bbox 2957 793 3022 834; x_wconf 91' lang='lat' dir='ltr'><strong>os</strong></span> <span class='ocrx_word' id='word_1_67' title='bbox 3055 778 3410 850; x_wconf 89' lang='lat' dir='ltr'><strong>putei.quasi</strong></span> <span class='ocrx_word' id='word_1_68' title='bbox 3443 780 3656 837; x_wconf 87' lang='lat' dir='ltr'><strong>siccans</strong></span> <span class='ocrx_word' id='word_1_69' title='bbox 3675 784 3768 854; x_wconf 83' lang='lat' dir='ltr'><strong>pti-</strong></span> 
     </span>
    </p>
   </div>
   <div class='ocr_carea' id='block_1_6' title="bbox 406 864 3772 939">
    <p class='ocr_par' dir='ltr' id='par_1_6' title="bbox 406 864 3772 939">
     <span class='ocr_line' id='line_1_6' title="bbox 406 864 3772 939; baseline 0.002 -18"><span class='ocrx_word' id='word_1_70' title='bbox 406 882 539 922; x_wconf 88' lang='lat' dir='ltr'><strong>eum</strong></span> <span class='ocrx_word' id='word_1_71' title='bbox 575 881 588 920; x_wconf 89' lang='lat'><strong>:</strong></span> <span class='ocrx_word' id='word_1_72' title='bbox 639 864 1061 934; x_wconf 83' lang='lat' dir='ltr'><strong>Hujuscemodi</strong></span> <span class='ocrx_word' id='word_1_73' title='bbox 1110 881 1438 920; x_wconf 92' lang='lat' dir='ltr'><strong>sermonem</strong></span> <span class='ocrx_word' id='word_1_74' title='bbox 1472 874 1596 939; x_wconf 81' lang='lat' dir='ltr'><strong>[ms.</strong></span> <span class='ocrx_word' id='word_1_75' title='bbox 1645 865 1802 921; x_wconf 74' lang='lat' dir='ltr'><strong>addit</strong></span> <span class='ocrx_word' id='word_1_76' title='bbox 1853 881 2032 937; x_wconf 89' lang='lat' dir='ltr'><strong>quem</strong></span> <span class='ocrx_word' id='word_1_77' title='bbox 2160 871 2422 932; x_wconf 90' lang='lat' dir='ltr'><strong>sanas,et</strong></span> <span class='ocrx_word' id='word_1_78' title='bbox 2452 865 2534 920; x_wconf 88' lang='lat' dir='ltr'><strong>sic</strong></span> <span class='ocrx_word' id='word_1_79' title='bbox 2566 882 2658 921; x_wconf 90' lang='lat' dir='ltr'><strong>res</strong></span> <span class='ocrx_word' id='word_1_80' title='bbox 2687 865 2881 921; x_wconf 77' lang='lat' dir='ltr'><strong>latuit.</strong></span> <span class='ocrx_word' id='word_1_81' title='bbox 2904 867 3170 939; x_wconf 88' lang='lat' dir='ltr'><strong>Cumque</strong></span> <span class='ocrx_word' id='word_1_82' title='bbox 3196 869 3494 924; x_wconf 80' lang='lat' dir='ltr'><strong>venissent</strong></span> <span class='ocrx_word' id='word_1_83' title='bbox 3521 874 3656 925; x_wconf 82' lang='lat' dir='ltr'><strong>servi</strong></span> <span class='ocrx_word' id='word_1_84' title='bbox 3682 872 3772 927; x_wconf 69' lang='lat' dir='ltr'><strong>Ab-</strong></span> 
     </span>
    </p>
   </div>
   <div class='ocr_carea' id='block_1_7' title="bbox 409 951 3777 1022">
    <p class='ocr_par' dir='ltr' id='par_1_7' title="bbox 409 951 3777 1022">
     <span class='ocr_line' id='line_1_7' title="bbox 409 951 3777 1022; baseline 0.001 -11"><span class='ocrx_word' id='word_1_85' title='bbox 409 955 642 1011; x_wconf 90' lang='lat' dir='ltr'><strong>locutus</strong></span> <span class='ocrx_word' id='word_1_86' title='bbox 673 959 762 1009; x_wconf 90' lang='lat' dir='ltr'><strong>est</strong></span> <span class='ocrx_word' id='word_1_87' title='bbox 800 951 1108 1022; x_wconf 84' lang='lat' dir='ltr'><strong>Ahitophel</strong></span> <span class='ocrx_word' id='word_1_88' title='bbox 1144 969 1156 1007; x_wconf 92' lang='lat'><strong>:</strong></span> <span class='ocrx_word' id='word_1_89' title='bbox 1191 954 1379 1008; x_wconf 86' lang='lat' dir='ltr'><strong>facere</strong></span> <span class='ocrx_word' id='word_1_90' title='bbox 1430 955 1716 1010; x_wconf 78' lang='lat' dir='ltr'><strong>debemus</strong></span> <span class='ocrx_word' id='word_1_91' title='bbox 1764 971 1835 1009; x_wconf 90' lang='lat' dir='ltr'><strong>an</strong></span> <span class='ocrx_word' id='word_1_92' title='bbox 1886 971 2000 1008; x_wconf 91' lang='lat' dir='ltr'><strong>non</strong></span> <span class='ocrx_word' id='word_1_93' title='bbox 2024 954 2052 1009; x_wconf 86' lang='lat'><strong>?</strong></span> <span class='ocrx_word' id='word_1_94' title='bbox 2163 954 2345 1009; x_wconf 91' lang='lat' dir='ltr'><strong>salom</strong></span> <span class='ocrx_word' id='word_1_95' title='bbox 2377 955 2446 1008; x_wconf 91' lang='lat' dir='ltr'><strong>ad</strong></span> <span class='ocrx_word' id='word_1_96' title='bbox 2484 954 2787 1009; x_wconf 89' lang='lat' dir='ltr'><strong>mulierem</strong></span> <span class='ocrx_word' id='word_1_97' title='bbox 2823 957 2879 1010; x_wconf 90' lang='lat' dir='ltr'><strong>in</strong></span> <span class='ocrx_word' id='word_1_98' title='bbox 2914 957 3184 1022; x_wconf 88' lang='lat' dir='ltr'><strong>domum,</strong></span> <span class='ocrx_word' id='word_1_99' title='bbox 3235 957 3505 1014; x_wconf 83' lang='lat' dir='ltr'><strong>dixerunt</strong></span> <span class='ocrx_word' id='word_1_100' title='bbox 3535 975 3548 1014; x_wconf 92' lang='lat'><strong>:</strong></span> <span class='ocrx_word' id='word_1_101' title='bbox 3578 958 3676 1014; x_wconf 91' lang='lat' dir='ltr'><strong>Ubi</strong></span> <span class='ocrx_word' id='word_1_102' title='bbox 3703 967 3777 1016; x_wconf 89' lang='lat' dir='ltr'><strong>est</strong></span> 
     </span>
    </p>
   </div>
   <div class='ocr_carea' id='block_1_8' title="bbox 410 1042 3774 1116">
    <p class='ocr_par' dir='ltr' id='par_1_8' title="bbox 410 1042 3774 1116">
     <span class='ocr_line' id='line_1_8' title="bbox 410 1042 3774 1116; baseline 0.002 -18"><span class='ocrx_word' id='word_1_103' title='bbox 410 1046 563 1114; x_wconf 89' lang='lat' dir='ltr'><strong>quod</strong></span> <span class='ocrx_word' id='word_1_104' title='bbox 598 1044 705 1098; x_wconf 91' lang='lat' dir='ltr'><strong>das</strong></span> <span class='ocrx_word' id='word_1_105' title='bbox 733 1042 1043 1097; x_wconf 91' lang='lat' dir='ltr'><strong>consilium</strong></span> <span class='ocrx_word' id='word_1_106' title='bbox 1077 1045 1106 1096; x_wconf 73' lang='lat' dir='ltr'><strong>‘I</strong></span> <span class='ocrx_word' id='word_1_107' title='bbox 1136 1043 1205 1097; x_wconf 84' lang='lat' dir='ltr'><strong>Et</strong></span> <span class='ocrx_word' id='word_1_108' title='bbox 1236 1043 1382 1097; x_wconf 87' lang='lat' dir='ltr'>dixit</span> <span class='ocrx_word' id='word_1_109' title='bbox 1413 1043 1588 1099; x_wconf 87' lang='lat' dir='ltr'><strong>Huasi</strong></span> <span class='ocrx_word' id='word_1_110' title='bbox 1637 1044 1705 1098; x_wconf 91' lang='lat' dir='ltr'><strong>ad</strong></span> <span class='ocrx_word' id='word_1_111' title='bbox 1761 1043 2051 1100; x_wconf 84' lang='lat' dir='ltr'><strong>Absalon:</strong></span> <span class='ocrx_word' id='word_1_112' title='bbox 2162 1043 2442 1099; x_wconf 84' lang='lat' dir='ltr'><strong>Ahimaas</strong></span> <span class='ocrx_word' id='word_1_113' title='bbox 2475 1049 2532 1098; x_wconf 92' lang='lat' dir='ltr'><strong>et</strong></span> <span class='ocrx_word' id='word_1_114' title='bbox 2580 1044 2918 1100; x_wconf 79' lang='lat' dir='ltr'><strong>Jonatban?</strong></span> <span class='ocrx_word' id='word_1_115' title='bbox 2957 1045 3026 1099; x_wconf 92' lang='lat' dir='ltr'><strong>Et</strong></span> <span class='ocrx_word' id='word_1_116' title='bbox 3068 1045 3373 1116; x_wconf 83' lang='lat' dir='ltr'><strong>respondit</strong></span> <span class='ocrx_word' id='word_1_117' title='bbox 3423 1047 3504 1102; x_wconf 85' lang='lat' dir='ltr'><strong>eis</strong></span> <span class='ocrx_word' id='word_1_118' title='bbox 3550 1047 3774 1104; x_wconf 81' lang='lat' dir='ltr'><strong>mulier:</strong></span> 
     </span>
    </p>
   </div>
   <div class='ocr_carea' id='block_1_9' title="bbox 414 1131 3776 1209">
    <p class='ocr_par' dir='ltr' id='par_1_9' title="bbox 414 1131 3776 1209">
     <span class='ocr_line' id='line_1_9' title="bbox 414 1131 3776 1209; baseline 0.001 -20"><span class='ocrx_word' id='word_1_119' title='bbox 414 1134 539 1189; x_wconf 89' lang='lat' dir='ltr'><strong>Non</strong></span> <span class='ocrx_word' id='word_1_120' title='bbox 563 1134 783 1188; x_wconf 87' lang='lat' dir='ltr'><strong>bonum</strong></span> <span class='ocrx_word' id='word_1_121' title='bbox 814 1132 1304 1201; x_wconf 87' lang='lat' dir='ltr'><strong>consilium,quod</strong></span> <span class='ocrx_word' id='word_1_122' title='bbox 1331 1134 1492 1188; x_wconf 88' lang='lat' dir='ltr'>dedit</span> <span class='ocrx_word' id='word_1_123' title='bbox 1513 1133 1822 1203; x_wconf 76' lang='lat' dir='ltr'><strong>AbitOphel</strong></span> <span class='ocrx_word' id='word_1_124' title='bbox 1850 1133 1957 1187; x_wconf 89' lang='lat' dir='ltr'><strong>hac</strong></span> <span class='ocrx_word' id='word_1_125' title='bbox 1979 1132 2058 1186; x_wconf 87' lang='lat' dir='ltr'><strong>vi-</strong></span> <span class='ocrx_word' id='word_1_126' title='bbox 2165 1131 2549 1188; x_wconf 82' lang='lat' dir='ltr'><strong>Transierunt</strong></span> <span class='ocrx_word' id='word_1_127' title='bbox 2582 1133 2775 1203; x_wconf 82' lang='lat' dir='ltr'><strong>[Vulg.</strong></span> <span class='ocrx_word' id='word_1_128' title='bbox 2830 1133 2920 1188; x_wconf 84' lang='lat' dir='ltr'><strong>ad.</strong></span> <span class='ocrx_word' id='word_1_129' title='bbox 2956 1133 3342 1202; x_wconf 75' lang='lat' dir='ltr'><strong>festinanter],</strong></span> <span class='ocrx_word' id='word_1_130' title='bbox 3393 1140 3618 1206; x_wconf 83' lang='lat' dir='ltr'><strong>gustata</strong></span> <span class='ocrx_word' id='word_1_131' title='bbox 3660 1154 3776 1209; x_wconf 86' lang='lat' dir='ltr'><strong>pau-</strong></span> 
     </span>
    </p>
   </div>
   <div class='ocr_carea' id='block_1_10' title="bbox 419 1221 3776 1297">
    <p class='ocr_par' dir='ltr' id='par_1_10' title="bbox 419 1221 3776 1297">
     <span class='ocr_line' id='line_1_10' title="bbox 419 1221 3776 1297; baseline 0.001 -19"><span class='ocrx_word' id='word_1_132' title='bbox 419 1239 502 1278; x_wconf 93' lang='lat' dir='ltr'><strong>ce.</strong></span> <span class='ocrx_word' id='word_1_133' title='bbox 556 1223 622 1277; x_wconf 89' lang='lat' dir='ltr'><strong>Et</strong></span> <span class='ocrx_word' id='word_1_134' title='bbox 669 1237 906 1276; x_wconf 86' lang='lat' dir='ltr'><strong>rursum</strong></span> <span class='ocrx_word' id='word_1_135' title='bbox 958 1221 1160 1276; x_wconf 86' lang='lat' dir='ltr'><strong>intulit</strong></span> <span class='ocrx_word' id='word_1_136' title='bbox 1204 1221 1385 1276; x_wconf 91' lang='lat' dir='ltr'><strong>Husai</strong></span> <span class='ocrx_word' id='word_1_137' title='bbox 1435 1237 1448 1275; x_wconf 89' lang='lat'><strong>:</strong></span> <span class='ocrx_word' id='word_1_138' title='bbox 1493 1222 1574 1277; x_wconf 90' lang='grc' dir='ltr'><strong>Τυ</strong></span> <span class='ocrx_word' id='word_1_139' title='bbox 1627 1222 1781 1276; x_wconf 88' lang='lat' dir='ltr'><strong>nosti</strong></span> <span class='ocrx_word' id='word_1_140' title='bbox 1830 1227 2056 1292; x_wconf 85' lang='lat' dir='ltr'><strong>patrem</strong></span> <span class='ocrx_word' id='word_1_141' title='bbox 2169 1221 2354 1275; x_wconf 88' lang='lat' dir='ltr'><strong>lutum</strong></span> <span class='ocrx_word' id='word_1_142' title='bbox 2391 1237 2564 1289; x_wconf 91' lang='lat' dir='ltr'><strong>aqua.</strong></span> <span class='ocrx_word' id='word_1_143' title='bbox 2605 1224 2675 1276; x_wconf 58' lang='grc' dir='ltr'><strong>βαι</strong></span> <span class='ocrx_word' id='word_1_144' title='bbox 2704 1222 2884 1293; x_wconf 88' lang='lat' dir='ltr'><strong>hiqui</strong></span> <span class='ocrx_word' id='word_1_145' title='bbox 2919 1223 3260 1293; x_wconf 66' lang='lat' dir='ltr'><strong>quaerebant</strong></span> <span class='ocrx_word' id='word_1_146' title='bbox 3303 1239 3437 1278; x_wconf 91' lang='lat' dir='ltr'><strong>cum</strong></span> <span class='ocrx_word' id='word_1_147' title='bbox 3487 1241 3595 1280; x_wconf 90' lang='lat' dir='ltr'><strong>non</strong></span> <span class='ocrx_word' id='word_1_148' title='bbox 3643 1241 3776 1297; x_wconf 86' lang='lat' dir='ltr'><strong>repe-</strong></span> 
     </span>
    </p>
   </div>
   <div class='ocr_carea' id='block_1_11' title="bbox 421 1309 3778 1385">
    <p class='ocr_par' dir='ltr' id='par_1_11' title="bbox 421 1309 3778 1385">
     <span class='ocr_line' id='line_1_11' title="bbox 421 1309 3778 1385; baseline 0.001 -19"><span class='ocrx_word' id='word_1_149' title='bbox 421 1322 613 1376; x_wconf 87' lang='lat' dir='ltr'><strong>tuum,</strong></span> <span class='ocrx_word' id='word_1_150' title='bbox 646 1316 702 1365; x_wconf 91' lang='lat' dir='ltr'><strong>et</strong></span> <span class='ocrx_word' id='word_1_151' title='bbox 730 1311 886 1364; x_wconf 91' lang='lat' dir='ltr'><strong>viros</strong></span> <span class='ocrx_word' id='word_1_152' title='bbox 919 1311 1018 1381; x_wconf 91' lang='lat' dir='ltr'><strong>qui</strong></span> <span class='ocrx_word' id='word_1_153' title='bbox 1050 1326 1184 1364; x_wconf 89' lang='lat' dir='ltr'><strong>cum</strong></span> <span class='ocrx_word' id='word_1_154' title='bbox 1217 1326 1282 1364; x_wconf 91' lang='lat' dir='ltr'><strong>eo</strong></span> <span class='ocrx_word' id='word_1_155' title='bbox 1331 1315 1492 1380; x_wconf 89' lang='lat' dir='ltr'><strong>sunt,</strong></span> <span class='ocrx_word' id='word_1_156' title='bbox 1541 1327 1671 1366; x_wconf 88' lang='lat' dir='ltr'><strong>esse</strong></span> <span class='ocrx_word' id='word_1_157' title='bbox 1705 1311 2060 1366; x_wconf 88' lang='lat' dir='ltr'><strong>fortissimos</strong></span> <span class='ocrx_word' id='word_1_158' title='bbox 2170 1309 2408 1374; x_wconf 91' lang='lat' dir='ltr'><strong>rissent,</strong></span> <span class='ocrx_word' id='word_1_159' title='bbox 2441 1309 2652 1364; x_wconf 88' lang='lat' dir='ltr'><strong>reversi</strong></span> <span class='ocrx_word' id='word_1_160' title='bbox 2685 1315 2827 1365; x_wconf 89' lang='lat' dir='ltr'><strong>sunt</strong></span> <span class='ocrx_word' id='word_1_161' title='bbox 2854 1311 3202 1367; x_wconf 86' lang='lat' dir='ltr'><strong>Jerusalem.</strong></span> <span class='ocrx_word' id='word_1_162' title='bbox 3237 1312 3500 1385; x_wconf 91' lang='lat' dir='ltr'><strong>Cumque</strong></span> <span class='ocrx_word' id='word_1_163' title='bbox 3531 1313 3778 1369; x_wconf 86' lang='lat' dir='ltr'><strong>abiissent</strong></span> 
     </span>
    </p>
   </div>
   <div class='ocr_carea' id='block_1_12' title="bbox 423 1398 3780 1472">
    <p class='ocr_par' dir='ltr' id='par_1_12' title="bbox 423 1398 3780 1472">
     <span class='ocr_line' id='line_1_12' title="bbox 423 1398 3780 1472; baseline 0.001 -16"><span class='ocrx_word' id='word_1_164' title='bbox 423 1406 482 1456; x_wconf 89' lang='lat' dir='ltr'><strong>et</strong></span> <span class='ocrx_word' id='word_1_165' title='bbox 510 1415 710 1454; x_wconf 89' lang='lat' dir='ltr'><strong>amaro</strong></span> <span class='ocrx_word' id='word_1_166' title='bbox 742 1400 958 1464; x_wconf 85' lang='lat' dir='ltr'><strong>animo,</strong></span> <span class='ocrx_word' id='word_1_167' title='bbox 991 1398 1169 1453; x_wconf 90' lang='lat' dir='ltr'><strong>veluti</strong></span> <span class='ocrx_word' id='word_1_168' title='bbox 1201 1399 1249 1453; x_wconf 91' lang='lat' dir='ltr'><strong>si</strong></span> <span class='ocrx_word' id='word_1_169' title='bbox 1296 1416 1455 1461; x_wconf 83' lang='lat' dir='ltr'><strong>ursa,</strong></span> <span class='ocrx_word' id='word_1_170' title='bbox 1505 1400 1688 1469; x_wconf 85' lang='lat' dir='ltr'><strong>raptis</strong></span> <span class='ocrx_word' id='word_1_171' title='bbox 1735 1400 1967 1466; x_wconf 84' lang='lat' dir='ltr'><strong>catulis,</strong></span> <span class='ocrx_word' id='word_1_172' title='bbox 2001 1400 2062 1454; x_wconf 92' lang='lat' dir='ltr'><strong>in</strong></span> <span class='ocrx_word' id='word_1_173' title='bbox 2173 1398 2670 1453; x_wconf 86' lang='lat' dir='ltr'><strong>ascenderuntitli</strong></span> <span class='ocrx_word' id='word_1_174' title='bbox 2694 1399 2766 1454; x_wconf 91' lang='lat' dir='ltr'><strong>de</strong></span> <span class='ocrx_word' id='word_1_175' title='bbox 2789 1404 3049 1468; x_wconf 86' lang='lat' dir='ltr'><strong>puteo,et</strong></span> <span class='ocrx_word' id='word_1_176' title='bbox 3071 1405 3382 1472; x_wconf 83' lang='lat' dir='ltr'><strong>pergentes</strong></span> <span class='ocrx_word' id='word_1_177' title='bbox 3406 1401 3780 1458; x_wconf 85' lang='lat' dir='ltr'><strong>nuntiaverunt</strong></span> 
     </span>
    </p>
   </div>
   <div class='ocr_carea' id='block_1_13' title="bbox 426 1487 3783 1561">
    <p class='ocr_par' dir='ltr' id='par_1_13' title="bbox 426 1487 3783 1561">
     <span class='ocr_line' id='line_1_13' title="bbox 426 1487 3783 1561; baseline 0.001 -17"><span class='ocrx_word' id='word_1_178' title='bbox 426 1489 582 1544; x_wconf 88' lang='lat' dir='ltr'><strong>saltu</strong></span> <span class='ocrx_word' id='word_1_179' title='bbox 616 1488 856 1543; x_wconf 66' lang='lat' dir='ltr'><strong>saeviat:</strong></span> <span class='ocrx_word' id='word_1_180' title='bbox 888 1487 984 1542; x_wconf 84' lang='lat' dir='ltr'><strong>sed</strong></span> <span class='ocrx_word' id='word_1_181' title='bbox 1016 1493 1074 1541; x_wconf 91' lang='lat' dir='ltr'><strong>et</strong></span> <span class='ocrx_word' id='word_1_182' title='bbox 1105 1493 1271 1559; x_wconf 88' lang='lat' dir='ltr'><strong>pater</strong></span> <span class='ocrx_word' id='word_1_183' title='bbox 1300 1497 1434 1542; x_wconf 90' lang='lat' dir='ltr'><strong>tuus</strong></span> <span class='ocrx_word' id='word_1_184' title='bbox 1457 1487 1542 1543; x_wconf 91' lang='lat' dir='ltr'><strong>vir</strong></span> <span class='ocrx_word' id='word_1_185' title='bbox 1575 1488 1818 1543; x_wconf 71' lang='lat' dir='ltr'><strong>fellator</strong></span> <span class='ocrx_word' id='word_1_186' title='bbox 1846 1494 2067 1552; x_wconf 86' lang='lat' dir='ltr'><strong>est,nec</strong></span> <span class='ocrx_word' id='word_1_187' title='bbox 2175 1487 2292 1554; x_wconf 68' lang='lat' dir='ltr'><strong>regi</strong></span> <span class='ocrx_word' id='word_1_188' title='bbox 2326 1487 2526 1553; x_wconf 85' lang='lat' dir='ltr'><strong>David,</strong></span> <span class='ocrx_word' id='word_1_189' title='bbox 2571 1491 2749 1558; x_wconf 88' lang='lat' dir='ltr'><strong>atque</strong></span> <span class='ocrx_word' id='word_1_190' title='bbox 2780 1489 3056 1544; x_wconf 86' lang='lat' dir='ltr'><strong>dixerunt</strong></span> <span class='ocrx_word' id='word_1_191' title='bbox 3110 1505 3123 1544; x_wconf 91' lang='lat'><strong>:</strong></span> <span class='ocrx_word' id='word_1_192' title='bbox 3173 1489 3425 1561; x_wconf 83' lang='lat' dir='ltr'><strong>Surgite,</strong></span> <span class='ocrx_word' id='word_1_193' title='bbox 3475 1496 3531 1546; x_wconf 93' lang='lat' dir='ltr'><strong>et</strong></span> <span class='ocrx_word' id='word_1_194' title='bbox 3574 1491 3783 1547; x_wconf 86' lang='lat' dir='ltr'><strong>transite</strong></span> 
     </span>
    </p>
   </div>
   <div class='ocr_carea' id='block_1_14' title="bbox 429 1575 3784 1650">
    <p class='ocr_par' dir='ltr' id='par_1_14' title="bbox 429 1575 3784 1650">
     <span class='ocr_line' id='line_1_14' title="bbox 429 1575 3784 1650; baseline 0.001 -16"><span class='ocrx_word' id='word_1_195' title='bbox 429 1577 754 1634; x_wconf 86' lang='lat' dir='ltr'><strong>morabitur</strong></span> <span class='ocrx_word' id='word_1_196' title='bbox 782 1591 915 1631; x_wconf 88' lang='lat' dir='ltr'><strong>cum</strong></span> <span class='ocrx_word' id='word_1_197' title='bbox 945 1575 1458 1647; x_wconf 86' lang='lat' dir='ltr'><strong>populo.Forsitan</strong></span> <span class='ocrx_word' id='word_1_198' title='bbox 1495 1593 1650 1630; x_wconf 89' lang='lat' dir='ltr'><strong>nunc</strong></span> <span class='ocrx_word' id='word_1_199' title='bbox 1681 1577 1874 1632; x_wconf 86' lang='lat' dir='ltr'><strong>latitat</strong></span> <span class='ocrx_word' id='word_1_200' title='bbox 1902 1576 1958 1632; x_wconf 91' lang='lat' dir='ltr'><strong>in</strong></span> <span class='ocrx_word' id='word_1_201' title='bbox 1986 1578 2067 1632; x_wconf 88' lang='lat' dir='ltr'><strong>fo-</strong></span> <span class='ocrx_word' id='word_1_202' title='bbox 2176 1577 2293 1632; x_wconf 91' lang='lat' dir='ltr'><strong>cito</strong></span> <span class='ocrx_word' id='word_1_203' title='bbox 2324 1576 2564 1631; x_wconf 88' lang='lat' dir='ltr'><strong>ﬂuvium</strong></span> <span class='ocrx_word' id='word_1_204' title='bbox 2598 1577 2678 1650; x_wconf 90' lang='lat' dir='ltr'><strong>[h.</strong></span> <span class='ocrx_word' id='word_1_205' title='bbox 2713 1579 3260 1650; x_wconf 89' lang='lat' dir='ltr'><strong>aquam],quoniam</strong></span> <span class='ocrx_word' id='word_1_206' title='bbox 3296 1579 3784 1650; x_wconf 86' lang='lat' dir='ltr'><strong>hujuscemodide-</strong></span> 
     </span>
    </p>
   </div>
   <div class='ocr_carea' id='block_1_15' title="bbox 429 1664 3785 1741">
    <p class='ocr_par' dir='ltr' id='par_1_15' title="bbox 429 1664 3785 1741">
     <span class='ocr_line' id='line_1_15' title="bbox 429 1664 3785 1741; baseline 0.002 -22"><span class='ocrx_word' id='word_1_207' title='bbox 429 1666 573 1729; x_wconf 89' lang='lat' dir='ltr'><strong>veis,</strong></span> <span class='ocrx_word' id='word_1_208' title='bbox 608 1671 711 1720; x_wconf 88' lang='lat' dir='ltr'><strong>aut</strong></span> <span class='ocrx_word' id='word_1_209' title='bbox 741 1666 798 1719; x_wconf 93' lang='lat' dir='ltr'><strong>in</strong></span> <span class='ocrx_word' id='word_1_210' title='bbox 833 1681 971 1730; x_wconf 91' lang='lat' dir='ltr'><strong>uno,</strong></span> <span class='ocrx_word' id='word_1_211' title='bbox 1001 1680 1114 1735; x_wconf 93' lang='lat' dir='ltr'><strong>quo</strong></span> <span class='ocrx_word' id='word_1_212' title='bbox 1164 1664 1426 1731; x_wconf 85' lang='lat' dir='ltr'><strong>voluerit,</strong></span> <span class='ocrx_word' id='word_1_213' title='bbox 1459 1664 1584 1720; x_wconf 91' lang='lat' dir='ltr'><strong>loco</strong></span> <span class='ocrx_word' id='word_1_214' title='bbox 1617 1681 1629 1719; x_wconf 91' lang='lat'><strong>:</strong></span> <span class='ocrx_word' id='word_1_215' title='bbox 1665 1670 1723 1719; x_wconf 88' lang='lat' dir='ltr'><strong>et</strong></span> <span class='ocrx_word' id='word_1_216' title='bbox 1753 1682 1884 1720; x_wconf 92' lang='lat' dir='ltr'><strong>cum</strong></span> <span class='ocrx_word' id='word_1_217' title='bbox 1917 1665 2070 1720; x_wconf 91' lang='lat' dir='ltr'><strong>ceci-</strong></span> <span class='ocrx_word' id='word_1_218' title='bbox 2181 1667 2267 1722; x_wconf 91' lang='lat' dir='ltr'><strong>dit</strong></span> <span class='ocrx_word' id='word_1_219' title='bbox 2295 1665 2608 1720; x_wconf 87' lang='lat' dir='ltr'><strong>consilium</strong></span> <span class='ocrx_word' id='word_1_220' title='bbox 2650 1671 2854 1723; x_wconf 88' lang='lat' dir='ltr'><strong>contra</strong></span> <span class='ocrx_word' id='word_1_221' title='bbox 2886 1683 2987 1722; x_wconf 85' lang='lat' dir='ltr'><strong>vos</strong></span> <span class='ocrx_word' id='word_1_222' title='bbox 3035 1666 3365 1738; x_wconf 82' lang='lat' dir='ltr'><strong>Abitophel.</strong></span> <span class='ocrx_word' id='word_1_223' title='bbox 3411 1669 3650 1724; x_wconf 82' lang='lat' dir='ltr'><strong>Surrexit</strong></span> <span class='ocrx_word' id='word_1_224' title='bbox 3674 1685 3785 1741; x_wconf 85' lang='lat' dir='ltr'><strong>ergo</strong></span> 
     </span>
    </p>
   </div>
   <div class='ocr_carea' id='block_1_16' title="bbox 434 1752 3785 1827">
    <p class='ocr_par' dir='ltr' id='par_1_16' title="bbox 434 1752 3785 1827">
     <span class='ocr_line' id='line_1_16' title="bbox 434 1752 3785 1827; baseline 0.001 -18"><span class='ocrx_word' id='word_1_225' title='bbox 434 1756 586 1810; x_wconf 89' lang='lat' dir='ltr'><strong>derit</strong></span> <span class='ocrx_word' id='word_1_226' title='bbox 616 1769 770 1808; x_wconf 90' lang='lat' dir='ltr'><strong>unus</strong></span> <span class='ocrx_word' id='word_1_227' title='bbox 801 1752 1046 1824; x_wconf 91' lang='lat' dir='ltr'><strong>quilibet</strong></span> <span class='ocrx_word' id='word_1_228' title='bbox 1073 1753 1132 1808; x_wconf 92' lang='lat' dir='ltr'><strong>in</strong></span> <span class='ocrx_word' id='word_1_229' title='bbox 1169 1753 1474 1826; x_wconf 89' lang='lat' dir='ltr'><strong>principio,</strong></span> <span class='ocrx_word' id='word_1_230' title='bbox 1509 1755 1707 1809; x_wconf 82' lang='lat' dir='ltr'><strong>audiet</strong></span> <span class='ocrx_word' id='word_1_231' title='bbox 1736 1756 2074 1825; x_wconf 89' lang='lat' dir='ltr'><strong>quicunque</strong></span> <span class='ocrx_word' id='word_1_232' title='bbox 2187 1755 2384 1818; x_wconf 90' lang='lat' dir='ltr'><strong>David,</strong></span> <span class='ocrx_word' id='word_1_233' title='bbox 2417 1761 2474 1809; x_wconf 91' lang='lat' dir='ltr'><strong>et</strong></span> <span class='ocrx_word' id='word_1_234' title='bbox 2503 1755 2695 1810; x_wconf 90' lang='lat' dir='ltr'><strong>omnis</strong></span> <span class='ocrx_word' id='word_1_235' title='bbox 2726 1755 2980 1827; x_wconf 89' lang='lat' dir='ltr'><strong>populus</strong></span> <span class='ocrx_word' id='word_1_236' title='bbox 3011 1756 3109 1826; x_wconf 92' lang='lat' dir='ltr'><strong>qui</strong></span> <span class='ocrx_word' id='word_1_237' title='bbox 3139 1761 3264 1811; x_wconf 85' lang='lat' dir='ltr'><strong>erat</strong></span> <span class='ocrx_word' id='word_1_238' title='bbox 3295 1774 3426 1812; x_wconf 90' lang='lat' dir='ltr'><strong>cum</strong></span> <span class='ocrx_word' id='word_1_239' title='bbox 3459 1766 3594 1826; x_wconf 87' lang='lat' dir='ltr'><strong>eo,el</strong></span> <span class='ocrx_word' id='word_1_240' title='bbox 3625 1762 3785 1814; x_wconf 74' lang='lat' dir='ltr'><strong>trans-</strong></span> 
     </span>
    </p>
   </div>
   <div class='ocr_carea' id='block_1_17' title="bbox 436 1841 3786 1944">
    <p class='ocr_par' dir='ltr' id='par_1_17' title="bbox 436 1841 3786 1944">
     <span class='ocr_line' id='line_1_17' title="bbox 436 1841 3786 1944; baseline 0.001 -46"><span class='ocrx_word' id='word_1_241' title='bbox 436 1843 704 1903; x_wconf 89' lang='lat' dir='ltr'><strong>audierit,</strong></span> <span class='ocrx_word' id='word_1_242' title='bbox 738 1846 795 1897; x_wconf 91' lang='lat' dir='ltr'><strong>et</strong></span> <span class='ocrx_word' id='word_1_243' title='bbox 825 1843 1016 1896; x_wconf 89' lang='lat' dir='ltr'><strong>dicet:</strong></span> <span class='ocrx_word' id='word_1_244' title='bbox 1054 1841 1225 1896; x_wconf 84' lang='lat' dir='ltr'><strong>Facta</strong></span> <span class='ocrx_word' id='word_1_245' title='bbox 1278 1851 1362 1896; x_wconf 90' lang='lat' dir='ltr'><strong>est</strong></span> <span class='ocrx_word' id='word_1_246' title='bbox 1395 1844 1565 1913; x_wconf 79' lang='lat' dir='ltr'><strong>plaga</strong></span> <span class='ocrx_word' id='word_1_247' title='bbox 1613 1842 1670 1897; x_wconf 92' lang='lat' dir='ltr'><strong>in</strong></span> <span class='ocrx_word' id='word_1_248' title='bbox 1728 1843 1943 1911; x_wconf 86' lang='lat' dir='ltr'><strong>populo</strong></span> <span class='ocrx_word' id='word_1_249' title='bbox 1975 1843 2074 1915; x_wconf 86' lang='lat' dir='ltr'><strong>qui</strong></span> <span class='ocrx_word' id='word_1_250' title='bbox 2111 1879 2158 1944; x_wconf 81' lang='lat' dir='ltr'><strong>B</strong></span> <span class='ocrx_word' id='word_1_251' title='bbox 2187 1843 2382 1898; x_wconf 90' lang='lat' dir='ltr'><strong>ierunt</strong></span> <span class='ocrx_word' id='word_1_252' title='bbox 2407 1843 2746 1912; x_wconf 87' lang='lat' dir='ltr'><strong>Jordancm,</strong></span> <span class='ocrx_word' id='word_1_253' title='bbox 2780 1846 2964 1900; x_wconf 92' lang='lat' dir='ltr'><strong>donec</strong></span> <span class='ocrx_word' id='word_1_254' title='bbox 2993 1844 3402 1912; x_wconf 89' lang='lat' dir='ltr'><strong>dilucesceret,</strong></span> <span class='ocrx_word' id='word_1_255' title='bbox 3452 1851 3507 1903; x_wconf 89' lang='lat' dir='ltr'><strong>et</strong></span> <span class='ocrx_word' id='word_1_256' title='bbox 3552 1862 3618 1901; x_wconf 85' lang='lat' dir='ltr'><strong>ne</strong></span> <span class='ocrx_word' id='word_1_257' title='bbox 3659 1863 3786 1903; x_wconf 86' lang='lat' dir='ltr'><strong>unus</strong></span> 
     </span>
    </p>
   </div>
   <div class='ocr_carea' id='block_1_18' title="bbox 441 1929 3784 2004">
    <p class='ocr_par' dir='ltr' id='par_1_18' title="bbox 441 1929 3784 2004">
     <span class='ocr_line' id='line_1_18' title="bbox 441 1929 3784 2004; baseline 0 -14"><span class='ocrx_word' id='word_1_258' title='bbox 441 1931 797 2003; x_wconf 84' lang='lat' dir='ltr'><strong>sequebatur</strong></span> <span class='ocrx_word' id='word_1_259' title='bbox 835 1929 1134 1986; x_wconf 85' lang='lat' dir='ltr'><strong>Absalom.</strong></span> <span class='ocrx_word' id='word_1_260' title='bbox 1186 1931 1254 1984; x_wconf 90' lang='lat' dir='ltr'><strong>Et</strong></span> <span class='ocrx_word' id='word_1_261' title='bbox 1305 1932 1665 1986; x_wconf 84' lang='lat' dir='ltr'><strong>fortissimus</strong></span> <span class='ocrx_word' id='word_1_262' title='bbox 1711 1933 1794 2000; x_wconf 84' lang='lat' dir='ltr'><strong>[h.</strong></span> <span class='ocrx_word' id='word_1_263' title='bbox 1826 1938 1844 2004; x_wconf 92' lang='lat'>]</span> <span class='ocrx_word' id='word_1_264' title='bbox 1877 1934 2002 2004; x_wconf 90' lang='lat' dir='ltr'><strong>ipse</strong></span> <span class='ocrx_word' id='word_1_265' title='bbox 2036 1935 2076 2002; x_wconf 82' lang='grc' dir='ltr'><strong>ί,</strong></span> <span class='ocrx_word' id='word_1_266' title='bbox 2111 1929 2158 1944; x_wconf 81' lang='grc'><strong>¹’</strong></span> <span class='ocrx_word' id='word_1_267' title='bbox 2190 1932 2428 2003; x_wconf 90' lang='lat' dir='ltr'><strong>quidem</strong></span> <span class='ocrx_word' id='word_1_268' title='bbox 2461 1933 2736 1987; x_wconf 90' lang='lat' dir='ltr'><strong>residuus</strong></span> <span class='ocrx_word' id='word_1_269' title='bbox 2767 1933 2894 1999; x_wconf 81' lang='lat' dir='ltr'><strong>fuit,</strong></span> <span class='ocrx_word' id='word_1_270' title='bbox 2927 1934 3022 2004; x_wconf 92' lang='lat' dir='ltr'><strong>qui</strong></span> <span class='ocrx_word' id='word_1_271' title='bbox 3073 1951 3186 1989; x_wconf 88' lang='lat' dir='ltr'><strong>non</strong></span> <span class='ocrx_word' id='word_1_272' title='bbox 3238 1935 3548 1991; x_wconf 83' lang='lat' dir='ltr'><strong>transisset</strong></span> <span class='ocrx_word' id='word_1_273' title='bbox 3577 1935 3784 1991; x_wconf 82' lang='lat' dir='ltr'><strong>ﬂuvium</strong></span> 
     </span>
    </p>
   </div>
   <div class='ocr_carea' id='block_1_19' title="bbox 441 2021 3787 2097">
    <p class='ocr_par' dir='ltr' id='par_1_19' title="bbox 441 2021 3787 2097">
     <span class='ocr_line' id='line_1_19' title="bbox 441 2021 3787 2097; baseline 0.001 -20"><span class='ocrx_word' id='word_1_274' title='bbox 441 2023 612 2094; x_wconf 90' lang='lat' dir='ltr'><strong>cujus</strong></span> <span class='ocrx_word' id='word_1_275' title='bbox 642 2037 742 2076; x_wconf 94' lang='lat' dir='ltr'><strong>cor</strong></span> <span class='ocrx_word' id='word_1_276' title='bbox 771 2027 860 2076; x_wconf 91' lang='lat' dir='ltr'><strong>est</strong></span> <span class='ocrx_word' id='word_1_277' title='bbox 909 2023 1074 2090; x_wconf 79' lang='lat' dir='ltr'><strong>quasi</strong></span> <span class='ocrx_word' id='word_1_278' title='bbox 1112 2021 1316 2087; x_wconf 89' lang='lat' dir='ltr'><strong>leonis,</strong></span> <span class='ocrx_word' id='word_1_279' title='bbox 1371 2039 1577 2092; x_wconf 87' lang='lat' dir='ltr'><strong>pavore</strong></span> <span class='ocrx_word' id='word_1_280' title='bbox 1626 2022 1883 2078; x_wconf 92' lang='lat' dir='ltr'><strong>solvetur</strong></span> <span class='ocrx_word' id='word_1_281' title='bbox 1918 2041 1930 2078; x_wconf 91' lang='lat'><strong>:</strong></span> <span class='ocrx_word' id='word_1_282' title='bbox 1968 2023 2082 2079; x_wconf 92' lang='lat' dir='ltr'><strong>scit</strong></span> <span class='ocrx_word' id='word_1_283' title='bbox 2190 2021 2272 2090; x_wconf 88' lang='lat' dir='ltr'><strong>[h.</strong></span> <span class='ocrx_word' id='word_1_284' title='bbox 2304 2021 2665 2093; x_wconf 86' lang='lat' dir='ltr'><strong>Jordanem].</strong></span> <span class='ocrx_word' id='word_1_285' title='bbox 2699 2023 2762 2078; x_wconf 88' lang='lat' dir='ltr'><strong>&#39;I‘.</strong></span> <span class='ocrx_word' id='word_1_286' title='bbox 2795 2023 3024 2091; x_wconf 82' lang='lat' dir='ltr'><strong>CXXI.]</strong></span> <span class='ocrx_word' id='word_1_287' title='bbox 3058 2026 3232 2078; x_wconf 81' lang='lat' dir='ltr'><strong>Porro</strong></span> <span class='ocrx_word' id='word_1_288' title='bbox 3284 2023 3588 2097; x_wconf 79' lang='lat' dir='ltr'><strong>Ahitopbel</strong></span> <span class='ocrx_word' id='word_1_289' title='bbox 3619 2025 3787 2080; x_wconf 88' lang='lat' dir='ltr'><strong>videns</strong></span> 
     </span>
    </p>
   </div>
   <div class='ocr_carea' id='block_1_20' title="bbox 440 2109 3788 2182">
    <p class='ocr_par' dir='ltr' id='par_1_20' title="bbox 440 2109 3788 2182">
     <span class='ocr_line' id='line_1_20' title="bbox 440 2109 3788 2182; baseline -0 -15"><span class='ocrx_word' id='word_1_290' title='bbox 440 2111 595 2168; x_wconf 89' lang='lat' dir='ltr'><strong>enim</strong></span> <span class='ocrx_word' id='word_1_291' title='bbox 629 2110 822 2166; x_wconf 90' lang='lat' dir='ltr'><strong>omnis</strong></span> <span class='ocrx_word' id='word_1_292' title='bbox 875 2109 1068 2172; x_wconf 89' lang='lat' dir='ltr'><strong>Israel,</strong></span> <span class='ocrx_word' id='word_1_293' title='bbox 1119 2111 1320 2164; x_wconf 84' lang='lat' dir='ltr'><strong>fortem</strong></span> <span class='ocrx_word' id='word_1_294' title='bbox 1367 2127 1496 2166; x_wconf 89' lang='lat' dir='ltr'><strong>esse</strong></span> <span class='ocrx_word' id='word_1_295' title='bbox 1545 2118 1764 2182; x_wconf 84' lang='lat' dir='ltr'><strong>patrem</strong></span> <span class='ocrx_word' id='word_1_296' title='bbox 1804 2119 1998 2181; x_wconf 91' lang='lat' dir='ltr'><strong>tuum,</strong></span> <span class='ocrx_word' id='word_1_297' title='bbox 2026 2117 2084 2168; x_wconf 88' lang='lat' dir='ltr'><strong>et</strong></span> <span class='ocrx_word' id='word_1_298' title='bbox 2190 2111 2344 2181; x_wconf 89' lang='lat' dir='ltr'><strong>quod</strong></span> <span class='ocrx_word' id='word_1_299' title='bbox 2389 2127 2504 2164; x_wconf 92' lang='lat' dir='ltr'><strong>non</strong></span> <span class='ocrx_word' id='word_1_300' title='bbox 2540 2110 2749 2166; x_wconf 83' lang='lat' dir='ltr'><strong>fuisset</strong></span> <span class='ocrx_word' id='word_1_301' title='bbox 2780 2111 2998 2166; x_wconf 85' lang='lat' dir='ltr'><strong>factum</strong></span> <span class='ocrx_word' id='word_1_302' title='bbox 3033 2112 3345 2167; x_wconf 90' lang='lat' dir='ltr'><strong>consilium</strong></span> <span class='ocrx_word' id='word_1_303' title='bbox 3379 2129 3570 2177; x_wconf 91' lang='lat' dir='ltr'><strong>suum,</strong></span> <span class='ocrx_word' id='word_1_304' title='bbox 3614 2111 3788 2167; x_wconf 74' lang='lat' dir='ltr'><strong>stravit</strong></span> 
     </span>
    </p>
   </div>
   <div class='ocr_carea' id='block_1_21' title="bbox 441 2199 3786 2268">
    <p class='ocr_par' dir='ltr' id='par_1_21' title="bbox 441 2199 3786 2268">
     <span class='ocr_line' id='line_1_21' title="bbox 441 2199 3786 2268; baseline -0 -13"><span class='ocrx_word' id='word_1_305' title='bbox 441 2201 716 2256; x_wconf 90' lang='lat' dir='ltr'><strong>robustos</strong></span> <span class='ocrx_word' id='word_1_306' title='bbox 745 2214 950 2254; x_wconf 90' lang='lat' dir='ltr'><strong>omnes</strong></span> <span class='ocrx_word' id='word_1_307' title='bbox 978 2199 1075 2268; x_wconf 90' lang='lat' dir='ltr'><strong>qui</strong></span> <span class='ocrx_word' id='word_1_308' title='bbox 1106 2215 1239 2253; x_wconf 90' lang='lat' dir='ltr'><strong>cum</strong></span> <span class='ocrx_word' id='word_1_309' title='bbox 1267 2215 1332 2253; x_wconf 90' lang='lat' dir='ltr'><strong>eo</strong></span> <span class='ocrx_word' id='word_1_310' title='bbox 1365 2206 1522 2254; x_wconf 89' lang='lat' dir='ltr'><strong>sunt.</strong></span> <span class='ocrx_word' id='word_1_311' title='bbox 1554 2201 1660 2255; x_wconf 77' lang='lat' dir='ltr'><strong>Sed</strong></span> <span class='ocrx_word' id='word_1_312' title='bbox 1694 2202 1801 2256; x_wconf 90' lang='lat' dir='ltr'><strong>hoc</strong></span> <span class='ocrx_word' id='word_1_313' title='bbox 1832 2202 1975 2255; x_wconf 90' lang='lat' dir='ltr'><strong>mihi</strong></span> <span class='ocrx_word' id='word_1_314' title='bbox 2000 2201 2080 2255; x_wconf 87' lang='lat' dir='ltr'><strong>vi-</strong></span> <span class='ocrx_word' id='word_1_315' title='bbox 2191 2200 2424 2254; x_wconf 89' lang='lat' dir='ltr'><strong>asinum</strong></span> <span class='ocrx_word' id='word_1_316' title='bbox 2459 2216 2633 2254; x_wconf 91' lang='lat' dir='ltr'><strong>suum</strong></span> <span class='ocrx_word' id='word_1_317' title='bbox 2669 2206 2726 2254; x_wconf 91' lang='lat' dir='ltr'><strong>et</strong></span> <span class='ocrx_word' id='word_1_318' title='bbox 2753 2201 3007 2255; x_wconf 82' lang='lat' dir='ltr'><strong>surrexit</strong></span> <span class='ocrx_word' id='word_1_319' title='bbox 3037 2205 3094 2255; x_wconf 89' lang='lat' dir='ltr'><strong>et</strong></span> <span class='ocrx_word' id='word_1_320' title='bbox 3121 2201 3266 2256; x_wconf 89' lang='lat' dir='ltr'><strong>abiit</strong></span> <span class='ocrx_word' id='word_1_321' title='bbox 3297 2202 3354 2256; x_wconf 94' lang='lat' dir='ltr'><strong>in</strong></span> <span class='ocrx_word' id='word_1_322' title='bbox 3387 2203 3617 2258; x_wconf 91' lang='lat' dir='ltr'><strong>domum</strong></span> <span class='ocrx_word' id='word_1_323' title='bbox 3646 2215 3786 2256; x_wconf 87' lang='lat' dir='ltr'><strong>suam</strong></span> 
     </span>
    </p>
   </div>
   <div class='ocr_carea' id='block_1_22' title="bbox 441 2287 3789 2362">
    <p class='ocr_par' dir='ltr' id='par_1_22' title="bbox 441 2287 3789 2362">
     <span class='ocr_line' id='line_1_22' title="bbox 441 2287 3789 2362; baseline -0.001 -18"><span class='ocrx_word' id='word_1_324' title='bbox 441 2290 614 2344; x_wconf 88' lang='lat' dir='ltr'><strong>detur</strong></span> <span class='ocrx_word' id='word_1_325' title='bbox 643 2293 863 2342; x_wconf 91' lang='lat' dir='ltr'><strong>rectum</strong></span> <span class='ocrx_word' id='word_1_326' title='bbox 898 2303 1028 2342; x_wconf 90' lang='lat' dir='ltr'><strong>esse</strong></span> <span class='ocrx_word' id='word_1_327' title='bbox 1071 2287 1382 2342; x_wconf 89' lang='lat' dir='ltr'><strong>consilium</strong></span> <span class='ocrx_word' id='word_1_328' title='bbox 1419 2305 1432 2343; x_wconf 91' lang='lat'><strong>:</strong></span> <span class='ocrx_word' id='word_1_329' title='bbox 1467 2294 1528 2342; x_wconf 90' lang='lat' dir='ltr'><strong>ut</strong></span> <span class='ocrx_word' id='word_1_330' title='bbox 1578 2295 1699 2361; x_wconf 68' lang='grc' dir='ltr'><strong>[τηε.</strong></span> <span class='ocrx_word' id='word_1_331' title='bbox 1733 2298 1785 2344; x_wconf 75' lang='lat' dir='ltr'><strong>et</strong></span> <span class='ocrx_word' id='word_1_332' title='bbox 1815 2289 1972 2357; x_wconf 76' lang='lat' dir='ltr'><strong>Vulg.</strong></span> <span class='ocrx_word' id='word_1_333' title='bbox 2005 2295 2084 2346; x_wconf 84' lang='lat' dir='ltr'><strong>ta-</strong></span> <span class='ocrx_word' id='word_1_334' title='bbox 2192 2294 2250 2343; x_wconf 86' lang='lat' dir='ltr'><strong>et</strong></span> <span class='ocrx_word' id='word_1_335' title='bbox 2278 2289 2334 2343; x_wconf 93' lang='lat' dir='ltr'><strong>in</strong></span> <span class='ocrx_word' id='word_1_336' title='bbox 2369 2287 2661 2343; x_wconf 88' lang='lat' dir='ltr'><strong>civitatem</strong></span> <span class='ocrx_word' id='word_1_337' title='bbox 2688 2305 2873 2354; x_wconf 90' lang='lat' dir='ltr'><strong>suam,</strong></span> <span class='ocrx_word' id='word_1_338' title='bbox 2903 2295 2959 2342; x_wconf 90' lang='lat' dir='ltr'><strong>et</strong></span> <span class='ocrx_word' id='word_1_339' title='bbox 2989 2290 3277 2362; x_wconf 87' lang='lat' dir='ltr'><strong>disposita</strong></span> <span class='ocrx_word' id='word_1_340' title='bbox 3328 2290 3500 2345; x_wconf 93' lang='lat' dir='ltr'><strong>domo</strong></span> <span class='ocrx_word' id='word_1_341' title='bbox 3541 2306 3656 2355; x_wconf 87' lang='lat' dir='ltr'><strong>sua,</strong></span> <span class='ocrx_word' id='word_1_342' title='bbox 3685 2303 3789 2343; x_wconf 85' lang='lat' dir='ltr'><strong>sus-</strong></span> 
     </span>
    </p>
   </div>
   <div class='ocr_carea' id='block_1_23' title="bbox 439 2374 3789 2450">
    <p class='ocr_par' dir='ltr' id='par_1_23' title="bbox 439 2374 3789 2450">
     <span class='ocr_line' id='line_1_23' title="bbox 439 2374 3789 2450; baseline -0.001 -17"><span class='ocrx_word' id='word_1_343' title='bbox 439 2386 564 2433; x_wconf 79' lang='lat' dir='ltr'><strong>ceut</strong></span> <span class='ocrx_word' id='word_1_344' title='bbox 591 2374 676 2440; x_wconf 84' lang='lat' dir='ltr'><strong>ut]</strong></span> <span class='ocrx_word' id='word_1_345' title='bbox 707 2380 1093 2448; x_wconf 66' lang='lat' dir='ltr'><strong>congregetur</strong></span> <span class='ocrx_word' id='word_1_346' title='bbox 1123 2377 1193 2432; x_wconf 91' lang='lat' dir='ltr'><strong>ad</strong></span> <span class='ocrx_word' id='word_1_347' title='bbox 1226 2382 1282 2431; x_wconf 91' lang='lat' dir='ltr'><strong>te</strong></span> <span class='ocrx_word' id='word_1_348' title='bbox 1313 2377 1624 2434; x_wconf 90' lang='lat' dir='ltr'><strong>universus</strong></span> <span class='ocrx_word' id='word_1_349' title='bbox 1664 2381 1862 2447; x_wconf 82' lang='lat' dir='ltr'><strong>Israel,</strong></span> <span class='ocrx_word' id='word_1_350' title='bbox 1894 2397 1926 2434; x_wconf 94' lang='lat' dir='ltr'><strong>a</strong></span> <span class='ocrx_word' id='word_1_351' title='bbox 1959 2379 2082 2434; x_wconf 89' lang='lat' dir='ltr'><strong>Dan</strong></span> <span class='ocrx_word' id='word_1_352' title='bbox 2193 2377 2407 2450; x_wconf 88' lang='lat' dir='ltr'><strong>pendio</strong></span> <span class='ocrx_word' id='word_1_353' title='bbox 2437 2377 2680 2445; x_wconf 88' lang='lat' dir='ltr'><strong>interiit,</strong></span> <span class='ocrx_word' id='word_1_354' title='bbox 2714 2381 2772 2432; x_wconf 92' lang='lat' dir='ltr'><strong>et</strong></span> <span class='ocrx_word' id='word_1_355' title='bbox 2800 2377 3068 2449; x_wconf 87' lang='lat' dir='ltr'><strong>sepultus</strong></span> <span class='ocrx_word' id='word_1_356' title='bbox 3111 2383 3202 2434; x_wconf 85' lang='lat' dir='ltr'><strong>est</strong></span> <span class='ocrx_word' id='word_1_357' title='bbox 3241 2378 3303 2433; x_wconf 91' lang='lat' dir='ltr'><strong>in</strong></span> <span class='ocrx_word' id='word_1_358' title='bbox 3337 2380 3595 2448; x_wconf 89' lang='lat' dir='ltr'><strong>sepulcro</strong></span> <span class='ocrx_word' id='word_1_359' title='bbox 3641 2376 3789 2446; x_wconf 83' lang='lat' dir='ltr'><strong>patris</strong></span> 
     </span>
    </p>
   </div>
   <div class='ocr_carea' id='block_1_24' title="bbox 443 2464 3789 2537">
    <p class='ocr_par' dir='ltr' id='par_1_24' title="bbox 443 2464 3789 2537">
     <span class='ocr_line' id='line_1_24' title="bbox 443 2464 3789 2537; baseline -0.001 -16"><span class='ocrx_word' id='word_1_360' title='bbox 443 2480 630 2536; x_wconf 88' lang='lat' dir='ltr'><strong>usque</strong></span> <span class='ocrx_word' id='word_1_361' title='bbox 662 2465 1004 2526; x_wconf 85' lang='lat' dir='ltr'><strong>Ber-Sabee,</strong></span> <span class='ocrx_word' id='word_1_362' title='bbox 1033 2464 1200 2535; x_wconf 92' lang='lat' dir='ltr'><strong>quasi</strong></span> <span class='ocrx_word' id='word_1_363' title='bbox 1247 2482 1424 2520; x_wconf 89' lang='lat' dir='ltr'><strong>arena</strong></span> <span class='ocrx_word' id='word_1_364' title='bbox 1455 2467 1635 2521; x_wconf 89' lang='lat' dir='ltr'><strong>maris</strong></span> <span class='ocrx_word' id='word_1_365' title='bbox 1680 2467 2082 2523; x_wconf 86' lang='lat' dir='ltr'><strong>innumerabi-</strong></span> <span class='ocrx_word' id='word_1_366' title='bbox 2195 2465 2308 2519; x_wconf 91' lang='lat' dir='ltr'><strong>sui.</strong></span> <span class='ocrx_word' id='word_1_367' title='bbox 2343 2465 2516 2519; x_wconf 86' lang='lat' dir='ltr'><strong>David</strong></span> <span class='ocrx_word' id='word_1_368' title='bbox 2560 2470 2752 2520; x_wconf 90' lang='lat' dir='ltr'><strong>autem</strong></span> <span class='ocrx_word' id='word_1_369' title='bbox 2783 2466 2808 2500; x_wconf 86' lang='grc'><strong><em>³</em></strong></span> <span class='ocrx_word' id='word_1_370' title='bbox 2835 2467 2995 2521; x_wconf 86' lang='lat' dir='ltr'><strong>venit</strong></span> <span class='ocrx_word' id='word_1_371' title='bbox 3023 2467 3082 2520; x_wconf 91' lang='lat' dir='ltr'><strong>in</strong></span> <span class='ocrx_word' id='word_1_372' title='bbox 3133 2466 3342 2522; x_wconf 82' lang='lat' dir='ltr'><strong>Castra</strong></span> <span class='ocrx_word' id='word_1_373' title='bbox 3369 2468 3448 2537; x_wconf 86' lang='lat' dir='ltr'><strong>[h.</strong></span> <span class='ocrx_word' id='word_1_374' title='bbox 3494 2465 3789 2537; x_wconf 88' lang='lat' dir='ltr'><strong>Mabnaim],</strong></span> 
     </span>
    </p>
   </div>
   <div class='ocr_carea' id='block_1_25' title="bbox 441 2552 3793 2628">
    <p class='ocr_par' dir='ltr' id='par_1_25' title="bbox 441 2552 3793 2628">
     <span class='ocr_line' id='line_1_25' title="bbox 441 2552 3793 2628; baseline 0 -20"><span class='ocrx_word' id='word_1_375' title='bbox 441 2553 537 2619; x_wconf 88' lang='lat' dir='ltr'><strong>lis,</strong></span> <span class='ocrx_word' id='word_1_376' title='bbox 570 2557 628 2608; x_wconf 90' lang='lat' dir='ltr'><strong>et</strong></span> <span class='ocrx_word' id='word_1_377' title='bbox 657 2559 719 2608; x_wconf 92' lang='lat' dir='ltr'><strong>tu</strong></span> <span class='ocrx_word' id='word_1_378' title='bbox 752 2553 864 2606; x_wconf 89' lang='lat' dir='ltr'><strong>eris</strong></span> <span class='ocrx_word' id='word_1_379' title='bbox 894 2553 950 2606; x_wconf 91' lang='lat' dir='ltr'><strong>in</strong></span> <span class='ocrx_word' id='word_1_380' title='bbox 989 2554 1180 2608; x_wconf 88' lang='lat' dir='ltr'><strong>medio</strong></span> <span class='ocrx_word' id='word_1_381' title='bbox 1212 2569 1434 2611; x_wconf 89' lang='lat' dir='ltr'><strong>eorum.</strong></span> <span class='ocrx_word' id='word_1_382' title='bbox 1471 2556 1540 2609; x_wconf 86' lang='lat' dir='ltr'><strong>Et</strong></span> <span class='ocrx_word' id='word_1_383' title='bbox 1583 2557 1876 2612; x_wconf 89' lang='lat' dir='ltr'><strong>irruemus</strong></span> <span class='ocrx_word' id='word_1_384' title='bbox 1911 2573 2088 2628; x_wconf 90' lang='lat' dir='ltr'><strong>super</strong></span> <span class='ocrx_word' id='word_1_385' title='bbox 2193 2558 2252 2610; x_wconf 90' lang='lat' dir='ltr'><strong>et</strong></span> <span class='ocrx_word' id='word_1_386' title='bbox 2280 2553 2552 2609; x_wconf 86' lang='lat' dir='ltr'><strong>Absalom</strong></span> <span class='ocrx_word' id='word_1_387' title='bbox 2586 2555 2856 2610; x_wconf 86' lang='lat' dir='ltr'><strong>transivit</strong></span> <span class='ocrx_word' id='word_1_388' title='bbox 2881 2556 3354 2627; x_wconf 86' lang='lat' dir='ltr'><strong>Jordanem,lpse</strong></span> <span class='ocrx_word' id='word_1_389' title='bbox 3383 2561 3441 2612; x_wconf 88' lang='lat' dir='ltr'><strong>et</strong></span> <span class='ocrx_word' id='word_1_390' title='bbox 3465 2571 3654 2612; x_wconf 87' lang='lat' dir='ltr'><strong>omnes</strong></span> <span class='ocrx_word' id='word_1_391' title='bbox 3672 2552 3793 2608; x_wconf 76' lang='lat' dir='ltr'><strong>viri‘</strong></span> 
     </span>
    </p>
   </div>
   <div class='ocr_carea' id='block_1_26' title="bbox 443 2641 3792 2718">
    <p class='ocr_par' dir='ltr' id='par_1_26' title="bbox 443 2641 3792 2718">
     <span class='ocr_line' id='line_1_26' title="bbox 443 2641 3792 2718; baseline -0.001 -20"><span class='ocrx_word' id='word_1_392' title='bbox 443 2657 578 2698; x_wconf 84' lang='lat' dir='ltr'><strong>sum</strong></span> <span class='ocrx_word' id='word_1_393' title='bbox 610 2642 668 2696; x_wconf 91' lang='lat' dir='ltr'><strong>in</strong></span> <span class='ocrx_word' id='word_1_394' title='bbox 702 2657 1053 2712; x_wconf 91' lang='lat' dir='ltr'><strong>quocunque</strong></span> <span class='ocrx_word' id='word_1_395' title='bbox 1081 2641 1206 2696; x_wconf 94' lang='lat' dir='ltr'><strong>loco</strong></span> <span class='ocrx_word' id='word_1_396' title='bbox 1240 2642 1415 2697; x_wconf 83' lang='lat' dir='ltr'><strong>fuerit</strong></span> <span class='ocrx_word' id='word_1_397' title='bbox 1452 2644 1745 2712; x_wconf 87' lang='lat' dir='ltr'><strong>inventus,</strong></span> <span class='ocrx_word' id='word_1_398' title='bbox 1777 2651 1831 2698; x_wconf 88' lang='lat' dir='ltr'><strong>et</strong></span> <span class='ocrx_word' id='word_1_399' title='bbox 1863 2645 2084 2718; x_wconf 84' lang='lat' dir='ltr'><strong>operie-</strong></span> <span class='ocrx_word' id='word_1_400' title='bbox 2193 2641 2366 2698; x_wconf 89' lang='lat' dir='ltr'><strong>lsrael</strong></span> <span class='ocrx_word' id='word_1_401' title='bbox 2401 2659 2534 2698; x_wconf 91' lang='lat' dir='ltr'><strong>cum</strong></span> <span class='ocrx_word' id='word_1_402' title='bbox 2567 2659 2654 2698; x_wconf 90' lang='lat' dir='ltr'><strong>eo.</strong></span> <span class='ocrx_word' id='word_1_403' title='bbox 2700 2644 2972 2698; x_wconf 85' lang='lat' dir='ltr'><strong>Amasam</strong></span> <span class='ocrx_word' id='word_1_404' title='bbox 3019 2660 3155 2700; x_wconf 91' lang='lat' dir='ltr'><strong>vero</strong></span> <span class='ocrx_word' id='word_1_405' title='bbox 3201 2644 3514 2700; x_wconf 88' lang='lat' dir='ltr'><strong>constituit</strong></span> <span class='ocrx_word' id='word_1_406' title='bbox 3557 2641 3792 2698; x_wconf 78' lang='lat' dir='ltr'><strong>Absalom</strong></span> 
     </span>
    </p>
   </div>
   <div class='ocr_carea' id='block_1_27' title="bbox 446 2731 3798 2804">
    <p class='ocr_par' dir='ltr' id='par_1_27' title="bbox 446 2731 3798 2804">
     <span class='ocr_line' id='line_1_27' title="bbox 446 2731 3798 2804; baseline -0.001 -17"><span class='ocrx_word' id='word_1_407' title='bbox 446 2747 581 2787; x_wconf 89' lang='lat' dir='ltr'><strong>mus</strong></span> <span class='ocrx_word' id='word_1_408' title='bbox 611 2747 770 2795; x_wconf 91' lang='lat' dir='ltr'><strong>eum,</strong></span> <span class='ocrx_word' id='word_1_409' title='bbox 805 2731 956 2784; x_wconf 90' lang='lat' dir='ltr'><strong>sicut</strong></span> <span class='ocrx_word' id='word_1_410' title='bbox 985 2732 1190 2786; x_wconf 88' lang='lat' dir='ltr'><strong>cadere</strong></span> <span class='ocrx_word' id='word_1_411' title='bbox 1220 2731 1369 2787; x_wconf 90' lang='lat' dir='ltr'><strong>solet</strong></span> <span class='ocrx_word' id='word_1_412' title='bbox 1408 2749 1504 2787; x_wconf 90' lang='lat' dir='ltr'><strong>ros</strong></span> <span class='ocrx_word' id='word_1_413' title='bbox 1535 2750 1714 2804; x_wconf 87' lang='lat' dir='ltr'><strong>super</strong></span> <span class='ocrx_word' id='word_1_414' title='bbox 1759 2742 2000 2797; x_wconf 88' lang='lat' dir='ltr'><strong>terram,</strong></span> <span class='ocrx_word' id='word_1_415' title='bbox 2032 2740 2089 2790; x_wconf 92' lang='lat' dir='ltr'><strong>et</strong></span> <span class='ocrx_word' id='word_1_416' title='bbox 2197 2748 2301 2803; x_wconf 91' lang='lat' dir='ltr'><strong>pro</strong></span> <span class='ocrx_word' id='word_1_417' title='bbox 2321 2731 2465 2787; x_wconf 89' lang='lat' dir='ltr'><strong>Joab</strong></span> <span class='ocrx_word' id='word_1_418' title='bbox 2485 2747 2659 2802; x_wconf 87' lang='lat' dir='ltr'><strong>super</strong></span> <span class='ocrx_word' id='word_1_419' title='bbox 2688 2733 3004 2788; x_wconf 85' lang='lat' dir='ltr'><strong>exercitum</strong></span> <span class='ocrx_word' id='word_1_420' title='bbox 3041 2751 3058 2787; x_wconf 93' lang='lat'><strong>:</strong></span> <span class='ocrx_word' id='word_1_421' title='bbox 3094 2737 3303 2790; x_wconf 81' lang='lat' dir='ltr'><strong>Amasa</strong></span> <span class='ocrx_word' id='word_1_422' title='bbox 3325 2738 3516 2790; x_wconf 88' lang='lat' dir='ltr'><strong>autem</strong></span> <span class='ocrx_word' id='word_1_423' title='bbox 3541 2731 3798 2789; x_wconf 80' lang='lat' dir='ltr'><strong>eratfilius</strong></span> 
     </span>
    </p>
   </div>
   <div class='ocr_carea' id='block_1_28' title="bbox 447 2819 3795 2894">
    <p class='ocr_par' dir='ltr' id='par_1_28' title="bbox 447 2819 3795 2894">
     <span class='ocr_line' id='line_1_28' title="bbox 447 2819 3795 2894; baseline -0.001 -16"><span class='ocrx_word' id='word_1_424' title='bbox 447 2837 564 2878; x_wconf 92' lang='lat' dir='ltr'><strong>non</strong></span> <span class='ocrx_word' id='word_1_425' title='bbox 598 2820 1000 2890; x_wconf 83' lang='lat' dir='ltr'><strong>relinquemus</strong></span> <span class='ocrx_word' id='word_1_426' title='bbox 1029 2820 1100 2873; x_wconf 92' lang='lat' dir='ltr'><strong>de</strong></span> <span class='ocrx_word' id='word_1_427' title='bbox 1137 2820 1301 2887; x_wconf 90' lang='lat' dir='ltr'><strong>viris,</strong></span> <span class='ocrx_word' id='word_1_428' title='bbox 1354 2820 1453 2892; x_wconf 88' lang='lat' dir='ltr'><strong>qui</strong></span> <span class='ocrx_word' id='word_1_429' title='bbox 1503 2837 1637 2878; x_wconf 92' lang='lat' dir='ltr'><strong>eum</strong></span> <span class='ocrx_word' id='word_1_430' title='bbox 1691 2838 1759 2877; x_wconf 84' lang='lat' dir='ltr'><strong>eo</strong></span> <span class='ocrx_word' id='word_1_431' title='bbox 1803 2828 1962 2887; x_wconf 83' lang='lat' dir='ltr'><strong>sunt,</strong></span> <span class='ocrx_word' id='word_1_432' title='bbox 2015 2838 2088 2879; x_wconf 92' lang='lat' dir='ltr'><strong>ne</strong></span> <span class='ocrx_word' id='word_1_433' title='bbox 2196 2821 2324 2881; x_wconf 91' lang='lat' dir='ltr'><strong>viri,</strong></span> <span class='ocrx_word' id='word_1_434' title='bbox 2358 2820 2458 2891; x_wconf 89' lang='lat' dir='ltr'><strong>qui</strong></span> <span class='ocrx_word' id='word_1_435' title='bbox 2488 2821 2806 2877; x_wconf 90' lang='lat' dir='ltr'><strong>vocabatur</strong></span> <span class='ocrx_word' id='word_1_436' title='bbox 2833 2821 2994 2876; x_wconf 79' lang='lat' dir='ltr'><strong>Jetra</strong></span> <span class='ocrx_word' id='word_1_437' title='bbox 3023 2823 3096 2877; x_wconf 90' lang='lat' dir='ltr'><strong>de</strong></span> <span class='ocrx_word' id='word_1_438' title='bbox 3142 2822 3354 2879; x_wconf 84' lang='lat' dir='ltr'><strong>Jezreli</strong></span> <span class='ocrx_word' id='word_1_439' title='bbox 3411 2823 3490 2894; x_wconf 89' lang='lat' dir='ltr'><strong>[h.</strong></span> <span class='ocrx_word' id='word_1_440' title='bbox 3524 2819 3795 2888; x_wconf 83' lang='lat' dir='ltr'><strong>Israelites,</strong></span> 
     </span>
    </p>
   </div>
   <div class='ocr_carea' id='block_1_29' title="bbox 447 2907 3797 2984">
    <p class='ocr_par' dir='ltr' id='par_1_29' title="bbox 447 2907 3797 2984">
     <span class='ocr_line' id='line_1_29' title="bbox 447 2907 3797 2984; baseline -0.001 -17"><span class='ocrx_word' id='word_1_441' title='bbox 447 2925 631 2967; x_wconf 90' lang='lat' dir='ltr'><strong>unum</strong></span> <span class='ocrx_word' id='word_1_442' title='bbox 665 2909 924 2979; x_wconf 91' lang='lat' dir='ltr'><strong>quidem.</strong></span> <span class='ocrx_word' id='word_1_443' title='bbox 957 2909 1119 2972; x_wconf 86' lang='lat' dir='ltr'><strong>Quod</strong></span> <span class='ocrx_word' id='word_1_444' title='bbox 1151 2908 1200 2964; x_wconf 86' lang='lat' dir='ltr'><strong>si</strong></span> <span class='ocrx_word' id='word_1_445' title='bbox 1232 2909 1437 2964; x_wconf 89' lang='lat' dir='ltr'><strong>urbem</strong></span> <span class='ocrx_word' id='word_1_446' title='bbox 1473 2909 1725 2982; x_wconf 82' lang='lat' dir='ltr'><strong>aliquam</strong></span> <span class='ocrx_word' id='word_1_447' title='bbox 1783 2912 1960 2966; x_wconf 79' lang='lat' dir='ltr'><strong>fuerit</strong></span> <span class='ocrx_word' id='word_1_448' title='bbox 2003 2913 2090 2967; x_wconf 92' lang='lat' dir='ltr'><strong>in-</strong></span> <span class='ocrx_word' id='word_1_449' title='bbox 2196 2926 2297 2963; x_wconf 71' lang='lat' dir='ltr'><strong>ms.</strong></span> <span class='ocrx_word' id='word_1_450' title='bbox 2332 2909 2581 2980; x_wconf 88' lang='lat' dir='ltr'><strong>hiereli].</strong></span> <span class='ocrx_word' id='word_1_451' title='bbox 2605 2909 2702 2981; x_wconf 90' lang='lat' dir='ltr'><strong>qui</strong></span> <span class='ocrx_word' id='word_1_452' title='bbox 2737 2909 3044 2982; x_wconf 76' lang='lat' dir='ltr'><strong>ingressus</strong></span> <span class='ocrx_word' id='word_1_453' title='bbox 3075 2915 3164 2966; x_wconf 85' lang='lat' dir='ltr'><strong>est</strong></span> <span class='ocrx_word' id='word_1_454' title='bbox 3213 2912 3287 2967; x_wconf 89' lang='lat' dir='ltr'><strong>ad</strong></span> <span class='ocrx_word' id='word_1_455' title='bbox 3344 2911 3562 2984; x_wconf 78' lang='lat' dir='ltr'><strong>Abigail</strong></span> <span class='ocrx_word' id='word_1_456' title='bbox 3595 2911 3664 2982; x_wconf 91' lang='lat' dir='ltr'><strong>[h.</strong></span> <span class='ocrx_word' id='word_1_457' title='bbox 3690 2907 3797 2964; x_wconf 85' lang='lat' dir='ltr'><strong>Abi-</strong></span> 
     </span>
    </p>
   </div>
   <div class='ocr_carea' id='block_1_30' title="bbox 448 2996 3801 3072">
    <p class='ocr_par' dir='ltr' id='par_1_30' title="bbox 448 2996 3801 3072">
     <span class='ocr_line' id='line_1_30' title="bbox 448 2996 3801 3072; baseline -0.001 -19"><span class='ocrx_word' id='word_1_458' title='bbox 448 2996 1106 3071; x_wconf 85' lang='lat' dir='ltr'><strong>gressus,circumdabit</strong></span> <span class='ocrx_word' id='word_1_459' title='bbox 1127 2999 1316 3053; x_wconf 91' lang='lat' dir='ltr'><strong>omnis</strong></span> <span class='ocrx_word' id='word_1_460' title='bbox 1341 2998 1515 3054; x_wconf 88' lang='lat' dir='ltr'><strong>Israel</strong></span> <span class='ocrx_word' id='word_1_461' title='bbox 1539 2999 1753 3056; x_wconf 82' lang='lat' dir='ltr'><strong>civitati</strong></span> <span class='ocrx_word' id='word_1_462' title='bbox 1787 3000 1871 3054; x_wconf 92' lang='lat' dir='ltr'><strong>illi</strong></span> <span class='ocrx_word' id='word_1_463' title='bbox 1899 3001 2089 3068; x_wconf 87' lang='lat' dir='ltr'><strong>funes,</strong></span> <span class='ocrx_word' id='word_1_464' title='bbox 2199 2998 2316 3068; x_wconf 78' lang='lat' dir='ltr'><strong>gal]</strong></span> <span class='ocrx_word' id='word_1_465' title='bbox 2347 2999 2528 3053; x_wconf 81' lang='lat' dir='ltr'><strong>ﬁliam</strong></span> <span class='ocrx_word' id='word_1_466' title='bbox 2560 2998 2734 3066; x_wconf 85' lang='lat' dir='ltr'><strong>Naas,</strong></span> <span class='ocrx_word' id='word_1_467' title='bbox 2768 3015 3026 3054; x_wconf 89' lang='lat' dir='ltr'><strong>sororem</strong></span> <span class='ocrx_word' id='word_1_468' title='bbox 3070 3000 3308 3064; x_wconf 68' lang='lat' dir='ltr'><strong>Sarviaa,</strong></span> <span class='ocrx_word' id='word_1_469' title='bbox 3355 3017 3481 3072; x_wconf 70' lang='lat' dir='ltr'><strong>qua:</strong></span> <span class='ocrx_word' id='word_1_470' title='bbox 3515 2999 3617 3055; x_wconf 81' lang='lat' dir='ltr'><strong>fuit</strong></span> <span class='ocrx_word' id='word_1_471' title='bbox 3645 3001 3801 3053; x_wconf 85' lang='lat' dir='ltr'><strong>mater</strong></span> 
     </span>
    </p>
   </div>
   <div class='ocr_carea' id='block_1_31' title="bbox 451 3083 3799 3159">
    <p class='ocr_par' dir='ltr' id='par_1_31' title="bbox 451 3083 3799 3159">
     <span class='ocr_line' id='line_1_31' title="bbox 451 3083 3799 3159; baseline -0.001 -15"><span class='ocrx_word' id='word_1_472' title='bbox 451 3094 510 3144; x_wconf 91' lang='lat' dir='ltr'><strong>et</strong></span> <span class='ocrx_word' id='word_1_473' title='bbox 535 3088 841 3141; x_wconf 83' lang='lat' dir='ltr'><strong>trahemus</strong></span> <span class='ocrx_word' id='word_1_474' title='bbox 890 3102 1015 3141; x_wconf 90' lang='lat' dir='ltr'><strong>eam</strong></span> <span class='ocrx_word' id='word_1_475' title='bbox 1068 3087 1145 3153; x_wconf 79' lang='lat' dir='ltr'><strong>[id</strong></span> <span class='ocrx_word' id='word_1_476' title='bbox 1180 3096 1258 3142; x_wconf 71' lang='lat' dir='ltr'><strong>est</strong></span> <span class='ocrx_word' id='word_1_477' title='bbox 1307 3087 1499 3157; x_wconf 74' lang='lat' dir='ltr'><strong>David}</strong></span> <span class='ocrx_word' id='word_1_478' title='bbox 1548 3089 1605 3143; x_wconf 92' lang='lat' dir='ltr'><strong>in</strong></span> <span class='ocrx_word' id='word_1_479' title='bbox 1653 3094 1995 3153; x_wconf 72' lang='lat' dir='ltr'><strong>torrentem,</strong></span> <span class='ocrx_word' id='word_1_480' title='bbox 2029 3095 2094 3145; x_wconf 90' lang='lat' dir='ltr'><strong>ut</strong></span> <span class='ocrx_word' id='word_1_481' title='bbox 2198 3087 2344 3142; x_wconf 85' lang='lat' dir='ltr'><strong>Joab</strong></span> <span class='ocrx_word' id='word_1_482' title='bbox 2375 3087 2709 3154; x_wconf 89' lang='lat' dir='ltr'><strong>[h.matrem</strong></span> <span class='ocrx_word' id='word_1_483' title='bbox 2745 3087 2936 3159; x_wconf 85' lang='lat' dir='ltr'><strong>Joab.]</strong></span> <span class='ocrx_word' id='word_1_484' title='bbox 2970 3089 3039 3144; x_wconf 90' lang='lat' dir='ltr'><strong>Et</strong></span> <span class='ocrx_word' id='word_1_485' title='bbox 3066 3093 3516 3145; x_wconf 88' lang='lat' dir='ltr'><strong>castrametatus</strong></span> <span class='ocrx_word' id='word_1_486' title='bbox 3543 3093 3626 3145; x_wconf 90' lang='lat' dir='ltr'><strong>est</strong></span> <span class='ocrx_word' id='word_1_487' title='bbox 3654 3083 3799 3142; x_wconf 82' lang='lat' dir='ltr'><strong>Israel</strong></span> 
     </span>
    </p>
   </div>
   <div class='ocr_carea' id='block_1_32' title="bbox 452 3174 3803 3250">
    <p class='ocr_par' dir='ltr' id='par_1_32' title="bbox 452 3174 3803 3250">
     <span class='ocr_line' id='line_1_32' title="bbox 452 3174 3803 3250; baseline -0.001 -19"><span class='ocrx_word' id='word_1_488' title='bbox 452 3193 569 3232; x_wconf 89' lang='lat' dir='ltr'><strong>non</strong></span> <span class='ocrx_word' id='word_1_489' title='bbox 600 3177 927 3245; x_wconf 88' lang='lat' dir='ltr'><strong>reperiatur</strong></span> <span class='ocrx_word' id='word_1_490' title='bbox 957 3191 1029 3229; x_wconf 91' lang='lat' dir='ltr'><strong>ne</strong></span> <span class='ocrx_word' id='word_1_491' title='bbox 1061 3174 1325 3230; x_wconf 86' lang='lat' dir='ltr'><strong>calculus</strong></span> <span class='ocrx_word' id='word_1_492' title='bbox 1355 3176 1589 3246; x_wconf 84' lang='lat' dir='ltr'><strong>quidem</strong></span> <span class='ocrx_word' id='word_1_493' title='bbox 1625 3195 1691 3234; x_wconf 89' lang='lat' dir='ltr'><strong>ex</strong></span> <span class='ocrx_word' id='word_1_494' title='bbox 1723 3179 2092 3249; x_wconf 66' lang='lat' dir='ltr'><strong>ea.llixit.que</strong></span> <span class='ocrx_word' id='word_1_495' title='bbox 2138 3244 2161 3250; x_wconf 22' lang='grc' dir='ltr'>ζ</span> <span class='ocrx_word' id='word_1_496' title='bbox 2200 3191 2334 3230; x_wconf 90' lang='lat' dir='ltr'><strong>curn</strong></span> <span class='ocrx_word' id='word_1_497' title='bbox 2367 3176 2640 3230; x_wconf 87' lang='lat' dir='ltr'><strong>Absalom</strong></span> <span class='ocrx_word' id='word_1_498' title='bbox 2685 3176 2743 3230; x_wconf 92' lang='lat' dir='ltr'><strong>in</strong></span> <span class='ocrx_word' id='word_1_499' title='bbox 2789 3182 2944 3231; x_wconf 88' lang='lat' dir='ltr'><strong>terra</strong></span> <span class='ocrx_word' id='word_1_500' title='bbox 2989 3176 3230 3233; x_wconf 83' lang='lat' dir='ltr'><strong>Galaad.</strong></span> <span class='ocrx_word' id='word_1_501' title='bbox 3283 3178 3547 3250; x_wconf 89' lang='lat' dir='ltr'><strong>Cumque</strong></span> <span class='ocrx_word' id='word_1_502' title='bbox 3591 3174 3803 3232; x_wconf 79' lang='lat' dir='ltr'><strong>venisset</strong></span> 
     </span>
    </p>
   </div>
   <div class='ocr_carea' id='block_1_33' title="bbox 452 3244 3802 3336">
    <p class='ocr_par' dir='ltr' id='par_1_33' title="bbox 452 3244 3802 3336">
     <span class='ocr_line' id='line_1_33' title="bbox 452 3244 3802 3336; baseline -0.001 -16"><span class='ocrx_word' id='word_1_503' title='bbox 452 3244 753 3320; x_wconf 12' lang='lat' dir='ltr'><strong>Absalorm.</strong></span> <span class='ocrx_word' id='word_1_504' title='bbox 787 3269 844 3316; x_wconf 84' lang='lat' dir='ltr'><strong>et</strong></span> <span class='ocrx_word' id='word_1_505' title='bbox 873 3280 1077 3318; x_wconf 85' lang='lat' dir='ltr'><strong>omnes</strong></span> <span class='ocrx_word' id='word_1_506' title='bbox 1102 3265 1208 3318; x_wconf 92' lang='lat' dir='ltr'><strong>viri</strong></span> <span class='ocrx_word' id='word_1_507' title='bbox 1241 3265 1262 3299; x_wconf 77' lang='lat'>&#39;</span> <span class='ocrx_word' id='word_1_508' title='bbox 1296 3244 1470 3321; x_wconf 69' lang='lat' dir='ltr'><strong>Israel</strong></span> <span class='ocrx_word' id='word_1_509' title='bbox 1507 3282 1518 3321; x_wconf 91' lang='lat'><strong>:</strong></span> <span class='ocrx_word' id='word_1_510' title='bbox 1555 3267 1758 3321; x_wconf 84' lang='lat' dir='ltr'><strong>Melius</strong></span> <span class='ocrx_word' id='word_1_511' title='bbox 1789 3273 1876 3322; x_wconf 84' lang='lat' dir='ltr'><strong>est</strong></span> <span class='ocrx_word' id='word_1_512' title='bbox 1907 3244 2090 3324; x_wconf 78' lang='lat' dir='ltr'><strong>consi-</strong></span> <span class='ocrx_word' id='word_1_513' title='bbox 2123 3244 2166 3309; x_wconf 65' lang='grc' dir='ltr'><strong>Ο</strong></span> <span class='ocrx_word' id='word_1_514' title='bbox 2207 3265 2379 3318; x_wconf 86' lang='lat' dir='ltr'><strong>David</strong></span> <span class='ocrx_word' id='word_1_515' title='bbox 2416 3265 2473 3319; x_wconf 89' lang='lat' dir='ltr'><strong>in</strong></span> <span class='ocrx_word' id='word_1_516' title='bbox 2507 3264 2708 3319; x_wconf 82' lang='lat' dir='ltr'><strong>Castra</strong></span> <span class='ocrx_word' id='word_1_517' title='bbox 2739 3265 2822 3336; x_wconf 91' lang='lat' dir='ltr'><strong>[h.</strong></span> <span class='ocrx_word' id='word_1_518' title='bbox 2855 3265 3200 3334; x_wconf 85' lang='lat' dir='ltr'><strong>Mahnaim],</strong></span> <span class='ocrx_word' id='word_1_519' title='bbox 3230 3267 3367 3322; x_wconf 87' lang='lat' dir='ltr'><strong>Sobi</strong></span> <span class='ocrx_word' id='word_1_520' title='bbox 3410 3244 3565 3323; x_wconf 82' lang='lat' dir='ltr'><strong>ﬁlius</strong></span> <span class='ocrx_word' id='word_1_521' title='bbox 3589 3265 3723 3321; x_wconf 83' lang='lat' dir='ltr'><strong>Naas</strong></span> <span class='ocrx_word' id='word_1_522' title='bbox 3746 3262 3802 3317; x_wconf 86' lang='lat' dir='ltr'><strong>de</strong></span> 
     </span>
    </p>
   </div>
   <div class='ocr_carea' id='block_1_34' title="bbox 451 3349 3800 3426">
    <p class='ocr_par' dir='ltr' id='par_1_34' title="bbox 451 3349 3800 3426">
     <span class='ocr_line' id='line_1_34' title="bbox 451 3349 3800 3426; baseline -0.001 -18"><span class='ocrx_word' id='word_1_523' title='bbox 451 3353 596 3409; x_wconf 91' lang='lat' dir='ltr'><strong>lium</strong></span> <span class='ocrx_word' id='word_1_524' title='bbox 645 3351 824 3406; x_wconf 83' lang='lat' dir='ltr'><strong>Husai</strong></span> <span class='ocrx_word' id='word_1_525' title='bbox 879 3351 1157 3406; x_wconf 68' lang='lat' dir='ltr'><strong>.tracbitte</strong></span> <span class='ocrx_word' id='word_1_526' title='bbox 1198 3353 1446 3408; x_wconf 86' lang='lat' dir='ltr'><strong>consitio</strong></span> <span class='ocrx_word' id='word_1_527' title='bbox 1486 3354 1822 3426; x_wconf 85' lang='lat' dir='ltr'><strong>Ahitnphel.</strong></span> <span class='ocrx_word' id='word_1_528' title='bbox 1866 3355 2096 3411; x_wconf 88' lang='lat' dir='ltr'><strong>Domini</strong></span> <span class='ocrx_word' id='word_1_529' title='bbox 2209 3354 2468 3409; x_wconf 84' lang='lat' dir='ltr'><strong>Rabbath</strong></span> <span class='ocrx_word' id='word_1_530' title='bbox 2503 3353 2756 3408; x_wconf 80' lang='lat' dir='ltr'><strong>ﬁliorum</strong></span> <span class='ocrx_word' id='word_1_531' title='bbox 2793 3360 3130 3416; x_wconf 84' lang='lat' dir='ltr'><strong>Ammon,et</strong></span> <span class='ocrx_word' id='word_1_532' title='bbox 3160 3356 3386 3412; x_wconf 83' lang='lat' dir='ltr'><strong>Machir</strong></span> <span class='ocrx_word' id='word_1_533' title='bbox 3413 3355 3563 3412; x_wconf 76' lang='lat' dir='ltr'><strong>illius</strong></span> <span class='ocrx_word' id='word_1_534' title='bbox 3590 3349 3800 3410; x_wconf 82' lang='lat' dir='ltr'><strong>Ammiel</strong></span> 
     </span>
    </p>
   </div>
   <div class='ocr_carea' id='block_1_35' title="bbox 455 3439 3804 3515">
    <p class='ocr_par' dir='ltr' id='par_1_35' title="bbox 455 3439 3804 3515">
     <span class='ocr_line' id='line_1_35' title="bbox 455 3439 3804 3515; baseline -0.001 -17"><span class='ocrx_word' id='word_1_535' title='bbox 455 3448 650 3498; x_wconf 84' lang='lat' dir='ltr'><strong>autem</strong></span> <span class='ocrx_word' id='word_1_536' title='bbox 681 3441 1191 3510; x_wconf 88' lang='lat' dir='ltr'><strong>nutndissipatum</strong></span> <span class='ocrx_word' id='word_1_537' title='bbox 1207 3447 1297 3495; x_wconf 85' lang='lat' dir='ltr'><strong>est</strong></span> <span class='ocrx_word' id='word_1_538' title='bbox 1325 3442 1636 3498; x_wconf 85' lang='lat' dir='ltr'><strong>consilium</strong></span> <span class='ocrx_word' id='word_1_539' title='bbox 1660 3443 2099 3515; x_wconf 78' lang='lat' dir='ltr'><strong>AhitOpheluti-</strong></span> <span class='ocrx_word' id='word_1_540' title='bbox 2207 3443 2278 3497; x_wconf 91' lang='lat' dir='ltr'><strong>de</strong></span> <span class='ocrx_word' id='word_1_541' title='bbox 2331 3443 2616 3508; x_wconf 86' lang='lat' dir='ltr'><strong>Lodabar,</strong></span> <span class='ocrx_word' id='word_1_542' title='bbox 2665 3447 2723 3497; x_wconf 91' lang='lat' dir='ltr'><strong>et</strong></span> <span class='ocrx_word' id='word_1_543' title='bbox 2769 3443 3040 3499; x_wconf 88' lang='lat' dir='ltr'><strong>Berzellai</strong></span> <span class='ocrx_word' id='word_1_544' title='bbox 3096 3443 3436 3501; x_wconf 85' lang='lat' dir='ltr'><strong>Galaadites</strong></span> <span class='ocrx_word' id='word_1_545' title='bbox 3467 3446 3537 3501; x_wconf 91' lang='lat' dir='ltr'><strong>de</strong></span> <span class='ocrx_word' id='word_1_546' title='bbox 3565 3439 3804 3512; x_wconf 73' lang='lat' dir='ltr'><strong>Rogelim,</strong></span> 
     </span>
    </p>
   </div>
   <div class='ocr_carea' id='block_1_36' title="bbox 455 3529 3803 3603">
    <p class='ocr_par' dir='ltr' id='par_1_36' title="bbox 455 3529 3803 3603">
     <span class='ocr_line' id='line_1_36' title="bbox 455 3529 3803 3603; baseline -0.001 -18"><span class='ocrx_word' id='word_1_547' title='bbox 455 3530 530 3593; x_wconf 91' lang='lat' dir='ltr'><strong>le,</strong></span> <span class='ocrx_word' id='word_1_548' title='bbox 561 3537 624 3583; x_wconf 92' lang='lat' dir='ltr'><strong>ut</strong></span> <span class='ocrx_word' id='word_1_549' title='bbox 653 3530 960 3584; x_wconf 84' lang='lat' dir='ltr'><strong>induceret</strong></span> <span class='ocrx_word' id='word_1_550' title='bbox 990 3529 1276 3584; x_wconf 81' lang='lat' dir='ltr'><strong>Dominus</strong></span> <span class='ocrx_word' id='word_1_551' title='bbox 1325 3547 1503 3601; x_wconf 89' lang='lat' dir='ltr'><strong>super</strong></span> <span class='ocrx_word' id='word_1_552' title='bbox 1543 3532 1814 3588; x_wconf 80' lang='lat' dir='ltr'><strong>Absalom</strong></span> <span class='ocrx_word' id='word_1_553' title='bbox 1852 3533 2096 3589; x_wconf 86' lang='lat' dir='ltr'><strong>malum.</strong></span> <span class='ocrx_word' id='word_1_554' title='bbox 2205 3531 2546 3586; x_wconf 84' lang='lat' dir='ltr'><strong>obtulerunt</strong></span> <span class='ocrx_word' id='word_1_555' title='bbox 2571 3531 2619 3585; x_wconf 92' lang='lat' dir='ltr'><strong>ei</strong></span> <span class='ocrx_word' id='word_1_556' title='bbox 2653 3531 2950 3595; x_wconf 76' lang='lat' dir='ltr'><strong>stratoris,</strong></span> <span class='ocrx_word' id='word_1_557' title='bbox 2983 3537 3038 3586; x_wconf 90' lang='lat' dir='ltr'><strong>et</strong></span> <span class='ocrx_word' id='word_1_558' title='bbox 3069 3533 3314 3603; x_wconf 77' lang='lat' dir='ltr'><strong>tapetis.</strong></span> <span class='ocrx_word' id='word_1_559' title='bbox 3370 3538 3429 3589; x_wconf 89' lang='lat' dir='ltr'><strong>et</strong></span> <span class='ocrx_word' id='word_1_560' title='bbox 3456 3549 3588 3589; x_wconf 87' lang='lat' dir='ltr'><strong>vasa</strong></span> <span class='ocrx_word' id='word_1_561' title='bbox 3615 3529 3803 3592; x_wconf 84' lang='lat' dir='ltr'><strong>ﬁctilia,</strong></span> 
     </span>
    </p>
   </div>
   <div class='ocr_carea' id='block_1_37' title="bbox 458 3619 3805 3694">
    <p class='ocr_par' dir='ltr' id='par_1_37' title="bbox 458 3619 3805 3694">
     <span class='ocr_line' id='line_1_37' title="bbox 458 3619 3805 3694; baseline 0 -21"><span class='ocrx_word' id='word_1_562' title='bbox 458 3624 526 3674; x_wconf 89' lang='lat' dir='ltr'><strong>Et</strong></span> <span class='ocrx_word' id='word_1_563' title='bbox 555 3621 638 3674; x_wconf 92' lang='lat' dir='ltr'><strong>ait</strong></span> <span class='ocrx_word' id='word_1_564' title='bbox 669 3619 844 3673; x_wconf 83' lang='lat' dir='ltr'><strong>Husai</strong></span> <span class='ocrx_word' id='word_1_565' title='bbox 872 3619 1054 3673; x_wconf 91' lang='lat' dir='ltr'><strong>Sadoc</strong></span> <span class='ocrx_word' id='word_1_566' title='bbox 1083 3623 1142 3673; x_wconf 91' lang='lat' dir='ltr'><strong>et</strong></span> <span class='ocrx_word' id='word_1_567' title='bbox 1173 3619 1458 3674; x_wconf 86' lang='lat' dir='ltr'><strong>Abiathar</strong></span> <span class='ocrx_word' id='word_1_568' title='bbox 1503 3621 1907 3676; x_wconf 79' lang='lat' dir='ltr'><strong>sacerdotibus</strong></span> <span class='ocrx_word' id='word_1_569' title='bbox 1939 3639 1953 3676; x_wconf 90' lang='lat'><strong>:</strong></span> <span class='ocrx_word' id='word_1_570' title='bbox 1981 3623 2098 3678; x_wconf 89' lang='lat' dir='ltr'><strong>Hoc</strong></span> <span class='ocrx_word' id='word_1_571' title='bbox 2205 3619 2591 3683; x_wconf 79' lang='lat' dir='ltr'><strong>frumentum,</strong></span> <span class='ocrx_word' id='word_1_572' title='bbox 2624 3625 2680 3674; x_wconf 90' lang='lat' dir='ltr'><strong>et</strong></span> <span class='ocrx_word' id='word_1_573' title='bbox 2711 3619 3019 3688; x_wconf 86' lang='lat' dir='ltr'><strong>hordeum,</strong></span> <span class='ocrx_word' id='word_1_574' title='bbox 3051 3625 3111 3676; x_wconf 88' lang='lat' dir='ltr'><strong>et</strong></span> <span class='ocrx_word' id='word_1_575' title='bbox 3140 3621 3422 3687; x_wconf 84' lang='lat' dir='ltr'><strong>farinam,</strong></span> <span class='ocrx_word' id='word_1_576' title='bbox 3452 3627 3509 3678; x_wconf 87' lang='lat' dir='ltr'><strong>et</strong></span> <span class='ocrx_word' id='word_1_577' title='bbox 3535 3619 3805 3694; x_wconf 83' lang='lat' dir='ltr'><strong>polentam,</strong></span> 
     </span>
    </p>
   </div>
   <div class='ocr_carea' id='block_1_38' title="bbox 457 3706 3805 3781">
    <p class='ocr_par' dir='ltr' id='par_1_38' title="bbox 457 3706 3805 3781">
     <span class='ocr_line' id='line_1_38' title="bbox 457 3706 3805 3781; baseline -0.001 -18"><span class='ocrx_word' id='word_1_578' title='bbox 457 3711 515 3763; x_wconf 89' lang='lat' dir='ltr'><strong>et</strong></span> <span class='ocrx_word' id='word_1_579' title='bbox 545 3707 651 3763; x_wconf 89' lang='lat' dir='ltr'><strong>hoc</strong></span> <span class='ocrx_word' id='word_1_580' title='bbox 681 3708 852 3762; x_wconf 91' lang='lat' dir='ltr'><strong>modo</strong></span> <span class='ocrx_word' id='word_1_581' title='bbox 882 3707 1192 3762; x_wconf 89' lang='lat' dir='ltr'><strong>consilium</strong></span> <span class='ocrx_word' id='word_1_582' title='bbox 1242 3707 1403 3764; x_wconf 88' lang='lat' dir='ltr'><strong>dedit</strong></span> <span class='ocrx_word' id='word_1_583' title='bbox 1446 3708 1747 3781; x_wconf 78' lang='lat' dir='ltr'><strong>Abitophel</strong></span> <span class='ocrx_word' id='word_1_584' title='bbox 1800 3709 2096 3780; x_wconf 78' lang='lat' dir='ltr'><strong>Absalom,</strong></span> <span class='ocrx_word' id='word_1_585' title='bbox 2206 3712 2264 3762; x_wconf 88' lang='lat' dir='ltr'><strong>et</strong></span> <span class='ocrx_word' id='word_1_586' title='bbox 2295 3707 2508 3775; x_wconf 87' lang='lat' dir='ltr'><strong>fabam,</strong></span> <span class='ocrx_word' id='word_1_587' title='bbox 2539 3713 2596 3764; x_wconf 92' lang='lat' dir='ltr'><strong>et</strong></span> <span class='ocrx_word' id='word_1_588' title='bbox 2638 3707 2876 3778; x_wconf 85' lang='lat' dir='ltr'><strong>lentem,</strong></span> <span class='ocrx_word' id='word_1_589' title='bbox 2926 3708 3142 3764; x_wconf 79' lang='lat' dir='ltr'><strong>frixum</strong></span> <span class='ocrx_word' id='word_1_590' title='bbox 3193 3709 3350 3765; x_wconf 88' lang='lat' dir='ltr'><strong>cicer</strong></span> <span class='ocrx_word' id='word_1_591' title='bbox 3395 3710 3476 3778; x_wconf 88' lang='lat' dir='ltr'><strong>[h.</strong></span> <span class='ocrx_word' id='word_1_592' title='bbox 3511 3725 3616 3764; x_wconf 92' lang='lat' dir='ltr'><strong>non</strong></span> <span class='ocrx_word' id='word_1_593' title='bbox 3646 3706 3805 3770; x_wconf 86' lang='lat' dir='ltr'><strong>habet,</strong></span> 
     </span>
    </p>
   </div>
   <div class='ocr_carea' id='block_1_39' title="bbox 457 3796 3804 3871">
    <p class='ocr_par' dir='ltr' id='par_1_39' title="bbox 457 3796 3804 3871">
     <span class='ocr_line' id='line_1_39' title="bbox 457 3796 3804 3871; baseline -0.002 -18"><span class='ocrx_word' id='word_1_594' title='bbox 457 3801 516 3854; x_wconf 87' lang='lat' dir='ltr'><strong>et</strong></span> <span class='ocrx_word' id='word_1_595' title='bbox 535 3796 870 3853; x_wconf 90' lang='lat' dir='ltr'><strong>senioribus</strong></span> <span class='ocrx_word' id='word_1_596' title='bbox 899 3797 1063 3864; x_wconf 90' lang='lat' dir='ltr'><strong>Isral,</strong></span> <span class='ocrx_word' id='word_1_597' title='bbox 1093 3803 1151 3854; x_wconf 91' lang='lat' dir='ltr'><strong>et</strong></span> <span class='ocrx_word' id='word_1_598' title='bbox 1179 3815 1285 3871; x_wconf 84' lang='lat' dir='ltr'><strong>ego</strong></span> <span class='ocrx_word' id='word_1_599' title='bbox 1330 3799 1444 3854; x_wconf 91' lang='lat' dir='ltr'><strong>tale</strong></span> <span class='ocrx_word' id='word_1_600' title='bbox 1473 3805 1531 3854; x_wconf 93' lang='lat' dir='ltr'><strong>et</strong></span> <span class='ocrx_word' id='word_1_601' title='bbox 1577 3798 1692 3855; x_wconf 91' lang='lat' dir='ltr'><strong>tale</strong></span> <span class='ocrx_word' id='word_1_602' title='bbox 1741 3799 1876 3855; x_wconf 91' lang='lat' dir='ltr'><strong>dedi</strong></span> <span class='ocrx_word' id='word_1_603' title='bbox 1905 3800 2099 3856; x_wconf 91' lang='lat' dir='ltr'><strong>consi-</strong></span> <span class='ocrx_word' id='word_1_604' title='bbox 2209 3797 2422 3852; x_wconf 83' lang='lat' dir='ltr'><strong>frixum</strong></span> <span class='ocrx_word' id='word_1_605' title='bbox 2456 3797 2629 3862; x_wconf 88' lang='lat' dir='ltr'><strong>cicer,</strong></span> <span class='ocrx_word' id='word_1_606' title='bbox 2661 3797 2763 3853; x_wconf 88' lang='lat' dir='ltr'><strong>sed</strong></span> <span class='ocrx_word' id='word_1_607' title='bbox 2797 3797 3136 3871; x_wconf 87' lang='lat' dir='ltr'><strong>polentam],</strong></span> <span class='ocrx_word' id='word_1_608' title='bbox 3188 3803 3248 3855; x_wconf 86' lang='lat' dir='ltr'><strong>et</strong></span> <span class='ocrx_word' id='word_1_609' title='bbox 3291 3798 3432 3864; x_wconf 86' lang='lat' dir='ltr'><strong>mel,</strong></span> <span class='ocrx_word' id='word_1_610' title='bbox 3463 3803 3521 3854; x_wconf 90' lang='lat' dir='ltr'><strong>et</strong></span> <span class='ocrx_word' id='word_1_611' title='bbox 3548 3798 3804 3868; x_wconf 84' lang='lat' dir='ltr'><strong>butyrum,</strong></span> 
     </span>
    </p>
   </div>
   <div class='ocr_carea' id='block_1_40' title="bbox 457 3883 3803 3958">
    <p class='ocr_par' dir='ltr' id='par_1_40' title="bbox 457 3883 3803 3958">
     <span class='ocr_line' id='line_1_40' title="bbox 457 3883 3803 3958; baseline -0.001 -19"><span class='ocrx_word' id='word_1_612' title='bbox 457 3883 628 3940; x_wconf 87' lang='lat' dir='ltr'><strong>lium.</strong></span> <span class='ocrx_word' id='word_1_613' title='bbox 661 3885 829 3941; x_wconf 92' lang='lat' dir='ltr'><strong>Nunc</strong></span> <span class='ocrx_word' id='word_1_614' title='bbox 854 3903 990 3958; x_wconf 81' lang='lat' dir='ltr'><strong>ergo</strong></span> <span class='ocrx_word' id='word_1_615' title='bbox 1045 3886 1256 3943; x_wconf 89' lang='lat' dir='ltr'><strong>mittite</strong></span> <span class='ocrx_word' id='word_1_616' title='bbox 1293 3887 1427 3952; x_wconf 92' lang='lat' dir='ltr'><strong>cito,</strong></span> <span class='ocrx_word' id='word_1_617' title='bbox 1473 3892 1530 3944; x_wconf 92' lang='lat' dir='ltr'><strong>et</strong></span> <span class='ocrx_word' id='word_1_618' title='bbox 1576 3890 1843 3943; x_wconf 84' lang='lat' dir='ltr'><strong>nuntiate</strong></span> <span class='ocrx_word' id='word_1_619' title='bbox 1900 3888 2097 3956; x_wconf 81' lang='lat' dir='ltr'><strong>David,</strong></span> <span class='ocrx_word' id='word_1_620' title='bbox 2207 3902 2364 3950; x_wconf 82' lang='lat' dir='ltr'><strong>oves,</strong></span> <span class='ocrx_word' id='word_1_621' title='bbox 2395 3894 2453 3940; x_wconf 91' lang='lat' dir='ltr'><strong>et</strong></span> <span class='ocrx_word' id='word_1_622' title='bbox 2486 3885 2732 3954; x_wconf 71' lang='lat' dir='ltr'><strong>pingues</strong></span> <span class='ocrx_word' id='word_1_623' title='bbox 2763 3885 3435 3957; x_wconf 88' lang='lat' dir='ltr'><strong>vitulos.Dederuutque</strong></span> <span class='ocrx_word' id='word_1_624' title='bbox 3464 3886 3803 3951; x_wconf 81' lang='lat' dir='ltr'><strong>David.etpo-</strong></span> 
     </span>
    </p>
   </div>
   <div class='ocr_carea' id='block_1_41' title="bbox 459 3965 3803 4046">
    <p class='ocr_par' dir='ltr' id='par_1_41' title="bbox 459 3965 3803 4046">
     <span class='ocr_line' id='line_1_41' title="bbox 459 3965 3803 4046; baseline 0.003 -19"><span class='ocrx_word' id='word_1_625' title='bbox 459 3971 770 4028; x_wconf 90' lang='lat' dir='ltr'><strong>dicentes:</strong></span> <span class='ocrx_word' id='word_1_626' title='bbox 804 3974 884 4030; x_wconf 91' lang='lat' dir='ltr'><strong>Ne</strong></span> <span class='ocrx_word' id='word_1_627' title='bbox 915 3977 1222 4030; x_wconf 86' lang='lat' dir='ltr'><strong>moremini</strong></span> <span class='ocrx_word' id='word_1_628' title='bbox 1273 3975 1352 4041; x_wconf 88' lang='lat' dir='ltr'><strong>[h.</strong></span> <span class='ocrx_word' id='word_1_629' title='bbox 1404 3981 1485 4029; x_wconf 84' lang='lat' dir='ltr'><strong>Ne</strong></span> <span class='ocrx_word' id='word_1_630' title='bbox 1537 3977 1900 4046; x_wconf 86' lang='lat' dir='ltr'><strong>permaneas]</strong></span> <span class='ocrx_word' id='word_1_631' title='bbox 1933 3979 2101 4032; x_wconf 89' lang='lat' dir='ltr'><strong>nocte</strong></span> <span class='ocrx_word' id='word_1_632' title='bbox 2208 3974 2344 4044; x_wconf 87' lang='lat' dir='ltr'><strong>pulo</strong></span> <span class='ocrx_word' id='word_1_633' title='bbox 2376 3975 2640 4044; x_wconf 89' lang='lat' dir='ltr'><strong>quicum</strong></span> <span class='ocrx_word' id='word_1_634' title='bbox 2683 3991 2749 4029; x_wconf 88' lang='lat' dir='ltr'><strong>eo</strong></span> <span class='ocrx_word' id='word_1_635' title='bbox 2799 3978 2942 4040; x_wconf 82' lang='lat' dir='ltr'><strong>erat,</strong></span> <span class='ocrx_word' id='word_1_636' title='bbox 2993 3975 3065 4028; x_wconf 92' lang='lat' dir='ltr'><strong>ad</strong></span> <span class='ocrx_word' id='word_1_637' title='bbox 3115 3976 3515 4040; x_wconf 83' lang='lat' dir='ltr'><strong>vescendum;</strong></span> <span class='ocrx_word' id='word_1_638' title='bbox 3562 3965 3803 4042; x_wconf 69' lang='grc' dir='ltr'><strong>δυερίοιιί</strong></span> 
     </span>
    </p>
   </div>
   <div class='ocr_carea' id='block_1_42' title="bbox 457 4060 3807 4138">
    <p class='ocr_par' dir='ltr' id='par_1_42' title="bbox 457 4060 3807 4138">
     <span class='ocr_line' id='line_1_42' title="bbox 457 4060 3807 4138; baseline -0.001 -21"><span class='ocrx_word' id='word_1_639' title='bbox 457 4060 566 4117; x_wconf 87' lang='lat' dir='ltr'><strong>hac</strong></span> <span class='ocrx_word' id='word_1_640' title='bbox 599 4063 655 4116; x_wconf 90' lang='lat' dir='ltr'><strong>in</strong></span> <span class='ocrx_word' id='word_1_641' title='bbox 689 4063 1118 4134; x_wconf 89' lang='lat' dir='ltr'><strong>campestribus</strong></span> <span class='ocrx_word' id='word_1_642' title='bbox 1144 4065 1382 4123; x_wconf 86' lang='lat' dir='ltr'><strong>deserti.</strong></span> <span class='ocrx_word' id='word_1_643' title='bbox 1417 4065 1514 4120; x_wconf 84' lang='lat' dir='ltr'><strong>sed</strong></span> <span class='ocrx_word' id='word_1_644' title='bbox 1549 4065 1774 4137; x_wconf 82' lang='lat' dir='ltr'><strong>absque</strong></span> <span class='ocrx_word' id='word_1_645' title='bbox 1821 4064 2102 4121; x_wconf 88' lang='lat' dir='ltr'><strong>dilatione</strong></span> <span class='ocrx_word' id='word_1_646' title='bbox 2207 4064 2360 4118; x_wconf 81' lang='lat' dir='ltr'><strong>enim</strong></span> <span class='ocrx_word' id='word_1_647' title='bbox 2395 4069 2530 4118; x_wconf 85' lang='lat' dir='ltr'><strong>sunt</strong></span> <span class='ocrx_word' id='word_1_648' title='bbox 2564 4061 2846 4135; x_wconf 88' lang='lat' dir='ltr'><strong>populum</strong></span> <span class='ocrx_word' id='word_1_649' title='bbox 2869 4063 3022 4119; x_wconf 87' lang='lat' dir='ltr'><strong>fame</strong></span> <span class='ocrx_word' id='word_1_650' title='bbox 3051 4065 3105 4120; x_wconf 91' lang='lat' dir='ltr'><strong>et</strong></span> <span class='ocrx_word' id='word_1_651' title='bbox 3129 4063 3221 4119; x_wconf 83' lang='lat' dir='ltr'><strong>siti</strong></span> <span class='ocrx_word' id='word_1_652' title='bbox 3253 4063 3488 4138; x_wconf 80' lang='lat' dir='ltr'><strong>fatigari</strong></span> <span class='ocrx_word' id='word_1_653' title='bbox 3517 4063 3574 4118; x_wconf 91' lang='lat' dir='ltr'><strong>in</strong></span> <span class='ocrx_word' id='word_1_654' title='bbox 3595 4061 3807 4117; x_wconf 83' lang='lat' dir='ltr'><strong>deserto.</strong></span> 
     </span>
    </p>
   </div>
   <div class='ocr_carea' id='block_1_43' title="bbox 455 4144 3806 4225">
    <p class='ocr_par' dir='ltr' id='par_1_43' title="bbox 455 4144 3806 4225">
     <span class='ocr_line' id='line_1_43' title="bbox 455 4144 3806 4225; baseline -0 -20"><span class='ocrx_word' id='word_1_655' title='bbox 455 4153 902 4223; x_wconf 84' lang='lat' dir='ltr'><strong>transgredere;</strong></span> <span class='ocrx_word' id='word_1_656' title='bbox 938 4170 1008 4208; x_wconf 91' lang='lat' dir='ltr'><strong>ne</strong></span> <span class='ocrx_word' id='word_1_657' title='bbox 1039 4153 1184 4209; x_wconf 78' lang='lat' dir='ltr'><strong>forte</strong></span> <span class='ocrx_word' id='word_1_658' title='bbox 1232 4153 1617 4210; x_wconf 80' lang='lat' dir='ltr'><strong>absorbeatur</strong></span> <span class='ocrx_word' id='word_1_659' title='bbox 1655 4171 1774 4221; x_wconf 85' lang='lat' dir='ltr'><strong>rex,</strong></span> <span class='ocrx_word' id='word_1_660' title='bbox 1809 4158 1865 4210; x_wconf 89' lang='lat' dir='ltr'><strong>et</strong></span> <span class='ocrx_word' id='word_1_661' title='bbox 1911 4152 2102 4210; x_wconf 77' lang='lat' dir='ltr'><strong>omnis</strong></span> <span class='ocrx_word' id='word_1_662' title='bbox 2278 4153 2363 4222; x_wconf 90' lang='grc' dir='ltr'><strong>[Τ.</strong></span> <span class='ocrx_word' id='word_1_663' title='bbox 2397 4152 2603 4218; x_wconf 78' lang='lat' dir='ltr'><strong>CXXII,</strong></span> <span class='ocrx_word' id='word_1_664' title='bbox 2659 4157 2798 4223; x_wconf 62' lang='grc' dir='ltr'><strong>(ξαρ.</strong></span> <span class='ocrx_word' id='word_1_665' title='bbox 2851 4151 3079 4223; x_wconf 80' lang='lat' dir='ltr'><strong>XVIII.]</strong></span> <span class='ocrx_word' id='word_1_666' title='bbox 3133 4151 3322 4225; x_wconf 81' lang='lat' dir='ltr'><strong>Igitur</strong></span> <span class='ocrx_word' id='word_1_667' title='bbox 3373 4151 3716 4209; x_wconf 86' lang='lat' dir='ltr'><strong>considerato</strong></span> <span class='ocrx_word' id='word_1_668' title='bbox 3742 4144 3806 4215; x_wconf 69' lang='lat' dir='ltr'><strong>(b.</strong></span> 
     </span>
    </p>
   </div>
   <div class='ocr_carea' id='block_1_44' title="bbox 457 4240 3810 4312">
    <p class='ocr_par' dir='ltr' id='par_1_44' title="bbox 457 4240 3810 4312">
     <span class='ocr_line' id='line_1_44' title="bbox 457 4240 3810 4312; baseline -0.002 -18"><span class='ocrx_word' id='word_1_669' title='bbox 457 4241 713 4310; x_wconf 87' lang='lat' dir='ltr'><strong>populus</strong></span> <span class='ocrx_word' id='word_1_670' title='bbox 743 4242 843 4312; x_wconf 89' lang='lat' dir='ltr'><strong>qui</strong></span> <span class='ocrx_word' id='word_1_671' title='bbox 877 4257 1010 4297; x_wconf 90' lang='lat' dir='ltr'><strong>cum</strong></span> <span class='ocrx_word' id='word_1_672' title='bbox 1043 4258 1109 4298; x_wconf 93' lang='lat' dir='ltr'><strong>eo</strong></span> <span class='ocrx_word' id='word_1_673' title='bbox 1141 4250 1252 4312; x_wconf 88' lang='lat' dir='ltr'><strong>est,</strong></span> <span class='ocrx_word' id='word_1_674' title='bbox 1283 4242 1580 4298; x_wconf 84' lang='lat' dir='ltr'><strong>Jonathan</strong></span> <span class='ocrx_word' id='word_1_675' title='bbox 1627 4248 1826 4298; x_wconf 89' lang='lat' dir='ltr'><strong>autem</strong></span> <span class='ocrx_word' id='word_1_676' title='bbox 1876 4248 1934 4297; x_wconf 90' lang='lat' dir='ltr'><strong>et</strong></span> <span class='ocrx_word' id='word_1_677' title='bbox 1971 4242 2100 4297; x_wconf 80' lang='lat' dir='ltr'><strong>Ahi-</strong></span> <span class='ocrx_word' id='word_1_678' title='bbox 2206 4241 2600 4311; x_wconf 87' lang='lat' dir='ltr'><strong>dinumerato)</strong></span> <span class='ocrx_word' id='word_1_679' title='bbox 2631 4241 2808 4296; x_wconf 76' lang='lat' dir='ltr'><strong>David</strong></span> <span class='ocrx_word' id='word_1_680' title='bbox 2845 4240 3056 4312; x_wconf 89' lang='lat' dir='ltr'><strong>populo</strong></span> <span class='ocrx_word' id='word_1_681' title='bbox 3088 4241 3531 4306; x_wconf 89' lang='lat' dir='ltr'><strong>suo,constituit</strong></span> <span class='ocrx_word' id='word_1_682' title='bbox 3557 4248 3810 4308; x_wconf 85' lang='lat' dir='ltr'><strong>supereos</strong></span> 
     </span>
    </p>
   </div>
   <div class='ocr_carea' id='block_1_45' title="bbox 459 4324 3808 4403">
    <p class='ocr_par' dir='ltr' id='par_1_45' title="bbox 459 4324 3808 4403">
     <span class='ocr_line' id='line_1_45' title="bbox 459 4324 3808 4403; baseline -0.002 -18"><span class='ocrx_word' id='word_1_683' title='bbox 459 4346 624 4385; x_wconf 83' lang='lat' dir='ltr'><strong>meas</strong></span> <span class='ocrx_word' id='word_1_684' title='bbox 655 4331 777 4400; x_wconf 71' lang='grc' dir='ltr'><strong>[τηε.</strong></span> <span class='ocrx_word' id='word_1_685' title='bbox 811 4330 1149 4403; x_wconf 81' lang='lat' dir='ltr'><strong>Acbimaas]</strong></span> <span class='ocrx_word' id='word_1_686' title='bbox 1179 4331 1413 4386; x_wconf 89' lang='lat' dir='ltr'><strong>stabant</strong></span> <span class='ocrx_word' id='word_1_687' title='bbox 1436 4333 1605 4401; x_wconf 83' lang='lat' dir='ltr'><strong>juxta</strong></span> <span class='ocrx_word' id='word_1_688' title='bbox 1637 4334 1851 4386; x_wconf 86' lang='lat' dir='ltr'><strong>tentem</strong></span> <span class='ocrx_word' id='word_1_689' title='bbox 1889 4329 2098 4402; x_wconf 80' lang='lat' dir='ltr'><strong>Ragel:</strong></span> <span class='ocrx_word' id='word_1_690' title='bbox 2208 4331 2496 4395; x_wconf 88' lang='lat' dir='ltr'><strong>tribunos,</strong></span> <span class='ocrx_word' id='word_1_691' title='bbox 2532 4336 2589 4384; x_wconf 91' lang='lat' dir='ltr'><strong>et</strong></span> <span class='ocrx_word' id='word_1_692' title='bbox 2618 4331 3014 4390; x_wconf 81' lang='lat' dir='ltr'><strong>centuriones,</strong></span> <span class='ocrx_word' id='word_1_693' title='bbox 3060 4338 3116 4383; x_wconf 88' lang='lat' dir='ltr'><strong>et</strong></span> <span class='ocrx_word' id='word_1_694' title='bbox 3163 4330 3328 4386; x_wconf 83' lang='lat' dir='ltr'><strong>dedit</strong></span> <span class='ocrx_word' id='word_1_695' title='bbox 3371 4327 3565 4401; x_wconf 86' lang='lat' dir='ltr'><strong>pepuli</strong></span> <span class='ocrx_word' id='word_1_696' title='bbox 3613 4324 3808 4380; x_wconf 73' lang='lat' dir='ltr'><strong>tertiam</strong></span> 
     </span>
    </p>
   </div>
   <div class='ocr_carea' id='block_1_46' title="bbox 459 4407 3812 4492">
    <p class='ocr_par' dir='ltr' id='par_1_46' title="bbox 459 4407 3812 4492">
     <span class='ocr_line' id='line_1_46' title="bbox 459 4407 3812 4492; baseline -0.004 -15"><span class='ocrx_word' id='word_1_697' title='bbox 459 4421 604 4477; x_wconf 91' lang='lat' dir='ltr'><strong>abiit</strong></span> <span class='ocrx_word' id='word_1_698' title='bbox 633 4419 848 4475; x_wconf 88' lang='lat' dir='ltr'><strong>ancilla</strong></span> <span class='ocrx_word' id='word_1_699' title='bbox 878 4427 925 4473; x_wconf 91' lang='lat' dir='ltr'><strong>et</strong></span> <span class='ocrx_word' id='word_1_700' title='bbox 963 4421 1257 4475; x_wconf 89' lang='lat' dir='ltr'><strong>nuntiavit</strong></span> <span class='ocrx_word' id='word_1_701' title='bbox 1286 4420 1387 4482; x_wconf 78' lang='lat' dir='ltr'><strong>eis,</strong></span> <span class='ocrx_word' id='word_1_702' title='bbox 1421 4425 1478 4475; x_wconf 89' lang='lat' dir='ltr'><strong>et</strong></span> <span class='ocrx_word' id='word_1_703' title='bbox 1527 4419 1612 4475; x_wconf 89' lang='lat' dir='ltr'><strong>illi</strong></span> <span class='ocrx_word' id='word_1_704' title='bbox 1662 4420 1903 4492; x_wconf 86' lang='lat' dir='ltr'><strong>profecti</strong></span> <span class='ocrx_word' id='word_1_705' title='bbox 1936 4424 2100 4488; x_wconf 88' lang='lat' dir='ltr'><strong>sunt,</strong></span> <span class='ocrx_word' id='word_1_706' title='bbox 2211 4424 2431 4492; x_wconf 85' lang='lat' dir='ltr'><strong>partem</strong></span> <span class='ocrx_word' id='word_1_707' title='bbox 2472 4419 2579 4473; x_wconf 86' lang='lat' dir='ltr'><strong>sub</strong></span> <span class='ocrx_word' id='word_1_708' title='bbox 2631 4434 2808 4473; x_wconf 89' lang='lat' dir='ltr'><strong>manu</strong></span> <span class='ocrx_word' id='word_1_709' title='bbox 2859 4417 3024 4485; x_wconf 83' lang='lat' dir='ltr'><strong>Joab,</strong></span> <span class='ocrx_word' id='word_1_710' title='bbox 3074 4422 3134 4472; x_wconf 90' lang='lat' dir='ltr'><strong>et</strong></span> <span class='ocrx_word' id='word_1_711' title='bbox 3181 4418 3420 4473; x_wconf 88' lang='lat' dir='ltr'><strong>tertiam</strong></span> <span class='ocrx_word' id='word_1_712' title='bbox 3469 4420 3678 4488; x_wconf 89' lang='lat' dir='ltr'><strong>partem</strong></span> <span class='ocrx_word' id='word_1_713' title='bbox 3723 4407 3812 4466; x_wconf 86' lang='lat' dir='ltr'><strong>sub</strong></span> 
     </span>
    </p>
   </div>
   <div class='ocr_carea' id='block_1_47' title="bbox 460 4499 3810 4581">
    <p class='ocr_par' dir='ltr' id='par_1_47' title="bbox 460 4499 3810 4581">
     <span class='ocr_line' id='line_1_47' title="bbox 460 4499 3810 4581; baseline -0.004 -16"><span class='ocrx_word' id='word_1_714' title='bbox 460 4517 524 4565; x_wconf 92' lang='lat' dir='ltr'><strong>ut</strong></span> <span class='ocrx_word' id='word_1_715' title='bbox 557 4509 838 4564; x_wconf 91' lang='lat' dir='ltr'><strong>referrent</strong></span> <span class='ocrx_word' id='word_1_716' title='bbox 867 4509 936 4564; x_wconf 90' lang='lat' dir='ltr'><strong>ad</strong></span> <span class='ocrx_word' id='word_1_717' title='bbox 972 4525 1165 4581; x_wconf 83' lang='lat' dir='ltr'><strong>regem</strong></span> <span class='ocrx_word' id='word_1_718' title='bbox 1217 4508 1387 4566; x_wconf 77' lang='lat' dir='ltr'><strong>David</strong></span> <span class='ocrx_word' id='word_1_719' title='bbox 1444 4509 1712 4564; x_wconf 78' lang='lat' dir='ltr'><strong>nuntium</strong></span> <span class='ocrx_word' id='word_1_720' title='bbox 1751 4526 1762 4564; x_wconf 92' lang='lat'><strong>:</strong></span> <span class='ocrx_word' id='word_1_721' title='bbox 1794 4526 1906 4564; x_wconf 90' lang='lat' dir='ltr'><strong>non</strong></span> <span class='ocrx_word' id='word_1_722' title='bbox 1940 4509 2096 4564; x_wconf 86' lang='lat' dir='ltr'><strong>enim</strong></span> <span class='ocrx_word' id='word_1_723' title='bbox 2210 4524 2386 4563; x_wconf 87' lang='lat' dir='ltr'><strong>manu</strong></span> <span class='ocrx_word' id='word_1_724' title='bbox 2419 4505 2617 4562; x_wconf 79' lang='lat' dir='ltr'><strong>Abizai</strong></span> <span class='ocrx_word' id='word_1_725' title='bbox 2649 4505 2753 4561; x_wconf 77' lang='lat' dir='ltr'><strong>lilii</strong></span> <span class='ocrx_word' id='word_1_726' title='bbox 2793 4505 3005 4562; x_wconf 76' lang='lat' dir='ltr'><strong>Sarvia:</strong></span> <span class='ocrx_word' id='word_1_727' title='bbox 3051 4506 3250 4562; x_wconf 88' lang='lat' dir='ltr'><strong>fratris</strong></span> <span class='ocrx_word' id='word_1_728' title='bbox 3297 4507 3466 4576; x_wconf 87' lang='lat' dir='ltr'><strong>Joab,</strong></span> <span class='ocrx_word' id='word_1_729' title='bbox 3513 4508 3569 4560; x_wconf 90' lang='lat' dir='ltr'><strong>et</strong></span> <span class='ocrx_word' id='word_1_730' title='bbox 3617 4499 3810 4557; x_wconf 81' lang='lat' dir='ltr'><strong>tertiam</strong></span> 
     </span>
    </p>
   </div>
   <div class='ocr_carea' id='block_1_48' title="bbox 459 4583 3812 4672">
    <p class='ocr_par' dir='ltr' id='par_1_48' title="bbox 459 4583 3812 4672">
     <span class='ocr_line' id='line_1_48' title="bbox 459 4583 3812 4672; baseline -0.003 -17"><span class='ocrx_word' id='word_1_731' title='bbox 459 4603 732 4672; x_wconf 82' lang='lat' dir='ltr'><strong>poterant</strong></span> <span class='ocrx_word' id='word_1_732' title='bbox 764 4597 963 4665; x_wconf 91' lang='lat' dir='ltr'><strong>videri,</strong></span> <span class='ocrx_word' id='word_1_733' title='bbox 995 4599 1354 4654; x_wconf 86' lang='lat' dir='ltr'><strong>autiutroirs</strong></span> <span class='ocrx_word' id='word_1_734' title='bbox 1381 4599 1694 4655; x_wconf 82' lang='lat' dir='ltr'><strong>civitatem.</strong></span> <span class='ocrx_word' id='word_1_735' title='bbox 1719 4599 1874 4654; x_wconf 76' lang='lat' dir='ltr'><strong>Vidit</strong></span> <span class='ocrx_word' id='word_1_736' title='bbox 1903 4609 2100 4655; x_wconf 87' lang='lat' dir='ltr'><strong>autem</strong></span> <span class='ocrx_word' id='word_1_737' title='bbox 2132 4605 2182 4668; x_wconf 75' lang='grc' dir='ltr'><strong>Ι)</strong></span> <span class='ocrx_word' id='word_1_738' title='bbox 2214 4603 2434 4669; x_wconf 81' lang='lat' dir='ltr'><strong>partem</strong></span> <span class='ocrx_word' id='word_1_739' title='bbox 2468 4601 2590 4668; x_wconf 60' lang='grc' dir='ltr'><strong>[μηδ.</strong></span> <span class='ocrx_word' id='word_1_740' title='bbox 2645 4600 2789 4651; x_wconf 79' lang='lat' dir='ltr'><strong>Iacet</strong></span> <span class='ocrx_word' id='word_1_741' title='bbox 2837 4596 3085 4666; x_wconf 87' lang='lat' dir='ltr'><strong>partem]</strong></span> <span class='ocrx_word' id='word_1_742' title='bbox 3139 4597 3250 4650; x_wconf 90' lang='lat' dir='ltr'><strong>sub</strong></span> <span class='ocrx_word' id='word_1_743' title='bbox 3300 4611 3479 4651; x_wconf 86' lang='lat' dir='ltr'><strong>manu</strong></span> <span class='ocrx_word' id='word_1_744' title='bbox 3528 4590 3704 4655; x_wconf 85' lang='lat' dir='ltr'><strong>Ethai,</strong></span> <span class='ocrx_word' id='word_1_745' title='bbox 3730 4583 3812 4657; x_wconf 81' lang='lat' dir='ltr'><strong>qui</strong></span> 
     </span>
    </p>
   </div>
   <div class='ocr_carea' id='block_1_49' title="bbox 460 4675 3812 4758">
    <p class='ocr_par' dir='ltr' id='par_1_49' title="bbox 460 4675 3812 4758">
     <span class='ocr_line' id='line_1_49' title="bbox 460 4675 3812 4758; baseline -0.003 -13"><span class='ocrx_word' id='word_1_746' title='bbox 460 4704 561 4745; x_wconf 90' lang='lat' dir='ltr'><strong>eos</strong></span> <span class='ocrx_word' id='word_1_747' title='bbox 590 4687 829 4758; x_wconf 89' lang='lat' dir='ltr'><strong>quidam</strong></span> <span class='ocrx_word' id='word_1_748' title='bbox 863 4703 1024 4756; x_wconf 88' lang='lat' dir='ltr'><strong>puer,</strong></span> <span class='ocrx_word' id='word_1_749' title='bbox 1073 4693 1130 4742; x_wconf 93' lang='lat' dir='ltr'><strong>et</strong></span> <span class='ocrx_word' id='word_1_750' title='bbox 1171 4687 1449 4743; x_wconf 88' lang='lat' dir='ltr'><strong>indicavit</strong></span> <span class='ocrx_word' id='word_1_751' title='bbox 1503 4690 1765 4742; x_wconf 80' lang='lat' dir='ltr'><strong>Absalom</strong></span> <span class='ocrx_word' id='word_1_752' title='bbox 1802 4704 1816 4740; x_wconf 91' lang='lat'><strong>:</strong></span> <span class='ocrx_word' id='word_1_753' title='bbox 1849 4686 1932 4740; x_wconf 88' lang='lat' dir='ltr'><strong>illi</strong></span> <span class='ocrx_word' id='word_1_754' title='bbox 1965 4702 2097 4742; x_wconf 91' lang='lat' dir='ltr'><strong>vero</strong></span> <span class='ocrx_word' id='word_1_755' title='bbox 2206 4693 2332 4744; x_wconf 91' lang='lat' dir='ltr'><strong>erat</strong></span> <span class='ocrx_word' id='word_1_756' title='bbox 2357 4687 2427 4741; x_wconf 87' lang='lat' dir='ltr'><strong>de</strong></span> <span class='ocrx_word' id='word_1_757' title='bbox 2457 4683 2602 4741; x_wconf 86' lang='lat' dir='ltr'><strong>Geth</strong></span> <span class='ocrx_word' id='word_1_758' title='bbox 2629 4701 2643 4751; x_wconf 87' lang='lat'><strong>;</strong></span> <span class='ocrx_word' id='word_1_759' title='bbox 2675 4683 2942 4756; x_wconf 61' lang='lat' dir='ltr'><strong>dixitque</strong></span> <span class='ocrx_word' id='word_1_760' title='bbox 2973 4701 3070 4739; x_wconf 84' lang='lat' dir='ltr'><strong>rex</strong></span> <span class='ocrx_word' id='word_1_761' title='bbox 3103 4684 3174 4739; x_wconf 87' lang='lat' dir='ltr'><strong>ad</strong></span> <span class='ocrx_word' id='word_1_762' title='bbox 3207 4684 3536 4758; x_wconf 89' lang='lat' dir='ltr'><strong>populum:</strong></span> <span class='ocrx_word' id='word_1_763' title='bbox 3572 4675 3812 4751; x_wconf 68' lang='lat' dir='ltr'><strong>Egredill’</strong></span> 
     </span>
    </p>
   </div>
   <div class='ocr_carea' id='block_1_50' title="bbox 533 4891 3807 4972">
    <p class='ocr_par' dir='ltr' id='par_1_50' title="bbox 533 4891 3807 4972">
     <span class='ocr_line' id='line_1_50' title="bbox 533 4891 3807 4972; baseline -0.005 -15"><span class='ocrx_word' id='word_1_764' title='bbox 533 4906 550 4939; x_wconf 79' lang='grc' dir='ltr'>ί</span> <span class='ocrx_word' id='word_1_765' title='bbox 605 4902 878 4957; x_wconf 75' lang='lat' dir='ltr'><strong>Hebraeus</strong></span> <span class='ocrx_word' id='word_1_766' title='bbox 926 4900 1103 4955; x_wconf 88' lang='lat' dir='ltr'><strong>habet</strong></span> <span class='ocrx_word' id='word_1_767' title='bbox 1139 4908 1191 4957; x_wconf 76' lang='lat' dir='ltr'><strong>et</strong></span> <span class='ocrx_word' id='word_1_768' title='bbox 1239 4916 1354 4972; x_wconf 66' lang='grc' dir='ltr'><strong>τρια</strong></span> <span class='ocrx_word' id='word_1_769' title='bbox 1397 4917 1638 4972; x_wconf 79' lang='lat' dir='ltr'><strong>quoque,</strong></span> <span class='ocrx_word' id='word_1_770' title='bbox 1704 4911 1807 4972; x_wconf 14' lang='lat' dir='ltr'><strong>D17</strong></span> <span class='ocrx_word' id='word_1_771' title='bbox 1837 4910 1946 4958; x_wconf 71' lang='lat' dir='ltr'><strong>1m.</strong></span> <span class='ocrx_word' id='word_1_772' title='bbox 1995 4901 2098 4957; x_wconf 88' lang='lat' dir='ltr'><strong>Po-</strong></span> <span class='ocrx_word' id='word_1_773' title='bbox 2209 4899 2324 4954; x_wconf 89' lang='lat' dir='ltr'><strong>alio</strong></span> <span class='ocrx_word' id='word_1_774' title='bbox 2358 4898 2484 4954; x_wconf 82' lang='lat' dir='ltr'><strong>loeo</strong></span> <span class='ocrx_word' id='word_1_775' title='bbox 2519 4897 2776 4972; x_wconf 76' lang='lat' dir='ltr'><strong>punitur,</strong></span> <span class='ocrx_word' id='word_1_776' title='bbox 2805 4912 2978 4972; x_wconf 82' lang='lat' dir='ltr'><strong>quem</strong></span> <span class='ocrx_word' id='word_1_777' title='bbox 3013 4895 3205 4952; x_wconf 87' lang='lat' dir='ltr'><strong>locum</strong></span> <span class='ocrx_word' id='word_1_778' title='bbox 3240 4897 3547 4972; x_wconf 65' lang='lat' dir='ltr'><strong>signiticet.</strong></span> <span class='ocrx_word' id='word_1_779' title='bbox 3584 4918 3603 4942; x_wconf 84' lang='lat'><strong><em>-</em></strong></span> <span class='ocrx_word' id='word_1_780' title='bbox 3641 4891 3707 4947; x_wconf 89' lang='lat' dir='ltr'><strong>De</strong></span> <span class='ocrx_word' id='word_1_781' title='bbox 3730 4901 3807 4968; x_wconf 76' lang='lat' dir='ltr'><strong>e9-</strong></span> 
     </span>
    </p>
   </div>
   <div class='ocr_carea' id='block_1_51' title="bbox 457 4967 3807 5042">
    <p class='ocr_par' dir='ltr' id='par_1_51' title="bbox 457 4967 3807 5042">
     <span class='ocr_line' id='line_1_51' title="bbox 457 4967 3807 5042; baseline -0.004 -13"><span class='ocrx_word' id='word_1_782' title='bbox 457 4990 747 5030; x_wconf 88' lang='lat' dir='ltr'><strong>seremam</strong></span> <span class='ocrx_word' id='word_1_783' title='bbox 781 4973 1047 5028; x_wconf 89' lang='lat' dir='ltr'><strong>voculam</strong></span> <span class='ocrx_word' id='word_1_784' title='bbox 1078 4967 1290 5042; x_wconf 71' lang='lat' dir='ltr'><strong>quoque</strong></span> <span class='ocrx_word' id='word_1_785' title='bbox 1311 4967 1625 5028; x_wconf 80' lang='lat' dir='ltr'><strong>Veronens.</strong></span> <span class='ocrx_word' id='word_1_786' title='bbox 1654 4987 1766 5035; x_wconf 90' lang='lat' dir='ltr'><strong>ms,</strong></span> <span class='ocrx_word' id='word_1_787' title='bbox 1799 4971 1974 5026; x_wconf 81' lang='lat' dir='ltr'><strong>habet</strong></span> <span class='ocrx_word' id='word_1_788' title='bbox 1997 4988 2100 5042; x_wconf 89' lang='lat' dir='ltr'><strong>pro</strong></span> <span class='ocrx_word' id='word_1_789' title='bbox 2208 4973 2340 5026; x_wconf 80' lang='lat' dir='ltr'><strong>dem</strong></span> <span class='ocrx_word' id='word_1_790' title='bbox 2374 4987 2610 5042; x_wconf 81' lang='lat' dir='ltr'><strong>quoque</strong></span> <span class='ocrx_word' id='word_1_791' title='bbox 2635 4967 2760 5023; x_wconf 87' lang='lat' dir='ltr'><strong>loco</strong></span> <span class='ocrx_word' id='word_1_792' title='bbox 2785 4973 2869 5042; x_wconf 70' lang='lat' dir='ltr'><strong>ita</strong></span> <span class='ocrx_word' id='word_1_793' title='bbox 2884 4969 3147 5042; x_wconf 65' lang='lat' dir='ltr'><strong>dia-putat</strong></span> <span class='ocrx_word' id='word_1_794' title='bbox 3176 4972 3361 5042; x_wconf 77' lang='lat' dir='ltr'><strong>lalsus</strong></span> <span class='ocrx_word' id='word_1_795' title='bbox 3383 4967 3807 5042; x_wconf 65' lang='lat' dir='ltr'><strong>Hieronymustn</strong></span> 
     </span>
    </p>
   </div>
   <div class='ocr_carea' id='block_1_52' title="bbox 457 5032 3807 5115">
    <p class='ocr_par' dir='ltr' id='par_1_52' title="bbox 457 5032 3807 5115">
     <span class='ocr_line' id='line_1_52' title="bbox 457 5032 3807 5115; baseline -0.005 -14"><span class='ocrx_word' id='word_1_796' title='bbox 457 5046 592 5115; x_wconf 77' lang='lat' dir='ltr'><strong>ipse.</strong></span> <span class='ocrx_word' id='word_1_797' title='bbox 620 5047 750 5101; x_wconf 79' lang='lat' dir='ltr'><strong>Mox</strong></span> <span class='ocrx_word' id='word_1_798' title='bbox 781 5051 976 5100; x_wconf 85' lang='lat' dir='ltr'><strong>autem</strong></span> <span class='ocrx_word' id='word_1_799' title='bbox 1011 5032 1141 5114; x_wconf 81' lang='lat' dir='ltr'><strong>plus</strong></span> <span class='ocrx_word' id='word_1_800' title='bbox 1190 5032 1365 5100; x_wconf 72' lang='lat' dir='ltr'><strong>habet</strong></span> <span class='ocrx_word' id='word_1_801' title='bbox 1402 5044 1578 5100; x_wconf 75' lang='lat' dir='ltr'><strong>omnis</strong></span> <span class='ocrx_word' id='word_1_802' title='bbox 1631 5032 1866 5115; x_wconf 73' lang='lat' dir='ltr'><strong>populus</strong></span> <span class='ocrx_word' id='word_1_803' title='bbox 1905 5032 2098 5113; x_wconf 61' lang='lat' dir='ltr'><strong>Israel,</strong></span> <span class='ocrx_word' id='word_1_804' title='bbox 2211 5045 2333 5098; x_wconf 87' lang='lat' dir='ltr'><strong>suis</strong></span> <span class='ocrx_word' id='word_1_805' title='bbox 2376 5032 2778 5115; x_wconf 54' lang='lat' dir='ltr'><strong>&#39;i‘radt&#39;lignilgus</strong></span> <span class='ocrx_word' id='word_1_806' title='bbox 2828 5032 3112 5115; x_wconf 46' lang='lat' dir='ltr'><strong>Hebri-lict:</strong></span> <span class='ocrx_word' id='word_1_807' title='bbox 3159 5041 3233 5115; x_wconf 82' lang='lat' dir='ltr'><strong>ad</strong></span> <span class='ocrx_word' id='word_1_808' title='bbox 3263 5039 3478 5115; x_wconf 75' lang='lat' dir='ltr'><strong>librum</strong></span> <span class='ocrx_word' id='word_1_809' title='bbox 3526 5032 3807 5115; x_wconf 70' lang='lat' dir='ltr'><strong>secundum</strong></span> 
     </span>
    </p>
   </div>
   <div class='ocr_carea' id='block_1_53' title="bbox 455 5109 3808 5180">
    <p class='ocr_par' dir='ltr' id='par_1_53' title="bbox 455 5109 3808 5180">
     <span class='ocr_line' id='line_1_53' title="bbox 455 5109 3808 5180; baseline -0.001 -16"><span class='ocrx_word' id='word_1_810' title='bbox 455 5109 563 5175; x_wconf 64' lang='lat' dir='ltr'><strong>elo,</strong></span> <span class='ocrx_word' id='word_1_811' title='bbox 1011 5109 1024 5114; x_wconf 83' lang='grc'><em>’</em></span> <span class='ocrx_word' id='word_1_812' title='bbox 1631 5109 1641 5114; x_wconf 82' lang='grc'><em>’</em></span> <span class='ocrx_word' id='word_1_813' title='bbox 1700 5109 1712 5115; x_wconf 83' lang='grc'><em>’</em></span> <span class='ocrx_word' id='word_1_814' title='bbox 2085 5109 2093 5113; x_wconf 66' lang='grc'>⁷</span> <span class='ocrx_word' id='word_1_815' title='bbox 2210 5122 2428 5180; x_wconf 65' lang='lat' dir='ltr'><strong>Regum</strong></span> <span class='ocrx_word' id='word_1_816' title='bbox 2465 5128 2478 5167; x_wconf 91' lang='lat'><strong>:</strong></span> <span class='ocrx_word' id='word_1_817' title='bbox 2517 5135 2541 5163; x_wconf 76' lang='grc' dir='ltr'><strong>ιι</strong></span> <span class='ocrx_word' id='word_1_818' title='bbox 2576 5111 2754 5167; x_wconf 77' lang='lat' dir='ltr'><strong>David</strong></span> <span class='ocrx_word' id='word_1_819' title='bbox 2779 5110 3384 5180; x_wconf 80' lang='lat' dir='ltr'><strong>autem.inquit,venit</strong></span> <span class='ocrx_word' id='word_1_820' title='bbox 3410 5109 3468 5164; x_wconf 93' lang='lat' dir='ltr'><strong>in</strong></span> <span class='ocrx_word' id='word_1_821' title='bbox 3501 5113 3808 5180; x_wconf 50' lang='lat' dir='ltr'><strong>castraque</strong></span> 
     </span>
    </p>
   </div>
   <div class='ocr_carea' id='block_1_54' title="bbox 529 5130 3808 5261">
    <p class='ocr_par' dir='ltr' id='par_1_54' title="bbox 529 5130 3808 5261">
     <span class='ocr_line' id='line_1_54' title="bbox 529 5130 3808 5227; baseline -0.004 -54"><span class='ocrx_word' id='word_1_822' title='bbox 529 5135 563 5175; x_wconf 64' lang='grc' dir='ltr'><strong>ι.</strong></span> <span class='ocrx_word' id='word_1_823' title='bbox 2210 5130 2287 5168; x_wconf 77' lang='lat' dir='ltr'><strong>ue</strong></span> <span class='ocrx_word' id='word_1_824' title='bbox 2332 5130 2428 5168; x_wconf 81' lang='lat' dir='ltr'><strong>um</strong></span> <span class='ocrx_word' id='word_1_825' title='bbox 2465 5130 2478 5167; x_wconf 89' lang='lat'><strong>:</strong></span> <span class='ocrx_word' id='word_1_826' title='bbox 2517 5135 2541 5163; x_wconf 75' lang='grc' dir='ltr'>α</span> <span class='ocrx_word' id='word_1_827' title='bbox 2576 5130 2754 5167; x_wconf 72' lang='lat' dir='ltr'><strong>uavna</strong></span> <span class='ocrx_word' id='word_1_828' title='bbox 2779 5130 3384 5180; x_wconf 79' lang='lat' dir='ltr'><strong>autem.lnquit,vemt</strong></span> <span class='ocrx_word' id='word_1_829' title='bbox 3410 5130 3468 5164; x_wconf 79' lang='lat' dir='ltr'><strong>in</strong></span> <span class='ocrx_word' id='word_1_830' title='bbox 3501 5130 3808 5227; x_wconf 56' lang='lat' dir='ltr'><strong>Gutruui‘uw</strong></span> 
     </span>
     <span class='ocr_line' id='line_1_55' title="bbox 529 5130 3808 5261; baseline -0.004 -16"><span class='ocrx_word' id='word_1_831' title='bbox 529 5191 548 5224; x_wconf 78' lang='grc'>³</span> <span class='ocrx_word' id='word_1_832' title='bbox 580 5189 688 5246; x_wconf 90' lang='lat' dir='ltr'><strong>Ms.</strong></span> <span class='ocrx_word' id='word_1_833' title='bbox 723 5188 1066 5252; x_wconf 82' lang='lat' dir='ltr'><strong>Veronens.,</strong></span> <span class='ocrx_word' id='word_1_834' title='bbox 1101 5186 1288 5261; x_wconf 69' lang='lat' dir='ltr'><strong>omnis</strong></span> <span class='ocrx_word' id='word_1_835' title='bbox 1316 5190 1428 5261; x_wconf 62' lang='lat' dir='ltr'><strong>vir,</strong></span> <span class='ocrx_word' id='word_1_836' title='bbox 1455 5185 1712 5261; x_wconf 64' lang='lat' dir='ltr'><strong>pressius</strong></span> <span class='ocrx_word' id='word_1_837' title='bbox 1745 5185 2009 5261; x_wconf 53' lang='lat' dir='ltr'><strong>Hebraeo.</strong></span> <span class='ocrx_word' id='word_1_838' title='bbox 2215 5130 2484 5240; x_wconf 43' lang='lat' dir='ltr'><strong>Mutinam</strong></span> <span class='ocrx_word' id='word_1_839' title='bbox 2521 5184 2795 5261; x_wconf 22' lang='lat' dir='ltr'><strong>Illebraice</strong></span> <span class='ocrx_word' id='word_1_840' title='bbox 2828 5181 3128 5261; x_wconf 68' lang='lat' dir='ltr'><strong>leguntur.</strong></span> <span class='ocrx_word' id='word_1_841' title='bbox 3161 5181 3218 5261; x_wconf 81' lang='lat' dir='ltr'><strong>iu</strong></span> <span class='ocrx_word' id='word_1_842' title='bbox 3252 5199 3368 5261; x_wconf 66' lang='lat' dir='ltr'><strong>quo</strong></span> <span class='ocrx_word' id='word_1_843' title='bbox 3400 5180 3522 5261; x_wconf 73' lang='lat' dir='ltr'><strong>loco</strong></span> <span class='ocrx_word' id='word_1_844' title='bbox 3550 5175 3686 5261; x_wconf 67' lang='lat' dir='ltr'><strong>obvii</strong></span> <span class='ocrx_word' id='word_1_845' title='bbox 3731 5186 3808 5261; x_wconf 60' lang='lat'><strong>0::</strong></span> 
     </span>
    </p>
   </div>
   <div class='ocr_carea' id='block_1_55' title="bbox 527 5242 3807 5327">
    <p class='ocr_par' dir='ltr' id='par_1_55' title="bbox 527 5242 3807 5327">
     <span class='ocr_line' id='line_1_56' title="bbox 527 5242 3807 5327; baseline -0.005 -10"><span class='ocrx_word' id='word_1_846' title='bbox 527 5262 548 5296; x_wconf 78' lang='grc'>³</span> <span class='ocrx_word' id='word_1_847' title='bbox 578 5242 901 5317; x_wconf 40' lang='grc' dir='ltr'><strong>Ῐῖτ-υάθυ-ιὸι-</strong></span> <span class='ocrx_word' id='word_1_848' title='bbox 927 5242 937 5244; x_wconf 14' lang='grc' dir='ltr'>ἡ</span> <span class='ocrx_word' id='word_1_849' title='bbox 965 5242 1195 5313; x_wconf 80' lang='lat' dir='ltr'><strong>monuit</strong></span> <span class='ocrx_word' id='word_1_850' title='bbox 1223 5242 1360 5315; x_wconf 78' lang='lat' dir='ltr'><strong>nos</strong></span> <span class='ocrx_word' id='word_1_851' title='bbox 1405 5242 1470 5314; x_wconf 47' lang='lat' dir='ltr'><strong>&#39;Sf</strong></span> <span class='ocrx_word' id='word_1_852' title='bbox 1512 5257 1900 5327; x_wconf 86' lang='lat' dir='ltr'><strong>Hieronymus</strong></span> <span class='ocrx_word' id='word_1_853' title='bbox 1951 5256 2100 5312; x_wconf 93' lang='lat' dir='ltr'><strong>libro</strong></span> <span class='ocrx_word' id='word_1_854' title='bbox 2210 5263 2348 5313; x_wconf 87' lang='lat' dir='ltr'><strong>runt</strong></span> <span class='ocrx_word' id='word_1_855' title='bbox 2377 5253 2566 5327; x_wconf 76' lang='lat' dir='ltr'><strong>angeli</strong></span> <span class='ocrx_word' id='word_1_856' title='bbox 2589 5253 2702 5327; x_wconf 84' lang='lat' dir='ltr'><strong>Dei</strong></span> <span class='ocrx_word' id='word_1_857' title='bbox 2731 5242 2917 5327; x_wconf 60' lang='lat' dir='ltr'><strong>Iacob</strong></span> <span class='ocrx_word' id='word_1_858' title='bbox 2938 5242 3141 5327; x_wconf 66' lang='lat' dir='ltr'><strong>;_sicut</strong></span> <span class='ocrx_word' id='word_1_859' title='bbox 3168 5254 3248 5327; x_wconf 89' lang='lat' dir='ltr'><strong>in_</strong></span> <span class='ocrx_word' id='word_1_860' title='bbox 3273 5242 3476 5327; x_wconf 63' lang='lat' dir='ltr'><strong>Genesi</strong></span> <span class='ocrx_word' id='word_1_861' title='bbox 3507 5250 3732 5327; x_wconf 59' lang='lat' dir='ltr'><strong>legjtut&#39;:</strong></span> <span class='ocrx_word' id='word_1_862' title='bbox 3754 5242 3807 5296; x_wconf 74' lang='lat' dir='ltr'><strong>El</strong></span> 
     </span>
    </p>
   </div>
   <div class='ocr_carea' id='block_1_56' title="bbox 457 5274 3806 5403">
    <p class='ocr_par' dir='ltr' id='par_1_56' title="bbox 457 5274 3806 5403">
     <span class='ocr_line' id='line_1_57' title="bbox 527 5274 3803 5327; baseline -0.005 -10"><span class='ocrx_word' id='word_1_863' title='bbox 527 5274 548 5296; x_wconf 77' lang='grc'>³</span> <span class='ocrx_word' id='word_1_864' title='bbox 578 5274 901 5317; x_wconf 82' lang='lat' dir='ltr'><strong>Prudenter</strong></span> <span class='ocrx_word' id='word_1_865' title='bbox 965 5274 1195 5313; x_wconf 84' lang='lat' dir='ltr'><strong>monmt</strong></span> <span class='ocrx_word' id='word_1_866' title='bbox 1241 5275 1350 5315; x_wconf 91' lang='lat' dir='ltr'><strong>nos</strong></span> <span class='ocrx_word' id='word_1_867' title='bbox 1405 5274 1463 5314; x_wconf 70' lang='grc' dir='ltr'><strong>δ.</strong></span> <span class='ocrx_word' id='word_1_868' title='bbox 1513 5274 1900 5327; x_wconf 77' lang='lat' dir='ltr'><strong>Hieronymus</strong></span> <span class='ocrx_word' id='word_1_869' title='bbox 1951 5274 2100 5312; x_wconf 83' lang='lat' dir='ltr'><strong>ttoro</strong></span> <span class='ocrx_word' id='word_1_870' title='bbox 2210 5274 2348 5313; x_wconf 82' lang='lat' dir='ltr'><strong>runt</strong></span> <span class='ocrx_word' id='word_1_871' title='bbox 2377 5274 2448 5309; x_wconf 91' lang='lat' dir='ltr'><strong>an</strong></span> <span class='ocrx_word' id='word_1_872' title='bbox 2495 5274 2566 5308; x_wconf 84' lang='lat' dir='ltr'><strong>en</strong></span> <span class='ocrx_word' id='word_1_873' title='bbox 2599 5274 2702 5309; x_wconf 81' lang='lat' dir='ltr'><strong>uel</strong></span> <span class='ocrx_word' id='word_1_874' title='bbox 2731 5274 2906 5309; x_wconf 77' lang='lat' dir='ltr'><strong>Jacoo</strong></span> <span class='ocrx_word' id='word_1_875' title='bbox 2938 5274 2951 5319; x_wconf 90' lang='lat'>;</span> <span class='ocrx_word' id='word_1_876' title='bbox 2985 5274 3141 5309; x_wconf 75' lang='lat' dir='ltr'><strong>stent</strong></span> <span class='ocrx_word' id='word_1_877' title='bbox 3168 5274 3228 5308; x_wconf 81' lang='lat' dir='ltr'><strong>1n</strong></span> <span class='ocrx_word' id='word_1_878' title='bbox 3274 5274 3476 5310; x_wconf 70' lang='lat' dir='ltr'><strong>benest</strong></span> <span class='ocrx_word' id='word_1_879' title='bbox 3507 5274 3803 5321; x_wconf 58' lang='lat' dir='ltr'><strong>mgnum:</strong></span> 
     </span>
     <span class='ocr_line' id='line_1_58' title="bbox 457 5274 3806 5403; baseline -0.005 -13"><span class='ocrx_word' id='word_1_880' title='bbox 457 5334 840 5403; x_wconf 56' lang='lat' dir='ltr'><strong>Questionum</strong></span> <span class='ocrx_word' id='word_1_881' title='bbox 907 5329 1298 5403; x_wconf 58' lang='lat' dir='ltr'><strong>Hebraicuruiu</strong></span> <span class='ocrx_word' id='word_1_882' title='bbox 1360 5329 1420 5384; x_wconf 88' lang='lat' dir='ltr'><strong>in</strong></span> <span class='ocrx_word' id='word_1_883' title='bbox 1483 5329 1777 5403; x_wconf 76' lang='lat' dir='ltr'><strong>Genesim,</strong></span> <span class='ocrx_word' id='word_1_884' title='bbox 1837 5345 1991 5399; x_wconf 69' lang='lat' dir='ltr'><strong>saepe</strong></span> <span class='ocrx_word' id='word_1_885' title='bbox 2040 5328 2098 5382; x_wconf 92' lang='lat' dir='ltr'><strong>in</strong></span> <span class='ocrx_word' id='word_1_886' title='bbox 2209 5329 2419 5403; x_wconf 55' lang='lat' dir='ltr'><strong>uocauit</strong></span> <span class='ocrx_word' id='word_1_887' title='bbox 2448 5274 2608 5403; x_wconf 43' lang='lat' dir='ltr'><strong>fago!)</strong></span> <span class='ocrx_word' id='word_1_888' title='bbox 2637 5341 2836 5403; x_wconf 64' lang='lat' dir='ltr'><strong>nomen</strong></span> <span class='ocrx_word' id='word_1_889' title='bbox 2866 5323 2974 5380; x_wconf 75' lang='lat' dir='ltr'><strong>loci</strong></span> <span class='ocrx_word' id='word_1_890' title='bbox 3014 5323 3324 5403; x_wconf 65' lang='lat' dir='ltr'><strong>lahgzaim,</strong></span> <span class='ocrx_word' id='word_1_891' title='bbox 3378 5323 3437 5378; x_wconf 79' lang='lat' dir='ltr'><strong>id</strong></span> <span class='ocrx_word' id='word_1_892' title='bbox 3464 5332 3540 5378; x_wconf 70' lang='lat' dir='ltr'><strong>est</strong></span> <span class='ocrx_word' id='word_1_893' title='bbox 3571 5319 3806 5403; x_wconf 43' lang='lat' dir='ltr'><strong>Castrfo</strong></span> 
     </span>
    </p>
   </div>
   <div class='ocr_carea' id='block_1_57' title="bbox 456 5386 3806 5475">
    <p class='ocr_par' dir='ltr' id='par_1_57' title="bbox 456 5386 3806 5475">
     <span class='ocr_line' id='line_1_59' title="bbox 456 5386 3806 5475; baseline -0.005 -15"><span class='ocrx_word' id='word_1_894' title='bbox 456 5386 1002 5475; x_wconf 18' lang='lat' dir='ltr'><strong>§cvripturainomen</strong></span> <span class='ocrx_word' id='word_1_895' title='bbox 1037 5402 1224 5475; x_wconf 69' lang='lat' dir='ltr'><strong>Castra</strong></span> <span class='ocrx_word' id='word_1_896' title='bbox 1254 5386 1830 5475; x_wconf 78' lang='lat' dir='ltr'><strong>locumsignificare,</strong></span> <span class='ocrx_word' id='word_1_897' title='bbox 1856 5386 1968 5454; x_wconf 58' lang='lat' dir='ltr'><strong>no&#39;n</strong></span> <span class='ocrx_word' id='word_1_898' title='bbox 2003 5413 2100 5455; x_wconf 85' lang='lat' dir='ltr'><strong>ex-</strong></span> <span class='ocrx_word' id='word_1_899' title='bbox 2210 5399 2455 5455; x_wconf 81' lang='lat' dir='ltr'><strong>Pulchre</strong></span> <span class='ocrx_word' id='word_1_900' title='bbox 2510 5397 2690 5467; x_wconf 72' lang='lat' dir='ltr'><strong>igitur</strong></span> <span class='ocrx_word' id='word_1_901' title='bbox 2744 5396 2868 5475; x_wconf 86' lang='lat' dir='ltr'><strong>bic_</strong></span> <span class='ocrx_word' id='word_1_902' title='bbox 2910 5397 3270 5475; x_wconf 65' lang='lat' dir='ltr'><strong>concordant</strong></span> <span class='ocrx_word' id='word_1_903' title='bbox 3313 5386 3484 5475; x_wconf 67' lang='lat' dir='ltr'><strong>vetus</strong></span> <span class='ocrx_word' id='word_1_904' title='bbox 3515 5386 3806 5475; x_wconf 47' lang='lat' dir='ltr'><strong>emisistis</strong></span> 
     </span>
    </p>
   </div>
   <div class='ocr_carea' id='block_1_58' title="bbox 459 5464 3804 5542">
    <p class='ocr_par' dir='ltr' id='par_1_58' title="bbox 459 5464 3804 5542">
     <span class='ocr_line' id='line_1_60' title="bbox 459 5464 3804 5542; baseline -0.005 -9"><span class='ocrx_word' id='word_1_905' title='bbox 459 5464 704 5533; x_wconf 73' lang='lat' dir='ltr'><strong>ercituiri</strong></span> <span class='ocrx_word' id='word_1_906' title='bbox 743 5493 755 5530; x_wconf 89' lang='lat'><strong>:</strong></span> <span class='ocrx_word' id='word_1_907' title='bbox 793 5491 923 5530; x_wconf 89' lang='lat' dir='ltr'><strong>cum</strong></span> <span class='ocrx_word' id='word_1_908' title='bbox 958 5472 1115 5529; x_wconf 90' lang='lat' dir='ltr'><strong>enim</strong></span> <span class='ocrx_word' id='word_1_909' title='bbox 1162 5481 1230 5528; x_wconf 80' lang='lat' dir='ltr'><strong>de</strong></span> <span class='ocrx_word' id='word_1_910' title='bbox 1278 5464 1676 5542; x_wconf 53' lang='lat' dir='ltr'><strong>angelis,&quot;qui</strong></span> <span class='ocrx_word' id='word_1_911' title='bbox 1725 5464 2103 5526; x_wconf 85' lang='lat' dir='ltr'><strong>occurrerunt</strong></span> <span class='ocrx_word' id='word_1_912' title='bbox 2210 5464 2601 5534; x_wconf 78' lang='lat' dir='ltr'><strong>Hieronymus</strong></span> <span class='ocrx_word' id='word_1_913' title='bbox 2623 5485 2754 5524; x_wconf 82' lang='lat' dir='ltr'><strong>eum</strong></span> <span class='ocrx_word' id='word_1_914' title='bbox 2788 5466 3106 5542; x_wconf 80' lang='lat' dir='ltr'><strong>scholiaste</strong></span> <span class='ocrx_word' id='word_1_915' title='bbox 3132 5466 3382 5542; x_wconf 85' lang='lat' dir='ltr'><strong>Canonis</strong></span> <span class='ocrx_word' id='word_1_916' title='bbox 3422 5464 3704 5542; x_wconf 27' lang='lat' dir='ltr'><strong>“Hebraicte</strong></span> <span class='ocrx_word' id='word_1_917' title='bbox 3728 5469 3804 5535; x_wconf 64' lang='lat' dir='ltr'><strong>V9-</strong></span> 
     </span>
    </p>
   </div>
   <div class='ocr_carea' id='block_1_59' title="bbox 460 5534 3803 5611">
    <p class='ocr_par' dir='ltr' id='par_1_59' title="bbox 460 5534 3803 5611">
     <span class='ocr_line' id='line_1_61' title="bbox 460 5534 3803 5611; baseline -0.006 -8"><span class='ocrx_word' id='word_1_918' title='bbox 460 5549 661 5605; x_wconf 82' lang='lat' dir='ltr'><strong>Jacob.</strong></span> <span class='ocrx_word' id='word_1_919' title='bbox 691 5549 1025 5608; x_wconf 86' lang='lat' dir='ltr'><strong>dissereret,</strong></span> <span class='ocrx_word' id='word_1_920' title='bbox 1060 5550 1178 5598; x_wconf 79' lang='lat' dir='ltr'><strong>meo</strong></span> <span class='ocrx_word' id='word_1_921' title='bbox 1223 5562 1257 5597; x_wconf 89' lang='lat' dir='ltr'><strong>a</strong></span> <span class='ocrx_word' id='word_1_922' title='bbox 1308 5534 1478 5598; x_wconf 64' lang='lat' dir='ltr'><strong>nobis</strong></span> <span class='ocrx_word' id='word_1_923' title='bbox 1511 5534 1821 5598; x_wconf 24' lang='lat' dir='ltr'><strong>vob&#39;servari</strong></span> <span class='ocrx_word' id='word_1_924' title='bbox 1869 5542 2052 5599; x_wconf 87' lang='lat' dir='ltr'><strong>voluit</strong></span> <span class='ocrx_word' id='word_1_925' title='bbox 2085 5560 2098 5598; x_wconf 91' lang='lat'><strong>:</strong></span> <span class='ocrx_word' id='word_1_926' title='bbox 2211 5543 2422 5606; x_wconf 86' lang='lat' dir='ltr'><strong>ritatis,</strong></span> <span class='ocrx_word' id='word_1_927' title='bbox 2450 5541 2606 5611; x_wconf 88' lang='lat' dir='ltr'><strong>quod</strong></span> <span class='ocrx_word' id='word_1_928' title='bbox 2639 5556 2753 5595; x_wconf 92' lang='lat' dir='ltr'><strong>non</strong></span> <span class='ocrx_word' id='word_1_929' title='bbox 2788 5541 2898 5594; x_wconf 84' lang='lat' dir='ltr'><strong>luit</strong></span> <span class='ocrx_word' id='word_1_930' title='bbox 2941 5541 3256 5595; x_wconf 84' lang='lat' dir='ltr'><strong>tacendum</strong></span> <span class='ocrx_word' id='word_1_931' title='bbox 3305 5536 3578 5595; x_wconf 86' lang='lat' dir='ltr'><strong>studiosis</strong></span> <span class='ocrx_word' id='word_1_932' title='bbox 3605 5534 3803 5589; x_wconf 76' lang='lat' dir='ltr'><strong>lecturi-</strong></span> 
     </span>
    </p>
   </div>
   <div class='ocr_carea' id='block_1_60' title="bbox 465 5612 2551 5684">
    <p class='ocr_par' dir='ltr' id='par_1_60' title="bbox 465 5612 2551 5684">
     <span class='ocr_line' id='line_1_62' title="bbox 465 5612 2551 5684; baseline 0 -19"><span class='ocrx_word' id='word_1_933' title='bbox 465 5645 490 5665; x_wconf 75' lang='grc' dir='ltr'>α</span> <span class='ocrx_word' id='word_1_934' title='bbox 548 5620 647 5673; x_wconf 78' lang='lat' dir='ltr'><strong>[ibi</strong></span> <span class='ocrx_word' id='word_1_935' title='bbox 701 5619 795 5672; x_wconf 82' lang='lat' dir='ltr'><strong>hic</strong></span> <span class='ocrx_word' id='word_1_936' title='bbox 848 5623 1036 5670; x_wconf 65' lang='lat' dir='ltr'><strong>(fama</strong></span> <span class='ocrx_word' id='word_1_937' title='bbox 1094 5638 1156 5684; x_wconf 58' lang='grc' dir='ltr'><strong>με</strong></span> <span class='ocrx_word' id='word_1_938' title='bbox 1201 5616 1272 5665; x_wconf 71' lang='grc' dir='ltr'><strong>⁵⁸ι</strong></span> <span class='ocrx_word' id='word_1_939' title='bbox 1328 5620 1483 5680; x_wconf 66' lang='lat' dir='ltr'><strong>sunt,</strong></span> <span class='ocrx_word' id='word_1_940' title='bbox 1534 5615 1591 5668; x_wconf 88' lang='lat' dir='ltr'><strong>in</strong></span> <span class='ocrx_word' id='word_1_941' title='bbox 1644 5615 1880 5670; x_wconf 74' lang='lat' dir='ltr'><strong>llebrteo</strong></span> <span class='ocrx_word' id='word_1_942' title='bbox 1927 5614 2104 5670; x_wconf 77' lang='lat' dir='ltr'><strong>habet</strong></span> <span class='ocrx_word' id='word_1_943' title='bbox 2210 5615 2340 5670; x_wconf 89' lang='lat' dir='ltr'><strong>bus.</strong></span> <span class='ocrx_word' id='word_1_944' title='bbox 2367 5612 2551 5670; x_wconf 74' lang='lat' dir='ltr'><strong>MART.</strong></span> 
     </span>
    </p>
   </div>
   <div class='ocr_carea' id='block_1_61' title="bbox 465 5673 2037 5760">
    <p class='ocr_par' dir='ltr' id='par_1_61' title="bbox 465 5673 2016 5760">
     <span class='ocr_line' id='line_1_63' title="bbox 465 5673 2016 5760; baseline -0.002 -15"><span class='ocrx_word' id='word_1_945' title='bbox 465 5693 740 5745; x_wconf 69' lang='lat' dir='ltr'><strong>.iIa/muzm</strong></span> <span class='ocrx_word' id='word_1_946' title='bbox 775 5707 789 5742; x_wconf 89' lang='lat'><em>:</em></span> <span class='ocrx_word' id='word_1_947' title='bbox 829 5699 887 5742; x_wconf 84' lang='lat' dir='ltr'><strong>ut</strong></span> <span class='ocrx_word' id='word_1_948' title='bbox 918 5673 1196 5756; x_wconf 62' lang='lat' dir='ltr'><strong>:cluuius,</strong></span> <span class='ocrx_word' id='word_1_949' title='bbox 1224 5690 1267 5740; x_wconf 79' lang='lat' dir='ltr'><strong>si</strong></span> <span class='ocrx_word' id='word_1_950' title='bbox 1305 5708 1432 5759; x_wconf 61' lang='grc' dir='ltr'><strong>(μα’</strong></span> <span class='ocrx_word' id='word_1_951' title='bbox 1468 5673 1536 5742; x_wconf 49' lang='grc' dir='ltr'><strong>ι’ἷο</strong></span> <span class='ocrx_word' id='word_1_952' title='bbox 1569 5687 2016 5760; x_wconf 86' lang='lat' dir='ltr'><strong>interpretatum</strong></span> 
     </span>
    </p>
   </div>
   <div class='ocr_carea' id='block_1_62' title="bbox 2074 5673 3646 5760">
    <p class='ocr_par' dir='ltr' id='par_1_62' title="bbox 2074 5673 3646 5756">
     <span class='ocr_line' id='line_1_64' title="bbox 2074 5673 3646 5756; baseline -0.008 -14"><span class='ocrx_word' id='word_1_953' title='bbox 2074 5703 2099 5741; x_wconf 75' lang='grc' dir='ltr'><strong>υ</strong></span> <span class='ocrx_word' id='word_1_954' title='bbox 2285 5687 2304 5722; x_wconf 72' lang='grc'>⁸</span> <span class='ocrx_word' id='word_1_955' title='bbox 2338 5685 2496 5742; x_wconf 89' lang='lat' dir='ltr'><strong>Idem</strong></span> <span class='ocrx_word' id='word_1_956' title='bbox 2519 5684 2732 5741; x_wconf 85' lang='lat' dir='ltr'><strong>iterum</strong></span> <span class='ocrx_word' id='word_1_957' title='bbox 2765 5680 3005 5740; x_wconf 67' lang='lat' dir='ltr'><strong>Hebrao</strong></span> <span class='ocrx_word' id='word_1_958' title='bbox 3034 5679 3320 5756; x_wconf 85' lang='lat' dir='ltr'><strong>pressius,</strong></span> <span class='ocrx_word' id='word_1_959' title='bbox 3347 5679 3523 5737; x_wconf 72' lang='lat' dir='ltr'><strong>omnis</strong></span> <span class='ocrx_word' id='word_1_960' title='bbox 3548 5673 3646 5734; x_wconf 76' lang='lat' dir='ltr'><strong>vir.</strong></span> 
     </span>
    </p>
   </div>
  </div>
