3982 6178
210 382 315 438 697

1585 388 1795 440 LIBER
1836 388 1886 440 II
1912 382 2301 455 ,SAMUEIJS.

3508 370 3615 425 698

217 513 391 581 etego
410 508 735 565 vobiscum.
763 515 829 565 Et
850 510 1420 582 responditpopulus
1443 526 1457 564 :
1477 509 1604 565 Non
1628 507 1849 564 exibis:
1885 516 1939 576 Α
1971 507 2138 563 hanc.
2162 505 2438 560 Abimaas
2458 506 2653 558 autem
2679 498 2836 556 ﬁlius
2862 497 3068 567 Sadoc,
3102 496 3185 553 ait
3218 513 3230 552 :
3262 496 3530 565 Curram,
3551 498 3610 551 et

218 596 337 653 sive
365 599 522 654 enim
549 600 895 670 fugerimus,
919 617 1032 655 non
1056 616 1407 671 magnopere
1430 600 1499 655 ad
1525 616 1623 654 eos
1651 600 1719 653 de
1754 613 1855 652 no-

217 686 306 741 bis
336 688 670 757 pertinebit,
715 690 834 744 sive
867 690 1055 744 media
1106 706 1241 759 pars
1289 688 1574 744 cecederit
1602 703 1632 742 e
1665 686 1856 753 nobis,

217 792 332 831 non
355 778 501 832 satis
532 778 841 846 curabunt,
876 778 1011 848 quia
1038 785 1099 833 tu
1134 794 1289 833 unus
1322 794 1423 849 pro
1444 778 1644 833 decem
1676 774 1854 831 milli-

216 866 328 920 bus
364 866 763 936 computaris;
817 868 1025 923 melius
1055 872 1145 922 est
1174 866 1355 939 igitur
1387 872 1448 921 ut
1480 867 1562 921 sis
1596 865 1763 921 nobis
1795 865 1855 919 in

217 956 358 1009 urbe
392 955 680 1025 praesidio.
708 956 792 1010 Ad
816 972 965 1027 quos
989 973 1087 1011 rex
1109 956 1189 1011 ait
1213 972 1225 1010 :
1250 957 1410 1019 Quod
1436 955 1598 1010 vobis
1630 962 1852 1009 rectum

212 1044 457 1108 videtur,
493 1044 602 1098 hoc
634 1045 864 1099 faciam.
889 1047 1059 1101 Stetit
1089 1061 1225 1116 ergo
1265 1062 1361 1100 rex
1386 1046 1552 1113 juxta
1582 1050 1807 1115 portam
1836 1062 1850 1094 :

209 1132 730 1204 egrediebaturque
764 1133 1012 1205 populus
1043 1151 1146 1204 per
1169 1141 1393 1189 turmas
1418 1151 1577 1199 suas,
1602 1131 1851 1202 centeni,

208 1226 267 1275 et
294 1220 537 1277 milleni.
574 1223 639 1277 Et
678 1223 955 1294 praecepit
984 1239 1081 1278 rex
1109 1223 1277 1288 Joab,
1320 1222 1541 1287 Abisai,
1576 1227 1633 1277 et
1662 1222 1851 1288 Etbai,

206 1310 411 1365 dicens
443 1327 457 1365 :
493 1312 727 1367 Servate
758 1312 901 1367 mihi
947 1329 1193 1382 puerum
1238 1312 1535 1367 Absalom.
1566 1311 1634 1365 Et
1662 1312 1854 1366 omnis

207 1398 462 1469 populus
486 1400 760 1455 audiebat
784 1401 1211 1471 praecipientem
1236 1416 1423 1470 regem
1449 1400 1675 1455 cunctis
1702 1401 1853 1470 prin-

201 1488 438 1559 cipibus
469 1505 573 1559 pro
602 1491 902 1545 Absalom.
937 1494 1139 1561 Itaque
1171 1506 1446 1561 egressus
1478 1494 1568 1545 est
1600 1489 1851 1560 populus

204 1579 269 1631 in
300 1594 573 1649 campum
606 1585 809 1634 contra
838 1579 1035 1645 Israel,
1055 1588 1109 1634 et
1134 1580 1350 1634 factum
1380 1584 1467 1633 est
1495 1579 1761 1650 praelium
1793 1578 1851 1632 in

203 1667 363 1721 saltu
388 1667 689 1738 Ephraim.
743 1673 807 1722 Et
846 1684 1032 1725 cassus
1063 1673 1152 1725 est
1173 1669 1251 1723 ibi
1286 1668 1539 1739 populus
1569 1668 1747 1723 Israel
1781 1669 1852 1723 ab

201 1754 464 1812 exercitu
525 1756 704 1813 David
764 1758 845 1827 (h.
880 1757 1125 1814 aservis
1166 1758 1390 1828 David),
1443 1757 1709 1828 factaque
1765 1761 1856 1813 est

1969 597 2249 651 nuntiabo
2281 594 2424 666 regi,
2452 592 2590 664 quia
2612 589 2905 663 judicium
2925 588 3126 643 fecerit
3147 587 3195 641 ei
3229 586 3517 641 Dominus
3539 585 3611 639 de

1968 702 2146 742 manu
2180 684 2553 739 inimicorum
2584 683 2732 751 ejus.
2761 679 2845 734 Ad
2874 694 3046 750 quem
3078 676 3222 731 Joab
3255 676 3401 731 dixit
3433 693 3445 730 :
3480 679 3605 729 Non

1967 777 2083 830 eris
2115 774 2360 829 nuntius
2395 774 2450 826 in
2483 770 2592 826 hac
2623 769 2736 837 die,
2772 769 2869 824 sed
2904 765 3209 822 nuntiabis
3237 765 3295 819 in
3329 763 3469 826 alia;
3505 763 3603 818 ho-

1968 865 2064 920 die
2086 862 2218 919 nolo
2259 866 2315 917 te
2347 861 2638 924 nuntiare,
2660 857 2816 914 ﬁlius
2841 857 2994 911 enim
3013 854 3167 927 regis
3192 862 3279 909 est
3310 860 3601 908 mortuus.

1967 954 2033 1008 Et
2064 953 2140 1007 ait
2162 953 2301 1005 Joab
2325 949 2503 1005 Chusi
2534 966 2545 1003 :
2570 948 2749 1017 Vade,
2773 950 2829 1000 ct
2852 945 3058 999 nuntia
3085 942 3203 1015 regi
3228 958 3357 1014 quae
3381 941 3599 997 vidisti.

1964 1042 2237 1097 Adoravit
2284 1039 2461 1095 Cbusi
2508 1037 2674 1101 Joab,
2710 1040 2767 1090 et
2791 1033 3071 1090 cucurrit.
3105 1037 3359 1087 Rursum
3408 1037 3600 1086 autem

1962 1130 2244 1186 Ahimaas
2276 1128 2432 1183 ﬁlius
2482 1127 2668 1182 Sndoc
2700 1124 2846 1179 dixit
2882 1122 3029 1179 Joab
3055 1138 3067 1177 :
3090 1121 3236 1184 Quid
3280 1120 3524 1190 impedit
3554 1119 3602 1173 si

1963 1219 2140 1275 etiam
2171 1235 2277 1289 ego
2307 1233 2539 1272 curram
2575 1219 2703 1285 post
2750 1214 2928 1268 Cbusi
2950 1212 2977 1267 ?
3027 1210 3297 1280 Dixitque
3328 1210 3377 1263 ci
3413 1208 3557 1264 Juab
3588 1224 3601 1261 :

1964 1310 2107 1373 Quid
2141 1325 2225 1363 vus
2256 1321 2511 1372 currere,
2548 1302 2649 1358 lilii
2681 1303 2803 1358 ini?
2838 1319 2950 1357 non
2984 1299 3098 1355 eris
3128 1298 3265 1354 boni
3291 1296 3479 1352 nuntii
3504 1298 3603 1351 ba-

1956 1399 2123 1469 julus
2170 1397 2277 1459 Qui
2311 1395 2614 1467 respondit
2646 1412 2659 1449 :
2693 1392 2839 1456 Quid
2881 1390 3039 1447 enim
3072 1389 3122 1444 si
3155 1404 3466 1444 cucurrere
3490 1386 3516 1440 ?
3547 1391 3605 1441 et

1963 1487 2045 1542 ait
2071 1488 2120 1541 ei
2156 1487 2284 1557 [ηις.
2330 1490 2432 1541 lac.
2468 1486 2562 1555 ei).
2596 1484 2793 1539 Curre.
2846 1480 3100 1535 Currens
3139 1493 3275 1548 ergo
3324 1476 3605 1532 Ahimaas

1964 1592 2065 1646 per
2097 1575 2245 1630 viam
2280 1573 2630 1645 compendii,
2665 1570 2935 1626 transivit
2971 1566 3171 1625 Cbusi.
3206 1564 3381 1621 David
3407 1570 3602 1619 autem

1964 1663 2203 1719 sedebat
2233 1662 2385 1717 inter
2416 1658 2961 1731 duas;speculator
3003 1673 3155 1723 vero,
3214 1655 3312 1725 qui
3363 1657 3487 1708 erat
3545 1653 3602 1707 in

1966 1751 2196 1821 fastigio
2243 1756 2418 1822 portas
2450 1767 2627 1821 super
2653 1765 2911 1815 murum,
2945 1745 3177 1802 elevans
3204 1741 3425 1808 oculos,
3456 1741 3604 1797 vidit

199 1845 377 1915 plaga
410 1862 625 1918 magna
652 1847 710 1901 in
743 1847 836 1902 die
867 1846 968 1903 illa
990 1847 1197 1918 viginti
1222 1846 1848 1902 millium.Fuitauteni
1882 1881 1928 1945 B
1966 1841 2262 1898 hominem
2280 1847 2614 1898 currentem
2647 1837 2937 1894 solum.Et
2964 1834 3301 1892 exclamans
3326 1829 3604 1945 inficavit

199 1933 274 1945 ...
435 1934 467 1945 ..
636 1935 671 1945 ..
1201 1936 1222 1945 -
1296 1936 1305 1945 .
1580 1936 1589 1945 .
1663 1943 1668 1945 _
2067 1932 2075 1941 .
2183 1931 2213 1945 ,.
2266 1932 2294 1945 .,
2646 1928 2699 1945 η.
3143 1924 3327 1945 ,ιη-μ,
3479 1936 3592 1945 η-

192 1933 277 1987 ibi
302 1934 576 2005 prelium
618 1935 954 2007 dispersum
988 1952 1167 2006 super
1198 1936 1401 1991 faciem
1433 1936 1625 1990 omnis
1658 1943 1846 2004 terrae,

188 2028 247 2077 et
278 2022 475 2077 multo
508 2022 705 2094 plures
724 2030 890 2080 erant
909 2042 1059 2096 quos
1086 2027 1274 2081 saltus
1307 2031 1757 2097 consumpserat
1778 2026 1849 2079 de

187 2110 421 2182 populo
452 2129 627 2181 quam
664 2114 720 2167 bi
758 2131 906 2184 quos
930 2120 1231 2169 voraverat
1261 2114 1495 2185 gladius
1526 2114 1583 2168 in
1608 2114 1846 2169 dieillo.

184 2204 275 2270 (Τ.
311 2200 601 2268 CXXIII.)
631 2204 850 2257 Accidit
879 2208 1077 2259 autem
1110 2209 1174 2258 ut
1209 2209 1539 2259 occurreret
1570 2202 1845 2258 Absalom

180 2293 384 2345 servis
411 2292 615 2354 David.
652 2292 861 2347 sedens
886 2292 1338 2361 mulo:cumque
1367 2293 1671 2364 ingressus
1704 2293 1849 2348 inis-

180 2384 279 2433 set
312 2380 526 2434 mulus
553 2381 757 2437 subter
786 2382 1142 2437 condensam
1165 2398 1443 2451 quercum
1468 2385 1525 2436 et
1547 2397 1845 2451 magnam,

179 2467 452 2522 adhaesit
480 2476 655 2540 caput
686 2472 814 2541 ejus
847 2472 1109 2541 quercui,
1153 2477 1209 2526 et
1244 2470 1341 2526 illo
1373 2488 1661 2541 suspenso
1697 2478 1849 2526 inter

176 2556 413 2612 coelum
448 2568 503 2613 et
533 2566 747 2615 terram
780 2560 1001 2627 mulus,
1045 2561 1137 2614 cui
1185 2559 1481 2614 insederat
1529 2561 1845 2629 pertransi-

178 2646 289 2701 vit.
334 2646 499 2701 Vidit
550 2655 745 2703 autem
779 2649 888 2703 hoc
919 2651 1235 2720 quispiam,
1269 2655 1324 2703 et
1357 2648 1647 2703 nuntiavit
1675 2649 1843 2718 Joab,

173 2734 401 2790 dicens
435 2752 448 2790 :
489 2736 611 2791 Vidi
662 2737 941 2793 Absalom
976 2739 1227 2808 pendere
1277 2739 1348 2792 de
1396 2754 1638 2808 quercu.
1671 2738 1737 2792 Et
1766 2738 1847 2793 ait

168 2822 336 2879 Joab
369 2825 519 2888 viro,
553 2842 653 2895 qui
687 2827 1055 2882 nuntiaverat
1082 2827 1132 2881 ei
1160 2842 1172 2881 :
1198 2826 1258 2880 Si
1288 2825 1507 2893 vidisti,
1531 2843 1706 2897 quare
1728 2844 1843 2882 non

171 2913 514 2967 confodisti
538 2929 672 2969 eum
692 2931 826 2970 cum
856 2921 1034 2981 terra,
1069 2921 1125 2970 et
1156 2931 1261 2987 ego
1293 2916 1588 2971 dedissem
1621 2917 1722 2971 tibi
1744 2917 1843 2972 de-

173 3017 313 3056 cem
353 3003 583 3072 argenti
643 3003 820 3059 siclos
858 3004 940 3075 (h.
976 3006 1173 3059 decem
1208 3004 1546 3074 argenteis),
1579 3008 1636 3060 et
1660 3021 1841 3059 unum

177 3090 508 3145 balteum?
538 3092 645 3155 Qui
705 3092 851 3147 dixit
909 3092 978 3148 ad
1038 3091 1184 3148 Joab
1220 3108 1231 3147 :
1266 3094 1324 3147 Si
1372 3096 1734 3164 appenderes
1784 3094 1841 3149 in

176 3180 474 3234 manibus
505 3181 653 3235 meis
685 3181 843 3236 mille
875 3189 1200 3253 argenteos,
1238 3198 1611 3252 nequaquam
1646 3184 1839 3238 mitte-

177 3282 307 3321 rem
349 3283 590 3321 manum
655 3284 843 3322 meam
896 3270 955 3322 in
1007 3269 1193 3324 ﬁlium
1228 3271 1379 3335 regis
1414 3285 1425 3323 :
1462 3269 1840 3325 audientibus

179 3355 345 3409 enim
380 3356 575 3421 nobis,
610 3356 883 3427 praecepit
916 3373 1013 3412 rex
1042 3357 1175 3423 tibi,
1206 3364 1262 3412 et
1290 3358 1512 3424 Abisai,
1547 3365 1605 3413 et
1648 3359 1836 3427 Etbai,

182 3444 393 3499 dicens
426 3462 441 3500 :
504 3445 805 3501 Custodite
836 3446 982 3502 mihi
1026 3463 1274 3518 puerum
1307 3448 1605 3502 Absalom.
1640 3448 1752 3503 Sed
1785 3452 1842 3503 et

188 3532 240 3588 si
271 3536 402 3604 (ms.
428 3536 531 3590 sed
566 3534 638 3605 si)
668 3536 935 3590 fecissem
969 3542 1175 3591 contra
1206 3538 1462 3591 animam
1507 3553 1695 3591 meam
1730 3555 1837 3592 au-

188 3622 391 3677 dacter
423 3640 796 3694 nequaquam
829 3625 937 3680 hoc
970 3640 1165 3695 regem
1215 3624 1396 3680 latere
1442 3626 1747 3695 potuisset,
1782 3631 1839 3682 et

187 3714 252 3764 tu
282 3718 475 3767 stares
535 3728 604 3767 ex
663 3713 929 3769 adverso.
970 3713 1032 3768 Et
1062 3714 1144 3768 ait
1170 3714 1315 3769 Joab
1355 3732 1366 3769 :
1404 3730 1520 3769 non
1582 3715 1737 3769 sicut
1775 3720 1839 3771 tu

192 3804 312 3851 lms.
356 3804 463 3854 lac.
499 3802 586 3870 tu)
618 3802 725 3863 vis.
752 3804 851 3857 sed
876 3802 1186 3873 aggrediar
1214 3819 1348 3857 eum
1381 3819 1575 3857 coram
1612 3809 1686 3859 te.
1719 3804 1837 3859 Tu-

195 3884 259 3940 lit
286 3904 423 3960 ergo
454 3895 574 3945 tres
615 3888 848 3947 lanceas
878 3892 935 3946 in
973 3908 1145 3946 manu
1179 3908 1308 3959 sua,
1339 3898 1396 3946 et
1430 3893 1618 3947 inﬁxit
1646 3909 1747 3948 eas
1779 3894 1836 3948 in

199 3977 368 4032 corde
396 3977 668 4034 Absalom
697 3997 710 4046 ;
743 3996 997 4051 cumque
1026 3979 1216 4034 adhuc
1250 3980 1561 4051 palpitaret
1590 3982 1671 4052 (b.
1706 3998 1836 4037 cum

200 4065 384 4120 adhuc
410 4067 650 4135 viveret)
678 4067 902 4122 haerens
925 4070 981 4122 in
1007 4084 1248 4137 quercu,
1282 4075 1705 4124 concurrerunt
1733 4072 1835 4125 de-

201 4167 322 4209 cem
371 4156 621 4225 juvenes
672 4157 946 4225 armigeri
986 4160 1067 4223 (b.
1116 4162 1173 4212 et
1220 4164 1605 4213 cucurrerunt
1634 4160 1833 4213 decem

204 4244 377 4311 pueri)
430 4244 603 4313 Joab,
638 4250 696 4299 et
754 4246 1147 4315 percutientes
1201 4246 1620 4301 interfecerunt
1676 4264 1831 4302 eum.

203 4329 410 4387 Cecinit
439 4340 635 4388 autem
662 4335 807 4388 Joab
851 4334 1122 4400 buccina,
1164 4342 1220 4390 et
1263 4335 1503 4390 retinuit
1532 4338 1833 4408 populum,

204 4433 270 4472 ne
300 4426 744 4492 persequeretur
776 4423 1097 4493 fugientem
1131 4423 1332 4489 Israel,
1366 4424 1564 4479 volens
1602 4441 1833 4495 parcere

208 4506 559 4564 multitudini
595 4512 673 4579 (h.
709 4510 967 4582 populo).
1009 4515 1071 4563 Et
1128 4511 1391 4566 tulerunt
1447 4512 1745 4583 Absalom,
1778 4518 1834 4568 et

1960 1932 2102 2001 regi,
2161 1931 2421 1999 dixitque
2472 1946 2587 1984 rex.
2646 1928 2703 1983 Si
2764 1934 2926 1981 solus
2982 1930 3093 1993 est,
3142 1924 3329 1978 bonus
3362 1920 3442 1990 (h.
3479 1936 3597 1975 non

1958 2020 2152 2087 habet,
2182 2020 2391 2088 bonus)
2425 2024 2515 2073 est
2542 2017 2788 2073 nuntius
2819 2016 2877 2070 in
2911 2031 3009 2069 ore
3048 2015 3197 2084 ejus.
3243 2013 3598 2082 Properaute

1958 2114 2151 2166 autem
2184 2109 2283 2165 illo
2339 2116 2397 2163 et
2452 2108 2761 2163 accedente
2800 2103 3062 2178 propius,
3098 2102 3241 2157 vidit
3270 2098 3602 2171 speculator

1957 2202 2255 2256 hominem
2291 2199 2539 2255 alterum
2571 2207 2927 2259 currentem,
2955 2199 3010 2249 et
3045 2192 3369 2248 vociferans
3390 2190 3449 2244 in
3473 2188 3597 2244 cui-

1957 2292 2135 2355 mine,
2170 2291 2283 2345 ait:
2316 2296 2573 2360 Apparet
2602 2286 2746 2341 mihi
2776 2286 2949 2341 homo
2976 2283 3123 2339 alter
3153 2287 3166 2316 ¹
3218 2296 3462 2336 currens
3496 2294 3592 2333 so-

1956 2380 2069 2435 lus.
2124 2378 2389 2450 Dixitque
2438 2394 2536 2433 rex
2569 2395 2581 2433 :
2618 2377 2686 2432 Et
2742 2375 2853 2431 iste
2910 2375 3102 2429 bonus
3148 2372 3230 2441 (h.
3276 2385 3388 2425 non
3423 2367 3599 2423 habet

1956 2469 2169 2533 bonus)
2201 2475 2290 2523 est
2322 2468 2563 2522 nuntius
2595 2466 2674 2537 (h.
2712 2466 2896 2520 Etiam
2926 2468 2981 2518 et
3010 2462 3119 2516 iste
3152 2460 3413 2514 nuntius.
3448 2456 3593 2528 Spe-

1955 2558 2181 2613 culator
2209 2561 2426 2619 autem,
2475 2555 2871 2625 Conteniplor,
2931 2552 3038 2620 ait,
3086 2565 3325 2604 cursum
3361 2546 3597 2618 prioris,

1954 2647 2124 2717 quasi
2156 2663 2391 2702 cursum
2430 2645 2700 2699 Abiniaas
2733 2644 2835 2698 lilii
2870 2642 3077 2697 Sadoc.
3112 2640 3180 2694 Et
3211 2640 3411 2693 aitrex
3445 2654 3459 2691 :
3493 2636 3595 2691 Vir

1954 2736 2144 2791 bonus
2167 2740 2274 2801 est,
2308 2740 2364 2791 et
2388 2735 2660 2789 nuntium
2709 2738 2949 2804 portans
2976 2731 3220 2793 bonum,
3252 2728 3429 2781 venit.
3468 2724 3595 2780 Cla-

1955 2841 2123 2879 mans
2179 2831 2372 2879 autem
2408 2825 2707 2889 Ahimaas,
2740 2822 2885 2876 dixit
2916 2821 2987 2875 ad
3023 2835 3217 2889 regem
3250 2834 3262 2872 :
3300 2814 3465 2872 Salve
3505 2813 3589 2885 (h.

1954 2915 2089 2984 Pax)
2139 2915 2294 2981 rex',
2344 2923 2397 2968 et
2446 2914 2698 2969 adorans
2752 2926 2947 2982 regem
3005 2923 3201 2964 coram
3256 2922 3322 2961 eo
3354 2904 3437 2971 (h.
3475 2920 3587 2957 non

1954 3004 2149 3067 habet,
2186 3020 2380 3059 coram
2413 3002 2502 3073 eo)
2537 3018 2755 3074 pronus
2804 3000 2862 3054 in
2909 3005 3144 3064 terram,
3178 2996 3262 3050 ait
3294 3012 3306 3050 :
3342 2991 3590 3049 Benedi-

1951 3097 2082 3147 ctus
2102 3092 2388 3147 Dominus
2415 3094 2563 3147 Deus
2580 3098 2717 3145 tuus
2749 3093 2994 3158 (maiae.
3019 3087 3201 3157 tuus),
3234 3084 3333 3156 qui
3366 3080 3597 3138 conclu-

1955 3181 2031 3237 sit
2056 3181 2342 3248 homines,
2376 3182 2475 3251 qui
2499 3180 2835 3235 levaverunt
2856 3193 3065 3232 manus
3095 3192 3233 3230 suus
3259 3178 3462 3229 contra
3495 3172 3596 3227 do-

1952 3273 2178 3325 minum
2215 3286 2408 3324 meum
2439 3285 2655 3339 regem.
2691 3272 2757 3321 Et
2783 3270 2865 3322 ait
2898 3283 2994 3321 rex
3028 3282 3040 3321 :
3076 3269 3250 3319 Estne
3274 3280 3383 3334 pax
3414 3276 3594 3333 puero

1947 3359 2222 3414 Absalom
2245 3360 2273 3413 ?
2303 3359 2575 3429 Dixitque
2600 3358 2881 3411 Abimaas
2912 3374 2924 3411 :
2952 3354 3083 3408 Vidi
3118 3352 3435 3408 tumultum
3470 3366 3592 3405 ma-

1948 3463 2153 3518 gnum,
2187 3465 2320 3502 cum
2354 3449 2609 3502 mitteret
2636 3446 2783 3501 Jeab
2834 3461 3038 3500 servus
3078 3448 3240 3507 tuus,
3272 3459 3304 3497 ο
3334 3458 3451 3505 rex,
3502 3454 3595 3494 me

1949 3554 2179 3592 servum
2212 3545 2415 3604 tuum;
2446 3536 2640 3592 nescio
2664 3534 2823 3590 aliud
2849 3536 2933 3604 (h.
2958 3532 3233 3605 quid).Ad
3261 3548 3433 3602 quem
3460 3544 3592 3585 rex:

1947 3627 2177 3691 Transi,
2211 3627 2311 3694 ait,
2337 3632 2395 3681 et
2425 3633 2516 3681 sta
2556 3626 2667 3680 hic.
2702 3625 2969 3693 Cumque
3001 3622 3096 3677 ille
3126 3622 3439 3677 transisset
3470 3626 3590 3687 (ηις.

1948 3717 2271 3786 transiret),
2295 3722 2351 3770 et
2372 3720 2572 3782 staret,
2597 3715 2872 3784 apparuit
2892 3712 3091 3779 Cbusi,
3117 3716 3171 3765 et
3204 3710 3440 3765 veniens
3471 3708 3588 3762 ait:

1948 3801 2173 3857 Bonum
2206 3808 2453 3873 apporto
2480 3801 2775 3869 nuntium,
2799 3798 3037 3855 domine
3057 3794 3593 3868 nii‘rex:judicavit

1947 3890 2101 3946 enim
2128 3907 2230 3961 pro
2263 3895 2318 3945 te
2340 3892 2623 3945 Dominus
2646 3890 2817 3944 hodie
2859 3890 2929 3943 de
2981 3904 3157 3942 manu
3191 3885 3457 3941 omnium
3489 3882 3592 3954 qui

1946 3984 2544 4036 surrexeruntcontra
2564 3984 2636 4034 te.
2672 3981 2753 4049 (Τ.
2788 3977 3043 4046 CXXIV.)
3082 3976 3232 4030 Dixit
3257 3980 3455 4029 autem
3490 3989 3590 4027 rex

1946 4073 2017 4124 ad
2051 4070 2456 4123 CbusizEstne
2483 4086 2586 4139 pax
2624 4084 2801 4139 puero
2840 4066 3161 4122 Absalom?
3211 4065 3313 4119 Cui
3349 4079 3587 4133 respon-

1945 4158 2091 4212 dens
2120 4158 2296 4213 Chusi
2325 4176 2337 4213 :
2364 4158 2552 4227 Fiant,
2584 4156 2799 4229 inquit,
2823 4158 2978 4211 sicut
3002 4156 3196 4227 puer“,
3224 4153 3447 4209 inimici
3484 4152 3586 4206 do-

1945 4248 2090 4302 mini
2115 4249 2227 4303 mei
2251 4246 2423 4318 regis,
2448 4253 2506 4302 et
2538 4246 2813 4315 universi,
2846 4246 2946 4316 qui
2978 4248 3345 4316 consurgunt
3378 4242 3585 4297 adver-

1943 4354 2046 4392 sus
2079 4352 2212 4392 eum
2238 4337 2296 4392 in
2323 4338 2563 4391 malum.
2589 4335 2982 4391 Contristatus
3001 4334 3198 4405 itaque
3213 4350 3311 4387 rex
3325 4330 3590 4387 ascendit

1943 4426 2307 4481 cenaculum
2371 4432 2567 4497 portae,
2626 4431 2683 4479 et
2736 4425 2912 4480 ﬁevit.
2974 4424 3041 4478 Et
3096 4424 3181 4478 sic
3213 4422 3585 4493 loquebatur,

1940 4516 2161 4570 vadens
2194 4532 2207 4569 :
2245 4514 2348 4569 Fili
2378 4515 2455 4567 mi
2512 4515 2810 4578 Absalom,
2845 4513 2925 4569 fill
2974 4513 3052 4567 mi
3099 4512 3367 4566 Absalom
3404 4527 3417 4565 :
3452 4509 3586 4581 quis

208 4598 561 4668 projecerunt
592 4615 724 4654 eum
773 4599 831 4654 in
864 4599 1018 4654 saltu
1052 4600 1180 4672 (ms.
1226 4600 1489 4670 saltum),
1524 4601 1578 4654 in
1616 4602 1837 4657 foveam
1869 4607 1915 4670 D
1951 4604 2092 4659 mihi
2128 4605 2369 4667 tribuat,
2394 4608 2458 4656 ut
2488 4619 2589 4667 ego
2644 4602 2857 4657 moriar
2905 4618 3008 4673 pro
3068 4608 3146 4670 te,
3202 4600 3471 4656 Absalom
3505 4598 3585 4654 ﬁli

206 4686 494 4756 grandem,
526 4693 583 4743 et
612 4694 1129 4759 comportaverunt
1159 4706 1333 4760 super
1380 4706 1512 4745 eum
1564 4706 1834 4745 acervum

206 4772 447 4844 lapidum
482 4792 766 4847 magnum
796 4777 1003 4842 nimis;
1028 4780 1221 4832 omnis
1253 4784 1449 4835 autem
1476 4779 1651 4835 Israel
1685 4780 1835 4849 fugit

205 4861 255 4915 in
282 4865 652 4921 tabernacula
685 4882 810 4920 sua.
841 4866 1019 4921 Porro
1064 4866 1341 4922 Absalom
1390 4874 1651 4923 erexerat
1696 4868 1832 4937 sibi,

207 4965 322 5007 cum
354 4953 542 5009 adhuc
575 4954 810 5022 viveret,
843 4954 1082 5010 titulum
1117 4956 1218 5027 qui
1250 4962 1341 5011 est
1370 4956 1429 5010 in
1462 4956 1613 5013 valle
1646 4959 1831 5029 regis;

206 5040 406 5099 dixerat
433 5044 591 5100 enim
623 5061 636 5100 :
671 5048 794 5099 Non
822 5046 1004 5102 habeo
1031 5046 1240 5113 ﬁlium,
1264 5053 1318 5101 et
1355 5047 1458 5102 hoc
1489 5051 1599 5103 erit
1626 5066 1829 5103 munu-

211 5139 448 5187 meutum
472 5133 735 5189 nominis
769 5136 904 5188 mei.
932 5134 1291 5204 Vncuvitque
1324 5137 1559 5189 titulum
1596 5139 1832 5192 nomine

207 5232 314 5288 suo,
343 5226 397 5275 et
428 5221 760 5294 appellatur
786 5228 996 5278 Manus
1032 5224 1331 5288 Absalom,
1369 5238 1555 5294 usque
1583 5224 1640 5278 in
1675 5226 1828 5279 diem

260 5472 273 5504 ¹
306 5472 479 5527 Tacet
504 5471 833 5527 Veronens.
875 5488 985 5527 ms.
1026 5488 1220 5527 vocem
1252 5473 1418 5541 alter,
1449 5490 1576 5545 quae
1608 5474 1666 5530 in
1715 5477 1828 5531 He-

206 5537 336 5595 braeo
360 5548 542 5597 vacat.
1178 5546 1181 5551 ”

264 5614 281 5645 ³
313 5613 405 5689 Ilio
438 5630 670 5683 quoque
704 5618 853 5665 trtt‘rzl
970 5631 1035 5665 ‘rn
1076 5632 1205 5689 ius,
1244 5632 1359 5672 rat.
1400 5617 1553 5689 quod
1609 5633 1821 5675 nomen

203 5698 287 5739 nec
319 5688 589 5741 nubimus
623 5692 812 5741 textus
846 5688 938 5741 hic
970 5688 1159 5743 addit.

1947 4694 2046 4759 mi,
2082 4692 2161 4747 fili
2196 4693 2271 4746 mi
2310 4691 2664 4748 Absalom‘!

2015 4782 2169 4853 (Cap.
2194 4781 2369 4855 XIX.)
2396 4780 2741 4837 Nuntiatum
2769 4784 2859 4837 est
2885 4783 3079 4836 autem
3111 4778 3279 4849 Joab,
3304 4778 3453 4849 quod
3488 4794 3587 4833 rex

1942 4872 2124 4936 ﬂeret,
2151 4877 2206 4927 et
2237 4872 2459 4943 lugeret
2494 4872 2680 4926 lilium
2713 4887 2886 4926 suum
2930 4870 3009 4941 (h.
3061 4873 3115 4925 et
3167 4868 3393 4941 lugeret
3420 4884 3586 4939 super

1942 4960 2228 5025 Absalon),
2262 4970 2319 5013 et
2348 4978 2511 5013 versa
2548 4970 2638 5013 est
2669 4959 2908 5012 victoria
2938 4962 3019 5023 (b.
3054 4958 3236 5015 salus)
3270 4960 3328 5012 in
3362 4959 3452 5012 die
3486 4956 3585 5011 illa

1941 5051 1997 5102 in
2026 5050 2245 5102 luctum
2272 5052 2428 5102 omni
2457 5048 2706 5119 populo:
2732 5048 2954 5102 audivit
2970 5047 3127 5102 enim
3149 5044 3583 5117 populusindie

1940 5137 2038 5191 illa
2070 5138 2179 5188 diri
2218 5153 2231 5192 :
2270 5137 2431 5190 Dolet
2463 5153 2555 5191 rex
2589 5129 2792 5205 super‘
2816 5136 2933 5189 ﬁlio
2984 5152 3109 5190 suo.
3146 5135 3211 5189 Et
3254 5132 3584 5187 declinabat

1940 5225 2195 5297 pepulus
2227 5227 2283 5280 in
2318 5224 2409 5280 die
2441 5225 2538 5280 illa
2570 5223 2795 5299 ingredi
2842 5223 3129 5279 civitatem
3163 5220 3457 5296 quomodo
3481 5221 3577 5276 de-

2008 5475 2027 5508 ⁸
2062 5474 2159 5528 [lic
2215 5490 2347 5528 vero
2404 5473 2536 5545 plus
2592 5473 2826 5530 Hebraeo
2871 5472 3047 5529 habet
3092 5470 3413 5526 Veronens.
3446 5471 3574 5527 cod.

1930 5561 2072 5614 puer
2102 5549 2135 5598 Α
2147 5545 2370 5599 bsulom.

2004 5616 2025 5649 ‘
2054 5615 2179 5671 Non
2214 5616 2423 5687 repetit
2455 5633 2561 5671 ms.
2622 5616 2937 5671 Veronens.
3001 5629 3214 5670 nomen
3274 5613 3525 5671 Absalom
3560 5630 3572 5669 :

1932 5687 2261 5747 rectissime
2292 5688 2364 5745 ad
2395 5688 2700 5747 Hebreum
2726 5690 2974 5745 textum.
