3982 6178
472 387 579 443 699

1523 390 1579 442 8.
1623 387 2027 441 HIERONYMI
2064 389 2313 442 DIVINA
2351 390 2842 445 BIBLIOTHECA.
3728 393 3812 448 700

477 514 698 570 clinare
755 509 903 568 solet
955 509 1206 582 populus
1273 526 1476 566 versus
1536 511 1664 582 (ms.
1739 511 1994 583 aversus)
2058 517 2116 566 et
2145 516 2198 581 Α
2229 513 2543 571 Festinavit
2573 520 2765 571 autem
2799 515 2990 572 Semei
3021 515 3181 573 ﬁlius
3227 516 3372 571 Gera
3411 514 3509 570 ﬁlii
3539 515 3730 572 Jemini
3754 519 3811 575 de

476 605 705 676 fugiens
741 603 811 657 de
843 599 1059 673 praelio.
1097 600 1184 670 (T.
1219 600 1449 669 CXXV.)
1505 606 1682 656 Porro
1736 617 1832 655 rex
1889 601 2117 671 operuit

471 698 649 764 caput
681 708 882 755 suum,
915 696 971 745 et
1027 689 1322 745 clamabat
1377 707 1512 746 voce
1566 706 1823 762 magna:
1863 691 1973 746 Fili
2034 691 2115 746 mi

474 782 774 850 Absalom,
806 779 1078 835 Absalom
1135 779 1216 832 ﬁli
1277 779 1378 844 mi,
1416 778 1495 833 ﬁli
1531 780 1606 834 mi
1657 781 1832 850 (Vulg.
1887 785 1995 835 lac.
2034 781 2114 834 ﬁli

477 871 609 944 mi)!
647 873 954 943 Ingressus
1011 885 1145 938 ergo
1190 869 1330 924 Joab
1389 870 1460 924 ad
1520 885 1712 940 regem
1747 870 1804 924 in
1851 870 2114 937 domum,

474 961 657 1018 dixit:
692 958 1021 1016 Confudisti
1054 957 1225 1012 hodie
1257 958 1457 1013 vultus
1497 958 1764 1014 omnium
1815 975 2114 1014 servorum

472 1057 733 1118 tuorum,
767 1049 867 1120 qui
926 1049 1144 1103 salvam
1210 1049 1470 1102 fecerunt
1525 1048 1606 1118 (h.
1659 1049 1755 1119 qui
1815 1052 2116 1118 eruerunt)

475 1142 735 1198 animam
771 1145 955 1202 tuam,
1008 1143 1064 1192 et
1111 1136 1368 1192 animum
1428 1136 1682 1192 ﬁliorum
1742 1141 1999 1207 tuorum,
2061 1142 2117 1193 et

476 1230 733 1284 ﬁliarum
767 1234 1029 1292 tuarum,
1061 1234 1115 1281 el
1159 1228 1417 1280 animam
1462 1243 1707 1281 uxorum
1757 1231 2016 1297 tuarum,
2059 1231 2117 1282 et

475 1320 730 1376 animam
767 1317 1226 1373 concubinarum
1273 1320 1525 1370 tuarum.
1577 1315 1781 1387 Diligis
1815 1317 1936 1388 (ms.
1973 1317 2114 1370 Dili-

475 1425 619 1481 gens
649 1416 700 1463 et
729 1408 861 1462 odio
890 1404 1134 1475 habens)
1181 1405 1443 1460 odientes
1501 1409 1576 1472 te,
1631 1411 1686 1460 et
1744 1406 1877 1462 odio
1935 1406 2116 1462 habes

477 1498 792 1569 diligentes
823 1501 898 1565 te,
933 1501 989 1551 et
1019 1495 1325 1551 ostendisti
1362 1494 1556 1564 hodie,
1590 1495 1727 1566 quia
1777 1512 1888 1550 non
1923 1512 2116 1552 curas

475 1589 546 1644 de
579 1587 830 1642 ducibus
863 1586 1003 1655 tuis,
1065 1589 1120 1640 et
1176 1585 1247 1640 de
1305 1584 1489 1640 servis
1548 1585 1668 1639 tuis
1714 1586 1794 1653 (h.
1832 1586 2116 1642 nuntiasti

476 1677 636 1734 hodie
674 1676 804 1749 quia
837 1693 950 1730 non
983 1676 1102 1731 sint
1133 1674 1236 1730 tibi
1267 1675 1427 1730 duces
1456 1679 1508 1729 et
1537 1675 1723 1746 servi),
1758 1681 1814 1730 et
1844 1693 1976 1731 vero
2029 1693 2118 1732 co-

476 1766 648 1840 gnovi
679 1766 874 1832 modo,
905 1767 1042 1836 quia
1086 1765 1132 1820 si
1171 1763 1445 1820 Absalom
1498 1764 1737 1830 viveret,
1773 1769 1828 1820 et
1859 1782 1966 1820 nos
1997 1783 2116 1820 om-

2225 603 2531 672 Baburim,
2564 609 2620 658 et
2650 604 2951 660 descendit
2971 620 3104 659 cum
3133 603 3274 658 viris
3303 603 3453 659 Juda
3473 602 3528 658 in
3548 619 3809 661 occursum

2226 692 2380 764 regis
2412 693 2588 748 David
2622 710 2756 748 cum
2789 693 2953 749 mille
2983 692 3123 748 viris
3155 693 3226 748 de
3264 693 3582 764 Benjamin,
3609 697 3661 748 et
3701 694 3810 750 Siba

2228 798 2372 853 puer
2401 783 2472 838 de
2504 783 2676 838 domo
2735 782 2893 853 Saul,
2951 787 3007 838 et
3065 782 3396 854 quindecim
3454 781 3552 836 ﬁlii
3589 782 3721 852 ejus,
3761 799 3810 838 ac

2225 871 2431 942 viginti
2490 872 2634 928 servi
2691 881 2854 927 erant
2907 872 2987 940 (h.
3040 889 3154 928 non
3214 871 3409 942 habet)
3473 887 3600 926 cum
3644 888 3720 938 eo,
3769 878 3813 927 et

2227 959 2622 1032 irrumpentes
2677 963 3016 1028 Jordanem,
3071 969 3204 1016 anle
3260 975 3450 1030 regem
3504 961 3812 1016 transierunt

2225 1051 2394 1121 vada,
2429 1056 2494 1106 ut
2525 1053 2971 1107 transduccrent
3001 1052 3242 1106 domum
3275 1049 3448 1122 regis,
3506 1055 3558 1106 et
3603 1050 3814 1107 facerent

2221 1141 2391 1212 juxta
2439 1141 2771 1212 jussionem
2823 1142 2947 1212 ejus
2997 1141 3078 1211 (h.
3129 1141 3301 1212 juxta
3356 1139 3491 1213 quod
3545 1139 3721 1194 bonum
3765 1141 3812 1194 in

2227 1232 2401 1286 oculis
2461 1233 2624 1299 regis)
2686 1232 2772 1302 (T.
2835 1230 3130 1298 CXXVII.)
3199 1229 3388 1285 Semei
3449 1233 3635 1284 autem
3687 1227 3814 1284 ﬁlius

2225 1321 2373 1374 Gera
2403 1325 2729 1390 prostratus
2759 1337 2955 1376 coram
2989 1336 3142 1390 rege,
3193 1335 3328 1375 cum
3377 1318 3671 1374 transisset
3709 1318 3812 1374 Jor-

2230 1409 2500 1475 danem‘,
2560 1409 2706 1465 dixit
2733 1411 2799 1464 ad
2831 1426 2964 1465 eum
3003 1426 3015 1465 :
3049 1410 3128 1467 Ne
3162 1413 3396 1481 reputes
3427 1407 3587 1474 mihi,
3619 1407 3816 1463 domine

2224 1498 2326 1564 mi,
2353 1498 2743 1569 iniquitatem,
2769 1514 2956 1571 neque
2981 1498 3317 1554 memineris
3339 1497 3668 1568 injuriarum
3715 1497 3816 1566 (ms.

2228 1588 2532 1660 injuriam)
2561 1588 2709 1644 servi
2741 1589 2825 1644 tui
2859 1588 2917 1644 in
2950 1589 3063 1656 die,
3090 1605 3207 1658 qua
3227 1602 3500 1659 egressus
3523 1601 3600 1653 es,
3623 1585 3819 1641 domine

2229 1677 2308 1731 mi
2343 1693 2461 1747 rex,
2491 1677 2561 1733 de
2588 1677 2940 1742 Jerusalem,
2975 1692 3164 1748 neque
3212 1692 3418 1748 ponas,
3452 1691 3567 1742 rex,
3597 1674 3652 1729 in
3679 1673 3818 1729 corde

2228 1771 2352 1822 tuo.
2385 1769 2653 1839 Agnosco
2684 1767 2840 1822 enim
2873 1783 3076 1822 servus
3106 1771 3245 1821 tuus
3297 1770 3590 1838 peccatum
3635 1778 3815 1828 meum,

477 1874 581 1913 nes
612 1855 1119 1919 occubuissemus,
1151 1858 1288 1908 tunc
1324 1854 1576 1924 placeret
1603 1855 1707 1909 tibi
1734 1854 1815 1924 (h.
1848 1856 1905 1910 in
1928 1854 2114 1910 oculis
2148 1895 2195 1958 Β
2227 1861 2284 1913 et
2314 1857 2530 1912 idcirco
2561 1857 2733 1913 hodie
2783 1858 3008 1928 primus
3068 1855 3194 1912 veni
3253 1856 3324 1910 de
3384 1854 3539 1910 omni
3593 1854 3703 1924 (ms.
3731 1857 3815 1906 tae.

477 1946 638 2018 tuis).
672 1950 839 2000 Nunc
873 1943 1056 2015 igitur
1085 1960 1280 2014 surge,
1315 1948 1372 1998 et
1403 1945 1668 2015 procede,
1711 1949 1766 1998 et
1811 1943 2118 2016 alloquens

477 2035 718 2092 satisfac
749 2035 930 2090 servis
959 2034 1074 2088 tuis
1102 2035 1270 2104 :juro
1301 2033 1457 2088 enim
1493 2033 1599 2090 tibi
1654 2050 1757 2105 per
1804 2033 2116 2089 Dominum

479 2126 559 2199 (h.
586 2125 776 2197 juravi
809 2124 958 2179 enim
995 2123 1056 2178 in
1088 2123 1441 2193 Dominum),
1477 2124 1631 2194 quod
1661 2124 1709 2178 si
1741 2140 1855 2178 non
1890 2123 2117 2194 exieris,

480 2231 551 2270 ne
583 2231 736 2269 unus
769 2213 1005 2284 quidem
1035 2228 1416 2267 remansurus
1450 2215 1527 2267 sit
1547 2217 1741 2268 tecum
1770 2217 1938 2269 nocte
1969 2213 2076 2268 hac
2104 2229 2117 2268 :

480 2309 538 2360 et
569 2305 738 2376 pejus
769 2303 878 2358 hoc
908 2303 1013 2357 tibi
1046 2303 1176 2372 erit,
1213 2318 1388 2374 quam
1440 2302 1637 2358 omnia
1679 2301 1834 2358 mala
1866 2319 1993 2374 quae
2025 2319 2122 2358 ve-

483 2398 697 2450 nerunt
720 2409 895 2463 super
917 2396 994 2455 te,
1025 2392 1095 2447 ab
1120 2391 1512 2447 adolescentia
1552 2397 1652 2447 tua
1676 2409 1865 2464 usque
1885 2393 1942 2446 in
1977 2410 2119 2464 prae-

482 2500 638 2540 sens.
673 2482 950 2550 i_Surrexit
1007 2497 1144 2552 ergo
1203 2498 1323 2551 rex,
1380 2486 1436 2536 et
1492 2482 1645 2537 sedit
1703 2483 1761 2538 in
1824 2488 1988 2555 porta
2021 2499 2034 2538 :
2067 2486 2124 2537 et

483 2573 643 2630 omni
676 2572 890 2644 populo
924 2571 1261 2626 nuntiatum
1294 2575 1383 2627 est
1435 2571 1587 2642 quod
1647 2589 1744 2628 rex
1803 2573 2032 2628 sederet
2062 2572 2120 2626 in

482 2668 707 2736 porta:
752 2662 1027 2732 venitque
1084 2661 1356 2716 universa
1416 2660 1730 2717 multitudo
1786 2662 1868 2734 (h.
1928 2661 2122 2717 omnis

483 2753 756 2825 populus)
790 2768 989 2808 coram
1019 2767 1152 2823 rege
1185 2767 1198 2804 :
1235 2751 1412 2806 Israel
1438 2757 1635 2806 autem
1660 2751 1809 2822 fugit
1838 2751 1899 2806 in
1929 2751 2118 2806 taber-

483 2843 692 2898 nacula
724 2859 829 2897 sua
874 2842 962 2911 (T.
999 2840 1260 2911 CXXVI.)
1317 2841 1522 2896 Omnis
1579 2857 1814 2912 quoque
1873 2839 2120 2913 populus

485 2932 743 2988 certabat
777 2931 855 3001 (h.
884 2930 1210 3002 judicabat)
1244 2930 1301 2984 in
1339 2931 1564 2986 cunctis
1594 2930 1869 2986 tribubus
1920 2929 2116 2998 Israel,

487 3022 734 3077 dicens:
771 3021 884 3075 Rex
925 3020 1194 3075 liberavit
1237 3037 1342 3075 nos
1400 3021 1470 3076 de
1522 3037 1697 3076 manu
1748 3020 2122 3076 inimicorum

485 3117 840 3180 nostrorum,
865 3109 990 3181 ipse
1021 3109 1263 3165 salvavit
1292 3127 1396 3166 nos
1426 3111 1497 3166 de
1527 3128 1702 3166 manu
1736 3110 2125 3166 Philisthino-

485 3218 640 3268 rum,
675 3204 732 3256 et
783 3217 939 3254 nunc
1000 3200 1148 3271 fugit
1203 3201 1272 3254 de
1328 3205 1483 3255 terra
1539 3205 1774 3273 propter
1828 3200 2122 3256 Absalom.

2228 1946 2412 2018 omni)
2479 1946 2653 2001 domo
2707 1945 2948 2017 Joseph,
3008 1945 3403 2016 descendique
3453 1943 3508 1998 in
3555 1955 3815 1998 occursum

2233 2037 2450 2092 domini
2484 2035 2596 2091 mei
2628 2035 2799 2106 regis.
2854 2035 3235 2106 Respondeas
3282 2049 3417 2089 vero
3464 2032 3651 2088 Abisai
3694 2029 3818 2084 ﬁlius

2229 2125 2462 2194 Sarviaz,
2498 2125 2682 2181 dixit:
2720 2125 2993 2195 Nunquid
3043 2141 3146 2196 pro
3197 2124 3290 2180 bis
3343 2124 3424 2194 (h.
3475 2124 3694 2194 propter
3717 2119 3820 2188 hoc)

2229 2215 2420 2271 verbis
2455 2233 2570 2270 non
2600 2214 2898 2270 occidetur
2918 2213 3127 2275 Semei.
3160 2213 3300 2284 quia
3331 2210 3621 2268 maledixit
3645 2208 3823 2264 cbristo

2229 2305 2500 2362 Domini?
2549 2305 2616 2359 Et
2656 2304 2735 2358 ait
2769 2303 2943 2358 David
2977 2321 2993 2356 :
3026 2303 3176 2369 Quid
3208 2301 3377 2369 mihi,
3423 2307 3480 2357 et
3520 2299 3687 2366 vobis,
3737 2295 3823 2350 ﬁlii

2231 2394 2481 2450 Sarviaz?
2531 2411 2634 2449 cur
2689 2391 3005 2448 efﬁciamin
3064 2392 3146 2462 (h.
3207 2391 3392 2462 eritis)
3439 2389 3580 2446 mihi
3606 2387 3754 2442 hodie
3777 2384 3823 2438 in

2232 2485 2410 2540 Satan
2440 2482 2462 2538 Ρ
2493 2498 2705 2555 ergone
2736 2482 2908 2537 hodie
2934 2481 3319 2537 interﬁciatur
3348 2479 3434 2535 vir
3462 2479 3519 2534 in
3551 2473 3743 2533 Israel?
3765 2488 3822 2528 an

2232 2575 2439 2647 ignoro
2497 2573 2579 2644 (b.
2649 2573 2794 2641 Quia
2825 2587 3007 2627 nonne
3035 2570 3187 2642 novi)
3242 2569 3419 2625 hodie
3495 2583 3584 2623 me
3644 2565 3823 2619 factum

2231 2679 2424 2734 regem
2459 2679 2636 2734 super
2664 2660 2889 2719 Israel?
2934 2661 2997 2715 Et
3029 2660 3112 2716 ait
3159 2676 3259 2715 rex
3309 2655 3499 2715 Semei
3528 2674 3539 2712 :
3573 2655 3685 2711 Non
3729 2666 3822 2706 mo-

2227 2753 2414 2810 rieris.
2470 2751 2810 2822 Juravitque
2851 2751 2922 2806 ei.
2976 2749 3377 2822 Miphiboseth
3427 2759 3647 2817 quoque
3691 2739 3820 2796 ﬁlius

2224 2841 2696 2900 Sani-descendit
2724 2841 2782 2895 in
2816 2855 3126 2896 occursum
3160 2837 3338 2910 regis,
3369 2835 3545 2892 illotis
3575 2827 3821 2905 pedibus’

2230 2933 2311 3004 (h.
2348 2931 2593 3004 pedibus
2626 2930 2896 3002 infectis),
2935 2932 2991 2984 et
3021 2929 3255 2984 intonsa
3302 2926 3486 2982 barba
3516 2941 3529 2979 :
3559 2925 3824 2989 vestesque

2233 3038 2372 3078 suas
2403 3037 2516 3076 non
2550 3019 2767 3075 laverat
2821 3036 2855 3075 a
2912 3019 3005 3074 die
3066 3034 3184 3091 qua
3231 3031 3506 3089 egressus
3536 3013 3708 3068 fuerat
3728 3022 3822 3075 rex,

2237 3127 2419 3182 usque
2449 3110 2519 3165 ad
2551 3109 2705 3164 diem
2739 3108 3082 3165 reversionis
3139 3109 3270 3178 ejus
3311 3107 3372 3162 in
3403 3120 3557 3177 pace.
3605 3102 3826 3167 Cumque

2236 3200 2559 3256 Jerusalem
2602 3199 2954 3254 occurrisset
3012 3196 3154 3269 regi,
3215 3195 3366 3251 dixit
3419 3194 3469 3249 ei
3516 3209 3608 3248 rex
3637 3206 3649 3245 :
3678 3189 3829 3253 Quare

485 3290 755 3348 Absalom
787 3295 1004 3352 autem,
1039 3305 1210 3360 quem
1258 3289 1535 3346 unximus
1583 3307 1758 3362 super
1808 3307 1936 3362 nos,
1970 3309 2127 3348 mor—
2158 3260 2200 3327 Ο
2239 3307 2354 3346 non
2384 3288 2593 3345 venisti
2627 3303 2879 3353 mecum,
2913 3284 3304 3358 Miphiboseth
3328 3284 3356 3338 ?
3386 3282 3490 3349 Qui
3521 3276 3829 3352 respondens

485 3385 628 3436 tuus
660 3384 750 3434 est
780 3379 837 3434 in
868 3377 1020 3434 bello
1046 3394 1058 3432 :
1086 3395 1392 3450 usquequo
1424 3379 1628 3449 siletis,
1662 3385 1716 3435 et
1753 3398 1865 3436 non
1899 3381 2125 3436 reduci-

489 3469 567 3526 tis
601 3468 834 3540 regem?
865 3468 983 3523 Rex
1007 3484 1144 3525 .vero
1192 3469 1370 3523 David
1423 3469 1584 3525 misit
1632 3471 1703 3525 ad
1753 3472 1938 3526 Sadoc
1970 3475 2027 3526 et
2057 3471 2128 3526 ad

489 3557 776 3614 Abiathar
807 3557 1160 3624 sacerdotes,
1195 3558 1394 3615 dicens
1430 3576 1441 3614 :
1479 3559 1812 3630 Loquimini
1843 3560 1911 3614 ad
1947 3561 2132 3630 majo-

496 3665 592 3704 res
624 3651 762 3702 natu
797 3647 972 3714 Judu,
1005 3647 1264 3703 dicentes
1297 3665 1309 3703 :
1345 3649 1457 3704 Cur
1485 3649 1697 3705 venitis
1719 3653 1841 3712 (ms.
1865 3649 2132 3722 venistis)

493 3737 801 3794 novissimi
838 3738 907 3793 ad
931 3739 1326 3792 reducendum
1356 3755 1548 3809 regem
1569 3739 1628 3794 in
1651 3739 1892 3794 domum
1927 3738 2136 3795 suam?

497 3829 719 3899 (Sermo
755 3832 948 3882 autem
982 3826 1175 3882 omnis
1221 3826 1396 3882 Israel
1439 3827 1696 3898 pervenit
1739 3831 1861 3896 [ms.
1896 3836 1948 3883 et
1981 3829 2131 3898 Vulg.

493 3917 859 3990 pervenerat]
894 3917 966 3970 ad
1008 3931 1202 3987 regem
1233 3915 1293 3971 in
1327 3917 1499 3971 domo
1533 3917 1659 3987 ejus
1692 3921 1704 3984 ξ
1757 3922 1974 3972 Fratres
2023 3918 2138 3973 mei

489 4024 616 4074 vos,
651 4023 716 4062 os
747 4022 966 4076 meum,
1000 4009 1055 4060 et
1085 4022 1219 4061 caro
1273 4023 1402 4062 mea
1430 4023 1554 4074 vos,
1606 4023 1784 4078 quare
1831 4005 2136 4062 novissimi

494 4096 778 4153 reducitis
840 4095 1077 4166 regem?
1133 4099 1201 4149 Et
1258 4099 1479 4150 Amastra
1534 4097 1706 4152 dicite
1769 4114 1782 4152 :
1843 4097 2044 4152 Nonne
2075 4113 2139 4151 os

500 4201 696 4241 meum
757 4202 839 4252 es,
903 4190 961 4240 et
1017 4201 1149 4240 caro
1206 4201 1335 4241 mea
1397 4186 1570 4257 (Vulg.
1640 4185 1769 4242 add.
1823 4187 1955 4257 es)?
2012 4185 2140 4240 Haec

502 4275 677 4330 faciat
709 4274 853 4330 mihi
885 4274 1059 4342 Deus,
1093 4279 1150 4330 et
1181 4275 1300 4331 haec
1359 4275 1553 4345 addat,
1605 4277 1653 4332 si
1701 4293 1815 4332 non
1861 4276 2144 4347 magister

502 4363 722 4420 militia:
757 4363 935 4419 fueris
963 4381 1152 4419 coram
1177 4381 1269 4420 me
1291 4365 1449 4420 omni
1484 4369 1743 4437 tempore
1763 4366 1844 4437 (b.
1866 4365 2142 4420 omnibus

503 4453 734 4525 diebus)
764 4471 867 4526 pro
897 4453 1061 4509 Joab.
1095 4455 1164 4509 Et
1194 4455 1499 4510 inclinavit
1530 4471 1630 4511 cor
1680 4455 1944 4511 omnium
1993 4454 2143 4510 viro-

503 4559 635 4598 rum
692 4544 868 4610 Juda,
929 4543 1096 4615 quasi
1156 4544 1263 4599 viri
1325 4544 1500 4599 unius
1553 4563 1565 4599 :
1620 4545 2024 4616 miseruntque
2073 4543 2143 4598 ad

2237 3381 2352 3436 ait:
2378 3379 2624 3434 Domine
2647 3377 2726 3432 mi
2767 3394 2884 3442 rex,
2909 3391 3112 3432 servus
3145 3390 3314 3430 meus
3346 3369 3684 3442 contempsit
3711 3377 3821 3420 me:

2239 3469 2355 3525 dixi
2388 3469 2436 3524 ei
2471 3484 2575 3540 ego
2609 3466 2864 3522 famulus
2907 3471 3071 3530 tuus,
3131 3468 3197 3519 ut
3245 3465 3532 3520 sterneret
3581 3449 3831 3540 mibiasi-

2241 3574 2406 3625 num,
2432 3563 2494 3612 et
2514 3539 2842 3612 ascendens
2867 3555 3085 3610 abirem
3111 3569 3243 3609 cum
3267 3567 3440 3624 rege:
3469 3547 3698 3606 claudus
3715 3539 3835 3597 enim

2242 3665 2374 3704 sum
2405 3663 2608 3703 servus
2637 3651 2798 3701 tuus.
2835 3646 3081 3716 Insuper
3110 3645 3168 3698 et
3198 3639 3495 3698 accusavit
3521 3653 3608 3694 me
3635 3641 3827 3691 servum

2243 3743 2410 3793 tuum
2445 3737 2515 3792 ad
2549 3741 2604 3791 te
2634 3735 2940 3790 dominum
2974 3749 3168 3788 meum
3194 3747 3392 3804 regem
3419 3747 3431 3786 :
3456 3732 3514 3784 tu
3539 3717 3830 3786 autem,d0-

2247 3827 2404 3883 mine
2439 3825 2516 3879 mi
2543 3842 2658 3891 rex,
2695 3824 2846 3878 sicut
2879 3822 3122 3892 angelus
3157 3819 3253 3877 Dei
3285 3820 3465 3891 (Vulg.
3499 3815 3618 3874 add.
3646 3811 3738 3882 es),
3764 3806 3830 3860 fac

2247 3916 2402 3988 quod
2435 3914 2718 3987 placitum
2775 3917 2862 3968 est
2912 3911 3018 3967 tibi
3075 3911 3156 3982 (h.
3189 3910 3248 3964 in
3280 3907 3468 3965 oculis
3497 3899 3833 3992 tuis)._Nequ8

2248 4006 2404 4062 enim
2455 4005 2564 4059 fuit
2607 4004 2818 4059 domus
2850 4000 3032 4074 patris
3066 3999 3202 4068 mei,
3237 3998 3354 4054 nisi
3413 3994 3580 4052 morti
3633 3989 3836 4047 obnoxia

2250 4095 2485 4151 domino
2520 4110 2646 4148 meo
2698 4091 2940 4164 regiztu
2971 4094 3165 4146 autem
3215 4085 3468 4161 posuisti
3517 4098 3604 4139 me
3649 4085 3836 4164 servum

2252 4189 2418 4240 tuum
2450 4183 2606 4238 inter
2636 4163 2906 4237 convivas
2931 4195 3146 4235 mensa:
3178 4183 3290 4232 tua:
3315 4193 3330 4234 :
3354 4163 3840 4248 quidigiturbabeo

2244 4275 2417 4346 justas
2447 4270 2716 4344 querelw,
2742 4274 2845 4325 aut
2865 4268 3000 4340 quid
3029 4281 3267 4340 possum
3295 4265 3453 4321 ultra
3480 4253 3750 4346 vociferari
3787 4247 3840 4303 ad

2255 4344 2492 4436 regem?
2517 4362 2761 4432 Aitergo
2788 4360 2837 4415 ei
2866 4374 2997 4415 rex:
3027 4357 3171 4422 Quid
3198 4356 3354 4412 ultra
3374 4347 3668 4425 loqueris?
3694 4344 3839 4399 ﬁxum

2255 4458 2343 4510 est
2374 4454 2522 4524 quod
2559 4451 2790 4506 locutus
2821 4465 2976 4516 sum,
3009 4453 3072 4502 tu
3105 4452 3161 4502 et
3193 4445 3334 4503 Siba
3384 4440 3616 4498 dividite
3654 4443 3843 4507 posses-

2257 4546 2450 4602 siones
2482 4543 2562 4615 (h.
2603 4543 2746 4607 Dixi,
2772 4546 2835 4596 tu
2861 4545 2915 4596 et
2937 4539 3076 4594 Siba
3099 4537 3340 4593 dividite
3359 4535 3608 4608 agrum).
3632 4529 3845 4615 Respon-

503 4650 720 4704 regem,
753 4610 1052 4688 dicentes:
1078 4634 1378 4689 Revertere
1423 4638 1484 4688 tu
1534 4638 1590 4690 et
1621 4651 1823 4690 omnes
1856 4610 2005 4690 servi
2037 4633 2141 4688 tui.
2180 4638 2223 4702 D
2257 4635 2456 4707 ditque
2489 4610 2884 4703 Miphiboseth
2935 4631 3052 4699 regi
3092 4645 3104 4683 :
3142 4627 3327 4682 Etiam
3375 4627 3580 4679 cuncta
3624 4610 3846 4707 accipiat.

504 4723 571 4776 Et
629 4739 897 4778 reversus
942 4727 1030 4778 est
1083 4741 1180 4779 rex
1210 4725 1451 4779 etvenit
1482 4741 1667 4794 usque
1700 4725 1768 4779 ad
1805 4724 2144 4793 Jordanem,

2255 4699 2568 4799 postquam
2600 4736 2868 4776 reversus
2899 4727 2984 4774 est
3014 4719 3291 4773 dominus
3335 4729 3496 4770 meus
3523 4699 3844 4799 rexpaeliice

504 4815 562 4866 et
594 4813 771 4884 (Vulg.
807 4813 932 4869 add.
968 4813 1182 4884 omnis)
1241 4814 1394 4869 Juda
1451 4790 1610 4870 venit
1658 4813 1718 4868 in
1769 4813 2030 4887 Galgala,
2086 4790 2149 4870 ut
2256 4790 2316 4870 in
2380 4790 2619 4869 domum
2677 4825 2864 4865 suam.
2924 4805 3199 4864 Berzellai
3253 4817 3486 4876 quoque
3538 4790 3842 4887 Galaud-itelst

505 4907 837 4961 occurreret
868 4903 1012 4975 regi,
1045 4907 1101 4958 et
1166 4904 1569 4960 transduccret
1625 4919 1760 4960 eum
1817 4903 2147 4960 Jordanem.

578 5084 601 5127 ἱ
662 5089 818 5145 Idem
883 5103 993 5142 ms.
1052 5089 1109 5140 et
1161 5078 1416 5158 Vulgati,
1497 5100 1622 5141 cum
1669 5087 1790 5156 jam
1847 5086 2152 5156 transisset,

517 5167 625 5220 etc.

588 5235 609 5270 ²
639 5232 877 5288 Pedibus
927 5231 1168 5300 infectis,
1201 5228 1256 5283 id
1292 5233 1399 5297 est,
1431 5244 1537 5284 non
1596 5231 1778 5300 factis,
1828 5230 2154 5286 secundum

516 5321 859 5380 Hebrnieam
892 5317 1151 5392 phrasim
1186 5303 1330 5379 1‘5.“
1362 5329 1498 5382 ne";
1529 5303 1784 5392 Rbiwelo
1814 5335 1908 5373 asa
1935 5320 2155 5392 raglau,

517 5396 670 5467 quod
707 5391 1148 5467 interpretatur2
1179 5396 1233 5444 ct.
1261 5407 1372 5467 non
1397 5393 1600 5467 fecerat
1635 5391 1966 5467 petlcsgsuos.
1998 5391 2160 5446 Unde

2260 4903 2620 4961 descendens
2652 4900 2723 4956 de
2767 4897 3050 4972 Bogelim,
3113 4892 3447 4952 transduxit
3503 4899 3685 4959 regem
3711 4879 3778 4948 (h.
3805 4877 3849 4929 ei

2263 5081 2634 5141 naturalibus
2679 5076 2905 5136 solebat
2943 5093 2954 5131 :
2989 5077 3140 5132 sicut
3199 5073 3389 5130 solent
3445 5071 3623 5126 facere
3673 5050 3850 5118 claudi,

2265 5153 2765 5229 quemadmodum
2799 5156 2855 5205 et
2879 5149 2978 5204 ille
3007 5151 3151 5204 erat.
3188 5168 3216 5197 »
3247 5146 3435 5201 Mam".

2342 5211 2406 5286 ὲ
2433 5245 2759 5314 Camparat
2787 5239 3056 5314 Martian.
3083 5235 3447 5314 _Scbolasten
3473 5211 3854 5314 lcumﬂefﬂ’:

2436 5289 2746 5314 “mra---
3632 5294 3644 5307 ,

2268 5335 2383 5374 car.
2420 5317 2712 5384 Quaestien.
2748 5312 2806 5367 in
2842 5313 3021 5367 libros
3083 5309 3329 5384 Regum"
3359 5306 3586 5384 auctore
3631 5311 3682 5384 in

2421 5359 2712 5384 κιηυυυωη.
2748 5359 2806 5367 ...
2842 5359 3019 5367 ,-ηη-
3084 5359 3301 5380 -ηυη-
3727 5361 3736 5371 ,
3832 5359 3837 5361 _

2271 5392 2462 5446 locum
2501 5405 2512 5442 :
2548 5410 2574 5437 «
2610 5385 2944 5441 Notandum
2980 5382 3133 5453 quod
3181 5380 3238 5434 in
3293 5378 3520 5453 llebraeg
3569 5383 3691 5453 non‘

518 5439 967 5534 duci-orbuvm‘ius
1014 5439 1289 5518 laudatus
1343 5439 1716 5527 Quaestionum
1769 5463 2160 5519 llebraicarum
2268 5439 3448 5534 pedibugs‘legiturLsed“pedibus‘infectis.
3487 5439 3858 5534 titilce_ralt'3tf'l:

521 5542 578 5595 in
612 5540 793 5594 libros
825 5544 1113 5605 Regnum,
1150 5551 1262 5590 non
1297 5534 1615 5604 incongrue
1649 5534 1839 5589 aiebat
1869 5553 1881 5590 :
1916 5559 1941 5584 ‹‹
1982 5542 2043 5589 Et
2066 5553 2160 5590 no-

804 5611 956 5680 quod
986 5609 1044 5662 in
1075 5607 1336 5672 Hebrzeo,
1372 5623 1485 5660 non
1524 5606 1690 5662 illatis
1735 5607 1982 5677 pedibus,
2015 5608 2163 5678 legi-

520 5615 766 5666 tandum

2271 5500 2524 5604 ἴιῖἶέζέῖδί
2553 5500 2708 5584 idem
2743 5500 3138 5604 Miphiboseth
3193 5500 3408 5604 ligneos
3462 5500 3856 5604 ρράρξτειιὲξιξί

2275 5568 2565 5675 (ῑυῖιεὶ
2601 5568 3109 5675 pronatluralibus
3134 5568 3374 5660 solgbat,
3403 5613 3427 5639 ››
3451 5568 3579 5651 ἔωσι
3601 5597 3713 5652 (ιυω
3739 5568 3836 5629 Rab

525 5693 640 5744 tur,
676 5686 773 5734 sed
808 5671 1035 5752 pedibus
1066 5681 1283 5744 infer/iv
1319 5671 1832 5752 Ii‘nrerntnamque
1866 5681 1973 5731 sibi
2010 5671 2164 5734 idEm
2273 5671 2542 5735 binorum
2575 5671 2810 5731 traditio
2841 5676 2948 5728 est.

527 5755 920 5824 Miphiboseth
954 5753 1179 5824 ligneos
1210 5752 1410 5824 pedes,
1445 5751 1661 5822 quibus
1697 5754 1776 5808 uti
1819 5751 1988 5824 quasi
2034 5768 2164 5824 pro-
