3982 6178
239 375 334 432 701

1597 382 1811 436 LIBER
1848 384 1898 435 II
1935 382 2312 441 SAMUELIS.

3543 387 3654 441 702

231 498 480 557 transiit
508 515 644 556 cum
675 501 831 574 rege)
859 501 1201 570 Jordanem,
1234 508 1475 576 paratus
1510 504 1686 560 etiam
1737 508 1892 560 ultra
1921 505 1976 571 Α
2006 505 2145 576 iam,
2178 512 2234 563 et
2260 526 2373 565 non
2407 511 2550 567 mihi
2583 512 2920 568 nuntiatum
2951 515 3041 568 est
3067 511 3266 584 priori,
3299 515 3364 567 ut
3404 513 3651 568 reduce-

230 589 494 646 ﬂuvium
518 591 793 664 prosequi
817 591 1044 663 eum(h.
1070 592 1140 648 ad
1164 594 1686 650 transmittendum
1711 593 1900 665 eum)-

233 678 378 735 Erat
419 685 624 737 autem
674 680 949 737 Berzellai
999 681 1332 740 Galaadites
1379 699 1555 739 senex
1601 683 1788 751 valde,
1837 683 1896 738 id

224 773 319 826 est
350 770 796 842 octogenariae,
843 777 902 826 et
953 770 1079 843 ipse
1122 772 1373 844 praebuit
1420 771 1701 830 alimenta
1751 772 1893 845 regi,

226 881 374 921 cum
409 873 748 922 moraretur
777 865 836 920 in
869 863 1118 921 castris:
1172 865 1282 921 fuit
1320 865 1540 938 quippe
1590 865 1680 921 vir
1736 867 1895 922 dives

225 955 445 1012 nimis.
474 955 628 1010 Dixit
659 955 860 1026 itaque
889 970 990 1009 rex
1020 954 1090 1009 ad
1119 955 1398 1011 Berzellai
1427 973 1440 1012 :
1474 955 1608 1012 Veni
1643 971 1896 1022 mecum,

228 1049 299 1098 ut
330 1045 688 1116 requiescas
718 1060 964 1099 securus
996 1045 1125 1114 (ms.
1160 1048 1385 1114 secure)
1417 1061 1646 1101 mecum
1696 1044 1756 1100 in
1801 1046 1896 1100 Je-

227 1133 532 1190 rusalem.
564 1135 634 1189 Et
665 1133 746 1189 ait
776 1132 1053 1189 Berzellai
1075 1134 1146 1188 ad
1178 1149 1396 1206 regem:
1431 1136 1580 1200 Quot
1601 1139 1743 1190 sunt
1776 1134 1898 1190 dies

223 1239 540 1280 annorum
569 1223 699 1278 vita;
723 1239 885 1292 meas,
923 1226 988 1277 ut
1017 1223 1334 1279 ascendam
1369 1240 1504 1279 cum
1547 1240 1681 1296 rege
1725 1228 1896 1281 Jeru-

228 1313 905 1386 salem?0ctogenarius
936 1328 1070 1368 sum
1120 1311 1329 1369 hodie:
1380 1312 1648 1384 nunquid
1701 1313 1901 1385 vigent

230 1418 464 1458 sensus
495 1400 608 1457 mei
639 1403 712 1457 ad
746 1400 1203 1457 discernendum
1237 1417 1433 1468 suave,
1482 1406 1585 1458 aut
1627 1417 1896 1457 amarum

231 1491 316 1558 (h.
376 1490 654 1554 bonum,
711 1488 799 1544 vel
850 1489 1158 1562 malum)?
1210 1495 1311 1546 aut
1369 1491 1658 1547 delectare
1707 1496 1901 1562 potest

231 1595 482 1636 servum
510 1584 683 1635 tuum
714 1578 883 1635 cibus
915 1583 973 1635 et
1024 1582 1197 1650 potus
1221 1579 1249 1634 ?
1276 1578 1364 1635 vel
1397 1580 1602 1635 audire
1652 1596 1897 1652 possum

233 1669 399 1725 ultra
428 1684 633 1724 vocem
665 1672 992 1736 cantorum,
1026 1673 1202 1739 atque
1251 1669 1640 1725 cantatricum
1659 1671 1686 1724 ?
1715 1686 1899 1741 quare

237 1776 451 1816 servus
476 1763 617 1814 tuus
644 1758 720 1814 sit
748 1757 910 1814 oneri
932 1759 1170 1814 domino
1202 1775 1331 1814 meo
1375 1759 1546 1832 regi?
1580 1759 1893 1815 Paululum

237 1849 559 1946 procedam
593 1848 609 1882 ¹
643 1846 900 1946 famulus
932 1851 1070 1946 tuus
1100 1848 1174 1903 ab
1202 1848 1459 1904 Jordane
1514 1852 1705 1905 tecum
1742 1865 1754 1904 :
1786 1866 1890 1904 nec
1923 1881 1972 1946 B

237 1937 483 2011 indigeo
516 1937 624 1993 hac
652 1937 1090 1994 vicissitudine:
1123 1938 1226 1993 sed
1251 1938 1515 2004 obsecro,
1544 1943 1608 1993 ut
1636 1943 1894 1994 revertar

241 2044 452 2084 servus
480 2031 641 2097 tuus,
677 2030 736 2082 et
765 2027 986 2082 moriar
1013 2027 1072 2082 in
1104 2026 1336 2083 civitate
1370 2043 1500 2082 mea
1537 2029 1721 2100 (Vulg.
1753 2027 1883 2083 add.

239 2125 293 2172 et
323 2115 625 2188 sepeliar),
651 2115 819 2186 juxta
848 2119 1186 2188 sepulcrum
1215 2117 1398 2187 patris
1430 2118 1562 2185 mei,
1593 2123 1651 2173 et
1685 2117 1894 2174 matris

241 2223 408 2262 mete.
441 2206 536 2277 (T.
580 2204 889 2275 CXXVIII.)
939 2205 1038 2261 Est
1094 2211 1290 2261 autem
1345 2223 1550 2262 servus
1607 2211 1748 2262 tuus
1806 2207 1889 2278 (h.

237 2295 386 2351 Ecce
417 2309 626 2351 servus
664 2295 826 2364 tuus)
877 2294 1220 2362 Chamaam,
1265 2294 1392 2365 ipse
1445 2296 1618 2351 vadat
1675 2302 1890 2366 tecum,

237 2383 487 2440 domine
519 2383 600 2439 mi
629 2399 749 2454 rex,
783 2388 837 2439 et
861 2383 951 2440 fac
981 2383 1032 2438 ei
1065 2384 1220 2454 quod
1252 2383 1360 2439 tibi
1391 2383 1609 2440 bonum
1659 2385 1892 2440 videtur

236 2473 318 2545 (h.
346 2474 509 2546 quod
549 2473 770 2530 bonum
801 2477 892 2529 est
919 2473 978 2528 in
1009 2471 1196 2529 oculis
1227 2473 1389 2543 tuis).
1419 2473 1691 2546 Dixitque
1741 2491 1842 2529 rex
1871 2490 1884 2530 :

233 2561 477 2618 Mecum
500 2566 762 2617 transeat
791 2562 1102 2629 Cbanaam,
1136 2566 1194 2618 et
1222 2578 1328 2634 ego
1362 2562 1569 2618 faciam
1617 2563 1668 2618 ei
1718 2562 1887 2634 quid-

233 2651 383 2723 quid
409 2650 520 2706 tibi
552 2650 858 2722 placuerit,
891 2655 948 2706 et
971 2666 1165 2717 omne,
1209 2652 1361 2720 quod
1402 2651 1636 2723 petieris
1686 2668 1720 2708 a
1773 2668 1885 2725 me,

229 2741 613 2814 impetrabis.
647 2740 914 2812 Cumque
946 2741 1258 2796 transisset
1285 2741 1588 2797 universus
1634 2741 1888 2813 pOpnlus

228 2835 292 2886 et
324 2845 432 2886 rex
460 2829 804 2900 Jordanem,
863 2830 1164 2886 osculatus
1195 2838 1282 2886 est
1339 2847 1435 2886 rex
1498 2830 1798 2898 Berzellai,
1832 2836 1890 2888 et

229 2918 546 2975 benedixit
574 2919 648 2988 ei,
677 2923 733 2974 et
762 2918 859 2975 ille
889 2935 1157 2975 reversus
1187 2924 1276 2975 est
1324 2919 1383 2975 in
1438 2919 1631 2975 locum
1690 2937 1886 2989 suum,

227 3007 543 3064 Transivit
572 3023 708 3080 ergo
739 3024 836 3064 rex
865 3008 922 3063 in
974 3007 1233 3080 Galgala,
1283 3013 1341 3065 et
1389 3009 1708 3065 Cbamaam
1756 3027 1886 3066 cum

225 3111 328 3152 eo.
355 3097 570 3153 Omnis
585 3103 782 3154 autem
805 3096 1058 3170 populus
1069 3097 1099 3153 J
1107 3099 1649 3154 udatransduxerat
1669 3115 1889 3171 regem,

225 3191 288 3242 et
318 3187 523 3243 media
554 3190 787 3242 tantum
822 3203 958 3258 pars
993 3187 1264 3242 adfuerat
1311 3187 1382 3242 de
1440 3187 1659 3259 populo
1689 3189 1888 3245 Israel.

2009 612 2128 651 rem
2159 615 2347 670 regem
2393 617 2589 659 meum
2640 604 2720 665 (b.
2770 602 2974 658 Nonne
3023 618 3217 657 sermo
3270 618 3436 657 meus
3488 602 3648 673 prior

2003 686 2133 755 fuit,
2167 691 2232 743 ut
2261 690 2598 747 reducerem
2632 708 2825 764 regem
2877 694 3146 762 meum)?
3187 691 3403 747 Durius
3452 697 3648 747 autem

2003 779 2431 849 responderunt
2462 781 2566 836 viri
2598 781 2752 838 Juda
2781 782 2924 838 viris
2955 781 3156 837 Israel.

2073 866 2226 938 (Cap.
2263 869 2406 942 XX.)
2439 871 2667 925 Accidit
2693 887 2927 942 quoque
2957 875 3021 926 ut
3042 871 3120 925 ibi
3153 873 3304 926 esset
3331 868 3419 925 vir
3450 869 3654 937 Belial,

2005 955 2240 1012 nomine
2271 958 2442 1028 Seba,
2495 959 2650 1015 {ilius
2701 959 2908 1015 Bochri
2959 958 3033 1029 (h.
3083 959 3296 1026 Bichri,
3341 959 3430 1015 vir
3473 960 3653 1015 Jemi~

2005 1060 2171 1113 nens;
2207 1051 2262 1101 et
2293 1047 2506 1103 cecinit
2563 1049 2835 1119 buccina,
2881 1053 2938 1105 et
2984 1048 3103 1104 ait:
3158 1047 3286 1103 Non
3341 1054 3431 1103 est
3484 1049 3653 1104 nobis

2005 1150 2141 1204 pars
2171 1134 2230 1189 in
2262 1137 2459 1204 David,
2492 1153 2682 1209 neque
2710 1137 3019 1193 hazreditas
3041 1137 3098 1193 in
3134 1136 3252 1192 ﬁlio
3286 1137 3426 1192 Isai:
3461 1154 3657 1192 rever—

2007 1228 2126 1279 tere
2159 1225 2180 1259 ²
2206 1226 2261 1280 in
2295 1227 2673 1283 tabernacula
2701 1233 2820 1296 tua,
2856 1226 3056 1283 Israel.
3089 1228 3157 1282 Et
3203 1237 3512 1300 separatus
3569 1231 3660 1282 est

2007 1315 2196 1368 omnis
2227 1316 2404 1370 Israel
2441 1335 2472 1372 a
2501 1317 2703 1388 David,
2737 1322 3094 1389 secutusque
3135 1321 3223 1372 est
3268 1316 3417 1372 Seba
3463 1315 3653 1371 filium

2006 1403 2214 1458 Bochri
2245 1404 2328 1476 (h.
2361 1405 2614 1476 Bicbri);
2665 1406 2773 1461 viri
2824 1412 3019 1462 autem
3080 1406 3235 1461 Juda
3283 1405 3656 1461 adhaeserunt

2006 1491 2128 1563 regi
2160 1509 2289 1562 suo,
2322 1511 2354 1549 a
2384 1495 2639 1551 Jordane
2672 1513 2860 1568 usque
2893 1497 2964 1552 ad
2992 1494 3339 1550 Jerusalem.
3383 1494 3650 1567 Cumque

2005 1581 2258 1638 venisset
2289 1601 2385 1639 rex
2417 1585 2474 1639 in
2507 1585 2748 1640 domum
2781 1603 2952 1642 suam
2985 1587 3045 1641 in
3077 1585 3401 1642 Jerusalem
3428 1583 3508 1656 (h.
3538 1602 3652 1639 non

2005 1670 2202 1738 habet,
2228 1689 2347 1742 rex,
2380 1674 2503 1742 sed,
2538 1675 2768 1747 David),
2797 1674 2934 1731 tulit
2964 1675 3164 1730 decem
3199 1673 3477 1730 mulieres
3511 1691 3649 1729 con-

2003 1760 2426 1834 cubinas,quas
2441 1763 2832 1834 dereliquerat
2845 1765 2911 1819 ad
2929 1764 3373 1820 custodiendam
3391 1763 3654 1818 domum.

2004 1853 2060 1904 et
2088 1850 2330 1906 tradidit
2353 1868 2452 1907 eas
2486 1852 2539 1907 in
2571 1853 2920 1923 custodiam,
2947 1851 3221 1909 alimenta
3249 1852 3332 1908 eis
3359 1853 3650 1924 praebens,

2004 1942 2060 1994 et
2092 1956 2206 1995 non
2229 1947 2317 1996 est
2348 1941 2650 2013 ingressus
2681 1944 2752 1998 ad
2787 1959 2904 2009 eas,
2933 1944 3031 1999 sed
3052 1950 3216 1998 erant
3239 1941 3448 1998 clausa:
3475 1959 3657 2014 usque

2005 2029 2074 2084 ad
2108 2028 2260 2084 diem
2295 2031 2503 2086 mortis
2546 2049 2662 2087 suae
2696 2032 2755 2087 in
2812 2033 3094 2088 viduitate
3152 2033 3431 2088 viventes.
3493 2031 3647 2088 Dixit

2005 2123 2200 2174 autem
2262 2136 2360 2175 rex
2413 2122 2676 2191 Amasaa,
2731 2123 2994 2178 Convoca
3057 2121 3202 2178 mihi
3279 2138 3486 2177 omnes
3561 2121 3648 2176 vi-

2003 2223 2098 2262 ros
2157 2208 2310 2264 Juda
2365 2209 2424 2265 in
2484 2211 2644 2267 diem
2704 2212 2979 2283 tertium,
3037 2216 3095 2267 et
3138 2216 3201 2266 tu
3257 2211 3456 2267 adesto
3516 2211 3650 2281 (ms.

2001 2299 2144 2369 esto)
2205 2315 2499 2368 praesens.
2559 2301 2715 2356 Abiit
2770 2317 2909 2373 ergo
2967 2303 3184 2357 Amasa
3244 2303 3308 2356 ut
3363 2315 3653 2356 convoca-

2001 2390 2089 2440 ret
2114 2387 2346 2455 Judam,
2379 2393 2437 2444 et
2465 2395 2726 2446 moratus
2771 2396 2855 2446 est
2911 2395 3074 2446 extra
3123 2389 3429 2461 placitum,
3492 2389 3648 2461 quod

1999 2475 2051 2529 ei
2083 2477 2468 2533 constituerat
2525 2493 2625 2534 rex
2653 2480 2694 2533 ³.
2727 2478 2821 2534 Ait
2879 2484 3072 2535 autem
3136 2479 3313 2534 David
3373 2479 3444 2534 ad
3501 2477 3645 2532 Abi-

1999 2564 2149 2619 sai:
2217 2565 2381 2621 Nunc
2459 2567 2646 2637 magis
2738 2568 3062 2624 afﬂicturus
3142 2573 3232 2624 est
3306 2585 3411 2623 nos
3490 2567 3640 2623 Seba

1998 2653 2156 2709 filius
2196 2655 2402 2710 Bochri
2453 2673 2625 2728 quam
2676 2657 2972 2713 Absalon:
3025 2657 3162 2714 tolle
3210 2658 3392 2728 igitur
3440 2674 3638 2712 servos

1999 2743 2219 2799 domini
2253 2743 2359 2810 tui,
2392 2749 2450 2800 et
2481 2761 2832 2817 persequere
2864 2751 2995 2818 post
3025 2746 3192 2802 illum
3226 2747 3405 2814 (Vulg.
3458 2745 3642 2817 cum),

1999 2847 2070 2886 ne
2104 2831 2250 2886 forte
2282 2831 2540 2887 inveniat
2570 2833 2836 2889 civitates
2868 2835 3144 2902 munitas,
3177 2837 3233 2889 et
3255 2834 3492 2904 effugiat
3513 2849 3640 2889 nos.

1999 2920 2232 2991 Egressi
2265 2925 2406 2976 sunt
2436 2937 2574 2994 ergo
2605 2939 2736 2977 cum
2766 2939 2831 2978 eo
2862 2922 2969 2978 viri
2998 2924 3164 2991 Joab,
3197 2922 3466 2978 Cberethi
3501 2939 3644 2995 quo-

2001 3024 2111 3082 que
2138 3014 2195 3065 et
2227 3009 2508 3077 Phelethi,
2536 3017 2594 3066 et
2624 3029 2828 3068 omnes
2846 3013 3068 3069 robusti
3093 3011 3360 3068 exierunt
3380 3013 3450 3068 de
3469 3012 3643 3067 Jeru-

1999 3099 2180 3154 salem
2197 3099 2264 3153 ad
2283 3103 2752 3171 persequendum
2769 3101 2920 3157 Seba
2939 3101 3125 3157 ﬁlium
3150 3101 3646 3172 Bochri.Cumque

1999 3187 2085 3242 illi
2118 3193 2314 3244 essent
2337 3189 2508 3260 juxta
2539 3190 2788 3262 lapidem
2819 3192 3125 3263 grandem,
3159 3191 3260 3264 qui
3303 3197 3391 3246 est
3426 3191 3481 3246 in
3530 3195 3645 3246 Ga—

227 3275 451 3347 Itaque
481 3291 686 3331 omnes
709 3276 816 3330 viri
871 3275 1045 3332 Israel
1096 3281 1512 3332 concurrentes
1565 3277 1636 3332 ad
1692 3293 1889 3349 regem
1921 3253 1965 3321 c
2003 3278 2190 3344 baon,
2249 3279 2467 3334 Amasa
2519 3279 2756 3335 veniens
2814 3280 3066 3336 occurrit
3119 3253 3202 3336 eis
3261 3280 3368 3353 (h.
3428 3284 3646 3335 Amasa

226 3365 523 3421 dixerunt
553 3365 625 3420 ei:
659 3365 846 3428 Quare
893 3370 949 3420 te
1012 3365 1186 3421 furati
1244 3371 1385 3420 sunt
1437 3365 1646 3422 fratres
1704 3367 1890 3423 nostri

227 3454 348 3509 viri
375 3455 556 3518 Juda,
587 3458 644 3510 et
669 3455 1137 3510 transduxerunt
1159 3470 1351 3525 regem
1386 3459 1443 3509 et
1472 3454 1714 3511 domum
1765 3457 1893 3527 ejus

227 3542 582 3610 Jordanem,
610 3559 935 3614 omnesque
964 3543 1118 3600 viros
1148 3543 1327 3599 David
1363 3559 1498 3598 cum
1549 3559 1616 3599 eo
1637 3543 1665 3599 ?
1694 3545 1760 3600 Et
1804 3561 1892 3601 re-

231 3632 486 3705 spondit
517 3632 712 3688 omnis
739 3632 828 3686 vir
853 3632 1008 3688 Juda
1037 3632 1107 3687 ad
1135 3633 1290 3688 viros
1323 3631 1522 3688 Israel:
1560 3632 1707 3696 Quia
1757 3651 1890 3704 pro-

233 3722 375 3793 pior
403 3726 496 3777 est
525 3721 670 3776 mihi
701 3737 800 3776 rex
833 3738 845 3777 :
906 3738 1010 3777 cur
1067 3721 1336 3778 irasceris
1389 3738 1568 3793 super
1624 3722 1728 3777 hac
1779 3740 1838 3778 re
1867 3723 1894 3777 ?

237 3809 518 3882 nunquid
555 3810 919 3866 comedimus
942 3810 1186 3882 aliquid,
1220 3827 1288 3866 ex
1319 3826 1472 3882 rege,
1498 3815 1599 3866 aut
1648 3828 1894 3868 munera

235 3901 420 3956 nobis
457 3900 596 3955 data
621 3899 790 3955 sunt?
820 3900 888 3955 Et
916 3899 1216 3971 respondit
1260 3900 1348 3954 vir
1396 3899 1571 3955 Israel
1619 3901 1689 3954 ad
1733 3901 1892 3956 viros

229 3989 420 4056 Juda,
443 3991 502 4044 et
532 3987 636 4043 ait:
668 3988 876 4044 Decem
912 3987 1175 4059 partibus
1197 4004 1303 4060 ego
1342 4005 1475 4044 sum
1528 3989 1714 4059 major
1733 3991 1890 4060 apud

235 4093 443 4150 regem
464 4118 479 4146 ,
507 4076 814 4149 magisque
861 4079 931 4132 ad
969 4093 1060 4133 me
1119 4077 1372 4149 pertinet
1398 4076 1578 4133 David
1615 4095 1793 4149 quam
1818 4080 1890 4134 ad

234 4171 293 4222 te
323 4167 406 4237 (b.
442 4166 651 4222 Decem
677 4170 879 4237 partes
909 4166 1055 4222 mihi
1088 4171 1229 4222 sunt
1261 4167 1415 4238 apud
1451 4181 1667 4238 regem,
1701 4168 1892 4240 magis

237 4272 360 4328 que
391 4271 501 4328 ego
529 4254 588 4310 in
620 4254 801 4311 David
834 4272 1011 4328 quam
1044 4259 1151 4326 tu):
1186 4271 1292 4311 cur
1323 4254 1470 4311 mihi
1503 4256 1688 4312 fecisti
1735 4256 1890 4327 inju-

314 4365 332 4398 ¹
366 4362 570 4418 Canon
601 4363 948 4417 emendatus
979 4361 1118 4433 legit
1140 4363 1314 4417 modo
1342 4363 1399 4417 in
1425 4361 1596 4418 tertia
1617 4379 1888 4434 persona,

235 4435 500 4504 procedat
521 4451 541 4489 :
570 4438 769 4488 autem
803 4434 1007 4489 habuit
1040 4435 1288 4505 primam
1321 4451 1656 4505 personam,
1697 4452 1890 4504 proce-

234 4507 391 4574 dam,
429 4506 488 4560 Id
523 4506 779 4560 retinent
809 4505 905 4560 alii
938 4507 1168 4562 codices
1227 4522 1336 4560 ms.
1384 4507 1540 4576 quod
1592 4505 1890 4564 noluimus

240 4585 499 4645 mutare,
535 4577 752 4649 quiain
789 4577 1052 4649 utrisque
1086 4595 1239 4633 unus
1270 4579 1887 4634 sensusrenuntiatur.

237 4651 423 4706 Porro
452 4647 607 4720 qudd
640 4647 854 4719 legitur
883 4647 1155 4704 iu'editis
1201 4666 1372 4704 versu
1423 4650 1757 4704 immediate
1798 4667 1889 4706 se-

236 4719 480 4794 quenti,
502 4719 1026 4794 etgsepelia‘rjguxta,
1059 4726 1193 4794 etc.,
1227 4721 1394 4794 illud,
1427 4729 1476 4776 et
1503 4720 1741 4794 sepeliiar
1788 4739 1888 4776 ex-

239 4791 530 4866 punctum
552 4791 742 4866 _habet
775 4791 1014 4866 infante
1037 4792 1332 4866 Ilebraicio,
1353 4794 1438 4866 uti
1461 4792 1614 4864 apud
1639 4793 1886 4864 Septua-

235 4863 403 4939 ginta
432 4880 498 4918 ac
547 4863 758 4939 Syrum
803 4863 1560 4939 i‘nterpretem.r_Cbaldaans
1610 4863 1800 4939 tamen
1832 4871 1890 4921 et

236 4935 434 4993 Arabs
462 4935 666 4991 eodem
688 4935 868 5008 modo
895 4935 1258 5007 interpretati
1287 4940 1445 5006 sunt,
1477 4945 1532 4992 et
1552 4935 1792 5008 sepeliar
1827 4939 1889 4993 in

232 5009 511 5080 sepulcro,
542 5012 651 5062 etc.
685 5007 871 5080 Mlier.

315 5083 336 5115 ²
365 5085 610 5134 Erasum
642 5084 731 5134 est
760 5078 818 5132 in
851 5077 1084 5133 Canone
1118 5078 1207 5134 bic
1241 5082 1298 5134 et
1325 5077 1461 5134 alibi
1506 5079 1748 5135 verbum
1798 5095 1886 5136 re-

237 5163 475 5220 vertere,
511 5151 630 5204 sive
660 5151 815 5220 vade,
847 5155 1022 5220 atque
1053 5151 1122 5204 ad
1155 5154 1378 5205 textum
1410 5150 1717 5207 Hebraeum
1751 5169 1887 5207 sen-

234 5224 489 5280 tentiam
524 5221 836 5291 Scriptura
864 5223 1268 5278 accommodat
1296 5224 1680 5279 emendator:
1715 5226 1774 5278 In
1805 5232 1887 5279 ta-

239 5295 547 5353 bernacula
564 5310 666 5348 sua
680 5293 884 5350 Israel.
900 5300 976 5348 At
999 5309 1070 5349 ne
1084 5293 1243 5349 ﬁeret
1265 5295 1540 5350 indecora
1561 5296 1889 5363 translatio,

232 5366 480 5425 voculas
510 5365 806 5420 interdum
862 5365 1091 5420 Latinas
1143 5366 1308 5421 addit
1357 5367 1770 5432 Hieronymus,
1822 5373 1888 5423 ut

235 5443 369 5511 ipse
402 5437 711 5511 profitetur
763 5438 1064 5511 epist._ad
1123 5438 1409 5511 Sunniam
1471 5443 1527 5494 et
1576 5437 1884 5494 Fretelam.

233 5507 587 5569 Necessario
610 5507 1082 5583 etiamjhocgloco
1105 5509 1597 5583 ‘subintelligitur
1631 5511 1885 5583 verbum

234 5590 536 5645 revertere,
568 5584 670 5634 aut
701 5580 845 5637 redi:
877 5581 990 5635 alio
1023 5580 1119 5653 qui
1143 5599 1373 5650 sensus,
1399 5580 1487 5638 vel
1546 5581 1745 5638 nullus
1775 5588 1884 5650 est,

236 5657 324 5711 τρι
361 5657 652 5706 obscurus
686 5653 922 5705 omnino
956 5653 1298 5710 remanebit.
1331 5659 1517 5709 MART.

310 5758 384 5768 —
397 5729 508 5782 Ms.
526 5722 838 5780 Veronens.
852 5765 867 5795 ,
882 5725 939 5779 in
952 5725 1105 5780 domo
1118 5726 1326 5782 Dauid:
1348 5726 1728 5784 renuentibus
1751 5724 1884 5782 aliis

1997 3367 2239 3423 veniens
2268 3368 2340 3422 ad
2369 3368 2575 3424 faciem
2594 3368 2851 3425 illorum.
2872 3370 3063 3427 Nostri
3088 3369 3339 3436 codices,
3366 3372 3410 3437 ⁵,
3431 3371 3646 3425 Amasa

1998 3457 2238 3512 veniens
2296 3459 2550 3513 occurrit
2607 3459 2738 3530 eis).
2803 3460 2982 3515 Porro
3038 3460 3180 3514 Joab
3233 3460 3480 3515 vestitus
3521 3463 3648 3515 erat

1997 3546 2198 3602 tunica
2229 3547 2431 3602 stricta
2457 3548 2526 3602 ad
2549 3564 2890 3604 mensuram
2918 3549 3154 3604 habitus
3176 3549 3290 3615 sui,
3317 3555 3373 3604 et
3394 3550 3649 3621 desuper

1997 3635 2296 3691 accinctus
2327 3634 2521 3709 gladio
2570 3637 2934 3708 dependente
2967 3655 3154 3708 usque
3185 3639 3255 3693 ad
3287 3637 3433 3707 illia,
3463 3636 3522 3692 in
3548 3654 3646 3692 va-

1997 3725 2152 3797 gina,
2190 3726 2289 3796 qui
2323 3725 2639 3781 fabricatus
2671 3727 2691 3760 δ
2724 3726 2831 3782 levi
2864 3732 3024 3783 motu
3058 3727 3254 3799 egredi
3292 3731 3542 3798 poterat,
3589 3730 3646 3782 et

1997 3819 2317 3886 percutere.
2354 3814 2506 3869 Dixit
2536 3814 2736 3886 itaque
2777 3815 2922 3871 Joab
2973 3815 3042 3870 ad
3086 3817 3399 3871 Amasam:
3454 3814 3643 3882 Salve,

1999 3903 2078 3958 mi
2115 3904 2291 3960 frater
2317 3904 2398 3976 (h.
2432 3905 2547 3959 Pax
2577 3905 2702 3975 tibi,
2737 3905 2958 3967 frater).
2984 3905 3260 3960 Ettenuit
3305 3921 3482 3959 manu
3508 3905 3645 3959 dex-

1996 3996 2120 4049 tera
2151 3997 2412 4048 mentum
2444 3995 2670 4048 Amasze
2721 3993 2891 4064 quasi
2937 3992 3213 4048 osculans
3263 4009 3420 4048 eum.
3471 3993 3645 4048 Porro

1996 4084 2211 4138 Amasa
2241 4099 2352 4138 non
2380 4082 2708 4137 observavit
2727 4081 2990 4154 gladium
3015 4099 3187 4153 quem
3218 4081 3470 4138 habebat
3497 4082 3642 4136 Joab

1997 4170 2078 4243 (h.
2115 4187 2290 4242 quem
2320 4170 2576 4226 habebat
2603 4171 2744 4226 Joab
2778 4172 2835 4226 in
2871 4173 3093 4241 manu).
3126 4171 3215 4242 (T.
3245 4170 3498 4242 CXXX.)
3531 4170 3640 4238 Qui

1997 4259 2289 4332 percussit
2321 4276 2454 4314 eum
2489 4259 2768 4327 latere,et
2784 4259 3284 4315 efi‘uditintestina
3300 4261 3427 4331 ejus
3451 4260 3642 4316 inter-

1994 4365 2186 4421 libris.
2221 4373 2350 4422 Mox
2384 4371 2790 4436 prorevertere,
2809 4367 2960 4438 quod
2984 4367 3226 4422 verbum
3254 4367 3310 4421 in
3339 4366 3468 4422 aliis
3491 4384 3636 4422 mss.

1997 4455 2228 4495 erasum
2260 4439 2633 4495 Martianaeus
2666 4439 2908 4505 invenit,
2943 4439 3162 4509 Optime
3213 4439 3283 4493 ad
3335 4441 3638 4494 Hebrreum

1996 4532 2222 4584 textum
2251 4528 2426 4583 habet
2457 4529 2812 4583 Veronensis
2846 4530 2949 4594 vir,
2984 4513 3174 4588 Sumat
3215 4513 3456 4590 ῚἻΞἾΠΝΒ
3477 4539 3597 4588 una
3627 4546 3640 4598 ;

2010 4600 2098 4653 Vir
2127 4599 2202 4654 ad
2233 4600 2473 4654 tentoria
2503 4601 2805 4666 sualsrael,
2840 4600 2896 4654 id
2927 4605 3017 4655 est
3044 4603 3292 4672 quisque,
3328 4606 3389 4654 ut
3439 4601 3644 4672 praafe-

2003 4678 2142 4726 runt
2171 4672 2467 4727 versiones
2488 4673 2616 4726 aliae
2640 4671 2984 4727 Orientales.
3012 4677 3097 4727 Ita
3119 4678 3177 4728 et
3209 4673 3262 4727 in
3291 4671 3642 4728 Memmiana

1999 4745 2233 4816 Canone
2290 4741 2404 4816 legi
2475 4749 2677 4815 postea
2744 4744 3114 4799 Martianaaus
3172 4744 3299 4815 ipse
3371 4745 3644 4800 animad-

1999 4815 2186 4870 vertit.

2069 4904 2090 4937 ³
2120 4907 2300 4959 Vacat
2329 4919 2462 4958 cum
2495 4903 2556 4958 in
2589 4903 2849 4968 Hebraeo,
2880 4908 3008 4959 tum
3039 4903 3098 4958 in
3149 4903 3475 4960 Veronensi
3526 4921 3637 4962 ms.

1996 4991 2118 5031 rex.
2153 4975 2213 5030 In
2230 4979 2463 5031 Canone
2477 4991 2646 5046 quem
2676 4976 3051 5031 emendatum
3073 4981 3239 5032 vocat
3259 4977 3637 5034 Martianaaus

1997 5051 2201 5118 postea
2232 5047 2464 5118 reperit,
2499 5047 2639 5119 quod
2669 5047 2720 5102 ei
2746 5049 3104 5104 constitutum
3133 5057 3270 5104 erat.

2069 5137 2088 5170 ‘
2121 5138 2275 5203 Quos
2305 5136 2395 5192 hic
2422 5141 2638 5192 nostros
2663 5137 2889 5193 codices
2912 5137 3270 5193 Scholiastes
3292 5140 3478 5201 vocat,
3498 5135 3643 5192 nihil

1997 5209 2069 5281 ab
2135 5208 2584 5280 Hieronymiana
2642 5209 2931 5281 impressa
3009 5209 3254 5265 lectione
3313 5209 3639 5281 dissident.

1999 5280 2354 5348 Econtrario,
2399 5298 2578 5351 supra
2628 5281 2685 5335 in
2733 5280 2783 5336 c.
2834 5299 2945 5337 xvu
2995 5281 3167 5337 Num.
3219 5298 3252 5334 v
3298 5283 3353 5347 6,
3409 5280 3638 5335 codices

1996 5353 2230 5406 eosdem
2261 5352 2370 5407 hoc
2402 5354 2636 5408 nomine
2665 5353 2888 5421 laudat,
2916 5356 2980 5408 ut
3009 5354 3285 5408 abludere
3313 5368 3411 5406 eos
3433 5369 3466 5406 a
3505 5368 3640 5422 pro-

1997 5424 2184 5494 posito
2218 5425 2534 5497 exemplari
2570 5431 2747 5481 notet.
2783 5426 2906 5481 Non
2941 5426 3182 5496 indigna
3212 5424 3332 5478 haec
3383 5424 3506 5478 visa
3544 5440 3634 5479 res

1995 5500 2106 5566 est,
2139 5513 2316 5566 quam
2349 5497 2643 5554 curiosius
2676 5498 3016 5570 inspiceres.

2022 5587 2086 5712 ι’
2115 5586 2296 5643 Multo
2327 5588 2670 5644 concinnius
2701 5588 2760 5642 in
2811 5591 3126 5643 Vcronens.
3184 5600 3320 5654 ms.,
3363 5586 3521 5654 fabre
3540 5587 3628 5657 fa-

2045 5673 2126 5712 us.

1993 5673 2126 5712 crus.
