3982 6178
175 364 273 422 705

1500 350 1716 407 LIBER
1751 351 1804 406 II
1839 351 2217 410 SAMUELIS.

3455 368 3564 422 706

183 489 395 555 messis,
416 489 596 546 donec
620 485 702 557 [h.
727 485 939 556 usque]
961 480 1211 538 stillaret
1234 495 1387 551 aqua
1411 493 1589 550 super
1609 491 1710 531 eos
1731 475 1803 530 de
1832 476 1887 542 Α
1917 476 2084 546 quasi
2117 476 2472 537 lictatorium
2514 485 2858 541 texentium.
2889 489 3170 553 Quartum
3205 491 3428 550 bellum
3462 494 3575 550 fuit

179 579 306 639 οωιο
336 597 348 636 :
379 582 434 633 et
463 592 574 632 non
623 572 853 630 dimisit
896 587 1032 628 aves
1086 570 1340 627 lacerare
1372 583 1472 624 eos
1503 583 1605 638 per
1634 564 1810 632 diem,

190 684 360 741 neque
391 664 606 722 bestias
646 679 746 734 per
777 665 1028 718 noctem.
1061 660 1131 714 Et
1165 657 1430 714 nuntiata
1463 659 1603 711 sunt
1633 652 1814 709 David

189 775 300 832 qua
323 757 535 812 fecerat
555 752 787 825 Respha
812 750 928 806 filia
951 751 1055 821 Aja
1078 749 1203 820 [τηε.
1230 745 1459 818 Ahaja],
1487 743 1816 832 concubina

187 830 327 904 Sani.
346 846 428 918 ['l‘.
450 843 759 912 CXXXIII]
782 841 850 896 Et
869 839 1013 895 abiit
1036 837 1240 908 David,
1259 841 1316 892 et
1337 835 1474 891 tulit
1495 850 1631 890 ossa
1651 830 1813 896 Saul,

186 943 236 994 et
262 952 388 993 ossa
417 932 708 990 Jonathan
734 929 836 985 lilii
861 930 988 1000 ejus
1020 945 1052 983 a
1079 927 1218 982 viris
1248 925 1423 982 Jabes
1450 923 1687 988 Galaad,
1716 919 1816 992 qui

188 1025 347 1081 furati
382 1024 608 1079 fuerant
638 1037 706 1076 ea
735 1019 807 1075 de
855 1017 1049 1090 platea
1096 1015 1407 1083 Betti-Sen,
1438 1014 1499 1069 in
1532 1028 1650 1083 qua
1681 1025 1818 1066 sus-

187 1113 494 1188 pendet-ant
525 1126 626 1167 eos
668 1107 984 1175 Philistim,
1017 1121 1151 1162 cum
1201 1101 1639 1160 interfecissent
1676 1095 1817 1154 Saul

186 1204 239 1259 in
265 1201 472 1258 Gelboe
509 1216 523 1255 :
558 1203 616 1254 et
663 1195 985 1270 asportavit
1034 1195 1170 1251 inde
1201 1210 1338 1249 ossa
1386 1190 1547 1261 Saul,
1580 1193 1637 1244 et
1683 1204 1822 1243 ossa

183 1289 460 1348 Jonathan
494 1286 597 1343 filii
629 1288 754 1358 ejus
789 1303 801 1341 :
836 1290 895 1341 et
923 1283 1262 1354 colligentes
1293 1297 1428 1337 ossa
1458 1293 1684 1344 eorum,
1719 1274 1818 1348 qui

186 1379 328 1435 afﬁxi
369 1379 618 1447 fuerant,
638 1373 994 1448 sepelierunt
1023 1389 1092 1428 ea
1139 1387 1271 1427 cum
1326 1368 1564 1426 ossibus
1594 1365 1734 1422 Saul
1764 1367 1822 1420 et

184 1467 460 1526 Jonathan
496 1465 604 1520 filii
634 1465 760 1536 ejus
787 1463 868 1535 [h.
900 1468 953 1519 et
986 1460 1326 1532 collegerunt
1355 1474 1472 1515 ossa
1506 1472 1698 1513 eorum
1723 1452 1818 1524 qui

190 1557 333 1614 affixi
375 1563 558 1625 erant,
587 1563 640 1610 et
669 1554 1002 1624 sepelierunt
1049 1565 1169 1605 ossa
1199 1548 1333 1604 Saul
1360 1552 1413 1603 et
1444 1545 1547 1601 ﬁlii
1579 1542 1730 1617 ejus]
1761 1542 1818 1598 in

196 1652 339 1702 terra
381 1643 715 1716 Benjamin,
748 1643 806 1696 in
855 1641 1060 1707 latere,
1096 1639 1150 1693 in
1200 1636 1469 1710 sepulcro
1498 1635 1591 1690 Cis
1641 1633 1823 1706 patris

187 1736 302 1804 ejus
332 1750 345 1789 :
377 1733 758 1802 feceruntque
802 1730 1024 1796 omnia,
1057 1745 1183 1800 quae
1235 1729 1587 1798 praeceperat
1616 1739 1739 1787 rex,
1769 1724 1826 1776 et

1927 565 1986 619 in
2036 566 2230 624 Geth:
2280 570 2338 625 in
2398 588 2512 644 quo
2563 574 2648 629 vir
2695 576 2874 648 [Vulg.
2925 579 3047 634 miti.
3101 581 3224 649 fuit]
3285 581 3573 654 excelsus,

2060 672 2234 755 senos
2259 659 2322 755 in
2353 664 2628 720 manibus
2662 665 3027 739 pedibusque
3060 668 3314 727 habt-bat
3341 674 3579 746 digitos,

1927 746 1982 834 id
2016 750 2124 811 est,
2157 747 2360 820 viginti
2417 756 2473 806 et
2504 759 2775 824 quatuor,
2810 760 2866 811 et
2895 762 3017 812 erat
3065 759 3133 814 de
3177 761 3400 834 origine
3434 768 3576 819 Ara-

1929 831 2064 904 pha,
2099 835 2247 907 [ΠΙ.
2283 839 2407 894 aid.
2445 842 2518 912 et]
2565 842 2994 916 blasphemavit
3038 849 3236 905 lsrael.
3272 831 3580 909 —Pcrcussit

1929 927 2119 979 autem
2155 943 2287 982 eum
2327 929 2623 986 Jonathan
2675 932 2834 989 ﬁlius
2881 935 3093 993 Samaa
3145 940 3339 995 fratris
3375 943 3576 998 David.

1928 1011 1996 1066 Hi
2031 1018 2283 1084 quatuor
2313 1019 2431 1073 nati
2466 1025 2605 1075 sunt
2657 1021 2727 1075 dc
2776 1023 3012 1094 Arapha
3045 1025 3098 1080 in
3136 1025 3305 1096 Geth,
3339 1033 3395 1085 et
3427 1031 3580 1086 ceci-

1929 1101 2142 1159 derunt
2175 1103 2231 1160 in
2266 1123 2441 1163 manu
2473 1109 2652 1165 David
2687 1113 2744 1166 et
2778 1127 3080 1170 servorum
3112 1115 3258 1186 ejus.

2004 1238 2158 1308 [Cap.
2192 1241 2400 1312 ΧΧΙΙ.]
2438 1243 2688 1299 Locutus
2738 1252 2829 1300 est
2877 1254 3073 1304 autem
3108 1251 3277 1304 David
3340 1254 3581 1308 Domino

1930 1328 2108 1381 verba
2145 1329 2426 1386 carminis
2476 1331 2653 1403 hujus
2673 1334 2715 1398 ⁸,
2747 1335 2806 1389 in
2840 1337 2932 1390 die
2962 1353 3080 1407 qua
3128 1339 3393 1395 liberavit
3445 1358 3580 1399 eum

1933 1416 2214 1472 Dominus
2245 1424 2316 1473 de
2350 1435 2521 1474 manu
2573 1424 2837 1478 omnium
2887 1424 3262 1484 inimicorum
3311 1446 3579 1496 suorum,

1931 1510 1989 1558 et
2020 1522 2196 1561 manu
2229 1507 2390 1562 Saul.
2424 1509 2492 1564 Et
2524 1511 2607 1565 ait
2640 1528 2653 1566 :

2006 1638 2090 1708 [T.
2124 1637 2386 1710 CXXXI]
2423 1642 2702 1698 Dominus
2724 1650 2888 1716 petra
2923 1661 3073 1718 mea,
3097 1653 3153 1704 et
3176 1649 3353 1706 robur
3383 1669 3580 1709 meum

2076 1733 2130 1781 et
2161 1728 2416 1784 salvator
2448 1746 2615 1788 meus
2640 1733 2680 1787 ⁸.

185 1823 588 1897 repropitiatus
618 1825 707 1876 est
736 1820 890 1913 Deus
921 1821 1247 1913 terrae-post
1291 1815 1432 1870 haec.
1469 1817 1706 1913 Factum
1739 1815 1828 1866 est
1861 1849 1904 1913 Β
1943 1818 2089 1873 Deus
2122 1833 2289 1874 meus
2317 1819 2495 1891 [ναις.
2529 1828 2637 1876 tae.
2671 1823 2882 1895 meus],
2918 1825 3080 1882 fortis
3115 1844 3300 1900 meus,
3334 1831 3580 1901 sperabo

187 1918 366 1968 autem
400 1927 641 1968 rursum
679 1908 943 1981 praelium
975 1905 1461 1963 Pbilistbinorum
1514 1903 1824 1958 adversum

193 2004 380 2078 Israel,
403 2008 459 2060 et
491 2001 801 2059 descendit
829 1999 1034 2068 David,
1066 2003 1123 2055 et
1151 1998 1303 2054 servi
1336 1997 1466 2068 ejus
1496 2010 1631 2051 cum
1662 2010 1749 2064 eo,
1775 1999 1828 2048 et

193 2079 528 2166 pugnabant
561 2095 758 2147 contra
789 2088 1105 2145 Pbilistim.
1136 2086 1455 2142 Deficiente
1485 2089 1682 2140 autem
1715 2088 1821 2138 Da-

193 2183 301 2253 vid,
340 2180 697 2238 Jesbibenob
731 2179 854 2252 [ma
885 2176 1284 2248 Jesbidenob],
1317 2175 1416 2248 qui
1473 2175 1580 2229 fuit
1611 2175 1680 2229 de
1724 2189 1824 2244 ge-

192 2287 316 2328 nere
342 2270 602 2342 Arapba,
626 2269 797 2340 cujus
819 2268 1034 2324 ferrum
1056 2266 1240 2323 hastae
1260 2265 1590 2321 trecentas‘
1625 2263 1828 2318 uncias

191 2361 574 2434 appendebat,
606 2363 664 2414 et
693 2357 991 2415 accinctus
1021 2361 1145 2412 erat
1174 2371 1314 2411 ense
1345 2371 1511 2423 novo,
1543 2353 1710 2409 nisus
1741 2355 1829 2408 est

190 2455 477 2523 percutere
526 2448 728 2504 David.
760 2445 1154 2516 Praesidioque
1183 2444 1233 2500 ei
1268 2444 1377 2499 fuit
1423 2442 1622 2499 Abisai
1667 2441 1828 2497 illius

183 2540 374 2595 εει·νίε
413 2541 459 2610 ³,
516 2542 580 2594 et
633 2550 978 2610 percussum
1048 2532 1450 2590 Pbilistbaeum
1513 2530 1824 2588 interfecit.

185 2632 328 2684 Tunc
368 2629 730 2700 juraverunt
775 2624 882 2680 viri
937 2623 1134 2694 David,
1169 2623 1429 2679 dicentes
1460 2638 1475 2677 :
1507 2621 1638 2678 Jam
1660 2621 1682 2655 ³
1713 2637 1828 2676 non

185 2717 481 2789 egredieris
515 2714 828 2772 nobiscum
878 2713 938 2769 in
983 2713 1228 2783 bellum,
1258 2728 1330 2769 ne
1359 2711 1700 2784 exstinguas
1733 2709 1826 2765 lu-

189 2820 408 2863 cernam
459 2804 668 2862 Israel.
701 2803 1031 2861 Secundum
1083 2818 1318 2874 quoque
1368 2799 1588 2856 bellum
1636 2798 1742 2856 fuit
1771 2799 1830 2854 in

185 2896 295 2950 Gob
323 2899 535 2952 contra
577 2891 950 2949 Philistbzeos
982 2907 994 2945 :
1031 2898 1172 2946 tunc
1204 2890 1493 2962 percussit
1543 2888 1827 2946 Sobochai

187 2982 251 3038 de
278 2982 508 3050 Husati,
541 2981 698 3053 Saph
747 2981 870 3052 [ma
905 2979 1084 3052 Sepb]
1137 2980 1207 3035 dc
1263 2979 1444 3051 stirpe
1473 2979 1726 3051 Arapha,
1760 2978 1831 3033 de

189 3087 387 3143 genere
435 3070 813 3145 gigantum‘.
847 3069 1104 3124 Tertium
1157 3085 1386 3140 quoque
1446 3068 1551 3124 fuit
1611 3069 1830 3126 bellum

187 3160 242 3216 in
264 3161 381 3218 Gob
403 3166 616 3218 contra
642 3158 1034 3223 Pbilisthaeos,
1077 3158 1134 3214 in
1167 3174 1282 3229 quo
1318 3160 1608 3231 percussit
1635 3161 1831 3215 Adeo—

2079 1922 2135 1961 ιη
2166 1924 2300 1962 eum
2339 1925 2350 1963 Ξ

2007 2000 2240 2052 scutum
2281 2014 2499 2066 meum,
2533 2004 2589 2054 et
2619 2016 2798 2056 cornu
2832 2001 3042 2060 salutis
3072 2022 3206 2062 meae
3240 2025 3254 2064 :

1938 2084 2198 2140 Elevator
2225 2101 2409 2151 meus,
2440 2092 2497 2144 et
2529 2089 2814 2158 relugium
2853 2109 3068 2164 meum,

2008 2173 2263 2230 salvator
2295 2191 2482 2244 meus,
2515 2177 2585 2232 de
2616 2177 2929 2250 iniquitate
2959 2181 3240 2241 liberabis
3272 2203 3385 2242 me.

1937 2263 2313 2319 Laudabilem
2349 2264 2630 2322 invocabo
2667 2269 2974 2326 Dominum
3011 2287 3024 2326 :

2007 2356 2064 2408 et
2094 2353 2167 2407 ab
2197 2351 2454 2410 inimicis
2489 2354 2636 2412 meis
2666 2356 2865 2414 salvus
2895 2375 3014 2415 ero.

1937 2441 2085 2506 Quia
2115 2441 2629 2500 circumdederunt
2661 2461 2753 2500 me
2784 2448 3168 2506 contritiones
3203 2453 3410 2509 mortis
3443 2471 3456 2508 :

2005 2535 2292 2586 torrentes
2323 2531 2501 2586 Belial
2534 2537 2867 2590 terruerunt
2899 2538 3030 2591 me7
3081 2538 3262 2610 [Vulg.
3300 2545 3406 2598 tae.
3445 2543 3580 2615 me].

1940 2618 2130 2674 Funes
2160 2620 2332 2676 inferi
2365 2618 2879 2680 circumdederunt
2911 2640 3002 2680 me
3035 2643 3048 2682 :

2013 2713 2414 2780 praevenerunt
2443 2726 2535 2764 me
2564 2709 2757 2782 laquei
2793 2713 3017 2769 mortis.

1940 2800 2000 2854 In
2035 2798 2416 2854 tribulatione
2447 2815 2575 2853 mea
2606 2799 2883 2856 invocabo
2917 2802 3257 2878 Dominum,

2011 2892 2066 2943 et
2096 2888 2166 2944 ad
2202 2887 2382 2942 Deum
2418 2901 2615 2942 meum
2648 2886 2917 2946 clamabo
2948 2909 2960 2947 :

1939 2979 2008 3034 Et
2037 2977 2306 3034 exaudiet
2336 2977 2406 3031 de
2439 2975 2659 3048 templo
2687 2994 2794 3034 suo
2825 2995 3018 3037 vocem
3053 2998 3266 3055 meam,

2011 3072 2068 3123 et
2099 3066 2321 3122 clamor
2363 3079 2530 3120 meus
2560 3065 2752 3122 veniet
2784 3067 2866 3138 [h.
2901 3086 3010 3125 non
3056 3070 3220 3128 habet
3267 3075 3478 3148 veniet]
3511 3077 3582 3134 ad

2090 3171 2260 3211 aures
2291 3155 2438 3225 ejus.

189 3249 346 3304 datus
398 3250 565 3305 (ilius
621 3247 842 3315 Saltus,
899 3221 1836 3319 poljmitarius.Bethlehemites,
1865 3221 1911 3287 ο
1950 3248 2255 3305 Commota
2281 3221 2372 3300 est
2399 3247 2455 3298 et
2486 3246 2841 3302 contremuit
2868 3250 3024 3305 terra
3055 3265 3068 3305 :

191 3337 408 3395 Goliath
467 3336 839 3403 Gettbaum,
897 3339 1071 3408 cujus
1168 3335 1382 3393 hastile
1459 3336 1642 3394 hasta
1716 3345 1840 3396 erat

255 3449 271 3482 ¹
301 3445 362 3502 In
411 3445 690 3517 Canone,
724 3445 884 3517 cujus
930 3444 1086 3498 hasta
1139 3446 1424 3517 trecentas,
1464 3447 1598 3511 etc.,
1651 3463 1827 3517 quam

189 3515 489 3574 lectionem
526 3515 693 3586 sequi
726 3515 1029 3586 nolumus,
1060 3531 1124 3570 eo
1157 3516 1310 3585 quod
1343 3521 1627 3586 suspecta:
1661 3515 1831 3573 nobis

2020 3335 2403 3392 fundamenta
2433 3333 2722 3389 montium
2757 3351 3036 3393 concussa
3066 3343 3205 3396 sunt
3227 3341 3269 3397 ⁸.

1939 3458 2144 3500 eorum
2190 3440 2288 3511 qui
2340 3437 2705 3515 glossemata
2716 3441 3114 3515 _interpretati
3165 3454 3326 3514 sunt,
3357 3452 3595 3508 addita-

1943 3518 2270 3590 mentorum
2311 3515 2401 3590 est
2447 3529 2651 3590 purus.
2687 3513 2828 3590 Nam
2882 3513 2951 3590 de
2980 3516 3248 3590 Vulgatis
3296 3513 3462 3578 libris
3511 3524 3593 3580 ita

192 3590 297 3645 sint
341 3582 710 3670 hujnsm‘odi.
743 3582 1200 3670 emenda‘tiones:
1223 3601 1291 3641 ex
1335 3582 1616 3668 Heb'raico
1669 3593 1831 3645 textu
1941 3588 2152 3670 sentio,
2178 3599 2325 3670 cum.
2352 3582 2657 3670 obscurior
2695 3585 2798 3640 illa
2841 3582 3138 3645 videretur
3166 3593 3492 3664 translatio,
3523 3596 3592 3652 de

194 3654 511 3733 procurata:
544 3660 616 3735 ab
634 3660 838 3735 aliquo
865 3658 1204 3735 studio‘siori
1225 3675 1238 3721 ;
1263 3674 1398 3713 nam
1433 3659 1623 3735 prima
1655 3677 1831 3716 manu
1939 3661 2112 3735 stirpe
2156 3659 2398 3735 ﬁrapha,
2430 3654 2740 3735 glossator,
2773 3674 2889 3714 non
2932 3676 3101 3735 nemo
3135 3664 3205 3717 ad
3238 3665 3370 3719 libri
3402 3654 3589 3735 oram,

192 3730 381 3789 eodem
417 3732 599 3788 modo
630 3731 934 3802 legebatur
961 3730 1304 3802 inguauone,
1331 3736 1393 3784 ut
1418 3732 1591 3802 modo
1625 3734 1837 3802 legitur

192 3804 248 3859 in
276 3805 470 3869 editis,
495 3818 568 3858 ac
597 3803 655 3857 in
690 3800 964 3858 omnibus
995 3800 1127 3856 aliis
1159 3817 1301 3856 mss.
1328 3801 1648 3858 codicibus.
1673 3800 1836 3859 Unde

197 3876 574 3931 manifestum
598 3878 842 3946 apparet
870 3873 1092 3946 similes
1121 3872 1398 3928 lectiones
1435 3873 1613 3930 fuisse
1645 3881 1835 3931 muta-

195 3952 277 4002 tas
306 3949 365 4004 in
401 3945 675 4002 versione
698 3945 1166 4017 Hieronymiana,
1189 3948 1570 4017 quantumvis
1602 3948 1840 4003 aliunde

195 4021 378 4075 verbis
411 4017 676 4074 Hebraeis
708 4016 950 4088 prepius
979 4019 1279 4072 accedant.
1312 4016 1496 4072 Maa'r.

262 4109 573 4164 ’Deerant
627 4105 768 4161 olim
823 4105 884 4160 in
913 4104 1235 4164 Veronens.
1298 4106 1424 4160 cod.
1474 4105 1592 4160 haec
1641 4107 1840 4172 verba,

197 4179 572 4250 Praesidioque
599 4180 654 4233 ei
679 4181 792 4250 [uit
823 4177 1020 4233 Abisai
1046 4178 1198 4242 [ilius
1229 4177 1625 4250 Sarviae,7qu:e
1644 4194 1846 4250 recen-

198 4251 303 4378 tip;
332 4248 554 4379 marg—us
584 4248 816 4305 suﬂ'ecit
849 4265 863 4304 :
897 4253 1155 4320 suntque
1203 4264 1262 4302 re
1311 4249 1440 4320 ipsa
1469 4249 1527 4304 in
1557 4248 1688 4304 aliis
1717 4266 1842 4305 om-

199 4339 250 4377 ni
295 4340 364 4379 us
427 4340 443 4378 ι
494 4339 597 4377 ris.

337 4341 364 4380 S
402 4341 597 4379 llDl'lS.

263 4411 283 4446 ³
311 4411 534 4468 Vocula
575 4411 689 4478 iam
719 4408 779 4464 in
809 4407 1134 4464 Veronensi
1185 4424 1294 4464 ms.
1321 4407 1492 4478 juxta
1538 4408 1842 4464 Hebraeum

202 4481 460 4556 aliosque
492 4487 691 4538 textus
721 4485 910 4538 vacat.

272 4573 294 4607 ⁴
321 4571 466 4627 Duae
498 4574 639 4626 sunt
671 4569 1184 4641 interpretationes
1213 4568 1300 4623 bis
1327 4567 1502 4624 simul
1522 4569 1762 4640 junctae,
1783 4567 1850 4641 de

201 4642 360 4714 stirpe
409 4643 652 4714 Arapha,
683 4648 740 4697 et
769 4640 841 4697 de
867 4658 1064 4712 genere
1090 4643 1383 4712 gigantum
1415 4659 1433 4694 :
1463 4647 1553 4696 est
1599 4642 1756 4695 enim
1786 4640 1846 4694 in

206 4729 438 4788 Hebraio
471 4748 594 4787 una
641 4730 933 4786 sententia
980 4741 1145 4793 nam
1183 4714 1364 4794 νήθει,
1397 4729 1466 4784 de
1513 4731 1686 4792 natis,
1731 4727 1852 4783 sive

206 4800 267 4873 de
291 4805 465 4872 stirpe
493 4803 734 4871 Arapha,
763 4803 918 4873 quod
949 4803 999 4856 si
1029 4802 1170 4858 velis
1199 4802 1421 4872 Arapha
1444 4802 1612 4872 juxta
1633 4806 1851 4871 etymo-

208 4871 418 4945 logiam
461 4871 853 4945 interpretari,
884 4874 1067 4934 dicas,
1089 4873 1155 4928 de
1194 4871 1361 4938 natis,
1393 4873 1513 4928 sive
1542 4873 1611 4927 de
1655 4886 1854 4942 genere

208 4946 510 5015 gigantum.
549 4953 739 5016 Atque
765 4945 885 4998 haec
912 4945 1151 5016 quidem
1183 4945 1470 5014 expositio
1495 4945 1658 5016 Syro,
1681 4949 1854 5016 atque

209 5013 402 5082 Arabi,
439 5019 558 5072 fere
586 5013 762 5072 etiam
792 5023 850 5071 et
880 5013 1149 5070 Chaldaeo
1181 5013 1552 5085 interpretari
1582 5013 1805 5085 placuit
1834 5031 1847 5068 :

209 5085 362 5160 illam
398 5089 637 5144 Graecus
669 5087 930 5159 probavit
959 5088 1172 5156 magis,
1205 5085 1256 5140 ἐν
1307 5083 1423 5147 rei;
1468 5083 1716 5160 ἐγγόγρις
1755 5088 1853 5138 τοῦ

209 5155 392 5232 Ῥαφά.
427 5155 683 5215 Certum‘
715 5164 912 5232 autem
942 5164 1033 5214 est
1061 5166 1235 5232 atque
1282 5155 1552 5224 evidens,
1574 5158 1855 5228 Hierony-

211 5229 367 5302 mum
405 5247 640 5302 quoque
686 5229 1026 5286 alterutram
1075 5231 1344 5300 elegisse,
1379 5247 1497 5302 non
1544 5237 1854 5302 utramque

213 5298 472 5381 iunxisse
530 5298 1316 5381 temere,_quemadmodum
1379 5299 1565 5381 Latini
1618 5298 1853 5381 vulgati

233 5372 338 5444 ibri
389 5371 1042 5444 repraesentant—Quam
1093 5390 1262 5444 porro
1310 5388 1379 5426 ex
1427 5371 1851 5444 his_probarit,

210 5439 558 5517 Yeronensis
591 5462 702 5501 ms.
737 5443 1051 5517 signiﬁcat,
1085 5439 1199 5517 qui
1231 5444 1424 5517 priore
1458 5439 1625 5517 unice
1657 5442 1854 5503 habet.

210 5511 271 5602 de
314 5516 494 5602 stirpe
540 5511 1117 5602 Araphaialtera‘m,
1167 5511 1247 5572 (ἰδ’
1289 5531 1494 5588 genere
1539 5515 1856 5600 gigantum

253 5585 445 5667 enitus
501 5585 703 5667 nescit.
765 5588 958 5660 Atque
1015 5585 1856 5667 _h-l_DO“DO'thm_YVTjO’t‘OtT}TOC

268 5657 696 5732 ieronymianaa,
732 5657 907 5732 quam
943 5657 1196 5726 exhibet,
1216 5657 1515 5732 versionis'
1543 5673 1857 5732 argumen-

219 5730 346 5786 tum
377 5729 491 5786 sibi
519 5735 720 5796 sumit,
749 5729 903 5805 quod
938 5732 1159 5788 caeteris
1190 5730 1525 5805 religiosius
1555 5729 1855 5797 omnibus,

1945 3727 2122 3786 aliam
2155 3728 2304 3805 hanc
2335 3743 2403 3780 ex
2448 3727 2702 3782 nominis
2747 3734 3102 3805 etymologia
3151 3737 3495 3805 derivatam,
3527 3727 3595 3794 de

1983 3816 2144 3880 gnere
2169 3801 2487 3880 gigantum,
2512 3801 3362 3880 appo‘suit,quam'inconsulto
3392 3801 3596 3879 postea

1972 3872 2312 3947 ibratjusin
2341 3875 2561 3924 textum
2589 3872 3158 3947 intrusit.'Qa;terum
3184 3872 3595 3947 mirari-subit,

1947 3945 2057 4000 hoc
2119 3941 2460 3997 Latinorum
2523 3942 2785 3996 codicum
2849 3945 3314 4003 additamentum
3379 3941 3592 4006 nedum

1951 4013 2295 4093 Martianmi,
2316 4018 2388 4093 cet
2419 4029 2593 4083 quem
2617 4013 2723 4093 ille
2753 4015 2951 4093 edidit.
2979 4017 3200 4093 Hebraei
3231 4022 3594 4087 Scholiastis,

1952 4090 2142 4164 sedet
2172 4085 2458 4164 omnium,
2493 4089 2635 4164 quot
2672 4085 2957 4142 habemus
3006 4091 3367 4164 adumanus,
3399 4094 3498 4164 qui
3531 4085 3596 4150 se

1951 4157 2195 4286 Eriticos
2225 4156 2284 4210 in
2317 4161 2372 4210 S.
2407 4155 2769 4226 Scripturam
2808 4165 3007 4226 agunt,
3040 4161 3317 4233 effugisse
3346 4155 3596 4237 diligen-

1981 4245 2115 4284 iam.

1981 4245 2115 4284 iam.

2023 4302 2044 4335 ⁸
2078 4301 2203 4353 Haec
2232 4297 2421 4378 verba
2451 4313 2638 4378 usque
2670 4298 2739 4378 ad
2775 4301 3373 4378 principium_hymni
3409 4306 3601 4378 posita

1953 4378 2094 4427 sunt
2141 4385 2243 4439 per
2291 4370 2531 4442 modum
2564 4370 2744 4428 tituli.
2777 4387 2844 4424 ac
2876 4370 3484 4442 majusculis'litteris
3531 4395 3601 4434 ex

1955 4443 2461 4518 minio_doscripta
2492 4441 2548 4495 in
2583 4451 2916 4513 pervetusto
2966 4441 3122 4518 regio
3154 4449 3354 4504 codice
3385 4450 3600 4506 Biblio-

1880 4517 1924 4582 D
1957 4530 2110 4570 rum.
2146 4511 2336 4565 Maa'r.

2026 4586 2049 4620 ⁸
2081 4582 2342 4639 Primum
2389 4581 2566 4650 hujus
2604 4585 2810 4639 cantici
2842 4585 3162 4644 distichum
3214 4589 3297 4645 ita
3345 4589 3600 4646 divisum

1956 4653 2586 4730 invenimusin-I‘lebr.
2611 4655 2805 4711 codice
2837 4660 2994 4730 regio
3029 4676 3186 4716 num.
3221 4662 3274 4716 6.
3311 4662 3390 4716 Ad
3427 4663 3600 4717 {idem

1958 4728 2140 4807 igitur
2185 4725 2389 4807 optimi
2423 4724 2582 4807 illius
2623 4741 2734 4807 ms:
2765 4724 3114 4807 exemplaris
3158 4742 3452 4789 commata
3483 4735 3600 4789 duo

1959 4796 2322 4883 posita-sunt
2352 4797 2416 4883 in.
2443 4796 2552 4849 hac
2596 4796 3035 4883 editionezcum
3073 4803 3129 4857 in
3165 4803 3294 4861 aliis
3328 4805 3511 4883 libris,
3537 4822 3608 4883 ac

1959 4867 2306 4950 in.Latinis.
2343 4867 2517 4950 etiam
2579 4883 2722 4950 mss.
2777 4873 3074 4950 codicibus
3129 4867 3606 4948 quampltirimis,

1961 4942 2071 5016 sub
2104 4956 2229 5016 una
2251 4940 2535 5016 divisione
2557 4955 2658 4994 seu
2694 4941 2977 4998 incisione
3008 4940 3606 5016 legentum-Caeterum

1962 5015 2072 5068 iste
2105 5010 2372 5067 Psalmus
2420 5011 2576 5065 idem
2626 5017 2715 5066 est
2761 5028 2894 5068 cum
2950 5010 3150 5073 nostro
3181 5036 3297 5074 xvii
3347 5020 3403 5073 in
3456 5019 3606 5073 libro

1965 5086 2204 5146 Psalm.,
2222 5081 2310 5136 vel
2334 5098 2465 5135 cum
2487 5085 2832 5152 xvm,juxta
2855 5103 3165 5143 numerum
3193 5093 3606 5146 Hebraeorum:

1962 5157 2060 5234 sed
2086 5152 2375 5234 nonnihil
2402 5155 2659 5234 variant.
2685 5157 2938 5234 amplius
2970 5159 3193 5230 aliquid
3227 5161 3379 5216 inter
3407 5178 3468 5216 se
3501 5160 3609 5215 ba-

1963 5228 2189 5286 bentes,
2220 5231 2321 5278 aut
2367 5222 2500 5278 aliis
2542 5227 2759 5295 verbis,
2789 5222 2862 5282 ut
2908 5231 2964 5283 in
3018 5222 3324 5286 amborum
3372 5236 3611 5286 conten-

1962 5301 2122 5427 iiione
2151 5297 2453 5353 studiosus
2483 5297 2734 5368 quisque
2767 5300 2934 5355 facile
2955 5308 3320 5374 compertum
3352 5304 3610 5359 habebit.

2024 5387 2151 5425 aa'r.

2024 5387 2151 5425 ΛΚΤ.

2033 5443 2054 5477 ⁷
2091 5443 2503 5514 InHYero‘nens.
2540 5455 2653 5514 ms.
2699 5443 3054 5510 Invenerunt,
3088 5445 3241 5514 quod
3292 5444 3446 5499 haud
3493 5445 3614 5500 scio

1966 5514 2122 5568 unde
2150 5509 2428 5566 librarius
2459 5511 2776 5568 excuderit.

2036 5583 2280 5638 'Canon
2333 5581 2400 5635 ad
2451 5581 2624 5636 Hebr.
2675 5586 3022 5639 emendatus
3074 5585 3239 5654 legit,
3284 5587 3616 5642 conturbata

1967 5659 2094 5785 amt
2125 5661 2176 5709 et
2209 5656 2484 5708 commota
2525 5657 2656 5708 sunt
2687 5673 2704 5709 :
2740 5663 2923 5711 centeri
2958 5673 3161 5712 omnes
3214 5663 3277 5713 ut
3325 5659 3381 5713 in
3419 5658 3614 5718 editis.

2029 5745 2156 5786 aur.
