3982 6178
425 285 532 340 707
1458 283 1518 335 S.
1561 281 1967 337 HIERONYMI
2001 279 2256 334 DIVINA
2294 279 2790 340 BIBLIOTBBCA.
3694 289 3783 347 708

499 414 555 465 et
594 408 1009 480 conquassata,
1045 403 1324 476 quoniam
1372 403 1562 460 iratus
1605 408 1694 460 est
1725 403 1906 475 [Vulg.
1940 400 2064 457 add.
2099 408 2144 470 Α
2180 401 2248 455 Et
2278 402 2560 474 populum
2594 421 2908 478 pauperem
2948 404 3180 462 salvum
3210 406 3385 464 facies
3416 424 3430 464 :

573 497 700 570 eis].

427 587 709 644 Ascendit
740 587 940 641 fumus
967 584 1026 638 in
1061 583 1341 639 naribus'
1377 583 1526 654 ejus,

497 681 554 732 et
585 676 736 747 ignis
768 676 838 730 de
871 690 968 730 ore
998 675 1127 744 ejus
1156 672 1378 729 voravit
1409 689 1424 727 :

497 765 776 821 carbones
809 763 1030 821 incensi
1062 767 1201 819 sunt
1235 763 1309 818 ab
1341 778 1428 818 eo.

426 853 733 910 Inclinavit
761 855 886 926 [ms.
911 854 980 908 Et
1009 851 1334 925 inclinavit]
1365 850 1562 918 ccelos,
1597 853 1653 906 et
1682 848 1986 906 descendit
2017 863 2030 901 :

495 947 553 999 et
583 943 770 1015 caligo
801 943 910 998 sub
942 943 1190 1014 pedibus
1219 941 1368 1012 ejus.

423 1032 492 1088 Et
541 1033 804 1088 ascendit
851 1047 1030 1104 super
1075 1030 1388 1087 Cberubim
1441 1028 1522 1101 [b.
1555 1027 1830 1098 Cberub],
1875 1031 1932 1082 et
1972 1043 2066 1082 vo-

567 1121 709 1177 lavit
736 1140 749 1178 :

496 1215 554 1266 et
579 1211 783 1282 lapsus
815 1215 904 1266 est
934 1209 1016 1282 [b.
1051 1207 1341 1282 apparuit]
1375 1223 1552 1278 super
1585 1222 1804 1279 pennas
1833 1204 2009 1261 venti.

423 1303 629 1358 Posuit
661 1303 929 1357 tenebras
960 1301 1017 1356 in
1051 1299 1294 1356 circuitu
1327 1316 1434 1354 suo
1467 1297 1797 1366 latibulum,

496 1392 760 1448 cribrans
792 1409 976 1463 aquas
1009 1392 1078 1447 de
1110 1389 1364 1445 nubibus
1395 1386 1691 1444 cmlorum.

425 1481 544 1536 Prae
578 1481 803 1552 fulgore
841 1482 898 1536 in
932 1484 1244 1552 conspectu
1280 1480 1428 1550 ejus,

495 1571 762 1628 succensi
793 1579 930 1626 sunt
960 1571 1242 1626 carbones
1271 1569 1446 1642 ignis.

425 1661 674 1717 Tonabit
703 1662 772 1716 de
803 1659 964 1715 cmlis
991 1659 1275 1714 Dominus
1305 1676 1318 1714 :

492 1753 550 1806 et
577 1749 840 1806 excelsus
872 1749 1037 1805 dabit
1064 1763 1264 1804 vocem
1300 1763 1492 1802 suam.

417 1841 578 1896 Misit
608 1840 876 1912 sagittas,
911 1844 964 1894 et
995 1839 1307 1909 dissipavit
1335 1854 1434 1894 eos

487 1928 705 1999 fulgur,
740 1933 800 1982 et
830 1927 1192 1997 consumpsit
1227 1942 1350 1982 eos.

415 2020 483 2074 Et
515 2021 918 2089 apparuerunt
945 2015 1262 2070 effusiones
1297 2013 1500 2078 maris,

485 2110 544 2162 et
573 2105 826 2161 revelata
856 2112 989 2160 sunt
1022 2104 1400 2158 fundamenta
1429 2102 1610 2168 orbis,

486 2195 559 2250 ab
591 2193 988 2266 increpatione
1024 2192 1274 2258 Domini,

487 2285 556 2339 ab
592 2283 972 2354 inspiratione
1005 2281 1249 2351 spiritus
1280 2279 1493 2336 furoris
1527 2280 1674 2351 ejus.

413 2374 577 2430 Misit
605 2374 676 2428 de
701 2372 948 2439 excelso,
983 2378 1039 2428 et
1069 2357 1395 2443 assumpsit
1425 2387 1540 2441 me,

485 2468 542 2520 et
573 2463 822 2520 extraxit
853 2477 943 2517 me
975 2462 1044 2516 de
1075 2462 1245 2533 aquis
1275 2461 1497 2515 multis.

412 2553 701 2609 Liberavit
751 2569 844 2608 me
892 2552 963 2607 ab
1008 2552 1129 2623 [ms.
1164 2550 1252 2621 de]
1305 2549 1543 2605 inimico
1588 2565 1716 2606 meo
1772 2550 2059 2622 potentis-

489 2659 664 2698 srmo.

487 2737 544 2788 et
577 2737 700 2799 [ηις.
739 2737 826 2788 Iac
855 2734 931 2802 et]
967 2732 1038 2787 ab
1069 2731 1161 2787 bis
1205 2730 1305 2802 qui
1360 2730 1603 2785 oderant
1632 2745 1745 2796 me,
1777 2729 2055 2801 quoniam

556 2821 916 2878 robustiores
947 2837 1036 2877 me
1067 2825 1251 2876 erant.

414 2910 699 2966 Prmvenit
731 2927 824 2966 me
852 2910 909 2964 in
944 2909 1037 2965 die
1067 2908 1400 2964 afﬂictionis
1431 2925 1592 2977 mea},

486 3005 543 3054 et
573 3000 762 3055 factus
791 3005 880 3055 est
914 2999 1194 3054 Dominus
1228 2999 1665 3054 firmamentum
1701 3013 1918 3053 meum.

413 3091 477 3142 Et
509 3089 709 3143 eduxit
738 3105 831 3142 me
861 3088 918 3142 in
951 3087 1321 3142 latitudinem
1359 3104 1370 3140 :

485 3176 754 3232 liberavit
786 3192 898 3243 me,
935 3175 1072 3248 quia
1105 3176 1295 3248 placui
1323 3177 1343 3210 ²
1365 3177 1543 3246 [Vulg.
1575 3175 1924 3245 complacui]
1955 3174 2006 3230 ei
2037 3191 2051 3230 :
2089 3145 2130 3212 Ο

414 3265 715 3320 Retribuet
733 3264 877 3320 mihi
897 3266 1174 3320 Dominus
1189 3265 1818 3334 secundumjustitiam
1839 3280 2052 3330 meam;

481 3360 536 3410 et
553 3354 876 3410 secundum
897 3353 1248 3410 munditiam
1269 3371 1550 3408 manuum
1575 3371 1836 3410 mearum
1855 3354 2058 3411 reddet

554 3444 723 3500 mihi.

411 3533 556 3600 Quia
588 3533 872 3590 custodivi
903 3532 1025 3588 vias
1053 3532 1302 3601 Domini,

482 3627 540 3680 et
569 3640 684 3679 non
718 3623 808 3695 egi
841 3622 1046 3694 impie,
1076 3641 1106 3678 a
1138 3622 1253 3678 Deo
1289 3639 1436 3678 meo.

411 3712 622 3769 Omnia
654 3712 1052 3783 enimjudicia
1084 3713 1210 3782 ejus
1242 3711 1300 3767 in
1334 3715 1648 3783 conspectu
1683 3728 1811 3769 meo
1845 3730 1858 3769 :

481 3807 538 3859 et
569 3805 861 3874 praecepta
893 3802 1021 3872 ejus
1052 3817 1166 3857 non
1201 3801 1390 3857 amovi
1423 3819 1455 3856 a
1486 3817 1599 3857 me.

409 3892 482 3948 Et
513 3908 610 3948 ero
642 3893 933 3963 perfectus
965 3907 1094 3946 cum
1130 3907 1216 3958 eo,

478 3985 534 4036 et
563 3981 893 4037 custodiam
927 3996 1018 4036 me
1049 3981 1120 4036 ab
1151 3980 1457 4052 iniquitate
1487 3997 1636 4036 mea.

409 4071 478 4127 Et
533 4072 803 4127 restituet
851 4069 1134 4127 Dominus
1188 4069 1332 4125 mihi
1385 4071 1708 4127 secundum
1755 4071 2054 4142 justitiam

547 4176 764 4226 meam,

477 4236 536 4287 et
559 4233 885 4288 secundum
908 4230 1262 4286 munditiam
1283 4247 1567 4287 manuum
1587 4248 1849 4288 mearum
1869 4233 1951 4302 [b.
1971 4249 2057 4289 se.

474 4321 734 4376 cundum
779 4320 1130 4377 munditiam
1157 4322 1391 4392 meam],
1415 4320 1476 4377 in
1505 4327 1821 4394 conspectu
1854 4323 2052 4380 oculo-

475 4427 612 4465 rum
647 4426 913 4466 suorum.

408 4499 549 4555 Cum
584 4505 788 4556 sancto
821 4503 1062 4556 sanctus
1095 4497 1208 4555 eris
1242 4515 1255 4553 :

473 4592 528 4644 et
558 4605 690 4643 cum
725 4588 966 4645 robusto
1010 4589 1299 4660 perfectus
1333 4587 1412 4660 [b.
1447 4604 1580 4643 cum
1626 4589 1877 4661 perfecto
1911 4607 2044 4662 per-

544 4678 806 4750 fectum].

400 4770 541 4824 Cum
575 4772 778 4823 sancto
810 4767 992 4826 electo
1019 4767 1239 4824 electus
1272 4767 1406 4837 eris,

472 4865 528 4914 et
557 4873 686 4915 cum
718 4874 988 4930 perverso
1021 4857 1370 4930 perverteris
1403 4861 1524 4925 (ms.
1557 4858 1961 4931 subverteris].

475 5077 488 5112 ¹
527 5075 685 5130 Idem
719 5091 829 5130 ms.
861 5074 928 5130 de
975 5074 1231 5130 naribus.
1266 5075 1416 5128 Tum
1464 5089 1612 5130 vers.
1647 5091 1792 5146 seq.,
1835 5079 2049 5136 vorabit

400 5165 458 5220 in
492 5165 686 5220 futuro
720 5180 852 5219 cum
886 5162 1168 5234 Vulgatis,
1203 5172 1255 5218 et
1293 5162 1556 5233 pressius
1604 5163 1835 5219 Hebraeo
1866 5151 2043 5228 5mm.

470 5238 491 5270 ²
512 5237 833 5308 Veronens.
852 5251 962 5289 ms.
987 5236 1214 5304 placuit.
1235 5239 1363 5291 Mox
1386 5234 1601 5290 rectius
1626 5236 1695 5290 ad
1719 5236 2045 5308 Hebraeum,

399 5307 675 5366 Relribuil
706 5324 809 5380 pro
843 5308 1139 5364 Relrlbuel.

471 5384 490 5415 ³
527 5376 804 5453 Undecim
862 5395 1007 5434 mss.
1053 5377 1238 5453 nostri
1273 5377 1477 5453 legunt
1535 5376 1627 5453 hic
1684 5383 2046 5453 compingam,

399 5467 502 5507 nec
535 5470 643 5508 sua
673 5451 815 5508 illud
849 5456 1068 5507 careret
1102 5448 1531 5522 probabilitate,
1557 5449 1668 5504 nisi
1694 5448 2050 5524 consequen-

396 5524 478 5580 tia
509 5542 722 5599 sensus
753 5525 1051 5581 obstaret:
1077 5537 1212 5599 nam
1231 5537 1362 5599 quae
1387 5531 1813 5599 praecesserunt
1832 5525 2045 5599 delebo,

396 5596 791 5672 comminuam,
812 5595 1203 5655 necessariam
1231 5593 1447 5651 habent
1467 5595 1887 5654 connexionem
1912 5593 2046 5656 cum

2099 1772 2146 1838 B

2257 491 2558 564 oculisque
2589 495 2706 550 tuis
2736 494 2994 551 excelsos
3024 494 3386 552 bumiliabis.

2183 579 2330 644 Quia
2361 585 2419 634 tu
2453 581 2693 639 lucerna
2723 600 2874 654 mea,
2907 585 3174 652 Domine,

2257 674 2315 724 et
2349 669 2507 740 Vulg.
2541 673 2668 729 add.
2703 675 2811 746 tu],
2857 675 3118 742 Domine,
3150 674 3505 733 illuminabis
3548 680 3784 739 tenebras

2329 775 2514 816 meas.

2188 846 2252 902 In
2281 852 2337 904 te
2368 850 2524 905 enim
2555 868 2786 908 curram
2818 852 3118 909 accinctus
3151 871 3164 911 Ξ

2253 937 2313 991 in
2343 943 2461 994 Deo
2495 956 2622 996 meo
2651 941 2984 999 transiliam
3015 959 3274 1001 murum.

2186 1026 2359 1096 Deus,
2393 1027 2770 1088 immaculata
2800 1031 2891 1087 via
2919 1032 3072 1103 ejus,

2255 1114 2567 1188 Eloquium
2600 1119 2834 1176 Domini
2883 1121 3018 1194 igne
3071 1122 3465 1180 examinatum
3495 1123 3574 1196 [b.
3603 1127 3787 1184 conﬂa-

2327 1207 2476 1276 tum]
2513 1223 2526 1262 :

2255 1300 2490 1351 scutum
2519 1301 2608 1353 est
2637 1298 2900 1356 omnium
2933 1301 3296 1373 sperantium
3327 1302 3387 1358 in
3419 1319 3499 1360 se.

2185 1383 2325 1449 Quis
2357 1389 2445 1440 est
2476 1386 2628 1443 Deus
2660 1392 2869 1460 preter
2896 1389 3232 1459 Dominum,

2255 1477 2312 1528 et
2341 1474 2474 1545 quis
2507 1475 2672 1532 fortis
2705 1483 2910 1550 praeter
2935 1484 3120 1536 Deum
3153 1481 3468 1538 nostrum?

2185 1561 2342 1618 Deus
2375 1564 2476 1635 qui
2507 1565 2764 1638 accingit
2795 1583 2887 1624 me
2921 1568 3282 1640 fortitudine,

2257 1656 2313 1707 et
2333 1653 2723 1725 complanavit
2741 1657 2864 1727 [ηις.
2884 1658 3320 1730 complantavit]
3342 1660 3643 1733 perfectam
3661 1660 3786 1718 viam

2327 1757 2541 1798 meam.

2174 1829 2494 1902 Coaequans
2526 1833 2700 1903 pedes
2737 1851 2898 1892 meos
2928 1837 3134 1908 cervis,

2243 1924 2302 1974 et
2331 1936 2510 1992 super
2541 1921 2770 1979 excelsa
2800 1939 2928 1980 mea
2959 1929 3227 1984 statuens
3259 1944 3373 1984 me.

2173 2008 2400 2065 Docens
2431 2026 2647 2067 manus
2679 2028 2840 2070 meas
2871 2015 2944 2070 ad
2977 2016 3272 2086 praetium,

2242 2103 2299 2152 et
2330 2114 2692 2170 componens
2725 2101 2897 2174 quasi
2925 2121 3128 2160 arcum
3153 2121 3374 2163 aereum
3405 2107 3634 2165 brachia
3659 2124 3785 2166 mea.

2172 2185 2394 2242 Dedisti
2428 2189 2595 2255 mibi,
2629 2191 2895 2263 clypeum
2929 2193 3140 2250 salutis
3170 2199 3307 2262 tua,

2241 2280 2300 2330 et
2333 2279 2724 2334 mansuetudo
2759 2297 2883 2338 mea
2917 2280 3001 2353 [b.
3035 2283 3158 2354 tua}
3193 2283 3602 2358 multiplicavit
3626 2302 3725 2344 me.

2169 2361 2454 2420 Dilatabis
2484 2382 2724 2438 gressus
2758 2385 2922 2425 meos
2954 2371 3168 2428 subtus
3202 2388 3316 2444 me,

2240 2457 2299 2506 et
2332 2469 2446 2508 non
2482 2455 2756 2512 deficient
2789 2457 2892 2515 tali
2922 2459 3059 2518 mei.

2170 2539 2496 2614 Persequar
2527 2544 2796 2602 inimicos
2832 2563 3010 2616 meos,
3043 2553 3102 2605 et
3130 2555 3459 2620 conteram,

2239 2635 2296 2686 et
2329 2649 2444 2688 non
2499 2640 2752 2691 revertar
2782 2636 2986 2708 Vulg.
3019 2645 3353 2713 convertar]
3399 2643 3578 2700 donec
3606 2659 3787 2700 consu-

2311 2737 2470 2776 mam
2503 2739 2626 2779 808.

2165 2811 2516 2866 Consumam
2548 2827 2668 2879 eos,
2692 2818 2749 2869 et
2770 2815 3161 2889 confringam,
3184 2823 3250 2875 ut
3271 2837 3390 2876 non
3423 2825 3782 2894 consurgant:

2237 2899 2449 2955 cadent
2479 2901 2589 2956 sub
2625 2903 2872 2974 pedibus
2909 2906 3075 2962 meis.

2163 2987 2480 3044 Accinxisti
2511 3005 2604 3046 me
2635 2991 2977 3050 fortitudine
3004 2997 3072 3051 ad
3111 2996 3381 3067 praelium
3416 3014 3430 3059 :

2236 3074 2572 3220 incugvabis
2629 3079 2811 3152 [Vulg.
2869 3081 3212 3157 incurvasti]
3273 3088 3610 3146 resistentes
3658 3086 3784 3144 mihi

2309 3181 2378 3220 su
2453 3183 2565 3220 me.

2309 3181 2420 3221 SUD
2453 3183 2565 3225 me.

2167 3254 2438 3310 Inimicos
2472 3273 2634 3314 meos
2665 3259 2878 3316 dedisti
2913 3263 3059 3318 mihi
3093 3264 3363 3334 dorsum,

2235 3344 2500 3400 odientes
2533 3363 2646 3417 me,
2678 3353 2738 3404 et
2767 3349 3103 3422 disperdam
3132 3369 3251 3410 eos.

2099 3514 2102 3515 ν
2165 3430 2532 3504 Clamabunt,
2565 3441 2622 3492 et
2651 3453 2766 3493 non
2795 3440 2907 3494 erit
2936 3441 3036 3512 qui
3069 3441 3252 3499 salvet
3285 3461 3299 3499 :

2235 3522 2304 3577 ad
2343 3523 2674 3594 Dominum,
2707 3531 2764 3582 et
2795 3545 2910 3584 non
2943 3532 3213 3588 exaudiet
3243 3549 3369 3590 eos.

2164 3610 2378 3668 Delebo
2409 3613 2492 3685 [b.
2527 3614 2858 3689 Conteram]
2899 3635 3020 3690 eos,
3052 3620 3356 3692 pulverem
3388 3629 3551 3681 terrae
3585 3642 3598 3682 :

2236 3702 2405 3772 quasi
2439 3702 2628 3760 lutum
2675 3704 3004 3776 platearum
3050 3711 3456 3770 comminuam
3489 3731 3606 3784 eos,
3636 3720 3784 3785 atque

2235 3807 2340 3846 con
2352 3791 2600 3863 fringam
2629 3795 2670 3848 ³.

2163 3878 2425 3936 Salvabis
2459 3898 2552 3938 me
2583 3899 2616 3938 a
2645 3885 3208 3946 contradictionibus
3238 3891 3444 3966 populi
3475 3893 3584 3950 mei
3618 3911 3630 3950 :

2234 3969 2530 4026 custodias
2554 3971 2576 4005 ‘
2605 3987 2698 4027 me
2729 3973 2788 4029 in
2821 3979 2996 4048 caput
3019 3978 3283 4049 gentium
3321 3998 3335 4038 :

2234 4057 2509 4128 populus,
2542 4076 2712 4132 quem
2747 4063 2972 4136 ignoro,
3008 4067 3220 4123 serviet
3248 4069 3421 4125 mihi.

2162 4145 2288 4202 Filii
2323 4145 2808 4218 alienijresistent
2839 4151 2983 4209 mibi
3015 4154 3098 4225 [b.
3131 4157 3434 4228 negabunt
3462 4159 3596 4231 me],

2236 4235 2438 4291 auditu
2472 4238 2632 4294 auris
2662 4239 2935 4297 obedient
2965 4243 3133 4300 mihi.

2163 4323 2288 4380 Filii
2321 4324 2494 4381 alieni
2528 4327 2920 4401 deﬂuxerunt,

2235 4418 2291 4470 et
2319 4415 2742 4474 contrahentur
2771 4418 2830 4474 in
2863 4421 3156 4493 angustiis
3187 4423 3332 4481 suis.

2081 4512 2128 4578 υ
2159 4502 2313 4558 Vivit
2345 4505 2648 4576 Dominus,
2682 4510 2740 4563 et
2770 4507 3111 4568 benedictus
3138 4517 3295 4570 Deus
3327 4529 3496 4572 meus
3526 4513 3606 4588 [b.
3636 4510 3782 4570 fortis

2304 4610 2493 4651 meum
2529 4612 2541 4651 Σ

2304 4610 2469 4650 meus
2529 4612 2541 4651 :

2227 4686 2284 4737 et
2312 4597 2600 4740 exaltatur
2627 4685 2647 4719 ⁸
2680 4684 2834 4742 Deus
2867 4687 3033 4744 fortis
3063 4688 3273 4748 salutis
3307 4708 3472 4750 meis.

2159 4771 2338 4840 Deus,
2368 4771 2468 4844 qui
2500 4773 2607 4830 das
2637 4773 2924 4832 vindictas
2955 4777 3118 4848 mihi,

2229 4865 2287 4917 et
2314 4860 2543 4932 dejiciis
2575 4862 2824 4935 populos
2854 4865 2964 4922 sub
2997 4883 3109 4938 me,

2161 5081 2321 5138 verbo
2349 5085 2723 5156 confringam,
2751 5086 2870 5144 sive
2895 5087 3225 5148 distendant.
3251 5092 3533 5150 Ceterum
3563 5092 3782 5150 Hebraea

2159 5170 2268 5209 vox
2300 5166 2436 5235 yp'i,
2469 5172 2621 5228 raca,
2655 5159 2886 5231 proprie
2917 5161 3157 5219 denotat
3192 5181 3460 5235 premere,
3486 5163 3781 5239 premendo,

2159 5243 2474 5315 conslipare
2501 5255 2553 5301 et
2589 5249 2832 5328 ﬁrmare.
2865 5249 2998 5328 Quae
3051 5255 3314 5328 praefecto
3339 5257 3418 5328 ad
3461 5256 3784 5328 compingare

2160 5329 2237 5397 ex.
2269 5331 2435 5386 aequo
2486 5321 2859 5391 respondent.
2891 5321 3231 5384 Consulesis
3260 5326 3530 5384 Criticam
3574 5321 3778 5384 sacram

2162 5386 2457 5443 Middocb.
2493 5387 2681 5444 MART.

2198 5404 2457 5443 uaaocn.
2493 5404 2681 5446 MART.

2198 5459 2364 5544 .‘A‘d
2409 5463 2730 5544 Veronens,
2782 5479 2895 5544 ms.
2943 5467 3268 5544 marginem
3319 5469 3653 5544 adnotatum
3702 5469 3780 5523 est

2159 5531 2448 5611 ejusdem,
2483 5538 2548 5589 ut
2574 5533 2828 5611 videtur,
2861 5531 3187 5611 Antiquarii
3224 5557 3424 5611 manu,
3455 5541 3746 5600 constitues.

2233 5602 2253 5639 ⁸
2274 5602 2440 5660 Ideni
2459 5621 2570 5662 ms.
2595 5607 2655 5664 El
2677 5602 3049 5678 exaltabilur';
3070 5629 3204 5670 cum
3225 5602 3490 5688 Vulgatis
3507 5619 3561 5672 ct
3579 5616 3770 5670 Greco.
