3982 6178
171 323 253 378 709
1473 313 1685 373 LIBER
1724 319 1775 373 II
1811 319 2195 374 ΒΑΜΗὲἓέωᾶ

168 449 252 516 Qui
278 445 461 504 educis
488 460 582 501 me
611 443 681 501 ab
710 444 967 501 inimicis
998 445 1166 511 meis,

222 542 270 595 et
295 555 325 593 a
351 534 747 592 resistentibus
779 533 924 589 mihi
955 534 1150 589 elevas
1184 549 1274 589 me
1302 551 1314 588 :

223 645 252 682 a
275 630 385 682 viro
415 625 611 696 iniquo
638 624 714 690 (h.
749 623 1101 695 iniquitatis]
1132 623 1410 678 liberabis
1436 638 1551 678 me.

167 721 432 787 Pmpterea
456 713 774 770 conﬁtebor
801 713 930 779 tibi,
967 713 1230 781 Domine,
1280 712 1337 766 in
1371 711 1648 783 gentibus
1677 727 1690 766 :

221 810 266 862 et
292 803 498 859 nomini
531 807 632 859 tuo
664 802 932 858 cantabo.

220 892 624 966 Magnificanti1
649 890 832 964 [ναις.
857 891 1242 964 magniﬁcans
1261 899 1312 947 et
1338 890 1576 961 faciens]
1607 888 1765 945 salu-

279 988 355 1039 tes
383 981 530 1054 regis
562 981 678 1049 sui,

218 1077 266 1129 et
291 1071 508 1128 facienti
539 1070 997 1127 misericordiam
1031 1069 1248 1126 cbristo
1280 1086 1410 1134 suo,

220 1162 372 1218 David
399 1166 453 1216 et
482 1159 694 1216 semini
724 1161 855 1231 ejus
886 1160 944 1215 in
977 1159 1424 1232 sempiternum.

213 1247 347 1323 [Cap.
381 1251 610 1316 XXIII]
663 1250 794 1306 Haec
837 1253 1034 1305 autem
1066 1254 1206 1305 sunt
1237 1248 1412 1304 verba
1441 1246 1551 1319 [b.]
1585 1244 1766 1301 David

158 1341 498 1398 novissima“.
535 1339 685 1394 Dixit
717 1339 891 1395 David
939 1339 1099 1394 ﬁlius
1141 1337 1248 1393 Isai
1280 1354 1292 1392 :
1351 1337 1499 1391 Dixit
1527 1335 1634 1403 vir,
1666 1335 1767 1390 cui

159 1431 501 1486 constitutum
528 1434 621 1485 est
644 1429 714 1484 de
737 1429 961 1484 Christo
984 1429 1082 1484 Dei
1104 1428 1285 1482 Jacob
1313 1425 1424 1493 [cui
1449 1423 1769 1480 constituta

155 1525 227 1576 est
242 1519 383 1576 scala
404 1519 636 1574 Christo
660 1519 761 1573 Dei
784 1518 1011 1587 Jacob),
1041 1516 1312 1588 egregius
1344 1514 1563 1588 psaltes
1594 1509 1674 1574 lh.
1711 1517 1768 1568 et

157 1609 236 1664 alii
285 1609 524 1678 codices,
591 1607 778 1679 psalta
808 1611 850 1677 ³]
931 1606 1154 1662 Israel:
1221 1605 1474 1678 Spiritus
1530 1603 1768 1660 Domini

156 1699 350 1755 locutus
379 1703 463 1754 est
511 1715 617 1769 per
649 1713 742 1752 me
799 1698 878 1766 [b.
913 1696 970 1751 in
1024 1699 1154 1764 me],
1198 1704 1250 1751 et
1283 1710 1478 1750 sermo
1505 1694 1634 1763 ejus
1667 1709 1770 1764 per

155 1787 377 1859 linguam
411 1803 605 1843 meam
663 1787 744 1858 lb.
801 1803 979 1858 super
1023 1785 1284 1856 linguam
1332 1783 1566 1853 meam].
1613 1782 1770 1838 Dixit

154 1877 278 1934 Deus
305 1877 496 1948 Israel,
557 1876 789 1932 locutus
834 1881 924 1932 est
953 1874 1098 1930 mihi
1150 1875 1315 1930 fortis
1346 1872 1548 1940 Israel,
1580 1871 1765 1928 domi-

153 1973 291 2022 nator
317 1967 623 2022 hominum
668 1968 890 2036 justus,
924 1964 1258 2020 dominator
1288 1964 1368 2035 (b.
1418 1961 1768 2032 dominatui)

152 2058 199 2112 in
223 2057 414 2114 timore
467 2056 595 2111 Dei.
646 2056 715 2110 Et
757 2057 910 2111 sicut
952 2055 1050 2109 lux
1093 2071 1339 2121 aurorae,
1371 2052 1592 2108 oriente
1623 2050 1768 2116 sole,

161 2162 301 2202 mane
329 2146 550 2218 absque
579 2145 836 2200 nubibus
869 2143 1090 2213 rutilat,
1124 2150 1181 2199 et
1209 2143 1364 2198 sicut
1394 2141 1608 2213 pluviis
1639 2157 1768 2212 ger-

157 2236 310 2290 minat
338 2236 515 2291 herba
547 2236 622 2290 de
673 2239 823 2290 terra
855 2234 934 2305 (h.
971 2237 1026 2288 et
1069 2234 1224 2289 sicut
1257 2231 1452 2304 pluvia
1481 2232 1771 2303 germinat

157 2323 358 2379 herbam
389 2325 460 2380 de
488 2323 697 2388 terra).
730 2327 844 2378 Nec
897 2327 1063 2377 tanta
1091 2326 1180 2377 est
1210 2323 1421 2376 domus
1455 2336 1582 2376 mea
1611 2319 1768 2392 apud

155 2411 325 2480 Deum,
358 2419 421 2469 ut
451 2417 693 2485 pactum
727 2417 1008 2468 :eternum
1041 2410 1218 2466 iniret
1247 2427 1502 2480 mecum,
1531 2411 1767 2464 firmum

156 2501 200 2555 in
227 2501 484 2558 omnibus
537 2506 714 2573 atque
763 2501 1081 2556 munitum.
1131 2500 1357 2555 Cuncta
1405 2498 1561 2555 enim
1603 2497 1768 2554 salus

156 2605 278 2658 mea,
307 2597 361 2647 et
388 2591 589 2647 omnis
622 2590 890 2646 voluntas
913 2591 934 2623 ⁴
958 2607 970 2645 :
1006 2605 1111 2644 nec
1139 2593 1227 2644 est
1259 2589 1580 2661 quidquam
1608 2604 1675 2644 ex
1701 2602 1770 2643 ea

155 2680 280 2749 quod
308 2698 419 2737 non
469 2680 787 2751 germinet.
847 2679 1317 2734 Praevaricatores
1367 2684 1565 2733 autem
1597 2677 1766 2750 quasi

155 2769 305 2839 spina
333 2769 660 2827 evellentur
705 2769 985 2840 universi,
1019 2785 1145 2840 quae
1176 2785 1294 2824 non
1324 2767 1613 2823 tolluntur
1644 2783 1767 2822 ma-

153 2859 298 2915 nibus
316 2860 354 2914 ⁸.
385 2865 451 2916 Et
482 2859 536 2916 si
593 2859 726 2930 quis
760 2864 1002 2931 tangere
1048 2857 1294 2913 voluerit
1325 2872 1424 2913 eas
1471 2857 1552 2928 (h.
1587 2857 1655 2911 Et
1682 2856 1770 2910 vir

152 2950 364 3019 tangens
409 2951 560 3020 eos),
611 2947 940 3005 armabitur
990 2948 1140 3002 ferro
1190 2955 1243 3002 et
1292 2946 1448 3018 ligno
1480 2947 1766 3013 lanceato,

147 3035 360 3109 igneque
385 3055 688 3095 succensa
710 3037 793 3110 (h.
819 3037 1108 3108 succensi)
1136 3036 1560 3092 comburentur
1579 3051 1768 3106 usque

150 3127 205 3180 ad
233 3127 490 3183 nihilum.
526 3127 664 3182 Haec
704 3126 944 3181 nomina
984 3126 1222 3180 fortium
1251 3125 1676 3181 David.Sedens
1707 3125 1764 3180 in

3416 320 3524 378 710

1801 443 2095 514 Aplenus
2155 444 2325 500 lente.
2381 449 2641 518 Cumque
2699 447 2948 518 fugisset
3002 446 3255 520 populus
3314 447 3524 504 afacie

1877 533 2237 600 Philistbim,
2272 535 2435 590 stetit
2467 535 2563 591 ille
2596 536 2652 591 in
2704 538 2896 592 medio
2947 536 3092 609 agri,
3134 543 3190 593 et
3220 537 3408 593 tuitus
3435 543 3525 594 est

1875 639 2032 691 eum,
2068 625 2472 695 percussitque
2531 626 2894 682 Philisthceos
2923 643 2936 682 :
2992 632 3048 682 et
3080 626 3211 682 fecit
3239 628 3522 683 Dominus

1876 712 2129 766 salutem
2167 729 2462 785 magnam.
2496 714 2610 769 Nec
2645 733 2757 770 non
2792 720 2848 771 et
2896 720 3030 771 ante
3053 725 3072 758 6
3103 715 3526 772 descenderant

1876 800 1958 871 (h.
1992 802 2060 855 Et
2091 801 2542 875 descenderunt)
2575 809 2692 860 tres
2725 805 2822 876 qui
2855 810 3021 861 erant
3052 805 3344 876 principes
3375 806 3526 862 inter

1876 889 2140 960 triginta,
2173 895 2230 946 et
2258 897 2540 948 venerant
2585 899 2845 964 tempore
2899 894 3106 950 messis
3151 894 3221 948 ad
3255 894 3433 949 David
3465 893 3524 949 in

1878 976 2218 1048 speluncam
2242 979 2507 1036 Odollam
2536 999 2548 1035 :
2571 987 2761 1038 castra
2780 987 2979 1038 autem
3003 983 3335 1039 Philisthim
3359 991 3525 1039 erant

1878 1068 2068 1139 posita
2098 1067 2156 1123 in
2188 1069 2339 1125 valle
2387 1071 2719 1140 Gigantum.
2756 1073 2824 1127 Et
2877 1072 3047 1127 David
3080 1077 3201 1128 erat
3232 1072 3292 1128 in
3325 1073 3528 1145 prasi-

1877 1157 2012 1214 dio:
2047 1174 2218 1230 porro
2250 1159 2424 1215 statio
2457 1161 2900 1217 Philistinorum
2925 1167 3065 1217 tunc
3095 1168 3217 1217 erat
3248 1162 3307 1217 in
3343 1162 3522 1218 Beth-

1880 1247 2074 1302 Leem.
2130 1249 2212 1319 (T.
2263 1248 2542 1321 CXXXV.)
2597 1251 2963 1307 Desideravit
3015 1251 3193 1321 igitur
3236 1252 3434 1319 David,
3468 1255 3525 1306 et

1879 1336 1960 1391 ait
1993 1353 2006 1390 :
2041 1337 2099 1391 Si
2133 1338 2262 1407 quis
2311 1339 2457 1393 mihi
2497 1341 2662 1394 daret
2707 1344 2908 1410 potum
2952 1357 3140 1411 aquae,
3173 1341 3244 1395 do
3273 1340 3526 1396 cisterna

1879 1442 2005 1496 qua:
2038 1430 2125 1481 est
2155 1427 2213 1481 in
2247 1427 2587 1484 Beth-Leem
2630 1430 2802 1499 juxta
2846 1434 3074 1501 portam
3107 1428 3129 1483 Ρ
3183 1429 3530 1500 Irruperant

1878 1530 2014 1585 ergo
2043 1519 2159 1571 tres
2186 1517 2362 1572 fortes
2383 1522 2577 1572 castra
2601 1517 3175 1585 Philisthinorum,et
3206 1518 3531 1574 hauserunt

1879 1620 2092 1675 aquam
2155 1605 2225 1659 de
2273 1606 2530 1662 cisterna
2588 1608 2964 1678 Beth-Leem,
3025 1625 3154 1680 qua:
3210 1610 3529 1678 eratjuxta

1880 1696 2130 1764 portam,
2166 1697 2222 1748 et
2252 1694 2577 1750 attulerunt
2606 1698 2676 1750 ad
2731 1697 2910 1752 David
2947 1713 2958 1750 :
2997 1701 3054 1752 at
3085 1696 3183 1752 ille
3214 1696 3406 1752 noluit
3438 1698 3526 1752 bi-

1878 1780 2033 1852 bere,
2058 1782 2158 1836 sed
2205 1782 2408 1838 libavit
2455 1801 2581 1840 eam
2634 1784 2898 1853 Domino,
2951 1785 3149 1840 dicens
3188 1803 3201 1840 :
3238 1785 3529 1858 Propitius

1880 1869 1953 1924 sit
1987 1870 2130 1926 mihi
2164 1871 2469 1942 Dominus,
2525 1890 2597 1928 ne
2628 1873 2835 1929 faciam
2888 1873 2996 1929 hoc
3029 1874 3107 1943 (h.
3142 1874 3312 1931 Absit
3343 1892 3376 1931 a
3408 1892 3526 1944 me,

1877 1958 2143 2029 Domine,
2167 1965 2232 2014 ut
2254 1961 2461 2015 faciam
2485 1961 2616 2033 hoc)
2642 1980 2657 2021 :
2683 1980 2821 2017 num
2845 1964 3196 2034 sanguinem
3215 1963 3524 2020 hominum

1878 2049 2254 2118 istorum,qui
2289 2051 2528 2120 profecti
2556 2056 2715 2120 sunt,
2749 2058 2807 2106 et
2837 2052 3169 2107 animarum
3197 2053 3524 2124 periculum

1877 2136 2129 2192 bibam?
2180 2137 2380 2194 Noluit
2429 2157 2564 2212 ergo
2624 2141 2842 2196 bibere.
2903 2141 3030 2196 Haec
3093 2144 3354 2198 fecerunt
3408 2149 3529 2200 tres

1879 2227 2300 2283 robustissimi.
2333 2229 2533 2285 Abisai
2568 2247 2802 2301 quoque
2835 2231 3009 2286 frater
3029 2231 3173 2286 Joab
3209 2232 3363 2288 [ilius
3393 2237 3526 2288 Sar-

1877 2316 2002 2381 viae,
2036 2319 2305 2389 princeps
2327 2324 2452 2374 erat
2475 2319 2544 2374 de
2565 2319 2758 2375 tribus
2781 2320 2912 2376 istis
2934 2321 2953 2355 ⁷
2983 2337 2996 2376 :
3033 2320 3158 2391 ipse
3189 2326 3277 2376 est
3296 2323 3396 2392 qui
3415 2323 3524 2378 ele-

1876 2408 2028 2463 vavit
2055 2407 2284 2464 hastam
2310 2426 2481 2465 suam
2509 2416 2711 2466 contra
2732 2415 3023 2466 trecentos
3047 2428 3194 2482 quos
3216 2411 3523 2481 interfecit,

1878 2496 2218 2552 nominatus
2251 2497 2308 2552 in
2369 2499 2488 2554 illis
2541 2500 2753 2567 tribus,
2809 2504 2865 2555 et
2921 2499 3075 2555 inter
3101 2506 3217 2556 tres
3250 2501 3524 2573 nobilior,

1877 2591 2116 2658 eratque
2139 2603 2338 2642 eorum
2372 2587 2664 2660 princeps,
2699 2589 2799 2644 sed
2834 2605 3020 2660 usque
3049 2590 3120 2644 ad
3155 2595 3272 2646 tres
3305 2591 3528 2662 primos

1876 2675 1958 2746 (h.
1992 2692 2100 2731 non
2133 2676 2290 2731 habet
2330 2677 2572 2748 primos)
2624 2694 2737 2733 non
2791 2683 3145 2749 pervenerat.
3180 2680 3251 2735 Et
3282 2680 3527 2737 Banaias

1878 2763 2036 2820 filius
2057 2764 2274 2820 Joiada:
2297 2765 2403 2820 viri
2450 2766 2749 2821 fortissimi
2781 2767 2862 2838 (h.
2896 2767 3000 2821 ﬁlii
3032 2767 3139 2822 viri
3168 2768 3523 2840 fortissimi),

1878 2872 2225 2927 magnorum
2259 2856 2341 2928 (h.
2376 2857 2675 2929 magister)
2727 2875 2993 2929 operum,
3027 2860 3098 2913 de
3126 2859 3362 2915 Cabseel
3397 2862 3520 2933 (ms.

1877 2945 2138 3017 Capsael)
2165 2963 2179 3002 :
2213 2946 2336 3018 ipse
2369 2948 2657 3017 percussit
2683 2948 2831 3003 duos
2856 2948 3051 3003 leones
3085 2948 3277 3016 Moab,
3309 2954 3366 3005 et
3398 2951 3523 3022 ipse

1877 3035 2201 3103 descendit,
2232 3039 2287 3090 et
2344 3035 2633 3107 percussit
2685 3035 2911 3091 leonem
2959 3037 3018 3091 in
3050 3038 3240 3093 media
3271 3039 3527 3095 cisterna

1877 3123 2086 3180 diebus
2118 3123 2286 3180 nivis.
2323 3125 2450 3195 Ipse
2482 3142 2715 3196 quoque
2748 3125 3035 3181 interfecit
3073 3127 3405 3198 r‘Egyptium
3435 3129 3526 3183 vi-

149 3215 393 3273 cathedra
443 3215 932 3288 sapientissimus
973 3215 1246 3286 princeps
1293 3214 1444 3270 inter
1473 3219 1610 3286 tres,
1644 3215 1771 3286 ipse
1802 3201 1844 3269 C
1879 3230 2033 3283 rum,
2066 3214 2254 3270 virum
2289 3214 2532 3285 dignum
2563 3214 3237 3286 spectaculo,babentem
3261 3218 3317 3272 in
3345 3235 3522 3275 manu

150 3309 221 3358 est
245 3308 401 3376 quasi
431 3307 796 3362 tenerrimus
844 3304 988 3376 ligni
1035 3303 1416 3372 vermiculus,
1449 3304 1548 3375 qui
1582 3304 1767 3359 octin-

149 3404 320 3463 gentos
348 3395 646 3452 interfecti
695 3394 916 3466 impetu
974 3411 1111 3448 uno.
1158 3397 1295 3448 Post
1325 3392 1500 3462 hunc,
1537 3393 1770 3448 Eleazar

153 3482 283 3540 filius
309 3485 502 3556 patrui
569 3484 699 3554 ejus
755 3483 894 3538 Ahoi
948 3481 1030 3552 (h.
1093 3480 1329 3537 Eleazar
1385 3481 1542 3537 ﬁlius
1586 3482 1768 3551 Dodo,

151 3569 281 3628 filius
320 3573 488 3645 Ahoi)
533 3573 692 3627 inter
715 3577 832 3627 tres
867 3571 1066 3637 fortes,
1100 3571 1199 3642 qui
1231 3575 1398 3627 erant
1427 3588 1559 3626 cum
1594 3572 1769 3627 David

151 3663 349 3728 quando
382 3662 888 3734 exprobraverunt
940 3659 1296 3727 Philistbim,
1329 3664 1388 3716 et
1435 3661 1770 3733 congregati

150 3755 262 3805 sunt
291 3750 424 3809 illuc
456 3753 518 3806 in
580 3749 866 3822 przelium.
925 3753 1186 3821 Cumque
1226 3750 1632 3806 ascendissent
1659 3751 1766 3805 viri

148 3836 314 3908 Israel,
345 3844 471 3913 ipse
520 3839 711 3906 stetit,
744 3843 800 3896 et
844 3840 1133 3911 percussit
1167 3837 1555 3907 Philistbazos,
1587 3841 1770 3896 donec

149 3925 386 3986 deficeret
416 3946 640 3986 manus
670 3929 821 3999 ejus,
854 3934 910 3984 et
961 3929 1348 4000 obrigesceret
1370 3945 1502 3984 cum
1536 3929 1725 3999 gladio
1751 3947 1764 3984 :

151 4013 369 4090 fecitque
398 4018 698 4075 Dominus
729 4017 979 4073 salutem
1013 4033 1283 4086 magnam
1316 4017 1372 4072 in
1408 4018 1500 4072 die
1533 4018 1634 4073 illa
1667 4036 1680 4074 :
1714 4023 1770 4075 et

148 4107 368 4178 populus
397 4109 503 4181 qui
539 4109 769 4179 fugerat
799 4107 878 4179 (h.
911 4123 1020 4161 non
1051 4105 1211 4162 habet
1245 4107 1343 4178 qui
1378 4106 1646 4179 fugerat),
1680 4124 1767 4164 re-

146 4209 316 4254 versus
345 4204 434 4254 est
463 4199 540 4254 ad
577 4213 858 4254 caesorum
907 4195 1094 4268 spolia
1125 4195 1502 4251 detrahenda.
1536 4202 1610 4252 Et
1639 4201 1771 4268 post

143 4280 294 4357 hunc,
322 4287 570 4344 Semma
626 4285 784 4342 ﬁlius
830 4288 942 4358 Age
975 4285 1044 4340 de
1101 4284 1287 4340 Arari.
1335 4289 1402 4338 Et
1433 4286 1769 4358 congregati

143 4379 259 4429 sunt
299 4375 643 4433 Philisthim
680 4375 740 4430 in
783 4375 1033 4430 statione
1067 4391 1080 4429 :
1115 4379 1239 4429 erat
1270 4373 1488 4446 quippe
1520 4375 1598 4428 ibi
1633 4391 1770 4447 ager

200 4501 215 4535 ¹
247 4500 325 4557 Ita
349 4519 494 4559 mss.
520 4501 765 4574 optimae
797 4506 968 4574 notae,
993 4515 1061 4554 ac
1080 4499 1632 4574 vetustissimicum
1648 4504 1767 4574 ‘Cra-

1877 3302 2147 3359 hastam:
2180 3304 2377 3375 itaque
2404 3319 2538 3359 cum
2567 3304 2968 3360 descendisset
2997 3305 3066 3360 ad
3090 3322 3224 3360 eum
3246 3306 3304 3361 in
3338 3307 3521 3379 virga,

1877 3391 1932 3446 vi
1964 3393 2206 3447 extorsit
2236 3392 2466 3448 hastam
2519 3393 2588 3447 de
2618 3409 2796 3448 manu
2827 3394 3103 3465 Egyptii,
3147 3403 3200 3450 et
3231 3395 3526 3452 interfecit

1878 3496 2013 3536 eum
2036 3481 2206 3537 hasta
2227 3499 2354 3537 sua.
2395 3486 2528 3536 Haec
2557 3481 2689 3537 fecit
2721 3481 2964 3537 Banaias
2995 3482 3151 3538 filius
3181 3483 3422 3541 Joiadar.
3459 3484 3525 3540 Et

1877 3569 2004 3641 ipse
2027 3571 2360 3626 nominatus
2390 3571 2542 3625 inter
2573 3575 2690 3626 tres
2720 3573 3011 3636 robustos,
3047 3573 3147 3644 qui
3179 3580 3345 3629 erant
3373 3574 3526 3630 inter

1880 3659 2122 3730 triginta
2142 3661 2457 3717 nobiliores
2487 3678 2500 3716 :
2525 3665 2925 3716 verumtamen
2951 3679 3136 3733 usque
3160 3665 3229 3718 ad
3253 3667 3370 3718 tres
3403 3682 3520 3720 non

1879 3755 2219 3821 pervenerat
2247 3767 2258 3803 :
2284 3751 2534 3821 fecitque
2559 3765 2692 3805 eum
2728 3751 2840 3805 sibi
2864 3750 3042 3804 David
3073 3751 3515 3822 auricularium,

1880 3856 1913 3894 a
1943 3843 2163 3895 secreto
2197 3838 2274 3908 (h.
2305 3855 2415 3894 non
2447 3838 2610 3893 habet
2639 3856 2670 3893 a
2701 3839 3145 3910 secreto).Asaal
3178 3841 3354 3896 frater
3374 3842 3522 3897 Joab

1877 3926 2033 3982 inter
2059 3928 2324 3999 triginta.
2381 3927 2633 3982 Eleanan
2668 3927 2824 3981 filius
2867 3928 3056 3998 patrui
3090 3930 3218 3999 ejus
3247 3929 3326 4000 (b.
3363 3930 3521 3986 filius

1878 4015 2060 4087 Dodo)
2093 4016 2161 4070 de
2208 4015 2581 4081 Beth-Leem,
2637 4017 2877 4070 Somma
2924 4017 2994 4071 de
3032 4018 3230 4084 Arodi,
3265 4018 3420 4073 Elica
3449 4020 3520 4074 de

1879 4105 2071 4173 Arodi,
2131 4104 2300 4159 Heles
2359 4105 2484 4175 (ms.
2546 4106 2710 4159 Arari
2773 4105 2966 4176 Helas)
3024 4107 3093 4161 de
3147 4106 3523 4174 Phelti,Hira

1878 4194 2036 4249 ﬁlius
2068 4197 2204 4249 Aces
2232 4195 2303 4249 de
2335 4195 2600 4265 Thequa,
2660 4195 2896 4249 Ahiezer
2945 4195 3014 4249 de
3047 4196 3363 4262 Anatbotb,
3401 4198 3522 4253 Mo-

1878 4283 2116 4348 bonnai,
2149 4283 2219 4338 de
2269 4283 2421 4339 Usati
2447 4284 2488 4349 3,
2523 4283 2775 4338 Selmom
2810 4283 3069 4352 Aobites,
3104 4285 3318 4340 Maarai
3350 4286 3523 4342 Neto-

1879 4372 2196 4444 phatbitcs,
2222 4372 2396 4427 Heleb
2439 4371 2594 4427 ﬁlius
2621 4373 2814 4427 Baana
2837 4375 2958 4445 (ms.
2992 4374 3166 4430 Hcled
3199 4383 3250 4431 et
3280 4377 3518 4445 Banaa),

1948 4527 2016 4537 —-
2046 4500 2186 4551 Cum
2221 4496 2293 4551 iis
2345 4513 2490 4566 quos
2540 4496 2896 4553 Scholiastes
2943 4497 3165 4566 laudat,
3197 4499 3520 4558 Veronens.

143 4585 270 4627 none
291 4577 464 4630 Hebr.
485 4570 774 4644 veritatis.
799 4572 910 4626 Alii
942 4571 1144 4644 legunt
1174 4572 1330 4641 quod
1361 4575 1449 4626 est
1477 4571 1537 4626 in
1567 4571 1761 4641 editis,
1795 4578 1844 4642 ι)
1875 4585 2107 4644 quoque
2141 4584 2250 4622 ms.
2282 4570 2467 4640 psalta
2497 4585 2526 4644 :_
2545 4571 2698 4644 quod
2733 4570 2887 4624 idem
2921 4575 3027 4626 est.

142 4644 473 4715 magniﬁcans
504 4650 564 4700 et
590 4643 825 4715 faciens.
860 4643 1043 4699 MART.

171 4723 217 4800 ‘3
245 4725 412 4781 Tacet
440 4726 600 4800 idem
638 4741 754 4780 ms.
786 4724 880 4779 hic
901 4722 1111 4785 David;
1142 4726 1267 4779 tum
1300 4722 1549 4794 praefert,
1581 4725 1762 4779 novis-

141 4795 259 4849 sima
286 4813 402 4868 qua
433 4795 604 4861 dixit,
637 4801 746 4851 etc.

197 4874 300 4931 'In
356 4877 527 4934 Hebr.
580 4887 766 4937 mum
825 4885 1011 4940 Dim,
1061 4875 1218 4930 unim
1269 4875 1552 4944 zemiroth,
1588 4875 1642 4929 id
1677 4879 1765 4932 est

139 4951 375 5020 egregius,
432 4950 555 5005 sive
596 4949 859 5020 jucundis
904 4948 1153 5020 psalmis,
1204 4949 1359 5020 quod
1393 4947 1535 5020 nihil
1562 4947 1765 5020 differt

141 5018 199 5094 ab
219 5021 440 5094 egregio
473 5018 684 5094 psalte.
719 5020 831 5076 Nec
854 5018 998 5074 satis
1031 5018 1371 5094 lique_t_quid
1406 5019 1763 5094 Scholiastes

140 5086 377 5148 Geminis“
408 5086 683 5160 voluerit,
743 5107 878 5147 cum
939 5086 1128 5146 monet
1183 5086 1491 5146 Hebraeum
1533 5095 1590 5146 et
1620 5090 1764 5146 alios

143 5162 345 5236 codices
397 5165 632 5220 Latinos
688 5163 895 5236 legere,
943 5162 1163 5234 psaltac.
1215 5167 1282 5218 Et
1338 5163 1574 5236 quidem
1606 5164 1760 5232 quod

144 5228 320 5308 Latina
349 5241 584 5308 spectat
614 5228 992 5308 exemplaria,
1019 5241 1241 5289 certum
1275 5228 1371 5289 est
1393 5235 1449 5288 in
1495 5228 1762 5304 plur-ibus

144 5299 232 5378 hoc
257 5299 426 5363 modo
474 5307 630 5378 legi:
665 5309 724 5362 in
782 5299 1068 5364 Bebra’ico
1125 5299 1560 5378 autemn'l'itjt.
1592 5309 1762 5360 semi-

143 5375 259 5450 {0th,
290 5395 405 5434 non
437 5375 737 5450 signiﬁcat
766 5381 1037 5445 Psallam,
1085 5378 1141 5432 id
1189 5383 1278 5432 est
1309 5377 1628 5450 Cantorem,
1661 5379 1763 5433 sed

141 5444 360 5524 ffuimos
388 5460 441 5506 et
473 5444 717 5507 Cantica.
747 5451 1068 5524 Credamus
1090 5451 1272 5524 igitur
1293 5465 1546 5524 errorem
1569 5444 1765 5524 inesse

140 5512 517 5594 librariorum,
553 5525 647 5594 qui
678 5524 749 5579 ad
781 5512 1421 5594 variantevaatinam,
1448 5521 1762 5576 dictionem

139 5590 333 5663 temere
390 5590 747 5649 addiderunt
805 5600 1000 5649 notam
1065 5594 1118 5659 h,
1166 5609 1293 5663 quae
1325 5593 1502 5647 Hebr.
1535 5597 1760 5650 textum

142 5661 429 5734 significat.
468 5667 648 5723 MART.

1943 4642 1965 4674 ⁴
1993 4640 2312 4715 Veronens.
2347 4656 2457 4694 ms.
2492 4640 2651 4715 satus
2678 4657 2804 4715 mea
2833 4658 2905 4696 ea:
2930 4657 2988 4715 eo
3018 4642 3158 4713 quod
3179 4658 3286 4698 non
3315 4647 3522 4715 germi-

1870 4721 2002 4786 net:
2030 4712 2288 4786 reliquis
2353 4727 2479 4782 qua:
2515 4711 2624 4786 hic
2674 4711 3039 4786 intermedia‘
3071 4720 3229 4781 sunt,
3280 4711 3520 4786 praeter-

1874 4784 2096 4839 missis.
2131 4783 2377 4855 Pulchre
2426 4783 2664 4854 quidem
2719 4801 2852 4839 cum
2893 4785 3154 4855 Hebraio,
3187 4788 3236 4841 si
3269 4783 3521 4845 uoluntas

1874 4857 2082 4911 saltem
2114 4854 2462 4932 addidisset,
2512 4856 2667 4925 quod
2698 4871 2929 4932 nomen
2973 4857 3030 4910 in
3066 4854 3377 4932 arChetypo
3410 4867 3518 4928 est,

1871 4939 2003 5017 Van
2028 4944 2041 4982 :
2065 4943 2211 5017 nam
2245 4925 2472 4996 reliqua
2500 4944 2603 4982 nec
2632 4931 2707 5017 est
2757 4928 3060 5000 quidquam
3091 4947 3159 4986 ex
3186 4925 3286 4998 ea;
3305 4925 3385 4988 ibi
3421 4925 3516 5003 pa;

1874 5015 2014 5072 riter
2043 5015 2473 5096 desiderantur,
2533 5015 2740 5071 vocula
2793 5021 2987 5096 autem
3044 5027 3120 5085 π),
3153 5020 3210 5075 id
3245 5025 3335 5076 est
3363 5020 3516 5093 quia,

1873 5105 2034 5158 mque
2065 5088 2211 5142 bene
2245 5087 2509 5140 redditur
2537 5103 2606 5142 ea:
2635 5103 2696 5142 eo
2728 5089 2888 5159 quod.

1942 5159 1963 5194 ⁸
1995 5161 2154 5214 Idem
2192 5175 2328 5222 ms.,
2360 5175 2393 5212 a
2422 5161 2718 5214 manibus:
2751 5171 2871 5224 πνεῖ,
2907 5160 2964 5215 in
2994 5179 3210 5218 manus.

1941 5234 1962 5268 δ
1995 5232 2143 5306 Illud
2205 5239 2256 5284 et
2285 5233 2410 5284 ante
2437 5230 2497 5283 in
2530 5232 2767 5286 Hebraao
2801 5249 2912 5286 non
2957 5238 3064 5287 est.
3102 5235 3352 5290 Priorem
3388 5251 3518 5306 par-

1872 5305 2112 5361 ticulam
2143 5319 2253 5357 ms.
2287 5318 2520 5373 quoque
2553 5306 2869 5358 Veronens.
2902 5310 3073 5359 tacet.

1942 5379 1960 5410 ⁷
1995 5381 2213 5430 Nomen
2261 5373 2403 5438 istis,
2456 5376 2953 5444 quemadmodum
2998 5382 3053 5430 et
3102 5375 3270 5430 tertio
3304 5376 3374 5430 ab
3410 5375 3517 5430 hoc

1873 5465 2041 5503 versu
2076 5448 2209 5511 illis,
2247 5462 2352 5500 ms.
2378 5445 2891 5518 _Veronens.juxta
2915 5447 3214 5502 Hebraeum
3245 5447 3514 5518 despicit.

1941 5521 1962 5554 ⁸
1992 5518 2242 5574 Nomina
2292 5516 2494 5572 isthmc
2551 5519 2809 5574 virorum
2858 5517 3092 5574 fortium
3127 5516 3518 5574 immutantur

1873 5585 2086 5661 saepius
2122 5589 2272 5661 apud
2335 5595 2653 5647 auctorem.
2698 5592 3069 5659 Quzcslz'mium
3115 5591 3513 5647 Hebraimrum

1876 5681 1934 5720 ω
1968 5662 2148 5719 libros
2193 5662 2431 5733 Regum,
2478 5663 2575 5735 qui
2600 5665 2772 5735 juxta
2821 5663 3260 5734 punctationem
3295 5664 3515 5720 Massu-
