3982 6178
471 243 575 298 711
1508 245 1548 297 S
1609 239 2017 298 HIERONYMI
2055 237 2304 296 DIVINA
2343 241 2843 302 BIBLIOTHRCA.
3765 247 3859 304 712

471 378 524 426 el
554 371 672 443 ipse
699 368 779 438 (h.
835 385 949 424 non
1008 367 1204 434 habet)
1263 366 1726 439 Netopbatbites,
1778 365 1919 421 Ithai
1964 364 2119 420 ﬁlius
2152 370 2202 436 Α
2238 364 2291 420 in
2324 365 2671 423 Jerusalem.
2734 368 2904 425 Dedit
2958 385 3095 443 ergo
3122 371 3269 427 Joab
3313 386 3624 428 numerum
3657 372 3860 431 descri-

474 459 638 515 Itibai
694 459 764 513 de
823 455 1084 515 Gabaath
1143 455 1395 511 ﬁliorum
1459 457 1786 527 Benjamin,
1856 455 2112 511 Banaiau
2224 453 2440 526 ptionis
2475 455 2670 526 populi
2705 457 2845 526 regi,
2879 462 2934 512 et
2964 459 3200 514 inventa
3230 465 3371 515 sunt
3398 462 3468 515 de
3495 461 3673 518 Israel
3697 463 3858 518 octin-

473 546 915 604 Pharathonites
937 545 1495 617 (mx.Fraronitbes),
1525 546 1742 600 lleddai
1761 547 1827 600 de
1858 549 2113 600 torrente
2221 545 2436 615 genta8
2468 546 2653 600 millia
2691 546 2948 602 virorum
2984 548 3240 618 fortium,
3273 550 3369 621 qui
3401 550 3719 607 educerent
3744 552 3856 625 gla-

362 703 364 708 _
468 638 549 708 (b.
586 635 966 706 torrentibus)
1016 635 1151 703 Gas,
1187 634 1468 690 Abialbon
1517 634 1871 698 Arbatbites,
1902 641 2108 690 Azma-

467 727 597 782 vetb
624 727 693 781 de
737 726 982 795 Beromi,
1034 724 1230 780 Eliaba
1273 725 1344 780 de
1392 724 1629 780 Salboni
1667 731 1794 790 (ms.
1826 723 2028 780 Alieba
2055 733 2110 779 σι

467 815 766 886 Sabboni).
800 813 928 870 Filii
957 813 1156 880 Jasen,
1205 813 1517 876 Jonatban,
1557 817 1789 869 Semma
1818 815 1888 868 de
1919 813 2107 878 Orori,

467 905 630 961 Aiam
670 905 825 960 filius
854 909 1028 960 Sarar
1078 904 1356 972 Ararites,
1398 902 1682 974 Eliphelet
1708 903 1866 958 ﬁlius
1895 902 2106 958 Aasbai

464 993 569 1048 filii
615 992 908 1049 Macbatbi
958 1003 1083 1064 (ms.
1138 993 1343 1047 Borodi
1393 998 1448 1048 et
1480 994 1824 1062 Ararorites,
1858 991 2104 1048 Ell‘eletb

462 1083 500 1139 f.
533 1083 706 1140 Aaboi
745 1085 780 1139 t'.
835 1082 1202 1154 Maachathi),
1255 1081 1444 1138 Eliam
1477 1081 1634 1138 [ilius
1662 1080 1973 1154 AbitOpbel
2006 1083 2102 1136 Ce-

461 1170 696 1240 lonites,
726 1171 889 1226 Esrai
925 1172 996 1226 de
1043 1171 1367 1236 Charmelo,
1420 1171 1622 1227 Pbarai
1655 1171 1725 1226 de
1755 1171 1914 1240 Arbi,
1947 1170 2102 1243 Igaal

459 1259 617 1314 ﬁlius
647 1260 872 1315 Nathan
933 1261 1002 1315 de
1056 1262 1233 1326 Soba,
1292 1260 1472 1315 Bonni
1527 1261 1598 1314 de
1645 1259 1812 1326 Gadi,
1843 1257 2002 1315 Seleo
2033 1259 2104 1314 de

456 1349 688 1417 Amoni,
721 1348 970 1420 Naharai
1006 1349 1332 1404 Berotbites
1378 1350 1632 1421 armiger
1661 1348 1806 1404 Joab
1840 1347 1941 1403 lilii
1971 1352 2102 1403 Sar-

458 1438 562 1493 via:
585 1441 626 1508 ¹,
660 1439 750 1492 Ira
778 1436 1081 1507 Jethrites,
1131 1441 1314 1494 Gareb
1347 1445 1403 1494 et
1437 1439 1560 1510 ipse
1599 1437 1899 1505 Jetbrites,
1935 1437 2102 1494 Urias

457 1525 776 1582 Hetthzeus.
812 1526 1026 1583 Omnes
1057 1527 1297 1598 triginta
1328 1531 1574 1599 septem.

530 1616 614 1686 (T.
648 1615 928 1686 CXXXVI,
961 1633 1082 1689 cap.
1134 1616 1362 1685 XXIV.)
1406 1617 1471 1672 Et
1517 1615 1747 1672 addidit
1798 1615 1956 1672 furor
1985 1615 2100 1671 Do-

2220 633 2407 692 dium.
2442 638 2497 687 et
2527 635 2597 688 de
2652 635 2807 691 Juda
2861 636 3183 709 quingenta
3236 637 3419 694 millia
3473 644 3849 711 pugnatorum

2218 721 2300 791 (b.
2363 723 2666 791 virorum).
2727 725 3018 782 Percussit
3075 731 3270 784 autem
3328 745 3430 784 cor
3485 729 3664 785 David
3708 746 3849 801 eum,

2218 816 2529 883 postquam
2564 818 2909 870 numeratus
2967 819 3057 871 est
3114 817 3237 889 (me.
3291 820 3467 891 esset)
3498 819 3772 892 populus,
3800 826 3850 876 et

2217 899 2362 955 dixit
2416 901 2591 956 David
2641 903 2711 956 ad
2767 902 3080 960 Dominum
3125 923 3138 961 :
3194 906 3426 962 Peccavi
3469 907 3634 964 valde
3665 909 3724 965 in
3754 908 3848 966 hoc

2217 988 2400 1044 facto:
2436 990 2534 1045 sed
2569 990 2652 1060 (h.
2686 993 2786 1047 sed
2821 995 2997 1060 nunc)
3029 1010 3253 1066 precor,
3288 995 3554 1062 Domine,
3581 1000 3649 1053 ut
3678 1002 3849 1054 trans-

2217 1077 2368 1134 feras
2423 1077 2799 1150 iniquitatem
2859 1083 3008 1137 servi
3061 1085 3172 1152 tui,
3233 1085 3374 1156 quia
3429 1084 3609 1141 stulte
3658 1087 3747 1159 egi
3773 1087 3847 1142 ni-

2216 1168 2347 1224 mis.
2399 1171 2482 1238 (T.
2533 1170 2862 1244 CXXXVII.)
2905 1174 3164 1231 Surrexit
3211 1175 3413 1249 itaque
3457 1177 3638 1234 David
3673 1193 3848 1248 mane,

2214 1263 2271 1313 et
2301 1275 2494 1314 sermo
2546 1259 2780 1316 Domini
2841 1262 3028 1320 lactus
3075 1271 3158 1320 est
3192 1265 3261 1320 ad
3303 1266 3422 1321 Gad
3459 1267 3776 1339 propheten
3803 1272 3854 1324 et

2211 1347 2521 1403 Videntem
2549 1348 2756 1416 David,
2780 1350 2977 1407 dicens
3003 1369 3015 1407 :
3041 1353 3280 1420 Vade,et
3299 1353 3541 1427 loquere
3565 1356 3638 1412 ad
3662 1356 3847 1414 David.

2211 1439 2344 1492 Haec
2375 1437 2518 1492 dicit
2548 1439 2834 1496 Dominus
2863 1457 2878 1496 :
2930 1441 3130 1498 Trium
3164 1442 3268 1499 tibi
3300 1444 3475 1499 datur
3504 1445 3685 1517 optio,
3717 1444 3854 1518 elige

2212 1542 2396 1580 unum
2434 1529 2588 1598 quod
2622 1528 2876 1585 volueris
2898 1545 2966 1586 ex
2989 1529 3176 1596 bis,ut
3208 1532 3418 1590 faciam
3443 1533 3570 1589 tibi.
3601 1538 3852 1606 Cumque

2211 1614 2468 1670 venisset
2497 1615 2616 1671 Gad
2652 1617 2719 1671 ad
2787 1619 2986 1687 David,
3022 1620 3316 1676 nuntiavit
3364 1621 3440 1692 ei,
3471 1623 3715 1680 dicens:
3747 1629 3852 1682 Aut

457 1704 599 1761 mini
635 1705 804 1760 irasci
854 1710 1056 1761 contra
1105 1705 1299 1772 Israel,
1351 1705 1782 1778 commovitque
1832 1705 2008 1760 David
2039 1705 2100 1760 in
2132 1750 2178 1815 Β
2211 1707 2432 1775 septem
2469 1705 2641 1760 annis
2699 1707 2891 1764 veniet
2918 1707 3024 1778 tibi
3088 1709 3272 1766 fames
3321 1710 3379 1766 in
3410 1716 3567 1768 terra
3596 1717 3718 1783 tua,
3758 1719 3852 1771 aut

462 1793 537 1815 -2-
577 1794 851 1815 J2--_1__-
887 1811 897 1815 -
935 1795 1004 1815 ‘7-
1028 1796 1083 1815 J-
1147 1811 1378 1815 ,A_______-
1438 1795 1608 1815 Y__A-l
1657 1800 1705 1815 ,ι
1746 1795 1943 1815 τηᾷμῄ-
2011 1797 2066 1815 n:
2211 1793 2398 1815 L_.Zl---_
2435 1795 2734 1815 _-_-£L___
2771 1796 2951 1815 n__-_!,A
2997 1814 3006 1815 κ
3041 1797 3055 1815 1
3269 1799 3279 1810 ι
3380 1803 3390 1815 ι
3597 1809 3608 1815 -
3647 1801 3730 1815 ιιι.
3757 1803 3768 1815 ι
3803 1807 3814 1815 .

455 1793 539 1849 eis
571 1794 898 1851 dicentem:
935 1795 1108 1866 Vade,
1145 1811 1390 1851 numera
1436 1795 1612 1851 Israel
1652 1800 1709 1850 et
1736 1795 1972 1851 Judam.
2007 1797 2099 1850 Di-

453 1885 653 1958 xitque
687 1902 784 1940 rex
814 1886 882 1940 ad
928 1885 1075 1941 Joab
1127 1885 1449 1958 principem
1503 1884 1790 1941 exercitus
1821 1886 1915 1941 sui
1949 1902 1962 1940 :
1996 1885 2098 1941 Pe-

454 1974 721 2029 rambula
752 1991 955 2030 omnes
1007 1975 1191 2030 tribus
1225 1974 1404 2030 Israel
1441 1991 1472 2029 a
1499 1974 1616 2029 Dan
1653 1990 1837 2046 usque
1866 1975 1937 2030 ad
1972 1978 2100 2030 Ber-

450 2063 657 2126 Sabee,
687 2071 738 2118 et
771 2067 1072 2119 numerate
1121 2063 1428 2136 populum,
1463 2067 1526 2117 ut
1567 2064 1748 2118 sciam
1783 2079 2097 2118 numerum

451 2151 600 2222 ejus.
639 2150 902 2224 Dixitque
933 2153 1072 2206 .Ioab
1106 2151 1223 2224 regi
1251 2169 1263 2206 :
1299 2153 1598 2223 Adaugeat
1627 2151 1913 2207 Dominus
1948 2156 2097 2206 Deus

450 2243 590 2295 tuus
640 2241 708 2295 ad
763 2240 1042 2313 populum
1099 2245 1356 2312 quantus
1409 2258 1563 2296 nunc
1609 2243 1716 2307 est,
1763 2239 2096 2312 iterumque

450 2327 803 2401 centuplicet
850 2329 906 2383 in
959 2335 1270 2402 conspectu
1327 2330 1548 2385 domini
1603 2329 1716 2384 mei
1767 2329 1958 2402 regis;
1993 2330 2092 2385 sed

449 2417 588 2489 quid
625 2417 736 2473 sibi
794 2418 1070 2474 dominus
1121 2435 1286 2473 meus
1345 2435 1443 2474 rex
1490 2420 1616 2474 vult
1644 2418 1704 2473 in
1738 2434 1797 2473 re
1827 2419 2094 2489 hujusce-

447 2505 651 2560 modi?
682 2506 951 2562 Obtinuit
983 2512 1178 2562 autem
1215 2524 1406 2562 sermo
1449 2508 1600 2579 regis
1631 2507 1806 2562 verba
1836 2507 2002 2573 Joab,
2037 2511 2092 2562 et

443 2593 780 2668 principum
840 2596 1176 2652 exercitus:
1235 2612 1622 2667 egressusque
1679 2601 1768 2652 est
1822 2596 1990 2665 Joab,
2036 2600 2094 2651 et

442 2683 737 2758 principes
795 2686 1077 2753 militum,
1118 2703 1151 2740 a
1211 2685 1352 2741 facie
1403 2685 1576 2757 regis,
1622 2689 1683 2740 ut
1713 2690 2092 2740 numerarent

439 2773 630 2845 (Vulg.
688 2778 1020 2844 numerent)
1071 2776 1357 2848 populum
1410 2773 1610 2830 Israel.
1665 2774 1930 2846 Cumque
1961 2791 2088 2844 per-

438 2863 791 2920 transissent
812 2863 1152 2934 Jordanem,
1176 2868 1462 2918 venerunt
1483 2864 1540 2918 in
1576 2871 1756 2920 Aroer
1785 2864 1855 2919 ad
1889 2864 2088 2919 dexte-

2211 1793 2400 1848 tribus
2435 1795 2738 1851 mensibus
2771 1796 2956 1867 fugies
2987 1797 3352 1855 adversarios
3376 1803 3533 1872 tuos,
3559 1809 3615 1858 et
3643 1801 3776 1858 illi‘
3801 1807 3852 1860 te

2206 1888 2664 1955 persequentur:
2717 1889 2817 1940 aut
2866 1891 3019 1942 certe
3068 1888 3260 1943 tribus
3299 1888 3506 1946 diebus
3535 1891 3649 1946 erit
3679 1891 3851 1964 pesti-

2201 1966 2382 2024 lentia
2428 1969 2488 2024 iu
2520 1974 2673 2025 terra
2728 1975 2849 2027 tua.
2904 1971 3071 2030 Nunc
3127 1991 3265 2048 ergo
3298 1976 3581 2046 delibera,
3633 1982 3694 2034 et
3721 1979 3849 2035 vide

2206 2073 2379 2128 quem
2432 2059 2818 2130 respondeam
2874 2061 2949 2126 ei,
3000 2063 3099 2134 qui
3154 2080 3247 2120 me
3277 2065 3464 2134 misit,
3502 2083 3849 2125 sermonem.

2206 2145 2356 2200 Dixit
2414 2151 2610 2203 autem
2670 2148 2849 2205 David
2916 2151 2985 2206 ad
3043 2153 3213 2210 Gad:
3273 2159 3483 2210 Arctor
3523 2156 3851 2224 nimis,sed

2202 2233 2413 2291 melius
2433 2239 2539 2301 est,
2572 2241 2634 2291 ut
2663 2237 2921 2295 incidam
2975 2241 3033 2295 in
3087 2259 3328 2299 manum
3371 2244 3604 2300 Domini
3635 2245 3852 2315 (multa

2199 2324 2355 2379 enim
2417 2325 2828 2382 misericordias
2885 2329 3013 2400 ejus
3070 2332 3234 2402 sunt)
3294 2348 3475 2404 quam
3518 2332 3578 2388 in
3613 2350 3850 2390 manum

2198 2412 2321 2483 (ms.
2349 2418 2577 2483 manus)
2611 2415 2942 2472 hominum.
2979 2419 3351 2493 Immisitque
3371 2421 3663 2478 Dominus
3683 2424 3852 2495 pesti-

2197 2500 2432 2556 lentiam
2469 2503 2525 2557 in
2567 2505 2764 2574 Israel,
2817 2507 2888 2561 de
2921 2523 3093 2563 mane
3125 2525 3313 2581 usque
3341 2511 3411 2565 ad
3450 2518 3686 2583 tempus
3717 2528 3850 2568 con-

2198 2591 2496 2656 stitutum,
2528 2597 2586 2647 et
2616 2593 2828 2649 mortui
2880 2601 3021 2651 sunt
3051 2613 3118 2651 ex
3164 2598 3398 2670 populo,
3432 2617 3464 2654 a
3501 2601 3619 2656 Dan
3657 2608 3843 2674 usque

2197 2679 2540 2745 Ber-Sabee,
2599 2684 2981 2755 septuaginta
3039 2685 3226 2742 millia
3281 2687 3558 2744 virorum.
3588 2689 3852 2762 Cumque

2195 2768 2557 2824 extendisset
2618 2785 2857 2826 manum
2918 2773 3099 2845 (Vulg.
3158 2775 3291 2831 add.
3351 2779 3544 2844 suam)
3605 2779 3852 2850 angelus

2196 2859 2423 2914 Domini
2453 2861 2530 2922 (b.
2565 2877 2674 2917 non
2706 2862 2864 2920 habet
2923 2866 3172 2936 Domini)
3203 2883 3381 2939 super
3406 2868 3759 2937 Jerusalem,
3791 2874 3854 2926 ut

438 2968 564 3008 ram
596 2952 780 3020 urbis,
835 2970 960 3024 quas
1007 2957 1097 3009 est
1146 2953 1203 3007 in
1251 2952 1399 3008 valle
1436 2953 1577 3008 Gadi
1611 2953 1721 3024 (h.)
1753 2969 1877 3024 quae
1907 2956 1997 3006 est
2026 2951 2088 3007 in
2192 2947 2555 3018 disperderet
2571 2966 2722 3019 eam,
2748 2951 3029 3008 misertus
3057 2957 3150 3008 est
3173 2953 3559 3020 Dominus(b.
3586 2957 3857 3028 paenituit

435 3042 621 3098 medio
669 3044 927 3097 torrentis
971 3040 1138 3112 Gad),
1172 3047 1228 3096 et
1276 3057 1376 3113 per
1417 3041 1587 3097 Jazer
1635 3043 1994 3097 transierunt
2023 3040 2084 3096 in
2196 3037 2532 3108 Dominum)
2565 3055 2743 3111 super
2792 3040 3130 3108 alﬂictione,
3163 3048 3223 3096 et
3269 3043 3348 3098 ait
3396 3043 3604 3115 angelo
3655 3059 3854 3113 percu-

433 3128 668 3198 Galaad,
690 3135 747 3185 et
778 3131 834 3184 in
867 3135 1083 3186 terram
1116 3131 1450 3186 inferiorem
1482 3130 1680 3192 llodsi,
1717 3135 1772 3184 et
1799 3134 2084 3185 venerunt
2113 3119 2155 3186 C
2198 3125 2663 3198 tientipopulum
2691 3129 3394 3199 :Sufficit;nunccontine
3409 3149 3652 3189 manum
3668 3139 3855 3190 tuam.

437 3219 495 3274 in
523 3223 638 3274 Dan
663 3219 683 3254 ⁸
707 3218 2080 3292 silvestriaﬂircumountesquejuxtaSidonem,
2195 3214 2332 3269 Erat
2361 3219 2558 3270 autem
2593 3217 2836 3286 angelus
2876 3217 3107 3274 Domini
3144 3221 3316 3290 juxta
3355 3238 3551 3278 aream
3573 3224 3809 3279 Areuna
3834 3224 3856 3257 '

437 3308 802 3364 transierunt
853 3325 1030 3380 prope
1079 3309 1203 3380 (ms.
1263 3308 1521 3379 propter)
1570 3309 1782 3362 mmuia
1826 3308 1979 3381 Tyri,
2027 3313 2086 3364 et
2188 3301 2441 3359 Jebuszei
2494 3304 2764 3376 Dixitque
2794 3306 2969 3363 David
3012 3309 3082 3363 ad
3113 3311 3421 3366 Dominum
3442 3326 3577 3366 cum
3609 3311 3856 3368 vidisset

436 3413 667 3454 omnem
703 3402 917 3454 terram
952 3398 1096 3453 Evasi
1125 3406 1182 3453 et
1211 3396 1541 3462 Cbananaai,
1585 3402 1982 3468 veneruntque
2007 3398 2078 3452 ad
2190 3392 2458 3461 angelum
2485 3394 2802 3449 caedentem
2829 3396 3152 3468 populum:
3179 3402 3297 3470 Ego
3318 3415 3451 3455 sum
3471 3400 3849 3472 quipeccavi,

434 3486 736 3543 meridiem
761 3487 914 3542 Juda
957 3487 1011 3542 in
1048 3487 1156 3542 Bcr
1189 3486 1370 3541 Sabee
1398 3504 1410 3542 :
1439 3490 1496 3540 et
1525 3479 1776 3541 lustrata
1806 3486 2080 3543 universa
2187 3495 2293 3552 ego
2326 3481 2525 3554 inique
2551 3483 2638 3555 egi
2682 3499 2695 3537 :
2751 3483 2848 3539 isti
2907 3485 3008 3557 qui
3063 3502 3200 3543 oves
3230 3492 3371 3543 sunt
3398 3487 3484 3560 (h.
3517 3488 3646 3545 ista
3678 3495 3846 3559 om),

433 3574 933 3640 terrs,adfuerunt
964 3580 1096 3647 post
1128 3591 1330 3631 novem
1367 3590 1599 3630 menses
1631 3579 1687 3629 et
1715 3574 1919 3645 viginti
1952 3574 2076 3631 dies
2185 3570 2280 3641 qui
2344 3571 2605 3628 fecerunt
2661 3573 2690 3628 ?
2763 3579 3042 3646 vertatur,
3123 3575 3382 3645 obsecro,
3462 3594 3681 3635 manus
3739 3584 3846 3636 tua

427 3679 911 3762 retbicam_legit
937 3680 1277 3762 _Meli_uiz§gi,
1332 3679 1542 3762 Araii,‘
1572 3679 1785 3762 Gigaal,
1825 3684 2076 3762 prouo-

425 3752 648 3821 bonnai,
707 3751 874 3810 Orofi
927 3753 1100 3825 Igaal.
1176 3753 1368 3825 (lanon
1441 3751 1734 3807 Hebraicis
1812 3751 2075 3825 veritatis

424 3827 735 3880 emendata
767 3823 969 3879 habet'
1001 3824 1282 3879 vocabula
1331 3825 1533 3880 eadem
1569 3829 1739 3895 prout
1771 3824 1963 3894 posita
1992 3823 2075 3880 le-

423 3899 729 3967 gunturin
758 3898 878 3967 jam
927 3898 1099 3952 dictis
1149 3896 1593 3962 Questionibus;
1641 3911 1821 3966 quare
1867 3912 1938 3951 ne
1971 3912 2074 3967 pro

427 3984 562 4024 vero
613 3967 822 4023 t'alsum
849 3969 1267 4040 Hieronymum
1299 3969 1704 4034 obtrudamus,
1733 3967 1880 4023 tales
1910 3967 2073 4040 abje-

432 4040 622 4094 cimus
653 4038 1114 4106 emendationes,
1145 4044 1199 4095 et
1231 4041 1302 4095 ad
1337 4040 1511 4094 Iidem
1543 4044 1878 4095 catcrorum
1915 4038 2068 4094 codi-

424 4127 560 4185 cum
592 4127 742 4185 mss.,
767 4111 825 4166 in
859 4112 1347 4185 quibusintegra
1373 4115 1651 4185 superest
1682 4113 1872 4182 prima
1901 4110 2071 4185 lectio

424 4182 698 4249 Canonis,
731 4182 851 4238 hac
881 4182 944 4239 et
965 4182 1187 4240 similia
1229 4182 1470 4238 nomina
1506 4183 1813 4238 restituere
1845 4183 2068 4239 curavi-

431 4269 586 4309 mus.
621 4255 800 4310 MART.

498 4328 515 4360 ¹
547 4328 653 4380 Ms.
687 4326 1006 4382 Veronens.
1054 4325 1225 4395 ﬁlius,
1259 4325 1315 4396 in
1349 4332 1523 4381 recto.
1570 4325 1803 4381 Graecus
1836 4341 2070 4396 quoque

424 4394 482 4470 in
511 4397 738 4468 aliquot
766 4397 1201 4470 exemplaribus
1230 4395 1370 4468 υἱὸς,
1401 4397 1576 4452 Hebr.
1611 4394 1928 4467 utrumque
1947 4394 2070 4452 sus-

425 4467 569 4538 cipit
599 4467 822 4525 casum.

495 4540 516 4573 ³
543 4541 877 4596 Hodiernus
935 4540 1208 4595 llebrazus
1259 4543 1452 4596 textus
1484 4539 1679 4609 habet,
1711 4549 1796 4628 ψη
1837 4551 1983 4628 nn:
2020 4539 2078 4592 in

433 4630 771 4702 Dunlahan.
809 4629 868 4685 S.
919 4629 1308 4702 Hieronymus
1355 4646 1458 4701 pro
1490 4628 1700 4702 ultimo
1723 4627 1848 4684 nun
1878 4627 2081 4702 legerit

423 4700 596 4767 reach,
632 4701 749 4756 sive
780 4711 873 4765 ’ων
928 4718 1028 4772 prn
1079 4699 1202 4790 pri:
1239 4699 1414 4774 atque
1460 4701 1516 4756 id
1550 4699 1786 4772 quidem
1820 4700 2077 4755 rectius:

422 4805 558 4844 nam
590 4791 767 4846 Jahan
800 4789 906 4844 loci
959 4787 1168 4844 nomen
1202 4796 1301 4845 aut
1344 4790 1487 4845 nihil
1521 4796 1629 4860 est,
1653 4794 1758 4844 aut
1787 4793 1937 4844 certe
1969 4787 2076 4844 ali-

424 4860 932 4934 biiiancripturis
963 4879 1075 4918 non
1111 4864 1384 4917 occurrit.

493 4931 698 5006 i'Nibil
731 4931 1132 5006 dubitavimus
1191 4949 1469 5006 reponere
1517 4932 1613 5006 hic
1656 4933 1973 5006 octingenta
2002 4931 2074 4986 ad

423 5002 597 5060 fidem
632 5005 919 5062 librorum
952 5002 1435 5078 omniuxquuot
1467 5005 1636 5061 nobis
1669 5002 2072 5078 innatuerunt,

421 5091 487 5130 ex
519 5079 798 5145 Hebraeis,
833 5077 1048 5134 Graecis
1083 5075 1423 5147 Latinisque
1457 5094 1626 5142 mss.,
1656 5093 1817 5146 aeque
1848 5092 1914 5130 ac
1943 5075 2076 5130 Vul-

419 5150 595 5219 gatis.
637 5155 705 5205 Ac
735 5152 960 5206 scimus
993 5151 1099 5205 hoc
1131 5153 1202 5204 de
1233 5165 1410 5203 sensu
1445 5152 1808 5216 disputatum
1835 5163 2067 5219 magno-

418 5217 556 5290 pere
587 5221 738 5277 inter
767 5221 1053 5287 eruditos,
1091 5220 1466 5291 multumque
1496 5223 1829 5289 discrepare
1859 5221 1929 5272 ab
1961 5217 2071 5272 hoc

418 5307 667 5348 numero
719 5303 1022 5349 auctorem
1080 5293 1215 5346 libri
1277 5291 1780 5362 Paralipomenon.
1850 5293 2068 5344 Verum

419 5363 576 5418 unde
608 5365 984 5420 Martianaeus
1013 5363 1286 5434 octoginta
1327 5363 1621 5418 excuderit
1644 5379 1754 5434 pro
1783 5363 2067 5431 octingen-

415 5438 490 5501 ta,
527 5435 679 5491 haud
716 5438 976 5492 scimus:
1012 5435 1275 5504 illudque
1307 5438 1521 5504 aegrius
1556 5433 1909 5499 lerimus,ne
1945 5451 2065 5489 ver-

413 5505 488 5561 bo
519 5511 754 5576 quidem
790 5508 1062 5564 lectorem
1097 5508 1169 5562 de
1201 5507 1443 5562 inducta
1473 5506 1697 5561 noviter
1725 5505 1971 5562 lectione
1995 5505 2068 5560 ab

413 5592 480 5633 eo
514 5597 643 5637 esse
670 5582 1058 5638 admonitum.

2257 3679 2528 3754 ‘_Vitiose
2584 3684 2708 3736 erat
2767 3686 2930 3736 antea
2965 3681 3081 3754 ille,
3106 3699 3128 3745 ;
3186 3699 3296 3740 ms.
3338 3684 3660 3742 Veronens.
3697 3703 3837 3742 cum

2182 3749 2447 3823 Vulgatis
2477 3757 2532 3806 et
2560 3755 2777 3820 Graeco,
2809 3762 2860 3809 te
2888 3770 3003 3809 non
3036 3749 3232 3812 habet.

2253 3839 2273 3918 ἦ
2307 3843 2364 3892 In
2411 3839 2709 3918 hodiernis
2743 3842 3109 3918 tlebraeorum
3151 3843 3551 3918 voluminibus
3603 3851 3841 3918 pertur-

2184 3909 2502 3987 ba_tus_est
2558 3914 2699 3968 ordo
2772 3913 3100 3987 litterarum
3169 3916 3343 3972 istius
3399 3909 3703 3987 nominis;
3759 3919 3843 3975 ibi

2181 3983 2338 4038 enim
2370 3981 2586 4053 legitur
2614 3994 2856 4050 nmen,
2901 3985 3204 4044 haavarna.
3237 3987 3455 4044 Verum
3503 3981 3704 4045 monet
3733 4006 3844 4047 nos

2183 4053 2671 4131 Massoretbicum
2708 4057 2832 4112 Cari
2861 4063 2979 4131 tam
3014 4057 3072 4131 in
3104 4059 3300 4131 editis,
3324 4076 3504 4131 quam
3535 4061 3596 4115 in
3629 4077 3847 4118 manu-

2181 4125 2418 4203 scriptis
2453 4126 2622 4203 libris
2681 4145 2866 4200 supra
2917 4127 3194 4203 laudatis,
3248 4125 3555 4203 legendum
3591 4141 3844 4200 ΠεΊἾκΠ.

2181 4197 2489 4274 Quorsum.
2526 4197 2865 4274 Ita_quoque
2889 4197 3519 4274 scriiptum'repErimus
3547 4204 3609 4260 in
3633 4197 3845 4262 nostro

2179 4267 2529 4345 Pelissonzeo
2589 4267 2826 4345 Hebr-aio
2885 4267 3104 4345 codice,
3167 4267 3282 4345 qui
3327 4274 3552 4332 nullam
3596 4275 3850 4334 adhibet

2177 4340 2436 4411 criticum
2470 4347 2668 4397 notam
2717 4340 3214 4400 Massoretbarum
3259 4370 3274 4411 ς
3321 4346 3433 4402 etsi
3483 4345 3640 4402 intra
3681 4364 3738 4404 v.
3781 4350 3848 4403 18

2179 4410 2336 4483 legat
2365 4419 2644 4484 corrupte
2681 4431 2816 4469 cum
2868 4417 3088 4471 ceteris
3146 4410 3342 4484 mm,
3389 4419 3613 4476 Amata.
3647 4419 3848 4476 Simili

2190 4501 2332 4539 usus
2359 4490 2449 4540 est
2477 4484 2794 4556 exemplari
2816 4486 3168 4543 Scholiastes
3189 4489 3438 4545 Canonie
3466 4489 3641 4548 Hebr.
3669 4492 3847 4547 verit.

2192 4560 2392 4631 utnon
2427 4555 2613 4612 solum
2643 4555 2710 4612 ex
2734 4558 3031 4631 notatione
3061 4559 3371 4631 marginali
3403 4562 3619 4618 Aram'a
3651 4561 3849 4620 mani-

2190 4627 2400 4706 festum
2435 4633 2724 4706 apparet,‘
2748 4630 2843 4706 sed
2879 4630 3052 4684 etiam
3099 4648 3168 4686 ex
3194 4627 3400 4688 Eodem
3434 4649 3616 4706 supra
3647 4635 3849 4706 posito

2190 4701 2426 4754 nomine
2458 4703 2679 4756 Arcana
2711 4701 2767 4754 in
2802 4705 2987 4769 textu,
3031 4706 3184 4772 quod
3217 4701 3562 4761 emendator
3585 4701 3852 4762 canonis

2190 4772 2440 4826 mutavit
2489 4787 2623 4827 cum
2671 4772 2948 4839 Aravena,
2999 4774 3214 4830 mobile
3260 4775 3472 4832 iaciens
3501 4777 3704 4833 schwa
3735 4776 3849 4833 sub

2186 4841 2380 4920 littera
2412 4859 2537 4909 vau,
2588 4846 2857 4920 quamvis
2901 4851 3033 4920 post
3075 4845 3387 4920 motionem
3422 4864 3692 4920 parvam,
3724 4849 3849 4905 sive

2185 4914 2700 5004 vocalemporalili,
2731 4914 2921 5004 schap-ti
2951 4916 3193 5004 minime
3213 4914 3445 5004 legatur
3461 4914 3850 5004 apud‘gram-

2185 4987 2433 5063 maticos
2454 4986 2820 5063 recentiores.
2852 4989 2965 5063 Hoc
2983 4989 3218 5063 interim
3241 4986 3481 5063 propter
3498 4986 3846 5049 studiosum

2184 5074 2250 5112 ac
2281 5058 2581 5114 curiosum
2615 5059 2912 5115 lectorem.
2947 5059 3134 5117 MART.

2253 5177 2322 5218 έ-
2351 5146 2460 5201 Pro
2487 5148 2770 5215 Aureuna,
2801 5149 2900 5218 qui
2929 5147 3324 5205 Veronensem
3365 5149 3580 5207 librum
3612 5150 3845 5208 descri-

2183 5217 2320 5295 psit,
2355 5218 2612 5295 monuit_
2644 5219 2701 5295 in
2756 5217 3015 5295 margine
3076 5222 3388 5295 legendum
3436 5225 3669 5295 omen:
3707 5236 3847 5295 qua

2181 5289 2417 5416 quidem
2456 5290 2713 5346 nominis
2741 5289 3036 5364 scriptura
3065 5289 3374 5350 ex'Gra‘co
3405 5293 3695 5367 accipitur
3724 5289 3742 5350 Ξ
3779 5294 3840 5347 in

2231 5362 2416 5416 ebrer
2472 5361 2627 5416 enim
2704 5363 2858 5416 varie
2931 5369 3212 5416 concepta
3286 5371 3398 5416 est.
3469 5375 3713 5416 mnsam-
3779 5369 3840 5416 et

2231 5362 2416 5416 ebrsro
2472 5361 2627 5417 enim
2704 5361 2879 5419 \‘arie'
2931 5369 3233 5436 concepta,
3286 5371 3398 5436 est,
3469 5361 3713 5434 ΠΞἺἾΝΠ,
3779 5369 3842 5420 et

2177 5442 2421 5510 amas,
2453 5439 2508 5489 et
2538 5443 2734 5500 mna,
2755 5440 2886 5510 ⁸εψι
2934 5441 3088 5510 certe
3118 5452 3185 5492 ex
3223 5435 3392 5494 libris
3423 5437 3836 5510 Paralipome-

2177 5521 2294 5561 non
2328 5505 2372 5582 Ι,
2405 5521 2531 5582 cap.
2555 5506 2840 5582 ⁸ινυίιιηὲᾃ,
2870 5510 2928 5582 et
2978 5509 3048 5573 II,
3096 5523 3226 5581 cap.
3261 5525 3342 5579 xu,
3377 5511 3427 5580 1,
3460 5509 3557 5565 ubi
3590 5505 3696 5582 pro
3727 5523 3833 5564 co-

2176 5577 2450 5649 gnomine
2481 5577 2730 5634 Jebuswi
2764 5579 3004 5635 obtinet.
