3982 6178
122 315 217 374 713

1475 317 1684 374 LIBER
1720 314 2130 370 MALACHIM.

3399 317 3506 375 714

123 443 309 497 contra
351 453 460 506 me,
512 441 570 493 et
617 441 822 496 contra
865 440 1105 496 domum
1153 441 1341 512 patris
1384 442 1522 498 mei.
1571 439 1746 494 Venit
1770 453 1828 519 Α
1858 436 2146 509 Accipiat,
2187 444 2243 493 et
2290 437 2494 494 oil‘erat
2542 437 2822 496 dominus
2869 454 3039 497 meus
3086 456 3209 511 rex,
3256 441 3414 500 sicut
3453 443 3508 500 ei

123 538 302 586 autem
331 527 446 582 Gad
471 527 544 582 ad
579 527 755 583 David
780 528 837 584 in
863 528 1325 602 dieilla,et{dixit
1351 531 1401 586 ei
1428 530 1747 595 :Ascende,

121 624 169 674 et
197 617 382 689 [ναις.
412 619 515 672 tae.
550 616 628 687 et]
668 619 959 675 constitue
1014 617 1196 674 altare
1243 619 1492 676 Domino
1525 619 1584 674 in
1615 635 1749 675 area

117 713 335 763 Areuna
367 705 446 776 [h.
485 704 578 759 hic
608 705 841 778 Ariana]
872 707 1144 763 Jebusaai.
1178 709 1247 764 Et
1276 709 1745 774 ascenditluavid

114 798 269 867 juxta
297 810 630 851 sermonem
654 795 800 866 Gad,
823 811 998 867 quem
1033 802 1382 870 praeceperat
1409 799 1462 854 ei
1495 802 1509 835 ¹
1541 799 1746 870 [h.non

117 885 297 954 habet]
333 882 637 938 Dominus.
673 884 1167 958 Conspiciensque
1198 893 1451 955 Arenna,
1481 886 1745 943 animad-

118 973 269 1030 vertit
301 988 494 1044 regem
526 976 584 1027 et
612 989 807 1030 servos
837 975 965 1045 ejus
995 976 1246 1033 transire
1277 977 1349 1033 ad
1381 981 1527 1042 se,et
1549 992 1741 1048 egres~

118 1079 208 1119 sus
237 1060 495 1118 adoravit
525 1076 718 1134 regem
754 1079 937 1134 prono
967 1063 1137 1121 vultu
1171 1064 1230 1120 in
1262 1070 1501 1134 terram,
1529 1070 1586 1122 et
1616 1066 1698 1120 ait
1728 1081 1741 1120 :

117 1151 249 1216 Quid
281 1162 471 1206 causa
517 1154 605 1207 est
645 1155 710 1207 ut
737 1151 934 1208 veniat
979 1153 1257 1211 dominus
1309 1171 1477 1212 meus
1525 1171 1624 1211 rex
1671 1155 1744 1210 ad

117 1256 328 1297 servum
351 1255 525 1294 suum
548 1238 576 1293 ?
605 1239 707 1296 Cui
725 1240 900 1297 David
925 1242 1008 1298 ait
1041 1259 1054 1298 :
1088 1243 1162 1299 Ut
1179 1260 1371 1300 emam
1395 1249 1505 1300 ate
1525 1259 1742 1312 aream,

118 1336 166 1386 et
200 1329 480 1385 aediﬁcem
529 1329 710 1386 altare
757 1330 1026 1399 Domino,
1079 1337 1136 1389 et
1183 1337 1372 1390 cesset
1419 1333 1744 1390 interfectio

118 1436 229 1491 qua
257 1423 561 1492 grassatur
588 1419 648 1475 in
678 1420 915 1492 populo.
950 1421 1017 1477 Et
1045 1421 1129 1479 ait
1154 1424 1388 1480 Areuna
1417 1423 1489 1480 ad
1524 1423 1738 1480 David:

179 1564 192 1596 ¹
218 1562 375 1628 Quod
407 1561 718 1618 verissime
749 1566 910 1619 notat
951 1562 1329 1631 Scholiastes,
1376 1581 1491 1621 non
1523 1581 1652 1622 esse
1682 1565 1741 1620 in

119 1633 336 1690 Hebraeo
369 1633 641 1706 additum
673 1636 746 1699 ei,
778 1651 895 1706 ms.
924 1652 1158 1706 quoque
1188 1639 1538 1693 Veronensis
1567 1641 1738 1693 tacet.

181 1707 198 1740 ²
226 1710 414 1761 Canon
450 1705 611 1761 solus
636 1722 768 1760 cum
791 1705 1043 1776 Vulgata
1062 1705 1281 1764 retinet
1309 1709 1550 1764 verbum
1573 1709 1740 1775 illud,

117 1779 490 1852 regi‘Legitur
528 1777 765 1849 quidem
797 1779 856 1852 in
888 1779 1152 1852 Hebraeo,
1197 1797 1311 1836 non
1359 1789 1552 1836 tamen
1585 1781 1740 1852 apud

121 1837 500 1923 LXXArEuna
529 1837 938 1923 ergoregulus
971 1837 1207 1923 fuit,a"it
1236 1853 1305 1906 de
1332 1854 1514 1922 stirpe
1538 1837 1739 1923 regum
1771 1837 1820 1900 B

117 1921 502 1978 Jehuseorum
538 1937 550 1976 :
583 1919 643 1976 in
675 1919 840 1976 libris
872 1922 1352 1980 Paralipomenon
1388 1919 1543 1980 idem
1566 1919 1743 1980 λειω-

122 2010 252 2067 smus
279 1992 621 2067 appellatur
653 1992 856 2067 0_rnam
881 2009 902 2067 ς
933 1992 1086 2067 quod
1135 1995 1476 2067 neutiquam
1510 2000 1749 2067 praeter-

123 2064 573 2136 missum'voluit
592 2065 841 2136 scriptor
865 2065 952 2134 QQ
995 2064 1392 2123 Hebraicardm
1421 2067 1479 2122 in
1510 2064 1748 2123 eosdem

123 2136 281 2208 libros
308 2135 819 2208 Paralipomenon.
852 2139 1036 2208 Mam.

183 2239 242 2249 —
269 2207 522 2264 Mulctat
551 2209 704 2281 regis
735 2207 902 2264 titulo
937 2217 1229 2266 Areunam
1262 2210 1615 2266 Veronensis
1634 2226 1745 2266 ms.

124 2279 172 2334 in
202 2297 303 2351 que
332 2279 693 2353 tantumest
723 2297 736 2346 ;
773 2281 931 2336 Dixit
959 2282 1181 2336 Areuna
1205 2281 1348 2352 regi,
1374 2286 1482 2337 etc'
1508 2301 1523 2349 ;
1559 2298 1748 2353 neque

125 2357 198 2406 est
225 2369 414 2407 revera
447 2351 598 2406 illud
653 2368 758 2406 rex
804 2353 1070 2408 additum
1116 2353 1174 2408 in
1224 2351 1355 2409 aliis
1404 2369 1571 2420 mss.,
1605 2351 1742 2419 uno,

121 2439 271 2492 quem
298 2423 601 2497 Canonem
633 2427 800 2497 vocat
851 2424 1242 2497 Martianaeus,
1293 2430 1548 2497 excepto.
1581 2425 1743 2497 Quod

120 2496 375 2568 autemﬂin
405 2495 659 2551 Hebraeo
691 2495 787 2562 sit,
819 2495 1005 2568 critici
1038 2497 1236 2566 magni
1270 2495 1528 2553 nominis
1559 2496 1743 2568 culpaa

122 2564 212 2622 hoc
236 2567 509 2624 tribuunt
557 2567 937 2625 amanuensis
966 2585 979 2623 :
1013 2564 1323 2626 aut'salva
1369 2570 1498 2640 ejus
1546 2564 1742 2625 text-us

1858 525 2088 597 placet;
2123 525 2306 583 habes
2337 527 2512 583 boves
2543 528 2602 583 in
2635 527 3062 599 holocaustum,
3095 534 3151 586 et
3170 531 3505 604 plaustrum

1855 618 1914 670 et
1951 615 2101 686 juga
2145 615 2324 671 boum
2384 615 2443 672 in
2493 633 2668 672 usum
2716 617 3031 689 lignorum.
3081 619 3292 677 Omnia
3343 620 3508 677 dedit

1856 704 2082 760 Areuna
2113 720 2211 760 rex
2240 706 2261 738 ³
2292 703 2414 777 regi
2463 721 2479 761 :
2531 705 2798 777 dixitque
2849 711 3085 764 Areuna
3129 709 3201 764 ad
3251 725 3450 783 regem
3486 725 3504 765 :

1853 792 2140 849 Dominus
2188 793 2345 849 Deus
2395 797 2530 850 tuus
2580 794 2868 867 suscipiat
2907 800 3108 853 votum
3156 801 3349 854 tuum.
3393 798 3502 856 Cui

1855 882 2215 953 respondens
2248 898 2366 952 rex,
2399 882 2480 938 ait
2513 899 2527 938 :
2559 883 3037 956 Nequaquam,ut
3064 885 3280 955 vis,sed
3305 902 3500 943 emam

1855 971 2039 1043 pretio
2073 987 2105 1026 a
2155 975 2233 1041 te,
2293 976 2352 1026 et
2411 988 2526 1028 non
2585 973 2824 1029 offeram
2886 973 3133 1031 Domino
3191 975 3308 1032 Deo
3365 991 3496 1032 meo

1854 1059 2195 1116 holocausta
2246 1061 2521 1132 gratuita.
2574 1063 2724 1117 Emit
2772 1078 2909 1136 ergo
2951 1063 3130 1119 David
3181 1080 3396 1134 aream,
3441 1069 3499 1122 et

1856 1149 2050 1217 boves,
2085 1149 2312 1222 argenti
2343 1149 2504 1206 siclis
2535 1151 2985 1224 quinquaginta,
3018 1156 3075 1209 et
3095 1153 3398 1210 mdiﬁcavit
3417 1153 3498 1212 ibi

1852 1237 2038 1294 David
2067 1240 2089 1272 ⁸
2138 1237 2321 1295 altare
2367 1240 2638 1308 Domino,
2698 1244 2755 1296 et
2805 1240 3020 1298 obtulit
3065 1240 3413 1300 holocausta
3442 1247 3502 1300 et

1852 1327 2143 1398 paciﬁca:
2177 1331 2235 1383 et
2283 1328 2698 1400 repropitiatus
2744 1333 2834 1386 est
2883 1331 3162 1388 Dominus
3212 1336 3401 1400 terrm,
3442 1336 3502 1390 et

1851 1417 2112 1474 cohibita
2140 1422 2228 1474 est
2252 1417 2427 1490 plaga
2455 1417 2527 1474 ab
2558 1417 2733 1474 Israel
2760 1420 2801 1474 ‘.

1851 1561 2211 1636 integritate,
2242 1562 2326 1618 sic
2359 1562 2652 1636 explicant
2681 1579 2750 1618 ex
2775 1562 3066 1620 Hebraicis
3093 1563 3306 1636 linguae
3336 1564 3496 1636 inge-

1853 1634 1971 1700 nio,
2004 1635 2248 1701 Areuna,
2273 1649 2454 1705 arex,
2488 1633 2680 1690 omnia
2707 1637 2808 1691 dat
2832 1637 2975 1705 regi.

1921 1706 1942 1739 ³
1970 1709 2096 1788 rion
2129 1705 2293 1788 addit
2323 1704 2660 1788 hic‘Veron‘.
2695 1723 2806 1762 ms.
2841 1704 3044 1774 David,
3089 1708 3246 1778 quod
3278 1725 3491 1766 nomen

1853 1775 2110 1846 plerique
2143 1776 2276 1832 libri
2305 1776 2400 1831 alii
2433 1777 2672 1832 habent.
3105 1775 3125 1778 “

1921 1849 1945 1881 ⁴
1974 1847 2419 1929 Rectissimead
2450 1849 2670 1929 {labre}
2704 1848 3055 1929 exemplaris
3087 1865 3361 1929 normam
3383 1850 3494 1907 Ve-

1856 1936 2090 1976 ronens.
2126 1936 2236 1975 ms.
2270 1919 2421 1975 Finit
2456 1919 2598 1976 liber
2625 1919 2891 1976 Samuetf
2917 1921 3181 1977 Diximus
3210 1927 3268 1977 et
3296 1921 3500 1977 Hiero-

1861 2008 2037 2066 nymo
2057 1992 2207 2066 hanc
2234 1991 2468 2066 probari
2492 1992 2867 2064 partitionem
2889 1992 2950 2047 in
2971 1993 3217 2066 Prologo
3243 2011 3258 2049 :
3292 1993 3502 2050 Tertius

1859 2065 2115 2137 sequitur
2161 2063 2404 2137 samuel,
2455 2079 2614 2137 quem
2661 2080 2759 2137 nos
2810 2066 3122 2136 Regnorum
3152 2063 3415 2137 'primum
3452 2069 3504 2122 et

1855 2135 2169 2218 secundum
2203 2134 2590 2218 (ἰξείηῃιὲέβῐ-
2612 2134 2785 2218 paulo
2818 2134 2995 2218 post}
3029 2134 3180 2218 bene
3202 2152 3335 2218 ergo
3385 2139 3502 2218 prf-

1855 2222 2008 2261 mum
2037 2205 2282 2273 Samuel,
2315 2210 2364 2262 et
2394 2205 2685 2262 Malae-him
2714 2205 2920 2262 meam.
2952 2208 3056 2262 Sed
3102 2205 3166 2263 et
3212 2224 3243 2263 e
3286 2205 3505 2264 Graecis

1857 2278 2279 2352 interpretibus
2302 2277 2517 2350 Aquila
2537 2279 2716 2352 (quod
2741 2278 3326 2352 Goislinianic‘odices
3346 2279 3506 2352 apud

1858 2343 2389 2423 NonL-faucouium-
2407 2343 2725 2423 testantur)
2759 2343 3077 2423 εἘϐραίοις
3117 2343 3408 2422 ἑπόμενοςζ
3445 2347 3507 2404 οὗ

1857 2416 2049 2488 διεῖλε,
2083 2418 2227 2474 ἀλλά
2255 2421 2381 2491 μίαν
2409 2420 2503 2479 τὰς
2536 2418 2630 2475 δύο
2663 2416 2964 2490 «enotuit-sv
2998 2441 3014 2476 :
3049 2416 3304 2479 Hebraeo:
3352 2439 3509 2480 secu-

1854 2497 1962 2562 tus,
1994 2509 2104 2548 non
2135 2492 2345 2561 divisit,
2379 2494 2474 2550 sed
2504 2510 2680 2550 unum
2709 2511 2781 2550 ea:
2807 2493 3016 2550 duobus
3047 2494 3208 2552 libri:
3236 2495 3388 2567 fecit.

1340 2695 1677 2769 Επερίἰείαηί
1707 2695 1846 2752 libri
1872 2695 1981 2753 duo
2012 2695 2254 2752 Samuel.

1351 3011 1594 3069 TlTULI
1636 3011 1826 3068 LIBRI
1864 3010 2275 3069 MALACHIM.

138 3305 171 3358 Ι.
198 3304 296 3361 Ubi
327 3305 613 3361 Salomon
642 3303 784 3376 ungi
806 3302 1078 3374 jubetur.

137 3393 194 3447 II.
224 3393 321 3449 Ubi
347 3393 627 3450 Salomon
659 3393 902 3465 ungitur
931 3394 988 3448 in
1014 3411 1223 3466 regem.

139 3483 219 3537 III.
251 3482 346 3538 Ubi
375 3483 558 3539 David
590 3481 912 3554 alloquitur
938 3483 1306 3538 Salomonem
1343 3481 1686 3538 moriturus.

143 3571 219 3626 IV.
248 3572 343 3627 Hic
371 3571 594 3628 dormit
619 3587 716 3627 rex
746 3571 952 3639 David,
1002 3570 1103 3643 qui
1153 3571 1419 3642 regnavit
1469 3571 1640 3626 annis
1671 3588 1759 3626 XL.

141 3658 194 3714 V.
220 3662 466 3718 Adonias
509 3660 822 3732 virginem,
872 3677 1000 3732 qua:
1046 3677 1182 3717 cum
1230 3659 1407 3716 David
1442 3665 1587 3728 erat,
1620 3660 1766 3732 petit

198 3766 444 3807 uxorem.

144 3835 220 3892 VI.
249 3839 349 3895 Ubi
377 3837 646 3896 Adonias
677 3837 986 3894 occiditur.

146 3925 245 3983 VII.
273 3929 377 3983 Ubi
406 3925 702 3984 occiditur
731 3944 764 3982 a
794 3927 974 3983 Bania
999 3927 1169 3985 Joab.

148 4012 266 4070 VIII.
297 4017 630 4075 Interfectio
661 4016 876 4072 Semei.

154 4103 227 4159 1X.
255 4105 354 4161 Ubi
377 4124 410 4163 a
439 4105 696 4162 Domino
728 4105 1003 4163 visitatur
1034 4106 1340 4174 Salomon.

151 4191 210 4247 X.
237 4196 277 4248 A
305 4195 536 4252 duabus
572 4195 918 4251 mulieribus
947 4195 1222 4252 Salomon
1256 4195 1685 4268 interpellatur.

153 4282 233 4338 XI.
265 4286 365 4340 Ubi
400 4284 645 4342 nomina
674 4285 940 4340 omnium
972 4285 1306 4357 principum
1331 4285 1450 4357 regi
1474 4282 1775 4341 Salomoni

214 4375 614 4430 ostenduntur.

155 4459 258 4516 XII.
287 4461 381 4519 Hic
411 4463 586 4536 quies
619 4463 772 4537 regis
801 4463 1131 4521 Salomonis
1158 4463 1532 4521 describitur-

158 4551 288 4607 XIII.
318 4551 422 4609 Ubi
443 4553 646 4609 Hiram
679 4570 776 4610 rex
805 4553 939 4626 Tyri
970 4553 1148 4609 mittit
1181 4556 1251 4610 ad
1289 4569 1483 4626 regem
1517 4551 1774 4608 Salomo-

217 4655 354 4698 nem.

163 4726 285 4784 XIV.
332 4730 472 4788 Item
519 4732 687 4803 quies
737 4731 898 4804 regni
962 4729 1310 4800 Salomonis,
1363 4735 1421 4787 et
1469 4729 1779 4803 dispositio

223 4819 432 4891 templi.

168 4901 261 4960 XV.
292 4906 391 4964 Ubi
423 4926 522 4965 rex
552 4911 754 4968 Hiram
785 4909 844 4965 in
877 4909 1162 4967 fabricam
1192 4908 1398 4982 templi
1429 4909 1743 4966 consentit.

168 4991 296 5050 XVI.
325 4997 586 5070 Cmptum
621 4999 850 5066 fabricas
880 4998 1107 5071 templi.

175 5081 325 5142 XVII.
357 5087 675 5160 Descriptio
706 5088 932 5160 templi.

177 5169 352 5229 XVIII.
383 5175 662 5234 Perfectio
695 5177 920 5250 templi.

181 5257 299 5403 X111}.
330 5263 436 5320 Ubi
467 5271 814 5325 ornamenta
841 5264 1048 5338 templi
1088 5270 1146 5322 et
1194 5265 1524 5323 ministeria
1566 5266 1786 5322 descri-

271 5356 457 5403 untur.

271 5356 457 5407 untur.

181 5433 282 5492 XX.
311 5441 636 5500 Translatio
665 5461 810 5501 arcae
841 5445 902 5501 in
930 5443 1242 5517 templum.

185 5524 307 5584 XXI.
336 5532 641 5590 Descensio
671 5533 907 5590 Domini
937 5534 997 5590 in
1020 5533 1394 5606 templum,et
1425 5533 1608 5591 oratio
1633 5533 1791 5592 Salo-

248 5618 446 5687 monis,
479 5636 610 5678 cum
639 5621 1105 5681 benedictionem
1132 5622 1194 5682 in
1223 5621 1438 5696 populo
1470 5623 1626 5682 fecit.

479 5747 746 5814 Ρηιοι..
791 5748 1071 5813 XXVIII.

1789 3305 1832 3372 C
1870 3303 2033 3360 XXII.
2071 3304 2258 3360 Locus
2276 3303 2815 3377 orationisaptusin
2836 3303 3510 3364 dedicationeEcclesie.

1870 3393 2066 3449 XXIII.
2102 3392 2412 3465 Prophetia
2440 3391 2772 3449 Salomonis
2804 3392 3160 3466 captivitatis
3190 3392 3413 3466 populi.

1869 3483 2067 3538 XXIV.
2101 3481 2543 3538 Consummotio
2565 3481 2930 3550 orationis,et
2950 3482 3278 3539 benedictio
3292 3480 3516 3556 populi.

1873 3571 2043 3626 XXV.
2076 3573 2342 3643 Cmptum
2375 3571 2648 3627 sacrificii
2679 3575 2812 3642 post
2841 3570 3185 3628 orationem.

1873 3661 2074 3716 XXVI.
2107 3660 2395 3716 Omnibus
2425 3659 2722 3732 perfectis,
2747 3659 3019 3717 Salomon
3044 3678 3078 3716 a
3098 3661 3316 3734 populo
3345 3660 3526 3717 bene-

1945 3749 2181 3806 dicitur.

1875 3839 2092 3896 XXVII.
2125 3837 2233 3894 Ubi
2263 3837 2549 3894 Dominus
2580 3837 2722 3895 dicit
2751 3837 3036 3896 elisurum
3067 3854 3131 3895 se
3155 3837 3524 3912 templum,si

1947 3928 2276 4003 peccaverit
2305 3927 2580 4001 populus.

1880 4019 2141 4075 XXVIII.
2175 4015 2282 4072 Ubi
2313 4017 2383 4072 de
2413 4015 2550 4072 ﬁliis
2582 4015 2843 4089 gentium
2877 4016 3115 4074 servitio
3165 4016 3320 4090 regis
3367 4015 3531 4073 ordi-

1955 4111 2194 4163 nantur.

1881 4197 2074 4253 XXIX.
2109 4195 2218 4252 Ubi
2249 4194 2521 4251 Salomon
2541 4193 2792 4251 classem
2823 4196 2958 4252 iecit
2976 4197 3046 4253 ad
3072 4211 3232 4252 mare
3266 4193 3531 4252 Rubrum

1953 4303 2089 4342 cum
2123 4284 2306 4341 servis
2340 4283 2559 4340 Hiram.

1884 4375 2066 4432 XXX.
2101 4373 2206 4429 Ubi
2242 4373 2444 4445 regina
2471 4373 2621 4428 Saba
2646 4373 2718 4428 ad
2749 4389 2948 4445 regem
2981 4373 3155 4430 venit.

1885 4463 2081 4520 XXXI.
2124 4465 2353 4530 Quanta
2399 4461 2520 4532 regi
2573 4461 2916 4533 ponderatio
2965 4463 3206 4518 offertur
3251 4461 3379 4517 auri
3431 4477 3535 4534 per

1956 4551 2222 4624 singulos
2253 4567 2461 4606 annos.

1809 4675 1856 4740 Β
1889 4643 2114 4700 XXXII.
2149 4640 2256 4696 Ubi
2288 4657 2452 4696 arma
2483 4640 2658 4712 regis,
2706 4643 2762 4696 et
2790 4629 2992 4697 omnia
3027 4639 3355 4698 ministeria
3384 4641 3544 4698 desi-

1961 4734 2183 4805 gnantu
2193 4748 2239 4784 r.

1890 4820 2143 4889 XXXIII,
2171 4818 2278 4874 Ubi
2309 4816 2582 4874 Salomon
2601 4817 2661 4872 in
2681 4816 3032 4874 mulieribus
3054 4821 3340 4891 peccat,et
3364 4818 3538 4877 idolis

1961 4909 2154 4966 servit.

1891 4997 2136 5055 XXXIV.
2169 5001 2304 5052 Post
2335 4999 2641 5067 peccatum
2677 4994 3008 5050 Salomonis
3039 4995 3414 5052 adversarius
3436 4995 3538 5052 ad-

1964 5103 2196 5144 versum
2228 5100 2364 5140 eum
2397 5082 2659 5156 exsurgit
2687 5085 2870 5139 Adad.

1897 5176 2122 5233 XXXV.
2157 5174 2261 5231 Ubi
2294 5172 2473 5229 alium
2506 5171 2816 5228 inimicum
2842 5172 3036 5230 Razon
3067 5171 3398 5229 Salomonis
3420 5184 3548 5225 sus-

1969 5266 2110 5321 citat
2142 5263 2314 5318 Deus.
2505 5324 2508 5326 γ

1899 5354 2094 5410 XXVI.
2127 5350 2437 5409 Jeroboam
2464 5349 2707 5405 rebellat
2738 5349 3020 5405 adversus
3049 5347 3442 5402 Salomonem.

1903 5439 2171 5499 XXXVII.
2206 5437 2313 5495 Ubi
2343 5437 2560 5494 Achias
2595 5453 2841 5510 regnum
2874 5435 3170 5509 promittit
3217 5433 3555 5490 Jeroboam.

1901 5528 2208 5588 XXXVIII.
2238 5527 2348 5582 Ubi
2379 5526 2653 5584 Salomon
2677 5523 3054 5596 moritur,qui
3085 5521 3353 5595 regnavit
3383 5519 3560 5577 annis

1979 5616 2392 5690 quadraginta.

3157 5738 3234 5796 23
