  <div class='ocr_page' id='page_1' title='image "/cluster/home/n/w/nwhite01/storage/ocr_20150623/28/hvd.32044052824265/412.png"; bbox 0 0 3982 6178; ppageno 0'>
   <div class='ocr_carea' id='block_1_1' title="bbox 288 211 398 268">
    <p class='ocr_par' dir='ltr' id='par_1_1' title="bbox 288 211 398 268">
     <span class='ocr_line' id='line_1_1' title="bbox 288 211 398 268; baseline 0 -3"><span class='ocrx_word' id='word_1_1' title='bbox 288 211 398 268; x_wconf 83' lang='grc'><strong>717</strong></span> 
     </span>
    </p>
   </div>
   <div class='ocr_carea' id='block_1_2' title="bbox 1672 189 2330 252">
    <p class='ocr_par' dir='ltr' id='par_1_2' title="bbox 1672 189 2330 252">
     <span class='ocr_line' id='line_1_2' title="bbox 1672 189 2330 252; baseline -0.012 -1"><span class='ocrx_word' id='word_1_2' title='bbox 1672 194 1888 252; x_wconf 76' lang='lat' dir='ltr'><strong>LIBER</strong></span> <span class='ocrx_word' id='word_1_3' title='bbox 1925 189 2330 248; x_wconf 77' lang='lat' dir='ltr'><strong>MALACHIM.</strong></span> 
     </span>
    </p>
   </div>
   <div class='ocr_carea' id='block_1_3' title="bbox 3589 206 3698 264">
    <p class='ocr_par' dir='ltr' id='par_1_3' title="bbox 3589 206 3698 264">
     <span class='ocr_line' id='line_1_3' title="bbox 3589 206 3698 264; baseline 0.018 -2"><span class='ocrx_word' id='word_1_4' title='bbox 3589 206 3698 264; x_wconf 74' lang='lat'><strong>718</strong></span> 
     </span>
    </p>
   </div>
   <div class='ocr_carea' id='block_1_4' title="bbox 285 315 3696 396">
    <p class='ocr_par' dir='ltr' id='par_1_4' title="bbox 285 315 3696 396">
     <span class='ocr_line' id='line_1_4' title="bbox 285 315 3696 396; baseline -0.002 -2"><span class='ocrx_word' id='word_1_5' title='bbox 285 339 405 394; x_wconf 87' lang='lat' dir='ltr'><strong>CX.</strong></span> <span class='ocrx_word' id='word_1_6' title='bbox 421 335 531 393; x_wconf 90' lang='lat' dir='ltr'><strong>Ubi</strong></span> <span class='ocrx_word' id='word_1_7' title='bbox 550 333 703 391; x_wconf 86' lang='lat' dir='ltr'><strong>Elias</strong></span> <span class='ocrx_word' id='word_1_8' title='bbox 719 331 978 390; x_wconf 76' lang='lat' dir='ltr'><strong>Ochosiae</strong></span> <span class='ocrx_word' id='word_1_9' title='bbox 998 333 1246 387; x_wconf 87' lang='lat' dir='ltr'><strong>mortem</strong></span> <span class='ocrx_word' id='word_1_10' title='bbox 1265 325 1601 396; x_wconf 79' lang='lat' dir='ltr'><strong>annuntiat,</strong></span> <span class='ocrx_word' id='word_1_11' title='bbox 1616 328 1746 396; x_wconf 82' lang='lat' dir='ltr'><strong>post</strong></span> <span class='ocrx_word' id='word_1_12' title='bbox 1764 333 1936 392; x_wconf 89' lang='lat' dir='ltr'><strong>quem</strong></span> <span class='ocrx_word' id='word_1_13' title='bbox 1967 315 2021 380; x_wconf 85' lang='grc' dir='ltr'><strong>Α</strong></span> <span class='ocrx_word' id='word_1_14' title='bbox 2050 315 2293 372; x_wconf 87' lang='lat' dir='ltr'><strong>CXLIII.</strong></span> <span class='ocrx_word' id='word_1_15' title='bbox 2315 316 2420 372; x_wconf 91' lang='lat' dir='ltr'><strong>Ubi</strong></span> <span class='ocrx_word' id='word_1_16' title='bbox 2439 316 2783 374; x_wconf 79' lang='lat' dir='ltr'><strong>vulneratur</strong></span> <span class='ocrx_word' id='word_1_17' title='bbox 2796 333 2926 376; x_wconf 92' lang='lat' dir='ltr'><strong>cum</strong></span> <span class='ocrx_word' id='word_1_18' title='bbox 2946 337 3011 378; x_wconf 90' lang='lat' dir='ltr'><strong>eo</strong></span> <span class='ocrx_word' id='word_1_19' title='bbox 3026 321 3225 380; x_wconf 82' lang='lat' dir='ltr'><strong>Joram</strong></span> <span class='ocrx_word' id='word_1_20' title='bbox 3242 323 3400 383; x_wconf 91' lang='lat' dir='ltr'><strong>ﬁlius</strong></span> <span class='ocrx_word' id='word_1_21' title='bbox 3415 327 3578 386; x_wconf 82' lang='lat' dir='ltr'><strong>Ahab</strong></span> <span class='ocrx_word' id='word_1_22' title='bbox 3596 347 3696 389; x_wconf 88' lang='lat' dir='ltr'><strong>rex</strong></span> 
     </span>
    </p>
   </div>
   <div class='ocr_carea' id='block_1_5' title="bbox 355 424 1276 500">
    <p class='ocr_par' dir='ltr' id='par_1_5' title="bbox 355 424 1276 500">
     <span class='ocr_line' id='line_1_5' title="bbox 355 424 1276 500; baseline -0.01 -17"><span class='ocrx_word' id='word_1_23' title='bbox 355 426 624 500; x_wconf 79' lang='lat' dir='ltr'><strong>regnavit</strong></span> <span class='ocrx_word' id='word_1_24' title='bbox 650 424 851 480; x_wconf 84' lang='lat' dir='ltr'><strong>Joram</strong></span> <span class='ocrx_word' id='word_1_25' title='bbox 884 426 1126 478; x_wconf 87' lang='lat' dir='ltr'><strong>octavus</strong></span> <span class='ocrx_word' id='word_1_26' title='bbox 1158 436 1276 476; x_wconf 90' lang='lat' dir='ltr'><strong>rex.</strong></span> 
     </span>
    </p>
   </div>
   <div class='ocr_carea' id='block_1_6' title="bbox 285 509 1346 584">
    <p class='ocr_par' dir='ltr' id='par_1_6' title="bbox 285 509 1346 584">
     <span class='ocr_line' id='line_1_6' title="bbox 285 509 1346 584; baseline -0.014 -7"><span class='ocrx_word' id='word_1_27' title='bbox 285 518 419 576; x_wconf 79' lang='lat' dir='ltr'><strong>CXI.</strong></span> <span class='ocrx_word' id='word_1_28' title='bbox 454 515 564 572; x_wconf 88' lang='lat' dir='ltr'><strong>Ubi</strong></span> <span class='ocrx_word' id='word_1_29' title='bbox 596 513 752 569; x_wconf 88' lang='lat' dir='ltr'><strong>Elias</strong></span> <span class='ocrx_word' id='word_1_30' title='bbox 781 515 987 584; x_wconf 88' lang='lat' dir='ltr'><strong>raptus</strong></span> <span class='ocrx_word' id='word_1_31' title='bbox 1018 511 1076 566; x_wconf 92' lang='lat' dir='ltr'><strong>in</strong></span> <span class='ocrx_word' id='word_1_32' title='bbox 1110 509 1346 565; x_wconf 62' lang='lat' dir='ltr'><strong>caelum.</strong></span> 
     </span>
    </p>
   </div>
   <div class='ocr_carea' id='block_1_7' title="bbox 284 588 1843 674">
    <p class='ocr_par' dir='ltr' id='par_1_7' title="bbox 284 588 1843 674">
     <span class='ocr_line' id='line_1_7' title="bbox 284 588 1843 674; baseline -0.015 -10"><span class='ocrx_word' id='word_1_33' title='bbox 284 607 448 664; x_wconf 83' lang='lat' dir='ltr'><strong>CXII.</strong></span> <span class='ocrx_word' id='word_1_34' title='bbox 481 603 665 661; x_wconf 89' lang='lat' dir='ltr'><strong>Pallio</strong></span> <span class='ocrx_word' id='word_1_35' title='bbox 697 600 1063 674; x_wconf 85' lang='lat' dir='ltr'><strong>misso_Elias</strong></span> <span class='ocrx_word' id='word_1_36' title='bbox 1098 616 1282 671; x_wconf 87' lang='lat' dir='ltr'><strong>aquas</strong></span> <span class='ocrx_word' id='word_1_37' title='bbox 1311 594 1586 653; x_wconf 83' lang='lat' dir='ltr'><strong>Jordanis</strong></span> <span class='ocrx_word' id='word_1_38' title='bbox 1614 588 1843 648; x_wconf 84' lang='lat' dir='ltr'><strong>dividit.</strong></span> 
     </span>
    </p>
   </div>
   <div class='ocr_carea' id='block_1_8' title="bbox 351 695 1934 780">
    <p class='ocr_par' dir='ltr' id='par_1_8' title="bbox 351 695 1934 780">
     <span class='ocr_line' id='line_1_8' title="bbox 351 695 1934 780; baseline -0.014 -11"><span class='ocrx_word' id='word_1_39' title='bbox 351 713 544 770; x_wconf 80' lang='lat' dir='ltr'><strong>CXIII.</strong></span> <span class='ocrx_word' id='word_1_40' title='bbox 578 710 686 767; x_wconf 88' lang='lat' dir='ltr'><strong>Ubi</strong></span> <span class='ocrx_word' id='word_1_41' title='bbox 717 709 960 766; x_wconf 67' lang='lat' dir='ltr'><strong>Elisaus</strong></span> <span class='ocrx_word' id='word_1_42' title='bbox 1006 706 1284 780; x_wconf 79' lang='lat' dir='ltr'><strong>spiritum</strong></span> <span class='ocrx_word' id='word_1_43' title='bbox 1332 702 1466 759; x_wconf 69' lang='lat' dir='ltr'><strong>Eliaa</strong></span> <span class='ocrx_word' id='word_1_44' title='bbox 1517 698 1752 771; x_wconf 89' lang='lat' dir='ltr'><strong>accipit,</strong></span> <span class='ocrx_word' id='word_1_45' title='bbox 1780 695 1934 751; x_wconf 82' lang='lat' dir='ltr'><strong>sicut</strong></span> 
     </span>
    </p>
   </div>
   <div class='ocr_carea' id='block_1_9' title="bbox 281 807 1799 957">
    <p class='ocr_par' dir='ltr' id='par_1_9' title="bbox 281 807 1799 957">
     <span class='ocr_line' id='line_1_9' title="bbox 281 807 1799 957; baseline -0.013 -9"><span class='ocrx_word' id='word_1_46' title='bbox 281 807 787 949; x_wconf 48' lang='lat' dir='ltr'><strong>CXpRtltlﬁiraculo</strong></span> <span class='ocrx_word' id='word_1_47' title='bbox 819 885 1006 943; x_wconf 70' lang='lat' dir='ltr'><strong>Elisaai</strong></span> <span class='ocrx_word' id='word_1_48' title='bbox 1036 884 1326 957; x_wconf 90' lang='lat' dir='ltr'><strong>incipiunt</strong></span> <span class='ocrx_word' id='word_1_49' title='bbox 1356 897 1521 953; x_wconf 75' lang='lat' dir='ltr'><strong>aquae</strong></span> <span class='ocrx_word' id='word_1_50' title='bbox 1553 875 1799 934; x_wconf 92' lang='lat' dir='ltr'><strong>dulcari.</strong></span> 
     </span>
    </p>
   </div>
   <div class='ocr_carea' id='block_1_10' title="bbox 283 963 1925 1050">
    <p class='ocr_par' dir='ltr' id='par_1_10' title="bbox 283 963 1925 1050">
     <span class='ocr_line' id='line_1_10' title="bbox 283 963 1925 1050; baseline -0.012 -13"><span class='ocrx_word' id='word_1_51' title='bbox 283 984 454 1038; x_wconf 83' lang='lat' dir='ltr'><strong>CXV.</strong></span> <span class='ocrx_word' id='word_1_52' title='bbox 478 980 588 1035; x_wconf 90' lang='lat' dir='ltr'><strong>Ubi</strong></span> <span class='ocrx_word' id='word_1_53' title='bbox 611 978 776 1050; x_wconf 90' lang='lat' dir='ltr'><strong>pueri</strong></span> <span class='ocrx_word' id='word_1_54' title='bbox 798 977 1049 1032; x_wconf 82' lang='lat' dir='ltr'><strong>irrident</strong></span> <span class='ocrx_word' id='word_1_55' title='bbox 1068 973 1366 1043; x_wconf 71' lang='lat' dir='ltr'><strong>Elisaeum,</strong></span> <span class='ocrx_word' id='word_1_56' title='bbox 1389 974 1446 1026; x_wconf 90' lang='lat' dir='ltr'><strong>et</strong></span> <span class='ocrx_word' id='word_1_57' title='bbox 1467 969 1538 1025; x_wconf 89' lang='lat' dir='ltr'><strong>ab</strong></span> <span class='ocrx_word' id='word_1_58' title='bbox 1570 967 1724 1023; x_wconf 83' lang='lat' dir='ltr'><strong>ursis</strong></span> <span class='ocrx_word' id='word_1_59' title='bbox 1755 963 1925 1018; x_wconf 87' lang='lat' dir='ltr'><strong>devo-</strong></span> 
     </span>
    </p>
   </div>
   <div class='ocr_carea' id='block_1_11' title="bbox 353 1075 580 1127">
    <p class='ocr_par' dir='ltr' id='par_1_11' title="bbox 353 1075 580 1127">
     <span class='ocr_line' id='line_1_11' title="bbox 353 1075 580 1127; baseline -0.022 0"><span class='ocrx_word' id='word_1_60' title='bbox 353 1075 580 1127; x_wconf 86' lang='lat' dir='ltr'><strong>rantur.</strong></span> 
     </span>
    </p>
   </div>
   <div class='ocr_carea' id='block_1_12' title="bbox 277 1142 1922 1228">
    <p class='ocr_par' dir='ltr' id='par_1_12' title="bbox 277 1142 1922 1228">
     <span class='ocr_line' id='line_1_12' title="bbox 277 1142 1922 1228; baseline -0.013 -13"><span class='ocrx_word' id='word_1_61' title='bbox 277 1160 467 1216; x_wconf 82' lang='lat' dir='ltr'><strong>CXVI.</strong></span> <span class='ocrx_word' id='word_1_62' title='bbox 501 1157 610 1216; x_wconf 90' lang='lat' dir='ltr'><strong>Ubi</strong></span> <span class='ocrx_word' id='word_1_63' title='bbox 640 1157 982 1228; x_wconf 80' lang='lat' dir='ltr'><strong>designatur</strong></span> <span class='ocrx_word' id='word_1_64' title='bbox 1011 1152 1166 1225; x_wconf 92' lang='lat' dir='ltr'><strong>quod</strong></span> <span class='ocrx_word' id='word_1_65' title='bbox 1196 1150 1394 1207; x_wconf 85' lang='lat' dir='ltr'><strong>Joram</strong></span> <span class='ocrx_word' id='word_1_66' title='bbox 1441 1146 1597 1202; x_wconf 90' lang='lat' dir='ltr'><strong>ﬁlius</strong></span> <span class='ocrx_word' id='word_1_67' title='bbox 1646 1142 1810 1198; x_wconf 86' lang='lat' dir='ltr'><strong>Abab</strong></span> <span class='ocrx_word' id='word_1_68' title='bbox 1841 1156 1922 1195; x_wconf 82' lang='lat' dir='ltr'><strong>xu</strong></span> 
     </span>
    </p>
   </div>
   <div class='ocr_carea' id='block_1_13' title="bbox 344 1243 897 1318">
    <p class='ocr_par' dir='ltr' id='par_1_13' title="bbox 344 1243 897 1318">
     <span class='ocr_line' id='line_1_13' title="bbox 344 1243 897 1318; baseline -0.007 -16"><span class='ocrx_word' id='word_1_69' title='bbox 344 1247 518 1303; x_wconf 85' lang='lat' dir='ltr'><strong>annis</strong></span> <span class='ocrx_word' id='word_1_70' title='bbox 550 1243 897 1318; x_wconf 82' lang='lat' dir='ltr'><strong>regnaverit.</strong></span> 
     </span>
    </p>
   </div>
   <div class='ocr_carea' id='block_1_14' title="bbox 273 1320 1872 1402">
    <p class='ocr_par' dir='ltr' id='par_1_14' title="bbox 273 1320 1872 1402">
     <span class='ocr_line' id='line_1_14' title="bbox 273 1320 1872 1402; baseline -0.011 -8"><span class='ocrx_word' id='word_1_71' title='bbox 273 1338 483 1394; x_wconf 85' lang='lat' dir='ltr'><strong>CXVII.</strong></span> <span class='ocrx_word' id='word_1_72' title='bbox 519 1335 619 1391; x_wconf 87' lang='lat' dir='ltr'><strong>Hie</strong></span> <span class='ocrx_word' id='word_1_73' title='bbox 651 1350 749 1390; x_wconf 85' lang='lat' dir='ltr'><strong>rex</strong></span> <span class='ocrx_word' id='word_1_74' title='bbox 777 1333 942 1390; x_wconf 84' lang='lat' dir='ltr'><strong>Moab</strong></span> <span class='ocrx_word' id='word_1_75' title='bbox 973 1347 1008 1387; x_wconf 87' lang='lat' dir='ltr'><strong>a</strong></span> <span class='ocrx_word' id='word_1_76' title='bbox 1036 1346 1176 1402; x_wconf 89' lang='lat' dir='ltr'><strong>pace</strong></span> <span class='ocrx_word' id='word_1_77' title='bbox 1206 1329 1360 1401; x_wconf 90' lang='lat' dir='ltr'><strong>regis</strong></span> <span class='ocrx_word' id='word_1_78' title='bbox 1393 1323 1569 1382; x_wconf 83' lang='lat' dir='ltr'><strong>Israel</strong></span> <span class='ocrx_word' id='word_1_79' title='bbox 1601 1320 1872 1379; x_wconf 85' lang='lat' dir='ltr'><strong>discedit.</strong></span> 
     </span>
    </p>
   </div>
   <div class='ocr_carea' id='block_1_15' title="bbox 269 1434 1912 1511">
    <p class='ocr_par' dir='ltr' id='par_1_15' title="bbox 269 1434 1912 1511">
     <span class='ocr_line' id='line_1_15' title="bbox 269 1434 1912 1511; baseline -0.013 -9"><span class='ocrx_word' id='word_1_80' title='bbox 269 1443 510 1502; x_wconf 84' lang='lat' dir='ltr'><strong>CXVIII.</strong></span> <span class='ocrx_word' id='word_1_81' title='bbox 538 1441 648 1497; x_wconf 92' lang='lat' dir='ltr'><strong>Ubi</strong></span> <span class='ocrx_word' id='word_1_82' title='bbox 691 1445 808 1496; x_wconf 88' lang='lat' dir='ltr'><strong>tres</strong></span> <span class='ocrx_word' id='word_1_83' title='bbox 849 1454 1013 1511; x_wconf 89' lang='lat' dir='ltr'><strong>reges</strong></span> <span class='ocrx_word' id='word_1_84' title='bbox 1053 1435 1436 1494; x_wconf 87' lang='lat' dir='ltr'><strong>ascendentes</strong></span> <span class='ocrx_word' id='word_1_85' title='bbox 1476 1434 1680 1488; x_wconf 89' lang='lat' dir='ltr'><strong>contra</strong></span> <span class='ocrx_word' id='word_1_86' title='bbox 1717 1442 1912 1500; x_wconf 88' lang='lat' dir='ltr'><strong>regem</strong></span> 
     </span>
    </p>
   </div>
   <div class='ocr_carea' id='block_1_16' title="bbox 338 1523 1915 1603">
    <p class='ocr_par' dir='ltr' id='par_1_16' title="bbox 338 1523 1915 1603">
     <span class='ocr_line' id='line_1_16' title="bbox 338 1523 1915 1603; baseline -0.011 -14"><span class='ocrx_word' id='word_1_87' title='bbox 338 1533 508 1589; x_wconf 80' lang='lat' dir='ltr'><strong>Moab</strong></span> <span class='ocrx_word' id='word_1_88' title='bbox 533 1535 766 1603; x_wconf 85' lang='lat' dir='ltr'><strong>propter</strong></span> <span class='ocrx_word' id='word_1_89' title='bbox 792 1527 1099 1602; x_wconf 87' lang='lat' dir='ltr'><strong>penuriam</strong></span> <span class='ocrx_word' id='word_1_90' title='bbox 1125 1542 1290 1597; x_wconf 76' lang='lat' dir='ltr'><strong>aquae</strong></span> <span class='ocrx_word' id='word_1_91' title='bbox 1316 1523 1678 1590; x_wconf 89' lang='lat' dir='ltr'><strong>laborant,et</strong></span> <span class='ocrx_word' id='word_1_92' title='bbox 1708 1533 1915 1573; x_wconf 88' lang='lat' dir='ltr'><strong>consu-</strong></span> 
     </span>
    </p>
   </div>
   <div class='ocr_carea' id='block_1_17' title="bbox 338 1621 792 1679">
    <p class='ocr_par' dir='ltr' id='par_1_17' title="bbox 338 1621 792 1679">
     <span class='ocr_line' id='line_1_17' title="bbox 338 1621 792 1679; baseline -0.004 -2"><span class='ocrx_word' id='word_1_93' title='bbox 338 1623 470 1679; x_wconf 92' lang='lat' dir='ltr'><strong>lunt</strong></span> <span class='ocrx_word' id='word_1_94' title='bbox 498 1621 792 1676; x_wconf 72' lang='lat' dir='ltr'><strong>Eliseeum.</strong></span> 
     </span>
    </p>
   </div>
   <div class='ocr_carea' id='block_1_18' title="bbox 2117 406 3010 481">
    <p class='ocr_par' dir='ltr' id='par_1_18' title="bbox 2117 406 3010 481">
     <span class='ocr_line' id='line_1_18' title="bbox 2117 406 3010 481; baseline 0.007 -21"><span class='ocrx_word' id='word_1_95' title='bbox 2117 406 2297 462; x_wconf 87' lang='lat' dir='ltr'><strong>Israel</strong></span> <span class='ocrx_word' id='word_1_96' title='bbox 2333 407 2405 464; x_wconf 88' lang='lat' dir='ltr'><strong>ab</strong></span> <span class='ocrx_word' id='word_1_97' title='bbox 2436 408 2610 463; x_wconf 82' lang='lat' dir='ltr'><strong>Azael</strong></span> <span class='ocrx_word' id='word_1_98' title='bbox 2645 425 2781 480; x_wconf 88' lang='lat' dir='ltr'><strong>rege</strong></span> <span class='ocrx_word' id='word_1_99' title='bbox 2810 410 3010 481; x_wconf 63' lang='lat' dir='ltr'><strong>Syriae.</strong></span> 
     </span>
    </p>
   </div>
   <div class='ocr_carea' id='block_1_19' title="bbox 2044 494 3688 578">
    <p class='ocr_par' dir='ltr' id='par_1_19' title="bbox 2044 494 3688 578">
     <span class='ocr_line' id='line_1_19' title="bbox 2044 494 3688 578; baseline 0.011 -29"><span class='ocrx_word' id='word_1_100' title='bbox 2044 494 2278 550; x_wconf 84' lang='lat' dir='ltr'><strong>CXLIV.</strong></span> <span class='ocrx_word' id='word_1_101' title='bbox 2312 495 2419 551; x_wconf 93' lang='lat' dir='ltr'><strong>Ubi</strong></span> <span class='ocrx_word' id='word_1_102' title='bbox 2452 496 2688 552; x_wconf 68' lang='lat' dir='ltr'><strong>Elisaeus</strong></span> <span class='ocrx_word' id='word_1_103' title='bbox 2721 499 2974 555; x_wconf 85' lang='lat' dir='ltr'><strong>mittitur</strong></span> <span class='ocrx_word' id='word_1_104' title='bbox 2995 502 3065 556; x_wconf 89' lang='lat' dir='ltr'><strong>ad</strong></span> <span class='ocrx_word' id='word_1_105' title='bbox 3085 502 3239 560; x_wconf 88' lang='lat' dir='ltr'><strong>Jehu</strong></span> <span class='ocrx_word' id='word_1_106' title='bbox 3262 508 3604 578; x_wconf 90' lang='lat' dir='ltr'><strong>ungendum</strong></span> <span class='ocrx_word' id='word_1_107' title='bbox 3626 511 3688 566; x_wconf 90' lang='lat' dir='ltr'><strong>in</strong></span> 
     </span>
    </p>
   </div>
   <div class='ocr_carea' id='block_1_20' title="bbox 2114 584 3686 662">
    <p class='ocr_par' dir='ltr' id='par_1_20' title="bbox 2114 584 3686 662">
     <span class='ocr_line' id='line_1_20' title="bbox 2114 584 3686 662; baseline 0.013 -25"><span class='ocrx_word' id='word_1_108' title='bbox 2114 599 2308 655; x_wconf 90' lang='lat' dir='ltr'><strong>regem</strong></span> <span class='ocrx_word' id='word_1_109' title='bbox 2333 584 2509 641; x_wconf 88' lang='lat' dir='ltr'><strong>Israel</strong></span> <span class='ocrx_word' id='word_1_110' title='bbox 2541 591 2674 657; x_wconf 92' lang='lat' dir='ltr'><strong>post</strong></span> <span class='ocrx_word' id='word_1_111' title='bbox 2690 587 2889 644; x_wconf 89' lang='lat' dir='ltr'><strong>Joram</strong></span> <span class='ocrx_word' id='word_1_112' title='bbox 2914 589 3101 646; x_wconf 90' lang='lat' dir='ltr'><strong>ﬁlium</strong></span> <span class='ocrx_word' id='word_1_113' title='bbox 3123 591 3312 662; x_wconf 84' lang='lat' dir='ltr'><strong>Ahab,</strong></span> <span class='ocrx_word' id='word_1_114' title='bbox 3335 600 3392 650; x_wconf 89' lang='lat' dir='ltr'><strong>et</strong></span> <span class='ocrx_word' id='word_1_115' title='bbox 3417 601 3507 655; x_wconf 90' lang='lat' dir='ltr'><strong>est</strong></span> <span class='ocrx_word' id='word_1_116' title='bbox 3531 600 3686 656; x_wconf 85' lang='lat' dir='ltr'><strong>deci-</strong></span> 
     </span>
    </p>
   </div>
   <div class='ocr_carea' id='block_1_21' title="bbox 2112 688 2399 729">
    <p class='ocr_par' dir='ltr' id='par_1_21' title="bbox 2112 688 2399 729">
     <span class='ocr_line' id='line_1_21' title="bbox 2112 688 2399 729; baseline 0.007 -2"><span class='ocrx_word' id='word_1_117' title='bbox 2112 688 2243 728; x_wconf 89' lang='lat' dir='ltr'><strong>mus</strong></span> <span class='ocrx_word' id='word_1_118' title='bbox 2283 689 2399 729; x_wconf 84' lang='lat' dir='ltr'><strong>rex.</strong></span> 
     </span>
    </p>
   </div>
   <div class='ocr_carea' id='block_1_22' title="bbox 2039 760 3485 837">
    <p class='ocr_par' dir='ltr' id='par_1_22' title="bbox 2039 760 3485 837">
     <span class='ocr_line' id='line_1_22' title="bbox 2039 760 3485 837; baseline 0.01 -21"><span class='ocrx_word' id='word_1_119' title='bbox 2039 760 2242 818; x_wconf 82' lang='lat' dir='ltr'><strong>CXLV.</strong></span> <span class='ocrx_word' id='word_1_120' title='bbox 2279 763 2391 818; x_wconf 89' lang='lat' dir='ltr'><strong>Ubi</strong></span> <span class='ocrx_word' id='word_1_121' title='bbox 2421 763 2570 819; x_wconf 85' lang='lat' dir='ltr'><strong>Jehu</strong></span> <span class='ocrx_word' id='word_1_122' title='bbox 2603 765 3025 837; x_wconf 61' lang='lat' dir='ltr'><strong>Joramjﬁlium</strong></span> <span class='ocrx_word' id='word_1_123' title='bbox 3054 769 3219 826; x_wconf 85' lang='lat' dir='ltr'><strong>Ahab</strong></span> <span class='ocrx_word' id='word_1_124' title='bbox 3249 774 3485 831; x_wconf 90' lang='lat' dir='ltr'><strong>occidit.</strong></span> 
     </span>
    </p>
   </div>
   <div class='ocr_carea' id='block_1_23' title="bbox 2036 868 3678 1013">
    <p class='ocr_par' dir='ltr' id='par_1_23' title="bbox 2036 868 3678 1013">
     <span class='ocr_line' id='line_1_23' title="bbox 2036 868 3678 1013; baseline 0.01 -89"><span class='ocrx_word' id='word_1_125' title='bbox 2036 868 2272 1013; x_wconf 58' lang='lat' dir='ltr'><strong>CXLtVI.</strong></span> <span class='ocrx_word' id='word_1_126' title='bbox 2307 869 2412 925; x_wconf 91' lang='lat' dir='ltr'><strong>Ubi</strong></span> <span class='ocrx_word' id='word_1_127' title='bbox 2443 871 2594 927; x_wconf 88' lang='lat' dir='ltr'><strong>Jehu</strong></span> <span class='ocrx_word' id='word_1_128' title='bbox 2625 877 2829 929; x_wconf 89' lang='lat' dir='ltr'><strong>contra</strong></span> <span class='ocrx_word' id='word_1_129' title='bbox 2858 874 3058 932; x_wconf 91' lang='lat' dir='ltr'><strong>Joram</strong></span> <span class='ocrx_word' id='word_1_130' title='bbox 3087 878 3461 938; x_wconf 87' lang='lat' dir='ltr'><strong>vulneratum</strong></span> <span class='ocrx_word' id='word_1_131' title='bbox 3491 883 3678 941; x_wconf 89' lang='lat' dir='ltr'><strong>rebel-</strong></span> 
     </span>
     <span class='ocr_line' id='line_1_24' title="bbox 2129 976 2206 1013; baseline 0 0"><span class='ocrx_word' id='word_1_132' title='bbox 2129 976 2161 1013; x_wconf 89' lang='lat' dir='ltr'><strong>a</strong></span> <span class='ocrx_word' id='word_1_133' title='bbox 2196 1004 2206 1013; x_wconf 95' lang='lat'><strong>.</strong></span> 
     </span>
    </p>
   </div>
   <div class='ocr_carea' id='block_1_24' title="bbox 2129 976 2206 1014">
    <p class='ocr_par' dir='ltr' id='par_1_24' title="bbox 2129 976 2206 1014">
     <span class='ocr_line' id='line_1_25' title="bbox 2129 976 2206 1014; baseline 0 0"><span class='ocrx_word' id='word_1_134' title='bbox 2129 976 2206 1014; x_wconf 68' lang='grc' dir='ltr'><strong>αι.</strong></span> 
     </span>
    </p>
   </div>
   <div class='ocr_carea' id='block_1_25' title="bbox 2032 1049 3675 1130">
    <p class='ocr_par' dir='ltr' id='par_1_25' title="bbox 2032 1049 3675 1130">
     <span class='ocr_line' id='line_1_26' title="bbox 2032 1049 3675 1130; baseline 0.01 -26"><span class='ocrx_word' id='word_1_135' title='bbox 2032 1049 2290 1105; x_wconf 86' lang='lat' dir='ltr'><strong>CXLVII.</strong></span> <span class='ocrx_word' id='word_1_136' title='bbox 2324 1049 2404 1106; x_wconf 91' lang='lat' dir='ltr'><strong>De</strong></span> <span class='ocrx_word' id='word_1_137' title='bbox 2433 1051 2724 1109; x_wconf 86' lang='lat' dir='ltr'><strong>occisione</strong></span> <span class='ocrx_word' id='word_1_138' title='bbox 2755 1054 3016 1110; x_wconf 64' lang='lat' dir='ltr'><strong>Achaziaa</strong></span> <span class='ocrx_word' id='word_1_139' title='bbox 3051 1057 3207 1130; x_wconf 85' lang='lat' dir='ltr'><strong>regis</strong></span> <span class='ocrx_word' id='word_1_140' title='bbox 3255 1060 3416 1130; x_wconf 74' lang='lat' dir='ltr'><strong>judaa</strong></span> <span class='ocrx_word' id='word_1_141' title='bbox 3446 1079 3480 1118; x_wconf 90' lang='lat' dir='ltr'><strong>a</strong></span> <span class='ocrx_word' id='word_1_142' title='bbox 3521 1063 3675 1121; x_wconf 86' lang='lat' dir='ltr'><strong>Jehu</strong></span> 
     </span>
    </p>
   </div>
   <div class='ocr_carea' id='block_1_26' title="bbox 2101 1141 2468 1213">
    <p class='ocr_par' dir='ltr' id='par_1_26' title="bbox 2101 1141 2468 1213">
     <span class='ocr_line' id='line_1_27' title="bbox 2101 1141 2468 1213; baseline 0.008 -18"><span class='ocrx_word' id='word_1_143' title='bbox 2101 1157 2232 1213; x_wconf 86' lang='lat' dir='ltr'><strong>rege</strong></span> <span class='ocrx_word' id='word_1_144' title='bbox 2264 1141 2468 1199; x_wconf 91' lang='lat' dir='ltr'><strong>Israel.</strong></span> 
     </span>
    </p>
   </div>
   <div class='ocr_carea' id='block_1_27' title="bbox 2027 1229 3672 1375">
    <p class='ocr_par' dir='ltr' id='par_1_27' title="bbox 2027 1229 3672 1375">
     <span class='ocr_line' id='line_1_28' title="bbox 2027 1229 3672 1375; baseline 0.01 -89"><span class='ocrx_word' id='word_1_145' title='bbox 2027 1229 2315 1375; x_wconf 66' lang='lat' dir='ltr'><strong>CXLtVIII.</strong></span> <span class='ocrx_word' id='word_1_146' title='bbox 2341 1231 2448 1289; x_wconf 90' lang='lat' dir='ltr'><strong>Ubi</strong></span> <span class='ocrx_word' id='word_1_147' title='bbox 2479 1233 2706 1289; x_wconf 87' lang='lat' dir='ltr'><strong>Jezabel</strong></span> <span class='ocrx_word' id='word_1_148' title='bbox 2739 1235 3048 1308; x_wconf 83' lang='lat' dir='ltr'><strong>occiditur,</strong></span> <span class='ocrx_word' id='word_1_149' title='bbox 3071 1241 3128 1294; x_wconf 88' lang='lat' dir='ltr'><strong>et</strong></span> <span class='ocrx_word' id='word_1_150' title='bbox 3159 1255 3194 1294; x_wconf 93' lang='lat' dir='ltr'><strong>a</strong></span> <span class='ocrx_word' id='word_1_151' title='bbox 3221 1240 3470 1299; x_wconf 90' lang='lat' dir='ltr'><strong>canibus</strong></span> <span class='ocrx_word' id='word_1_152' title='bbox 3499 1244 3672 1301; x_wconf 82' lang='lat' dir='ltr'><strong>devo-</strong></span> 
     </span>
     <span class='ocr_line' id='line_1_29' title="bbox 2098 1337 2278 1375; baseline -0.011 -1"><span class='ocrx_word' id='word_1_153' title='bbox 2098 1337 2156 1375; x_wconf 81' lang='lat' dir='ltr'><strong>ra</strong></span> <span class='ocrx_word' id='word_1_154' title='bbox 2193 1338 2278 1374; x_wconf 89' lang='lat' dir='ltr'><strong>ur.</strong></span> 
     </span>
    </p>
   </div>
   <div class='ocr_carea' id='block_1_28' title="bbox 2098 1337 2278 1375">
    <p class='ocr_par' dir='ltr' id='par_1_28' title="bbox 2098 1337 2278 1375">
     <span class='ocr_line' id='line_1_30' title="bbox 2098 1337 2278 1375; baseline -0.017 0"><span class='ocrx_word' id='word_1_155' title='bbox 2098 1337 2278 1375; x_wconf 72' lang='grc' dir='ltr'><strong>ῙἮῐυΓ.</strong></span> 
     </span>
    </p>
   </div>
   <div class='ocr_carea' id='block_1_29' title="bbox 2025 1408 3417 1487">
    <p class='ocr_par' dir='ltr' id='par_1_29' title="bbox 2025 1408 3417 1487">
     <span class='ocr_line' id='line_1_31' title="bbox 2025 1408 3417 1487; baseline 0.008 -23"><span class='ocrx_word' id='word_1_156' title='bbox 2025 1408 2266 1465; x_wconf 85' lang='lat' dir='ltr'><strong>CXLIX.</strong></span> <span class='ocrx_word' id='word_1_157' title='bbox 2303 1410 2410 1466; x_wconf 91' lang='lat' dir='ltr'><strong>Ubi</strong></span> <span class='ocrx_word' id='word_1_158' title='bbox 2443 1410 2594 1467; x_wconf 89' lang='lat' dir='ltr'><strong>ﬁlios</strong></span> <span class='ocrx_word' id='word_1_159' title='bbox 2633 1412 2802 1469; x_wconf 80' lang='lat' dir='ltr'><strong>Ahab</strong></span> <span class='ocrx_word' id='word_1_160' title='bbox 2831 1414 2981 1470; x_wconf 83' lang='lat' dir='ltr'><strong>Jehu</strong></span> <span class='ocrx_word' id='word_1_161' title='bbox 3005 1415 3179 1487; x_wconf 85' lang='lat' dir='ltr'><strong>jubet</strong></span> <span class='ocrx_word' id='word_1_162' title='bbox 3208 1419 3417 1476; x_wconf 89' lang='lat' dir='ltr'><strong>occidi.</strong></span> 
     </span>
    </p>
   </div>
   <div class='ocr_carea' id='block_1_30' title="bbox 2020 1499 3613 1575">
    <p class='ocr_par' dir='ltr' id='par_1_30' title="bbox 2020 1499 3613 1575">
     <span class='ocr_line' id='line_1_32' title="bbox 2020 1499 3613 1575; baseline 0.008 -21"><span class='ocrx_word' id='word_1_163' title='bbox 2020 1501 2128 1554; x_wconf 91' lang='lat' dir='ltr'><strong>CL.</strong></span> <span class='ocrx_word' id='word_1_164' title='bbox 2165 1499 2266 1554; x_wconf 88' lang='lat' dir='ltr'><strong>Ubi</strong></span> <span class='ocrx_word' id='word_1_165' title='bbox 2299 1501 2505 1556; x_wconf 83' lang='lat' dir='ltr'><strong>fratres</strong></span> <span class='ocrx_word' id='word_1_166' title='bbox 2533 1501 2794 1557; x_wconf 72' lang='lat' dir='ltr'><strong>Achaziaa</strong></span> <span class='ocrx_word' id='word_1_167' title='bbox 2827 1503 2980 1575; x_wconf 89' lang='lat' dir='ltr'><strong>regis</strong></span> <span class='ocrx_word' id='word_1_168' title='bbox 3010 1505 3174 1561; x_wconf 72' lang='lat' dir='ltr'><strong>Judze</strong></span> <span class='ocrx_word' id='word_1_169' title='bbox 3203 1507 3416 1565; x_wconf 88' lang='lat' dir='ltr'><strong>occidit</strong></span> <span class='ocrx_word' id='word_1_170' title='bbox 3442 1509 3613 1567; x_wconf 86' lang='lat' dir='ltr'><strong>Jehu.</strong></span> 
     </span>
    </p>
   </div>
   <div class='ocr_carea' id='block_1_31' title="bbox 2020 1586 3667 1668">
    <p class='ocr_par' dir='ltr' id='par_1_31' title="bbox 2020 1586 3667 1668">
     <span class='ocr_line' id='line_1_33' title="bbox 2020 1586 3667 1668; baseline 0.009 -26"><span class='ocrx_word' id='word_1_171' title='bbox 2020 1586 2154 1642; x_wconf 90' lang='lat' dir='ltr'><strong>CLI.</strong></span> <span class='ocrx_word' id='word_1_172' title='bbox 2176 1587 2465 1659; x_wconf 90' lang='lat' dir='ltr'><strong>Ubijubet</strong></span> <span class='ocrx_word' id='word_1_173' title='bbox 2479 1591 2835 1646; x_wconf 87' lang='lat' dir='ltr'><strong>vocariJehu</strong></span> <span class='ocrx_word' id='word_1_174' title='bbox 2858 1609 3063 1649; x_wconf 90' lang='lat' dir='ltr'><strong>omnes</strong></span> <span class='ocrx_word' id='word_1_175' title='bbox 3087 1595 3403 1667; x_wconf 86' lang='lat' dir='ltr'><strong>prophetas</strong></span> <span class='ocrx_word' id='word_1_176' title='bbox 3431 1598 3667 1668; x_wconf 88' lang='lat' dir='ltr'><strong>Baal,et</strong></span> 
     </span>
    </p>
   </div>
   <div class='ocr_carea' id='block_1_32' title="bbox 259 1676 3588 1776">
    <p class='ocr_par' dir='ltr' id='par_1_32' title="bbox 259 1676 3588 1776">
     <span class='ocr_line' id='line_1_34' title="bbox 259 1676 3588 1776; baseline -0.005 -8"><span class='ocrx_word' id='word_1_177' title='bbox 493 1709 602 1765; x_wconf 82' lang='lat' dir='ltr'><strong>Ubi</strong></span> <span class='ocrx_word' id='word_1_178' title='bbox 628 1708 874 1764; x_wconf 76' lang='lat' dir='ltr'><strong>Elisaaus</strong></span> <span class='ocrx_word' id='word_1_179' title='bbox 905 1706 1032 1762; x_wconf 89' lang='lat' dir='ltr'><strong>sine</strong></span> <span class='ocrx_word' id='word_1_180' title='bbox 1063 1705 1262 1776; x_wconf 78' lang='lat' dir='ltr'><strong>pluvia</strong></span> <span class='ocrx_word' id='word_1_181' title='bbox 1292 1718 1477 1774; x_wconf 80' lang='lat' dir='ltr'><strong>aquas</strong></span> <span class='ocrx_word' id='word_1_182' title='bbox 1509 1698 1749 1771; x_wconf 87' lang='lat' dir='ltr'><strong>regibus</strong></span> <span class='ocrx_word' id='word_1_183' title='bbox 1788 1697 1906 1752; x_wconf 89' lang='lat' dir='ltr'><strong>dat.</strong></span> <span class='ocrx_word' id='word_1_184' title='bbox 1940 1691 1987 1756; x_wconf 90' lang='lat' dir='ltr'><strong>B</strong></span> <span class='ocrx_word' id='word_1_185' title='bbox 2091 1676 2400 1733; x_wconf 65' lang='lat' dir='ltr'><strong>universos</strong></span> <span class='ocrx_word' id='word_1_186' title='bbox 2431 1693 2632 1735; x_wconf 65' lang='grc' dir='ltr'><strong>εθτνοε</strong></span> <span class='ocrx_word' id='word_1_187' title='bbox 2662 1679 2812 1750; x_wconf 61' lang='lat' dir='ltr'><strong>ejus,</strong></span> <span class='ocrx_word' id='word_1_188' title='bbox 2845 1685 3206 1754; x_wconf 62' lang='lat' dir='ltr'><strong>cunctosque</strong></span> <span class='ocrx_word' id='word_1_189' title='bbox 3235 1687 3588 1744; x_wconf 60' lang='lat' dir='ltr'><strong>sacerdotes.</strong></span> 
     </span>
    </p>
   </div>
   <div class='ocr_carea' id='block_1_33' title="bbox 263 1802 1911 1877">
    <p class='ocr_par' dir='ltr' id='par_1_33' title="bbox 263 1802 1911 1877">
     <span class='ocr_line' id='line_1_35' title="bbox 263 1802 1911 1877; baseline -0.012 0"><span class='ocrx_word' id='word_1_190' title='bbox 263 1817 421 1877; x_wconf 87' lang='lat' dir='ltr'><strong>CXX.</strong></span> <span class='ocrx_word' id='word_1_191' title='bbox 455 1816 567 1874; x_wconf 90' lang='lat' dir='ltr'><strong>Ubi</strong></span> <span class='ocrx_word' id='word_1_192' title='bbox 596 1816 838 1872; x_wconf 62' lang='lat' dir='ltr'><strong>Elissaus</strong></span> <span class='ocrx_word' id='word_1_193' title='bbox 871 1811 1101 1870; x_wconf 90' lang='lat' dir='ltr'><strong>mulieri</strong></span> <span class='ocrx_word' id='word_1_194' title='bbox 1133 1811 1321 1866; x_wconf 62' lang='lat' dir='ltr'><strong>vidua</strong></span> <span class='ocrx_word' id='word_1_195' title='bbox 1361 1825 1504 1865; x_wconf 79' lang='lat' dir='ltr'><strong>vasa</strong></span> <span class='ocrx_word' id='word_1_196' title='bbox 1549 1821 1736 1861; x_wconf 89' lang='lat' dir='ltr'><strong>vacua</strong></span> <span class='ocrx_word' id='word_1_197' title='bbox 1785 1802 1911 1858; x_wconf 91' lang='lat' dir='ltr'><strong>oleo</strong></span> 
     </span>
    </p>
   </div>
   <div class='ocr_carea' id='block_1_34' title="bbox 337 1905 566 1978">
    <p class='ocr_par' dir='ltr' id='par_1_34' title="bbox 337 1905 566 1978">
     <span class='ocr_line' id='line_1_36' title="bbox 337 1905 566 1978; baseline -0.009 -16"><span class='ocrx_word' id='word_1_198' title='bbox 337 1907 416 1962; x_wconf 88' lang='lat' dir='ltr'><strong>im</strong></span> <span class='ocrx_word' id='word_1_199' title='bbox 425 1905 566 1978; x_wconf 86' lang='lat' dir='ltr'><strong>plet.</strong></span> 
     </span>
    </p>
   </div>
   <div class='ocr_carea' id='block_1_35' title="bbox 263 1981 1910 2060">
    <p class='ocr_par' dir='ltr' id='par_1_35' title="bbox 263 1981 1910 2060">
     <span class='ocr_line' id='line_1_37' title="bbox 263 1981 1910 2060; baseline -0.01 -8"><span class='ocrx_word' id='word_1_200' title='bbox 263 1996 455 2052; x_wconf 83' lang='lat' dir='ltr'><strong>CXXI.</strong></span> <span class='ocrx_word' id='word_1_201' title='bbox 471 1993 584 2051; x_wconf 91' lang='lat' dir='ltr'><strong>Ubi</strong></span> <span class='ocrx_word' id='word_1_202' title='bbox 601 1993 837 2049; x_wconf 72' lang='lat' dir='ltr'><strong>Elisaaus</strong></span> <span class='ocrx_word' id='word_1_203' title='bbox 858 1990 1102 2046; x_wconf 88' lang='lat' dir='ltr'><strong>muliere</strong></span> <span class='ocrx_word' id='word_1_204' title='bbox 1117 1986 1377 2060; x_wconf 88' lang='lat' dir='ltr'><strong>hospitio</strong></span> <span class='ocrx_word' id='word_1_205' title='bbox 1395 1983 1696 2056; x_wconf 87' lang='lat' dir='ltr'><strong>recipitur,</strong></span> <span class='ocrx_word' id='word_1_206' title='bbox 1709 1985 1765 2038; x_wconf 89' lang='lat' dir='ltr'><strong>et</strong></span> <span class='ocrx_word' id='word_1_207' title='bbox 1783 1981 1910 2052; x_wconf 87' lang='lat' dir='ltr'><strong>ejus</strong></span> 
     </span>
    </p>
   </div>
   <div class='ocr_carea' id='block_1_36' title="bbox 335 2079 1110 2155">
    <p class='ocr_par' dir='ltr' id='par_1_36' title="bbox 335 2079 1110 2155">
     <span class='ocr_line' id='line_1_38' title="bbox 335 2079 1110 2155; baseline -0.009 -16"><span class='ocrx_word' id='word_1_208' title='bbox 335 2084 526 2140; x_wconf 81' lang='lat' dir='ltr'><strong>ﬁlium</strong></span> <span class='ocrx_word' id='word_1_209' title='bbox 557 2087 756 2155; x_wconf 88' lang='lat' dir='ltr'><strong>postea</strong></span> <span class='ocrx_word' id='word_1_210' title='bbox 787 2079 1110 2137; x_wconf 90' lang='lat' dir='ltr'><strong>suscitavit.</strong></span> 
     </span>
    </p>
   </div>
   <div class='ocr_carea' id='block_1_37' title="bbox 253 2161 1908 2239">
    <p class='ocr_par' dir='ltr' id='par_1_37' title="bbox 253 2161 1908 2239">
     <span class='ocr_line' id='line_1_39' title="bbox 253 2161 1908 2239; baseline -0.011 -6"><span class='ocrx_word' id='word_1_211' title='bbox 253 2174 477 2233; x_wconf 83' lang='lat' dir='ltr'><strong>CXXII.</strong></span> <span class='ocrx_word' id='word_1_212' title='bbox 515 2173 622 2229; x_wconf 90' lang='lat' dir='ltr'><strong>Ubi</strong></span> <span class='ocrx_word' id='word_1_213' title='bbox 654 2171 899 2228; x_wconf 64' lang='lat' dir='ltr'><strong>Elisaaus</strong></span> <span class='ocrx_word' id='word_1_214' title='bbox 930 2168 1116 2224; x_wconf 89' lang='lat' dir='ltr'><strong>ﬁlium</strong></span> <span class='ocrx_word' id='word_1_215' title='bbox 1152 2163 1440 2239; x_wconf 83' lang='lat' dir='ltr'><strong>promittit</strong></span> <span class='ocrx_word' id='word_1_216' title='bbox 1489 2161 1745 2229; x_wconf 88' lang='lat' dir='ltr'><strong>mulieri,</strong></span> <span class='ocrx_word' id='word_1_217' title='bbox 1781 2176 1908 2232; x_wconf 70' lang='lat' dir='ltr'><strong>quas</strong></span> 
     </span>
    </p>
   </div>
   <div class='ocr_carea' id='block_1_38' title="bbox 330 2260 1025 2333">
    <p class='ocr_par' dir='ltr' id='par_1_38' title="bbox 330 2260 1025 2333">
     <span class='ocr_line' id='line_1_40' title="bbox 330 2260 1025 2333; baseline -0.013 -12"><span class='ocrx_word' id='word_1_218' title='bbox 330 2281 463 2321; x_wconf 89' lang='lat' dir='ltr'><strong>eum</strong></span> <span class='ocrx_word' id='word_1_219' title='bbox 499 2260 756 2333; x_wconf 91' lang='lat' dir='ltr'><strong>hospitio</strong></span> <span class='ocrx_word' id='word_1_220' title='bbox 787 2260 1025 2330; x_wconf 89' lang='lat' dir='ltr'><strong>recepit.</strong></span> 
     </span>
    </p>
   </div>
   <div class='ocr_carea' id='block_1_39' title="bbox 251 2340 1909 2415">
    <p class='ocr_par' dir='ltr' id='par_1_39' title="bbox 251 2340 1909 2415">
     <span class='ocr_line' id='line_1_41' title="bbox 251 2340 1909 2415; baseline -0.01 -4"><span class='ocrx_word' id='word_1_221' title='bbox 251 2353 502 2412; x_wconf 85' lang='lat' dir='ltr'><strong>CXXIII.</strong></span> <span class='ocrx_word' id='word_1_222' title='bbox 519 2351 623 2406; x_wconf 85' lang='lat' dir='ltr'><strong>Hic</strong></span> <span class='ocrx_word' id='word_1_223' title='bbox 642 2349 890 2405; x_wconf 87' lang='lat' dir='ltr'><strong>moritur</strong></span> <span class='ocrx_word' id='word_1_224' title='bbox 903 2347 1065 2403; x_wconf 90' lang='lat' dir='ltr'><strong>ﬁlius</strong></span> <span class='ocrx_word' id='word_1_225' title='bbox 1087 2344 1373 2412; x_wconf 86' lang='lat' dir='ltr'><strong>mulieris,</strong></span> <span class='ocrx_word' id='word_1_226' title='bbox 1389 2342 1512 2415; x_wconf 90' lang='lat' dir='ltr'><strong>qui,</strong></span> <span class='ocrx_word' id='word_1_227' title='bbox 1528 2340 1909 2414; x_wconf 87' lang='lat' dir='ltr'><strong>promittente</strong></span> 
     </span>
    </p>
   </div>
   <div class='ocr_carea' id='block_1_40' title="bbox 325 2440 1009 2512">
    <p class='ocr_par' dir='ltr' id='par_1_40' title="bbox 325 2440 1009 2512">
     <span class='ocr_line' id='line_1_42' title="bbox 325 2440 1009 2512; baseline -0.01 -14"><span class='ocrx_word' id='word_1_228' title='bbox 325 2443 559 2512; x_wconf 67' lang='lat' dir='ltr'><strong>Eliseo,</strong></span> <span class='ocrx_word' id='word_1_229' title='bbox 592 2440 783 2495; x_wconf 84' lang='lat' dir='ltr'><strong>fuerat</strong></span> <span class='ocrx_word' id='word_1_230' title='bbox 812 2441 1009 2493; x_wconf 88' lang='lat' dir='ltr'><strong>natus.</strong></span> 
     </span>
    </p>
   </div>
   <div class='ocr_carea' id='block_1_41' title="bbox 251 2520 1908 2590">
    <p class='ocr_par' dir='ltr' id='par_1_41' title="bbox 251 2520 1908 2590">
     <span class='ocr_line' id='line_1_43' title="bbox 251 2520 1908 2590; baseline -0.01 -1"><span class='ocrx_word' id='word_1_231' title='bbox 251 2529 493 2589; x_wconf 82' lang='lat' dir='ltr'><strong>CXXIV.</strong></span> <span class='ocrx_word' id='word_1_232' title='bbox 516 2527 1006 2586; x_wconf 88' lang='lat' dir='ltr'><strong>Commemoratio</strong></span> <span class='ocrx_word' id='word_1_233' title='bbox 1029 2523 1185 2582; x_wconf 88' lang='lat' dir='ltr'><strong>Giezi</strong></span> <span class='ocrx_word' id='word_1_234' title='bbox 1216 2523 1288 2579; x_wconf 90' lang='lat' dir='ltr'><strong>ad</strong></span> <span class='ocrx_word' id='word_1_235' title='bbox 1320 2521 1594 2578; x_wconf 84' lang='lat' dir='ltr'><strong>Elisaeum</strong></span> <span class='ocrx_word' id='word_1_236' title='bbox 1627 2520 1698 2575; x_wconf 91' lang='lat' dir='ltr'><strong>de</strong></span> <span class='ocrx_word' id='word_1_237' title='bbox 1729 2532 1908 2590; x_wconf 90' lang='lat' dir='ltr'><strong>puero</strong></span> 
     </span>
    </p>
   </div>
   <div class='ocr_carea' id='block_1_42' title="bbox 317 2619 693 2679">
    <p class='ocr_par' dir='ltr' id='par_1_42' title="bbox 317 2619 693 2679">
     <span class='ocr_line' id='line_1_44' title="bbox 317 2619 693 2679; baseline -0.013 0"><span class='ocrx_word' id='word_1_238' title='bbox 317 2619 693 2679; x_wconf 83' lang='lat' dir='ltr'><strong>suscitando.</strong></span> 
     </span>
    </p>
   </div>
   <div class='ocr_carea' id='block_1_43' title="bbox 246 2700 1474 2776">
    <p class='ocr_par' dir='ltr' id='par_1_43' title="bbox 246 2700 1474 2776">
     <span class='ocr_line' id='line_1_45' title="bbox 246 2700 1474 2776; baseline -0.013 -6"><span class='ocrx_word' id='word_1_239' title='bbox 246 2709 480 2770; x_wconf 86' lang='lat' dir='ltr'><strong>CXXV.</strong></span> <span class='ocrx_word' id='word_1_240' title='bbox 513 2707 621 2764; x_wconf 92' lang='lat' dir='ltr'><strong>Ubi</strong></span> <span class='ocrx_word' id='word_1_241' title='bbox 649 2706 892 2761; x_wconf 73' lang='lat' dir='ltr'><strong>Elisaeus</strong></span> <span class='ocrx_word' id='word_1_242' title='bbox 919 2718 1168 2776; x_wconf 89' lang='lat' dir='ltr'><strong>puerum</strong></span> <span class='ocrx_word' id='word_1_243' title='bbox 1203 2700 1474 2758; x_wconf 88' lang='lat' dir='ltr'><strong>suscitat.</strong></span> 
     </span>
    </p>
   </div>
   <div class='ocr_carea' id='block_1_44' title="bbox 250 2783 1907 2867">
    <p class='ocr_par' dir='ltr' id='par_1_44' title="bbox 250 2783 1907 2867">
     <span class='ocr_line' id='line_1_46' title="bbox 250 2783 1907 2867; baseline -0.011 -7"><span class='ocrx_word' id='word_1_244' title='bbox 250 2800 504 2860; x_wconf 80' lang='lat' dir='ltr'><strong>CXXVI.</strong></span> <span class='ocrx_word' id='word_1_245' title='bbox 537 2796 647 2854; x_wconf 91' lang='lat' dir='ltr'><strong>Ubi</strong></span> <span class='ocrx_word' id='word_1_246' title='bbox 682 2795 785 2852; x_wconf 83' lang='lat' dir='ltr'><strong>filii</strong></span> <span class='ocrx_word' id='word_1_247' title='bbox 816 2792 1236 2867; x_wconf 88' lang='lat' dir='ltr'><strong>prophetarum</strong></span> <span class='ocrx_word' id='word_1_248' title='bbox 1268 2791 1340 2846; x_wconf 85' lang='lat' dir='ltr'><strong>ab</strong></span> <span class='ocrx_word' id='word_1_249' title='bbox 1373 2788 1568 2845; x_wconf 91' lang='lat' dir='ltr'><strong>herbis</strong></span> <span class='ocrx_word' id='word_1_250' title='bbox 1599 2783 1907 2843; x_wconf 88' lang='lat' dir='ltr'><strong>venenosis</strong></span> 
     </span>
    </p>
   </div>
   <div class='ocr_carea' id='block_1_45' title="bbox 325 2883 1078 2946">
    <p class='ocr_par' dir='ltr' id='par_1_45' title="bbox 325 2883 1078 2946">
     <span class='ocr_line' id='line_1_47' title="bbox 325 2883 1078 2946; baseline -0.013 0"><span class='ocrx_word' id='word_1_251' title='bbox 325 2890 524 2946; x_wconf 86' lang='lat' dir='ltr'><strong>farina</strong></span> <span class='ocrx_word' id='word_1_252' title='bbox 551 2885 752 2942; x_wconf 87' lang='lat' dir='ltr'><strong>infusa</strong></span> <span class='ocrx_word' id='word_1_253' title='bbox 775 2883 1078 2939; x_wconf 88' lang='lat' dir='ltr'><strong>liberatur.</strong></span> 
     </span>
    </p>
   </div>
   <div class='ocr_carea' id='block_1_46' title="bbox 251 2963 1905 3043">
    <p class='ocr_par' dir='ltr' id='par_1_46' title="bbox 251 2963 1905 3043">
     <span class='ocr_line' id='line_1_48' title="bbox 251 2963 1905 3043; baseline -0.011 -6"><span class='ocrx_word' id='word_1_254' title='bbox 251 2978 527 3038; x_wconf 83' lang='lat' dir='ltr'><strong>CXXVII.</strong></span> <span class='ocrx_word' id='word_1_255' title='bbox 560 2975 668 3033; x_wconf 89' lang='lat' dir='ltr'><strong>Ubi</strong></span> <span class='ocrx_word' id='word_1_256' title='bbox 698 2975 962 3030; x_wconf 87' lang='lat' dir='ltr'><strong>Naaman</strong></span> <span class='ocrx_word' id='word_1_257' title='bbox 1011 2970 1280 3043; x_wconf 89' lang='lat' dir='ltr'><strong>leprosus</strong></span> <span class='ocrx_word' id='word_1_258' title='bbox 1311 2968 1383 3025; x_wconf 92' lang='lat' dir='ltr'><strong>ab</strong></span> <span class='ocrx_word' id='word_1_259' title='bbox 1429 2963 1634 3022; x_wconf 70' lang='lat' dir='ltr'><strong>Eliszeo</strong></span> <span class='ocrx_word' id='word_1_260' title='bbox 1662 2964 1905 3020; x_wconf 86' lang='lat' dir='ltr'><strong>instrui-</strong></span> 
     </span>
    </p>
   </div>
   <div class='ocr_carea' id='block_1_47' title="bbox 319 3075 446 3125">
    <p class='ocr_par' dir='ltr' id='par_1_47' title="bbox 319 3075 446 3125">
     <span class='ocr_line' id='line_1_49' title="bbox 319 3075 446 3125; baseline -0.024 0"><span class='ocrx_word' id='word_1_261' title='bbox 319 3075 446 3125; x_wconf 79' lang='lat' dir='ltr'><strong>tur.</strong></span> 
     </span>
    </p>
   </div>
   <div class='ocr_carea' id='block_1_48' title="bbox 250 3147 1849 3224">
    <p class='ocr_par' dir='ltr' id='par_1_48' title="bbox 250 3147 1849 3224">
     <span class='ocr_line' id='line_1_50' title="bbox 250 3147 1849 3224; baseline -0.011 -7"><span class='ocrx_word' id='word_1_262' title='bbox 250 3159 551 3217; x_wconf 85' lang='lat' dir='ltr'><strong>CXXVIII.</strong></span> <span class='ocrx_word' id='word_1_263' title='bbox 584 3157 845 3212; x_wconf 83' lang='lat' dir='ltr'><strong>Naaman</strong></span> <span class='ocrx_word' id='word_1_264' title='bbox 876 3153 937 3208; x_wconf 88' lang='lat' dir='ltr'><strong>in</strong></span> <span class='ocrx_word' id='word_1_265' title='bbox 969 3150 1222 3224; x_wconf 83' lang='lat' dir='ltr'><strong>Jordane</strong></span> <span class='ocrx_word' id='word_1_266' title='bbox 1253 3165 1284 3205; x_wconf 86' lang='lat' dir='ltr'><strong>a</strong></span> <span class='ocrx_word' id='word_1_267' title='bbox 1315 3147 1478 3220; x_wconf 91' lang='lat' dir='ltr'><strong>lepra</strong></span> <span class='ocrx_word' id='word_1_268' title='bbox 1507 3147 1849 3202; x_wconf 89' lang='lat' dir='ltr'><strong>mundatur.</strong></span> 
     </span>
    </p>
   </div>
   <div class='ocr_carea' id='block_1_49' title="bbox 248 3234 1757 3308">
    <p class='ocr_par' dir='ltr' id='par_1_49' title="bbox 248 3234 1757 3308">
     <span class='ocr_line' id='line_1_51' title="bbox 248 3234 1757 3308; baseline -0.012 -2"><span class='ocrx_word' id='word_1_269' title='bbox 248 3249 498 3308; x_wconf 80' lang='lat' dir='ltr'><strong>CXXIX.</strong></span> <span class='ocrx_word' id='word_1_270' title='bbox 527 3251 767 3301; x_wconf 84' lang='lat' dir='ltr'><strong>Munera</strong></span> <span class='ocrx_word' id='word_1_271' title='bbox 793 3243 1057 3298; x_wconf 88' lang='lat' dir='ltr'><strong>Naaman</strong></span> <span class='ocrx_word' id='word_1_272' title='bbox 1090 3239 1331 3294; x_wconf 67' lang='lat' dir='ltr'><strong>Elisaaus</strong></span> <span class='ocrx_word' id='word_1_273' title='bbox 1363 3253 1480 3292; x_wconf 91' lang='lat' dir='ltr'><strong>non</strong></span> <span class='ocrx_word' id='word_1_274' title='bbox 1528 3234 1757 3306; x_wconf 88' lang='lat' dir='ltr'><strong>accipit.</strong></span> 
     </span>
    </p>
   </div>
   <div class='ocr_carea' id='block_1_50' title="bbox 244 3341 1899 3424">
    <p class='ocr_par' dir='ltr' id='par_1_50' title="bbox 244 3341 1899 3424">
     <span class='ocr_line' id='line_1_52' title="bbox 244 3341 1899 3424; baseline -0.011 -10"><span class='ocrx_word' id='word_1_275' title='bbox 244 3357 474 3414; x_wconf 80' lang='lat' dir='ltr'><strong>CXXX&#39;</strong></span> <span class='ocrx_word' id='word_1_276' title='bbox 491 3352 602 3409; x_wconf 91' lang='lat' dir='ltr'><strong>Ubi</strong></span> <span class='ocrx_word' id='word_1_277' title='bbox 621 3365 768 3424; x_wconf 89' lang='lat' dir='ltr'><strong>puer</strong></span> <span class='ocrx_word' id='word_1_278' title='bbox 779 3348 935 3404; x_wconf 90' lang='lat' dir='ltr'><strong>Giezi</strong></span> <span class='ocrx_word' id='word_1_279' title='bbox 951 3345 1140 3402; x_wconf 65' lang='lat' dir='ltr'><strong>Elissei</strong></span> <span class='ocrx_word' id='word_1_280' title='bbox 1158 3344 1417 3416; x_wconf 89' lang='lat' dir='ltr'><strong>suppetit</strong></span> <span class='ocrx_word' id='word_1_281' title='bbox 1431 3357 1679 3398; x_wconf 85' lang='lat' dir='ltr'><strong>munera</strong></span> <span class='ocrx_word' id='word_1_282' title='bbox 1700 3358 1734 3397; x_wconf 92' lang='lat' dir='ltr'><strong>a</strong></span> <span class='ocrx_word' id='word_1_283' title='bbox 1749 3341 1899 3397; x_wconf 79' lang='lat' dir='ltr'><strong>Naa-</strong></span> 
     </span>
    </p>
   </div>
   <div class='ocr_carea' id='block_1_51' title="bbox 319 3433 875 3506">
    <p class='ocr_par' dir='ltr' id='par_1_51' title="bbox 319 3433 875 3506">
     <span class='ocr_line' id='line_1_53' title="bbox 319 3433 875 3506; baseline -0.016 -14"><span class='ocrx_word' id='word_1_284' title='bbox 319 3452 470 3492; x_wconf 85' lang='lat' dir='ltr'><strong>man</strong></span> <span class='ocrx_word' id='word_1_285' title='bbox 498 3435 618 3506; x_wconf 89' lang='lat' dir='ltr'><strong>jam</strong></span> <span class='ocrx_word' id='word_1_286' title='bbox 652 3433 875 3487; x_wconf 81' lang='lat' dir='ltr'><strong>curato.</strong></span> 
     </span>
    </p>
   </div>
   <div class='ocr_carea' id='block_1_52' title="bbox 243 3510 1900 3593">
    <p class='ocr_par' dir='ltr' id='par_1_52' title="bbox 243 3510 1900 3593">
     <span class='ocr_line' id='line_1_54' title="bbox 243 3510 1900 3593; baseline -0.013 -9"><span class='ocrx_word' id='word_1_287' title='bbox 243 3523 504 3584; x_wconf 85' lang='lat' dir='ltr'><strong>CXXXI.</strong></span> <span class='ocrx_word' id='word_1_288' title='bbox 532 3517 928 3593; x_wconf 86' lang='lat' dir='ltr'><strong>Reprehensio</strong></span> <span class='ocrx_word' id='word_1_289' title='bbox 958 3515 1114 3573; x_wconf 88' lang='lat' dir='ltr'><strong>Giezi</strong></span> <span class='ocrx_word' id='word_1_290' title='bbox 1146 3515 1217 3569; x_wconf 92' lang='lat' dir='ltr'><strong>ab</strong></span> <span class='ocrx_word' id='word_1_291' title='bbox 1250 3513 1450 3568; x_wconf 84' lang='lat' dir='ltr'><strong>Elisaeo</strong></span> <span class='ocrx_word' id='word_1_292' title='bbox 1482 3510 1724 3582; x_wconf 84' lang='lat' dir='ltr'><strong>poenalis</strong></span> <span class='ocrx_word' id='word_1_293' title='bbox 1757 3527 1900 3582; x_wconf 81' lang='lat' dir='ltr'><strong>prae-</strong></span> 
     </span>
    </p>
   </div>
   <div class='ocr_carea' id='block_1_53' title="bbox 241 3615 1788 3760">
    <p class='ocr_par' dir='ltr' id='par_1_53' title="bbox 241 3615 1788 3760">
     <span class='ocr_line' id='line_1_55' title="bbox 241 3615 1788 3760; baseline -0.011 0"><span class='ocrx_word' id='word_1_294' title='bbox 241 3615 526 3760; x_wconf 53' lang='lat' dir='ltr'><strong>gXtXXII.</strong></span> <span class='ocrx_word' id='word_1_295' title='bbox 557 3698 665 3755; x_wconf 91' lang='lat' dir='ltr'><strong>Ubi</strong></span> <span class='ocrx_word' id='word_1_296' title='bbox 700 3696 942 3753; x_wconf 65' lang='lat' dir='ltr'><strong>Elisaus</strong></span> <span class='ocrx_word' id='word_1_297' title='bbox 973 3695 1044 3750; x_wconf 91' lang='lat' dir='ltr'><strong>de</strong></span> <span class='ocrx_word' id='word_1_298' title='bbox 1072 3693 1327 3749; x_wconf 89' lang='lat' dir='ltr'><strong>Jordane</strong></span> <span class='ocrx_word' id='word_1_299' title='bbox 1359 3691 1578 3746; x_wconf 89' lang='lat' dir='ltr'><strong>ferrum</strong></span> <span class='ocrx_word' id='word_1_300' title='bbox 1619 3688 1788 3744; x_wconf 84' lang='lat' dir='ltr'><strong>levat.</strong></span> 
     </span>
    </p>
   </div>
   <div class='ocr_carea' id='block_1_54' title="bbox 243 3793 1901 3872">
    <p class='ocr_par' dir='ltr' id='par_1_54' title="bbox 243 3793 1901 3872">
     <span class='ocr_line' id='line_1_56' title="bbox 243 3793 1901 3872; baseline -0.009 -5"><span class='ocrx_word' id='word_1_301' title='bbox 243 3793 547 3867; x_wconf 83' lang='lat' dir='ltr'><strong>CXXXIII.</strong></span> <span class='ocrx_word' id='word_1_302' title='bbox 583 3803 910 3863; x_wconf 82' lang='lat' dir='ltr'><strong>Annuntiat</strong></span> <span class='ocrx_word' id='word_1_303' title='bbox 929 3801 1171 3858; x_wconf 69' lang='lat' dir='ltr'><strong>Elisaaus</strong></span> <span class='ocrx_word' id='word_1_304' title='bbox 1193 3799 1313 3872; x_wconf 89' lang='lat' dir='ltr'><strong>regi</strong></span> <span class='ocrx_word' id='word_1_305' title='bbox 1338 3797 1514 3854; x_wconf 87' lang='lat' dir='ltr'><strong>Israel</strong></span> <span class='ocrx_word' id='word_1_306' title='bbox 1537 3795 1784 3854; x_wconf 88' lang='lat' dir='ltr'><strong>insidias</strong></span> <span class='ocrx_word' id='word_1_307' title='bbox 1813 3811 1901 3852; x_wconf 83' lang='lat' dir='ltr'><strong>re-</strong></span> 
     </span>
    </p>
   </div>
   <div class='ocr_carea' id='block_1_55' title="bbox 245 3898 1904 4049">
    <p class='ocr_par' dir='ltr' id='par_1_55' title="bbox 245 3898 1904 4049">
     <span class='ocr_line' id='line_1_57' title="bbox 245 3898 1904 4049; baseline -0.009 -3"><span class='ocrx_word' id='word_1_308' title='bbox 245 3898 748 4046; x_wconf 41' lang='lat' dir='ltr'><strong>CXngilsi’l&#39;VimUbi</strong></span> <span class='ocrx_word' id='word_1_309' title='bbox 781 3981 1023 4039; x_wconf 72' lang='lat' dir='ltr'><strong>Elisaeus</strong></span> <span class='ocrx_word' id='word_1_310' title='bbox 1050 3979 1268 4036; x_wconf 89' lang='lat' dir='ltr'><strong>missos</strong></span> <span class='ocrx_word' id='word_1_311' title='bbox 1301 3993 1333 4033; x_wconf 92' lang='lat' dir='ltr'><strong>a</strong></span> <span class='ocrx_word' id='word_1_312' title='bbox 1363 3992 1498 4049; x_wconf 87' lang='lat' dir='ltr'><strong>rege</strong></span> <span class='ocrx_word' id='word_1_313' title='bbox 1515 3975 1693 4049; x_wconf 67' lang='lat' dir='ltr'><strong>Syria</strong></span> <span class='ocrx_word' id='word_1_314' title='bbox 1715 3976 1904 4033; x_wconf 79' lang='lat' dir='ltr'><strong>obcae-</strong></span> 
     </span>
    </p>
   </div>
   <div class='ocr_carea' id='block_1_56' title="bbox 247 4081 1906 4226">
    <p class='ocr_par' dir='ltr' id='par_1_56' title="bbox 247 4081 1906 4226">
     <span class='ocr_line' id='line_1_58' title="bbox 247 4081 1906 4226; baseline -0.009 -2"><span class='ocrx_word' id='word_1_315' title='bbox 247 4081 516 4225; x_wconf 48' lang='lat' dir='ltr'><strong>CXLXXV.</strong></span> <span class='ocrx_word' id='word_1_316' title='bbox 542 4164 660 4219; x_wconf 81' lang='lat' dir='ltr'><strong>Rex</strong></span> <span class='ocrx_word' id='word_1_317' title='bbox 674 4162 871 4219; x_wconf 85' lang='lat' dir='ltr'><strong>Joram</strong></span> <span class='ocrx_word' id='word_1_318' title='bbox 899 4177 932 4216; x_wconf 87' lang='lat' dir='ltr'><strong>a</strong></span> <span class='ocrx_word' id='word_1_319' title='bbox 953 4156 1302 4214; x_wconf 88' lang='lat' dir='ltr'><strong>mulieribus</strong></span> <span class='ocrx_word' id='word_1_320' title='bbox 1325 4154 1753 4226; x_wconf 87' lang='lat' dir='ltr'><strong>interpellatur,</strong></span> <span class='ocrx_word' id='word_1_321' title='bbox 1777 4155 1906 4225; x_wconf 85' lang='lat' dir='ltr'><strong>qui-</strong></span> 
     </span>
    </p>
   </div>
   <div class='ocr_carea' id='block_1_57' title="bbox 319 4243 1792 4314">
    <p class='ocr_par' dir='ltr' id='par_1_57' title="bbox 319 4243 1792 4314">
     <span class='ocr_line' id='line_1_59' title="bbox 319 4243 1792 4314; baseline -0.01 -2"><span class='ocrx_word' id='word_1_322' title='bbox 319 4259 437 4313; x_wconf 91' lang='lat' dir='ltr'><strong>bus</strong></span> <span class='ocrx_word' id='word_1_323' title='bbox 471 4255 530 4309; x_wconf 91' lang='lat' dir='ltr'><strong>in</strong></span> <span class='ocrx_word' id='word_1_324' title='bbox 566 4253 718 4308; x_wconf 90' lang='lat' dir='ltr'><strong>fame</strong></span> <span class='ocrx_word' id='word_1_325' title='bbox 747 4250 902 4305; x_wconf 88' lang='lat' dir='ltr'><strong>ﬁlios</strong></span> <span class='ocrx_word' id='word_1_326' title='bbox 941 4263 1082 4304; x_wconf 89' lang='lat' dir='ltr'><strong>suos</strong></span> <span class='ocrx_word' id='word_1_327' title='bbox 1122 4244 1426 4301; x_wconf 88' lang='lat' dir='ltr'><strong>comedere</strong></span> <span class='ocrx_word' id='word_1_328' title='bbox 1475 4243 1792 4314; x_wconf 90' lang='lat' dir='ltr'><strong>placuerat.</strong></span> 
     </span>
    </p>
   </div>
   <div class='ocr_carea' id='block_1_58' title="bbox 253 4330 1900 4409">
    <p class='ocr_par' dir='ltr' id='par_1_58' title="bbox 253 4330 1900 4409">
     <span class='ocr_line' id='line_1_60' title="bbox 253 4330 1900 4409; baseline -0.009 -8"><span class='ocrx_word' id='word_1_329' title='bbox 253 4342 547 4402; x_wconf 80' lang='lat' dir='ltr'><strong>CXXXVI.</strong></span> <span class='ocrx_word' id='word_1_330' title='bbox 570 4339 683 4396; x_wconf 92' lang='lat' dir='ltr'><strong>Ubi</strong></span> <span class='ocrx_word' id='word_1_331' title='bbox 699 4338 940 4395; x_wconf 68' lang='lat' dir='ltr'><strong>Elistsus</strong></span> <span class='ocrx_word' id='word_1_332' title='bbox 958 4339 1090 4409; x_wconf 91' lang='lat' dir='ltr'><strong>post</strong></span> <span class='ocrx_word' id='word_1_333' title='bbox 1102 4336 1315 4390; x_wconf 89' lang='lat' dir='ltr'><strong>famem</strong></span> <span class='ocrx_word' id='word_1_334' title='bbox 1335 4330 1455 4403; x_wconf 86' lang='lat' dir='ltr'><strong>regi</strong></span> <span class='ocrx_word' id='word_1_335' title='bbox 1481 4331 1900 4388; x_wconf 88' lang='lat' dir='ltr'><strong>abundantiam</strong></span> 
     </span>
    </p>
   </div>
   <div class='ocr_carea' id='block_1_59' title="bbox 256 4443 1910 4599">
    <p class='ocr_par' dir='ltr' id='par_1_59' title="bbox 256 4443 1910 4599">
     <span class='ocr_line' id='line_1_61' title="bbox 256 4443 1910 4599; baseline -0.01 -7"><span class='ocrx_word' id='word_1_336' title='bbox 256 4443 669 4592; x_wconf 49' lang='grc' dir='ltr'><strong>(ἱὶῗὶέξίἳίῗιέθ</strong></span> <span class='ocrx_word' id='word_1_337' title='bbox 688 4521 1198 4599; x_wconf 90' lang='lat' dir='ltr'><strong>quatuorleprosis</strong></span> <span class='ocrx_word' id='word_1_338' title='bbox 1236 4520 1304 4576; x_wconf 88' lang='lat' dir='ltr'><strong>ad</strong></span> <span class='ocrx_word' id='word_1_339' title='bbox 1325 4533 1520 4590; x_wconf 88' lang='lat' dir='ltr'><strong>regem</strong></span> <span class='ocrx_word' id='word_1_340' title='bbox 1535 4518 1711 4590; x_wconf 64' lang='lat' dir='ltr'><strong>Syriae</strong></span> <span class='ocrx_word' id='word_1_341' title='bbox 1725 4523 1910 4576; x_wconf 88' lang='lat' dir='ltr'><strong>trans-</strong></span> 
     </span>
    </p>
   </div>
   <div class='ocr_carea' id='block_1_60' title="bbox 325 4600 1505 4679">
    <p class='ocr_par' dir='ltr' id='par_1_60' title="bbox 325 4600 1505 4679">
     <span class='ocr_line' id='line_1_62' title="bbox 325 4600 1505 4679; baseline -0.013 -10"><span class='ocrx_word' id='word_1_342' title='bbox 325 4611 634 4677; x_wconf 84' lang='lat' dir='ltr'><strong>euntibus,</strong></span> <span class='ocrx_word' id='word_1_343' title='bbox 667 4607 766 4679; x_wconf 92' lang='lat' dir='ltr'><strong>qui</strong></span> <span class='ocrx_word' id='word_1_344' title='bbox 798 4621 929 4662; x_wconf 90' lang='lat' dir='ltr'><strong>eum</strong></span> <span class='ocrx_word' id='word_1_345' title='bbox 965 4602 1239 4658; x_wconf 89' lang='lat' dir='ltr'><strong>nuntiant</strong></span> <span class='ocrx_word' id='word_1_346' title='bbox 1287 4600 1505 4670; x_wconf 88' lang='lat' dir='ltr'><strong>fugere.</strong></span> 
     </span>
    </p>
   </div>
   <div class='ocr_carea' id='block_1_61' title="bbox 255 4704 1906 4776">
    <p class='ocr_par' dir='ltr' id='par_1_61' title="bbox 255 4704 1906 4776">
     <span class='ocr_line' id='line_1_63' title="bbox 255 4704 1906 4776; baseline -0.006 -3"><span class='ocrx_word' id='word_1_347' title='bbox 255 4717 592 4776; x_wconf 84' lang='lat' dir='ltr'><strong>CXXXVIII.</strong></span> <span class='ocrx_word' id='word_1_348' title='bbox 623 4717 669 4770; x_wconf 89' lang='lat' dir='ltr'><strong>A</strong></span> <span class='ocrx_word' id='word_1_349' title='bbox 698 4711 970 4770; x_wconf 88' lang='lat' dir='ltr'><strong>Benadad</strong></span> <span class='ocrx_word' id='word_1_350' title='bbox 1002 4709 1249 4767; x_wconf 84' lang='lat' dir='ltr'><strong>Elisaeus</strong></span> <span class='ocrx_word' id='word_1_351' title='bbox 1279 4704 1610 4762; x_wconf 88' lang='lat' dir='ltr'><strong>consulitur</strong></span> <span class='ocrx_word' id='word_1_352' title='bbox 1637 4706 1708 4762; x_wconf 91' lang='lat' dir='ltr'><strong>de</strong></span> <span class='ocrx_word' id='word_1_353' title='bbox 1745 4705 1906 4764; x_wconf 85' lang='lat' dir='ltr'><strong>inﬁr-</strong></span> 
     </span>
    </p>
   </div>
   <div class='ocr_carea' id='block_1_62' title="bbox 331 4807 704 4865">
    <p class='ocr_par' dir='ltr' id='par_1_62' title="bbox 331 4807 704 4865">
     <span class='ocr_line' id='line_1_64' title="bbox 331 4807 704 4865; baseline -0.011 -2"><span class='ocrx_word' id='word_1_354' title='bbox 331 4807 545 4865; x_wconf 89' lang='lat' dir='ltr'><strong>mitate</strong></span> <span class='ocrx_word' id='word_1_355' title='bbox 576 4822 704 4862; x_wconf 88' lang='lat' dir='ltr'><strong>sua.</strong></span> 
     </span>
    </p>
   </div>
   <div class='ocr_carea' id='block_1_63' title="bbox 258 4883 1907 4961">
    <p class='ocr_par' dir='ltr' id='par_1_63' title="bbox 258 4883 1907 4961">
     <span class='ocr_line' id='line_1_65' title="bbox 258 4883 1907 4961; baseline -0.006 -9"><span class='ocrx_word' id='word_1_356' title='bbox 258 4893 682 4954; x_wconf 87' lang='lat' dir='ltr'><strong>CXXXIX.Ubi</strong></span> <span class='ocrx_word' id='word_1_357' title='bbox 710 4891 954 4948; x_wconf 73' lang='lat' dir='ltr'><strong>Elisaaus</strong></span> <span class='ocrx_word' id='word_1_358' title='bbox 976 4903 1222 4961; x_wconf 87' lang='lat' dir='ltr'><strong>regnum</strong></span> <span class='ocrx_word' id='word_1_359' title='bbox 1253 4884 1431 4958; x_wconf 67' lang='lat' dir='ltr'><strong>Syriae</strong></span> <span class='ocrx_word' id='word_1_360' title='bbox 1462 4883 1632 4942; x_wconf 86' lang='lat' dir='ltr'><strong>Azael</strong></span> <span class='ocrx_word' id='word_1_361' title='bbox 1665 4886 1907 4958; x_wconf 91' lang='lat' dir='ltr'><strong>promit-</strong></span> 
     </span>
    </p>
   </div>
   <div class='ocr_carea' id='block_1_64' title="bbox 261 4989 1234 5138">
    <p class='ocr_par' dir='ltr' id='par_1_64' title="bbox 261 4989 1234 5138">
     <span class='ocr_line' id='line_1_66' title="bbox 261 4989 1234 5138; baseline -0.005 -11"><span class='ocrx_word' id='word_1_362' title='bbox 458 5071 568 5128; x_wconf 85' lang='lat' dir='ltr'><strong>Hic</strong></span> <span class='ocrx_word' id='word_1_363' title='bbox 596 5068 870 5127; x_wconf 87' lang='lat' dir='ltr'><strong>Benadad</strong></span> <span class='ocrx_word' id='word_1_364' title='bbox 905 5084 1006 5123; x_wconf 89' lang='lat' dir='ltr'><strong>rex</strong></span> <span class='ocrx_word' id='word_1_365' title='bbox 1030 5064 1234 5138; x_wconf 73' lang='lat' dir='ltr'><strong>Syriae.</strong></span> 
     </span>
    </p>
   </div>
   <div class='ocr_carea' id='block_1_65' title="bbox 266 5152 1906 5228">
    <p class='ocr_par' dir='ltr' id='par_1_65' title="bbox 266 5152 1906 5228">
     <span class='ocr_line' id='line_1_67' title="bbox 266 5152 1906 5228; baseline -0.006 -9"><span class='ocrx_word' id='word_1_366' title='bbox 266 5161 448 5220; x_wconf 88' lang='lat' dir='ltr'><strong>CXLI.</strong></span> <span class='ocrx_word' id='word_1_367' title='bbox 482 5161 716 5217; x_wconf 89' lang='lat' dir='ltr'><strong>Mortuo</strong></span> <span class='ocrx_word' id='word_1_368' title='bbox 745 5156 1028 5228; x_wconf 85' lang='lat' dir='ltr'><strong>Josaphat</strong></span> <span class='ocrx_word' id='word_1_369' title='bbox 1057 5170 1191 5226; x_wconf 88' lang='lat' dir='ltr'><strong>rege</strong></span> <span class='ocrx_word' id='word_1_370' title='bbox 1217 5152 1405 5222; x_wconf 64' lang='lat' dir='ltr'><strong>Juda,</strong></span> <span class='ocrx_word' id='word_1_371' title='bbox 1441 5155 1665 5223; x_wconf 89' lang='lat' dir='ltr'><strong>regnat,</strong></span> <span class='ocrx_word' id='word_1_372' title='bbox 1707 5153 1906 5210; x_wconf 87' lang='lat' dir='ltr'><strong>Joram</strong></span> 
     </span>
    </p>
   </div>
   <div class='ocr_carea' id='block_1_66' title="bbox 336 5241 1905 5322">
    <p class='ocr_par' dir='ltr' id='par_1_66' title="bbox 336 5241 1905 5322">
     <span class='ocr_line' id='line_1_68' title="bbox 336 5241 1905 5322; baseline -0.004 -16"><span class='ocrx_word' id='word_1_373' title='bbox 336 5250 494 5307; x_wconf 87' lang='lat' dir='ltr'><strong>ﬁlius</strong></span> <span class='ocrx_word' id='word_1_374' title='bbox 523 5250 652 5322; x_wconf 88' lang='lat' dir='ltr'><strong>ejus</strong></span> <span class='ocrx_word' id='word_1_375' title='bbox 684 5247 854 5303; x_wconf 89' lang='lat' dir='ltr'><strong>annis</strong></span> <span class='ocrx_word' id='word_1_376' title='bbox 883 5261 986 5300; x_wconf 86' lang='lat' dir='ltr'><strong>vm</strong></span> <span class='ocrx_word' id='word_1_377' title='bbox 1020 5261 1033 5300; x_wconf 90' lang='lat'><strong>:</strong></span> <span class='ocrx_word' id='word_1_378' title='bbox 1067 5243 1314 5316; x_wconf 87' lang='lat' dir='ltr'><strong>quintus</strong></span> <span class='ocrx_word' id='word_1_379' title='bbox 1344 5243 1433 5296; x_wconf 89' lang='lat' dir='ltr'><strong>est</strong></span> <span class='ocrx_word' id='word_1_380' title='bbox 1463 5256 1596 5296; x_wconf 90' lang='lat' dir='ltr'><strong>cum</strong></span> <span class='ocrx_word' id='word_1_381' title='bbox 1628 5241 1905 5300; x_wconf 84' lang='lat' dir='ltr'><strong>Roboam.</strong></span> 
     </span>
    </p>
   </div>
   <div class='ocr_carea' id='block_1_67' title="bbox 264 5346 1998 5420">
    <p class='ocr_par' dir='ltr' id='par_1_67' title="bbox 264 5346 1998 5420">
     <span class='ocr_line' id='line_1_69' title="bbox 264 5346 1998 5420; baseline -0.006 -7"><span class='ocrx_word' id='word_1_382' title='bbox 264 5356 478 5413; x_wconf 86' lang='lat' dir='ltr'><strong>CXLII.</strong></span> <span class='ocrx_word' id='word_1_383' title='bbox 502 5355 608 5410; x_wconf 80' lang='lat' dir='ltr'><strong>Hic</strong></span> <span class='ocrx_word' id='word_1_384' title='bbox 638 5351 1092 5409; x_wconf 86' lang='lat' dir='ltr'><strong>moriturJoram</strong></span> <span class='ocrx_word' id='word_1_385' title='bbox 1113 5347 1271 5404; x_wconf 90' lang='lat' dir='ltr'><strong>ﬁlius</strong></span> <span class='ocrx_word' id='word_1_386' title='bbox 1295 5346 1599 5417; x_wconf 86' lang='lat' dir='ltr'><strong>Josaphat,</strong></span> <span class='ocrx_word' id='word_1_387' title='bbox 1619 5350 1678 5403; x_wconf 91' lang='lat' dir='ltr'><strong>et</strong></span> <span class='ocrx_word' id='word_1_388' title='bbox 1707 5353 1911 5420; x_wconf 87' lang='lat' dir='ltr'><strong>regnat</strong></span> <span class='ocrx_word' id='word_1_389' title='bbox 1991 5411 1998 5417; x_wconf 84' lang='lat'><em>_</em></span> 
     </span>
    </p>
   </div>
   <div class='ocr_carea' id='block_1_68' title="bbox 341 5438 1910 5516">
    <p class='ocr_par' dir='ltr' id='par_1_68' title="bbox 341 5438 1910 5516">
     <span class='ocr_line' id='line_1_70' title="bbox 341 5438 1910 5516; baseline -0.003 -16"><span class='ocrx_word' id='word_1_390' title='bbox 341 5449 477 5516; x_wconf 86' lang='lat' dir='ltr'><strong>post</strong></span> <span class='ocrx_word' id='word_1_391' title='bbox 504 5460 639 5500; x_wconf 90' lang='lat' dir='ltr'><strong>eum</strong></span> <span class='ocrx_word' id='word_1_392' title='bbox 671 5441 952 5498; x_wconf 76' lang='lat' dir='ltr'><strong>Achazias</strong></span> <span class='ocrx_word' id='word_1_393' title='bbox 981 5438 1139 5494; x_wconf 86' lang='lat' dir='ltr'><strong>ﬁlius</strong></span> <span class='ocrx_word' id='word_1_394' title='bbox 1169 5438 1300 5509; x_wconf 87' lang='lat' dir='ltr'><strong>ejus</strong></span> <span class='ocrx_word' id='word_1_395' title='bbox 1350 5451 1504 5492; x_wconf 89' lang='lat' dir='ltr'><strong>anno</strong></span> <span class='ocrx_word' id='word_1_396' title='bbox 1550 5451 1687 5502; x_wconf 91' lang='lat' dir='ltr'><strong>uno,</strong></span> <span class='ocrx_word' id='word_1_397' title='bbox 1739 5443 1796 5494; x_wconf 91' lang='lat' dir='ltr'><strong>et</strong></span> <span class='ocrx_word' id='word_1_398' title='bbox 1821 5442 1910 5495; x_wconf 88' lang='lat' dir='ltr'><strong>est</strong></span> 
     </span>
    </p>
   </div>
   <div class='ocr_carea' id='block_1_69' title="bbox 344 5527 1127 5605">
    <p class='ocr_par' dir='ltr' id='par_1_69' title="bbox 344 5527 1127 5605">
     <span class='ocr_line' id='line_1_71' title="bbox 344 5527 1127 5605; baseline -0.011 -14"><span class='ocrx_word' id='word_1_399' title='bbox 344 5532 629 5605; x_wconf 87' lang='lat' dir='ltr'><strong>septimus</strong></span> <span class='ocrx_word' id='word_1_400' title='bbox 659 5547 794 5588; x_wconf 88' lang='lat' dir='ltr'><strong>cum</strong></span> <span class='ocrx_word' id='word_1_401' title='bbox 843 5527 1127 5586; x_wconf 85' lang='lat' dir='ltr'><strong>Roboam.</strong></span> 
     </span>
    </p>
   </div>
   <div class='ocr_carea' id='block_1_70' title="bbox 2014 1783 3661 1858">
    <p class='ocr_par' dir='ltr' id='par_1_70' title="bbox 2014 1783 3661 1858">
     <span class='ocr_line' id='line_1_72' title="bbox 2014 1783 3661 1858; baseline 0.009 -20"><span class='ocrx_word' id='word_1_402' title='bbox 2014 1783 2173 1840; x_wconf 93' lang='lat' dir='ltr'><strong>CLII.</strong></span> <span class='ocrx_word' id='word_1_403' title='bbox 2207 1783 2313 1839; x_wconf 92' lang='lat' dir='ltr'><strong>Ubi</strong></span> <span class='ocrx_word' id='word_1_404' title='bbox 2331 1784 2480 1840; x_wconf 84' lang='lat' dir='ltr'><strong>Jehu</strong></span> <span class='ocrx_word' id='word_1_405' title='bbox 2513 1787 2722 1842; x_wconf 91' lang='lat' dir='ltr'><strong>occisis</strong></span> <span class='ocrx_word' id='word_1_406' title='bbox 2743 1788 3169 1858; x_wconf 88' lang='lat' dir='ltr'><strong>sacerdotibus,</strong></span> <span class='ocrx_word' id='word_1_407' title='bbox 3192 1792 3369 1849; x_wconf 85' lang='lat' dir='ltr'><strong>etiam</strong></span> <span class='ocrx_word' id='word_1_408' title='bbox 3400 1797 3661 1852; x_wconf 83' lang='lat' dir='ltr'><strong>statuam</strong></span> 
     </span>
    </p>
   </div>
   <div class='ocr_carea' id='block_1_71' title="bbox 2086 1873 2365 1928">
    <p class='ocr_par' dir='ltr' id='par_1_71' title="bbox 2086 1873 2365 1928">
     <span class='ocr_line' id='line_1_73' title="bbox 2086 1873 2365 1928; baseline 0.004 -1"><span class='ocrx_word' id='word_1_409' title='bbox 2086 1873 2365 1928; x_wconf 89' lang='lat' dir='ltr'><strong>incendit.</strong></span> 
     </span>
    </p>
   </div>
   <div class='ocr_carea' id='block_1_72' title="bbox 2014 1961 3662 2039">
    <p class='ocr_par' dir='ltr' id='par_1_72' title="bbox 2014 1961 3662 2039">
     <span class='ocr_line' id='line_1_74' title="bbox 2014 1961 3662 2039; baseline 0.008 -23"><span class='ocrx_word' id='word_1_410' title='bbox 2014 1961 2199 2017; x_wconf 89' lang='lat' dir='ltr'><strong>CLIII.</strong></span> <span class='ocrx_word' id='word_1_411' title='bbox 2225 1962 2328 2017; x_wconf 85' lang='lat' dir='ltr'><strong>Hic</strong></span> <span class='ocrx_word' id='word_1_412' title='bbox 2362 1963 2612 2019; x_wconf 89' lang='lat' dir='ltr'><strong>moritur</strong></span> <span class='ocrx_word' id='word_1_413' title='bbox 2631 1965 2804 2033; x_wconf 87' lang='lat' dir='ltr'><strong>Jehu,</strong></span> <span class='ocrx_word' id='word_1_414' title='bbox 2831 1967 2931 2038; x_wconf 91' lang='lat' dir='ltr'><strong>qui</strong></span> <span class='ocrx_word' id='word_1_415' title='bbox 2963 1968 3219 2039; x_wconf 86' lang='lat' dir='ltr'><strong>regnavit</strong></span> <span class='ocrx_word' id='word_1_416' title='bbox 3242 1971 3415 2026; x_wconf 85' lang='lat' dir='ltr'><strong>annis</strong></span> <span class='ocrx_word' id='word_1_417' title='bbox 3435 1989 3616 2028; x_wconf 85' lang='lat' dir='ltr'><strong>xxvm</strong></span> <span class='ocrx_word' id='word_1_418' title='bbox 3640 1990 3662 2036; x_wconf 83' lang='lat'><strong><em>;</em></strong></span> 
     </span>
    </p>
   </div>
   <div class='ocr_carea' id='block_1_73' title="bbox 2086 2052 3662 2125">
    <p class='ocr_par' dir='ltr' id='par_1_73' title="bbox 2086 2052 3662 2125">
     <span class='ocr_line' id='line_1_75' title="bbox 2086 2052 3662 2125; baseline 0.008 -18"><span class='ocrx_word' id='word_1_419' title='bbox 2086 2055 2179 2107; x_wconf 92' lang='lat' dir='ltr'><strong>cui</strong></span> <span class='ocrx_word' id='word_1_420' title='bbox 2226 2052 2487 2110; x_wconf 91' lang='lat' dir='ltr'><strong>succedit</strong></span> <span class='ocrx_word' id='word_1_421' title='bbox 2534 2053 2784 2111; x_wconf 87' lang='lat' dir='ltr'><strong>Joachas</strong></span> <span class='ocrx_word' id='word_1_422' title='bbox 2833 2055 3012 2125; x_wconf 87' lang='lat' dir='ltr'><strong>ﬁlius,</strong></span> <span class='ocrx_word' id='word_1_423' title='bbox 3061 2064 3120 2114; x_wconf 90' lang='lat' dir='ltr'><strong>et</strong></span> <span class='ocrx_word' id='word_1_424' title='bbox 3171 2062 3260 2116; x_wconf 88' lang='lat' dir='ltr'><strong>est</strong></span> <span class='ocrx_word' id='word_1_425' title='bbox 3312 2060 3662 2119; x_wconf 89' lang='lat' dir='ltr'><strong>undecimus</strong></span> 
     </span>
    </p>
   </div>
   <div class='ocr_carea' id='block_1_74' title="bbox 2085 2159 2204 2196">
    <p class='ocr_par' dir='ltr' id='par_1_74' title="bbox 2085 2159 2204 2196">
     <span class='ocr_line' id='line_1_76' title="bbox 2085 2159 2204 2196; baseline -0.008 -1"><span class='ocrx_word' id='word_1_426' title='bbox 2085 2159 2184 2196; x_wconf 74' lang='lat' dir='ltr'><strong>P8X</strong></span> <span class='ocrx_word' id='word_1_427' title='bbox 2192 2181 2204 2194; x_wconf 88' lang='lat'><strong>.</strong></span> 
     </span>
    </p>
   </div>
   <div class='ocr_carea' id='block_1_75' title="bbox 2015 2230 3662 2312">
    <p class='ocr_par' dir='ltr' id='par_1_75' title="bbox 2015 2230 3662 2312">
     <span class='ocr_line' id='line_1_77' title="bbox 2015 2230 3662 2312; baseline 0.007 -27"><span class='ocrx_word' id='word_1_428' title='bbox 2015 2231 2194 2286; x_wconf 78' lang='lat' dir='ltr'><strong>CLIV.</strong></span> <span class='ocrx_word' id='word_1_429' title='bbox 2219 2231 2326 2286; x_wconf 86' lang='lat' dir='ltr'><strong>Hic</strong></span> <span class='ocrx_word' id='word_1_430' title='bbox 2352 2230 2490 2286; x_wconf 88' lang='lat' dir='ltr'><strong>Joas</strong></span> <span class='ocrx_word' id='word_1_431' title='bbox 2521 2237 2742 2304; x_wconf 89' lang='lat' dir='ltr'><strong>septem</strong></span> <span class='ocrx_word' id='word_1_432' title='bbox 2773 2250 3064 2290; x_wconf 91' lang='lat' dir='ltr'><strong>annorum</strong></span> <span class='ocrx_word' id='word_1_433' title='bbox 3089 2252 3158 2291; x_wconf 83' lang='lat' dir='ltr'><strong>ex</strong></span> <span class='ocrx_word' id='word_1_434' title='bbox 3186 2237 3413 2294; x_wconf 90' lang='lat' dir='ltr'><strong>semine</strong></span> <span class='ocrx_word' id='word_1_435' title='bbox 3444 2240 3604 2312; x_wconf 89' lang='lat' dir='ltr'><strong>regio</strong></span> <span class='ocrx_word' id='word_1_436' title='bbox 3627 2257 3662 2298; x_wconf 87' lang='lat' dir='ltr'><strong>a</strong></span> 
     </span>
    </p>
   </div>
   <div class='ocr_carea' id='block_1_76' title="bbox 2085 2319 3414 2397">
    <p class='ocr_par' dir='ltr' id='par_1_76' title="bbox 2085 2319 3414 2397">
     <span class='ocr_line' id='line_1_78' title="bbox 2085 2319 3414 2397; baseline 0.005 -22"><span class='ocrx_word' id='word_1_437' title='bbox 2085 2319 2291 2376; x_wconf 88' lang='lat' dir='ltr'><strong>Joiada</strong></span> <span class='ocrx_word' id='word_1_438' title='bbox 2320 2322 2617 2377; x_wconf 84' lang='lat' dir='ltr'><strong>sacerdote</strong></span> <span class='ocrx_word' id='word_1_439' title='bbox 2649 2322 2894 2394; x_wconf 89' lang='lat' dir='ltr'><strong>ungitur</strong></span> <span class='ocrx_word' id='word_1_440' title='bbox 2921 2323 2980 2379; x_wconf 92' lang='lat' dir='ltr'><strong>in</strong></span> <span class='ocrx_word' id='word_1_441' title='bbox 3015 2340 3207 2397; x_wconf 89' lang='lat' dir='ltr'><strong>regem</strong></span> <span class='ocrx_word' id='word_1_442' title='bbox 3239 2325 3414 2382; x_wconf 87' lang='lat' dir='ltr'><strong>Juda.</strong></span> 
     </span>
    </p>
   </div>
   <div class='ocr_carea' id='block_1_77' title="bbox 2013 2425 3660 2506">
    <p class='ocr_par' dir='ltr' id='par_1_77' title="bbox 2013 2425 3660 2506">
     <span class='ocr_line' id='line_1_79' title="bbox 2013 2425 3660 2506; baseline 0.007 -26"><span class='ocrx_word' id='word_1_443' title='bbox 2013 2425 2168 2481; x_wconf 91' lang='lat' dir='ltr'><strong>CLV.</strong></span> <span class='ocrx_word' id='word_1_444' title='bbox 2198 2425 2426 2480; x_wconf 88' lang='lat' dir='ltr'><strong>Mortua</strong></span> <span class='ocrx_word' id='word_1_445' title='bbox 2456 2425 2708 2495; x_wconf 82' lang='lat' dir='ltr'><strong>Athalia,</strong></span> <span class='ocrx_word' id='word_1_446' title='bbox 2735 2429 3150 2489; x_wconf 71' lang='lat' dir='ltr'><strong>ostenditurom</strong></span> <span class='ocrx_word' id='word_1_447' title='bbox 3182 2432 3350 2488; x_wconf 90' lang='lat' dir='ltr'><strong>annis</strong></span> <span class='ocrx_word' id='word_1_448' title='bbox 3380 2449 3660 2506; x_wconf 83' lang='lat' dir='ltr'><strong>regnasse</strong></span> 
     </span>
    </p>
   </div>
   <div class='ocr_carea' id='block_1_78' title="bbox 2083 2514 2516 2572">
    <p class='ocr_par' dir='ltr' id='par_1_78' title="bbox 2083 2514 2516 2572">
     <span class='ocr_line' id='line_1_80' title="bbox 2083 2514 2516 2572; baseline 0.005 -3"><span class='ocrx_word' id='word_1_449' title='bbox 2083 2518 2220 2570; x_wconf 83' lang='lat' dir='ltr'><strong>Joas</strong></span> <span class='ocrx_word' id='word_1_450' title='bbox 2251 2514 2311 2569; x_wconf 89' lang='lat' dir='ltr'><strong>in</strong></span> <span class='ocrx_word' id='word_1_451' title='bbox 2342 2515 2516 2572; x_wconf 87' lang='lat' dir='ltr'><strong>Juda.</strong></span> 
     </span>
    </p>
   </div>
   <div class='ocr_carea' id='block_1_79' title="bbox 2012 2603 3657 2671">
    <p class='ocr_par' dir='ltr' id='par_1_79' title="bbox 2012 2603 3657 2671">
     <span class='ocr_line' id='line_1_81' title="bbox 2012 2603 3657 2671; baseline 0.008 -13"><span class='ocrx_word' id='word_1_452' title='bbox 2012 2603 2190 2659; x_wconf 88' lang='lat' dir='ltr'><strong>CLVI.</strong></span> <span class='ocrx_word' id='word_1_453' title='bbox 2206 2603 2309 2659; x_wconf 91' lang='lat' dir='ltr'><strong>Ubi</strong></span> <span class='ocrx_word' id='word_1_454' title='bbox 2330 2604 2663 2660; x_wconf 89' lang='lat' dir='ltr'><strong>ostenditur</strong></span> <span class='ocrx_word' id='word_1_455' title='bbox 2675 2604 2943 2663; x_wconf 88' lang='lat' dir='ltr'><strong>Joiadam</strong></span> <span class='ocrx_word' id='word_1_456' title='bbox 2961 2609 3326 2667; x_wconf 90' lang='lat' dir='ltr'><strong>sacerdotem</strong></span> <span class='ocrx_word' id='word_1_457' title='bbox 3343 2627 3377 2668; x_wconf 87' lang='lat' dir='ltr'><strong>a</strong></span> <span class='ocrx_word' id='word_1_458' title='bbox 3392 2612 3657 2671; x_wconf 89' lang='lat' dir='ltr'><strong>consiliis</strong></span> 
     </span>
    </p>
   </div>
   <div class='ocr_carea' id='block_1_80' title="bbox 2083 2693 2859 2764">
    <p class='ocr_par' dir='ltr' id='par_1_80' title="bbox 2083 2693 2859 2764">
     <span class='ocr_line' id='line_1_82' title="bbox 2083 2693 2859 2764; baseline 0.005 -17"><span class='ocrx_word' id='word_1_459' title='bbox 2083 2693 2236 2764; x_wconf 85' lang='lat' dir='ltr'><strong>regis</strong></span> <span class='ocrx_word' id='word_1_460' title='bbox 2267 2693 2406 2749; x_wconf 87' lang='lat' dir='ltr'><strong>Joas</strong></span> <span class='ocrx_word' id='word_1_461' title='bbox 2440 2710 2556 2748; x_wconf 90' lang='lat' dir='ltr'><strong>non</strong></span> <span class='ocrx_word' id='word_1_462' title='bbox 2585 2694 2859 2751; x_wconf 85' lang='lat' dir='ltr'><strong>defuisse.</strong></span> 
     </span>
    </p>
   </div>
   <div class='ocr_carea' id='block_1_81' title="bbox 2010 2780 3657 2856">
    <p class='ocr_par' dir='ltr' id='par_1_81' title="bbox 2010 2780 3657 2856">
     <span class='ocr_line' id='line_1_83' title="bbox 2010 2780 3657 2856; baseline 0.007 -18"><span class='ocrx_word' id='word_1_463' title='bbox 2010 2782 2219 2838; x_wconf 85' lang='lat' dir='ltr'><strong>CLVII.</strong></span> <span class='ocrx_word' id='word_1_464' title='bbox 2244 2780 2352 2837; x_wconf 90' lang='lat' dir='ltr'><strong>Ubi</strong></span> <span class='ocrx_word' id='word_1_465' title='bbox 2371 2781 2733 2839; x_wconf 78' lang='lat' dir='ltr'><strong>oblationum</strong></span> <span class='ocrx_word' id='word_1_466' title='bbox 2753 2800 2967 2856; x_wconf 88' lang='lat' dir='ltr'><strong>genera</strong></span> <span class='ocrx_word' id='word_1_467' title='bbox 2985 2786 3097 2843; x_wconf 87' lang='lat' dir='ltr'><strong>tria</strong></span> <span class='ocrx_word' id='word_1_468' title='bbox 3115 2789 3510 2846; x_wconf 87' lang='lat' dir='ltr'><strong>ostenduntur</strong></span> <span class='ocrx_word' id='word_1_469' title='bbox 3523 2795 3657 2849; x_wconf 86' lang='lat' dir='ltr'><strong>voto</strong></span> 
     </span>
    </p>
   </div>
   <div class='ocr_carea' id='block_1_82' title="bbox 2083 2871 3658 2948">
    <p class='ocr_par' dir='ltr' id='par_1_82' title="bbox 2083 2871 3658 2948">
     <span class='ocr_line' id='line_1_84' title="bbox 2083 2871 3658 2948; baseline 0.008 -22"><span class='ocrx_word' id='word_1_470' title='bbox 2083 2871 2590 2944; x_wconf 81' lang='lat' dir='ltr'><strong>peregrinatorum</strong></span> <span class='ocrx_word' id='word_1_471' title='bbox 2640 2890 2781 2929; x_wconf 89' lang='lat' dir='ltr'><strong>cura</strong></span> <span class='ocrx_word' id='word_1_472' title='bbox 2812 2874 3042 2946; x_wconf 91' lang='lat' dir='ltr'><strong>salutis,</strong></span> <span class='ocrx_word' id='word_1_473' title='bbox 3077 2880 3400 2948; x_wconf 76' lang='lat' dir='ltr'><strong>spontanee</strong></span> <span class='ocrx_word' id='word_1_474' title='bbox 3446 2879 3658 2938; x_wconf 86' lang='lat' dir='ltr'><strong>volun-</strong></span> 
     </span>
    </p>
   </div>
   <div class='ocr_carea' id='block_1_83' title="bbox 2079 2967 2221 3017">
    <p class='ocr_par' dir='ltr' id='par_1_83' title="bbox 2079 2967 2221 3017">
     <span class='ocr_line' id='line_1_85' title="bbox 2079 2967 2221 3017; baseline 0.007 -1"><span class='ocrx_word' id='word_1_475' title='bbox 2079 2967 2221 3017; x_wconf 86' lang='lat' dir='ltr'><strong>tate.</strong></span> 
     </span>
    </p>
   </div>
   <div class='ocr_carea' id='block_1_84' title="bbox 1937 3050 3659 3134">
    <p class='ocr_par' dir='ltr' id='par_1_84' title="bbox 1937 3050 3659 3134">
     <span class='ocr_line' id='line_1_86' title="bbox 1937 3050 3659 3134; baseline 0.008 -28"><span class='ocrx_word' id='word_1_476' title='bbox 1937 3057 1979 3124; x_wconf 72' lang='grc' dir='ltr'>α</span> <span class='ocrx_word' id='word_1_477' title='bbox 2017 3050 2250 3107; x_wconf 89' lang='lat' dir='ltr'><strong>CLVIII.</strong></span> <span class='ocrx_word' id='word_1_478' title='bbox 2271 3050 2380 3106; x_wconf 91' lang='lat' dir='ltr'><strong>Ubi</strong></span> <span class='ocrx_word' id='word_1_479' title='bbox 2399 3053 2729 3109; x_wconf 86' lang='lat' dir='ltr'><strong>sacerdotes</strong></span> <span class='ocrx_word' id='word_1_480' title='bbox 2746 3053 3057 3126; x_wconf 86' lang='lat' dir='ltr'><strong>pecuniam</strong></span> <span class='ocrx_word' id='word_1_481' title='bbox 3077 3057 3148 3112; x_wconf 87' lang='lat' dir='ltr'><strong>de</strong></span> <span class='ocrx_word' id='word_1_482' title='bbox 3165 3056 3380 3130; x_wconf 89' lang='lat' dir='ltr'><strong>templo</strong></span> <span class='ocrx_word' id='word_1_483' title='bbox 3397 3058 3659 3134; x_wconf 84' lang='lat' dir='ltr'><strong>accipere</strong></span> 
     </span>
    </p>
   </div>
   <div class='ocr_carea' id='block_1_85' title="bbox 2087 3139 3048 3216">
    <p class='ocr_par' dir='ltr' id='par_1_85' title="bbox 2087 3139 3048 3216">
     <span class='ocr_line' id='line_1_87' title="bbox 2087 3139 3048 3216; baseline 0.006 -21"><span class='ocrx_word' id='word_1_484' title='bbox 2087 3139 2476 3212; x_wconf 87' lang='lat' dir='ltr'><strong>prohibentur</strong></span> <span class='ocrx_word' id='word_1_485' title='bbox 2505 3143 2577 3197; x_wconf 94' lang='lat' dir='ltr'><strong>ob</strong></span> <span class='ocrx_word' id='word_1_486' title='bbox 2607 3141 3048 3216; x_wconf 87' lang='lat' dir='ltr'><strong>negligentiam.</strong></span> 
     </span>
    </p>
   </div>
   <div class='ocr_carea' id='block_1_86' title="bbox 2011 3248 3656 3325">
    <p class='ocr_par' dir='ltr' id='par_1_86' title="bbox 2011 3248 3656 3325">
     <span class='ocr_line' id='line_1_88' title="bbox 2011 3248 3656 3325; baseline 0.008 -23"><span class='ocrx_word' id='word_1_487' title='bbox 2011 3248 2198 3303; x_wconf 86' lang='lat' dir='ltr'><strong>CLIX.</strong></span> <span class='ocrx_word' id='word_1_488' title='bbox 2221 3248 2328 3303; x_wconf 90' lang='lat' dir='ltr'><strong>Ubi</strong></span> <span class='ocrx_word' id='word_1_489' title='bbox 2350 3248 2794 3320; x_wconf 89' lang='lat' dir='ltr'><strong>dipensatorum</strong></span> <span class='ocrx_word' id='word_1_490' title='bbox 2827 3251 2969 3308; x_wconf 88' lang='lat' dir='ltr'><strong>ﬁdes</strong></span> <span class='ocrx_word' id='word_1_491' title='bbox 3000 3255 3350 3325; x_wconf 89' lang='lat' dir='ltr'><strong>ostenditur,</strong></span> <span class='ocrx_word' id='word_1_492' title='bbox 3371 3261 3429 3314; x_wconf 91' lang='lat' dir='ltr'><strong>st</strong></span> <span class='ocrx_word' id='word_1_493' title='bbox 3453 3256 3656 3315; x_wconf 86' lang='lat' dir='ltr'><strong>dimit-</strong></span> 
     </span>
    </p>
   </div>
   <div class='ocr_carea' id='block_1_87' title="bbox 2009 3338 3105 3413">
    <p class='ocr_par' dir='ltr' id='par_1_87' title="bbox 2009 3338 3105 3413">
     <span class='ocr_line' id='line_1_89' title="bbox 2009 3338 3105 3413; baseline 0.006 -22"><span class='ocrx_word' id='word_1_494' title='bbox 2009 3339 2252 3392; x_wconf 89' lang='lat' dir='ltr'><strong>tendum</strong></span> <span class='ocrx_word' id='word_1_495' title='bbox 2286 3338 2442 3409; x_wconf 89' lang='lat' dir='ltr'><strong>quod</strong></span> <span class='ocrx_word' id='word_1_496' title='bbox 2474 3338 2534 3394; x_wconf 85' lang='lat' dir='ltr'><strong>in</strong></span> <span class='ocrx_word' id='word_1_497' title='bbox 2566 3339 2780 3411; x_wconf 89' lang='lat' dir='ltr'><strong>templo</strong></span> <span class='ocrx_word' id='word_1_498' title='bbox 2812 3348 3105 3413; x_wconf 89' lang='lat' dir='ltr'><strong>erogatur.</strong></span> 
     </span>
    </p>
   </div>
   <div class='ocr_carea' id='block_1_88' title="bbox 2009 3426 3654 3504">
    <p class='ocr_par' dir='ltr' id='par_1_88' title="bbox 2009 3426 3654 3504">
     <span class='ocr_line' id='line_1_90' title="bbox 2009 3426 3654 3504; baseline 0.008 -21"><span class='ocrx_word' id='word_1_499' title='bbox 2009 3427 2163 3483; x_wconf 90' lang='lat' dir='ltr'><strong>CLX.</strong></span> <span class='ocrx_word' id='word_1_500' title='bbox 2189 3427 2264 3481; x_wconf 93' lang='lat' dir='ltr'><strong>De</strong></span> <span class='ocrx_word' id='word_1_501' title='bbox 2294 3426 2583 3484; x_wconf 86' lang='lat' dir='ltr'><strong>oblatione</strong></span> <span class='ocrx_word' id='word_1_502' title='bbox 2601 3445 2704 3500; x_wconf 91' lang='lat' dir='ltr'><strong>pro</strong></span> <span class='ocrx_word' id='word_1_503' title='bbox 2723 3429 2953 3487; x_wconf 88' lang='lat' dir='ltr'><strong>dilectis</strong></span> <span class='ocrx_word' id='word_1_504' title='bbox 2972 3431 3142 3504; x_wconf 82' lang='lat' dir='ltr'><strong>facta,</strong></span> <span class='ocrx_word' id='word_1_505' title='bbox 3163 3436 3228 3490; x_wconf 92' lang='lat' dir='ltr'><strong>ut</strong></span> <span class='ocrx_word' id='word_1_506' title='bbox 3247 3435 3654 3496; x_wconf 85' lang='lat' dir='ltr'><strong>sacerdotibus</strong></span> 
     </span>
    </p>
   </div>
   <div class='ocr_carea' id='block_1_89' title="bbox 2081 3515 2369 3587">
    <p class='ocr_par' dir='ltr' id='par_1_89' title="bbox 2081 3515 2369 3587">
     <span class='ocr_line' id='line_1_91' title="bbox 2081 3515 2369 3587; baseline -0.003 -17"><span class='ocrx_word' id='word_1_507' title='bbox 2081 3515 2369 3587; x_wconf 82' lang='lat' dir='ltr'><strong>proficiat.</strong></span> 
     </span>
    </p>
   </div>
   <div class='ocr_carea' id='block_1_90' title="bbox 2011 3605 3652 3686">
    <p class='ocr_par' dir='ltr' id='par_1_90' title="bbox 2011 3605 3652 3686">
     <span class='ocr_line' id='line_1_92' title="bbox 2011 3605 3652 3686; baseline 0.007 -25"><span class='ocrx_word' id='word_1_508' title='bbox 2011 3606 2199 3662; x_wconf 92' lang='lat' dir='ltr'><strong>CLXI.</strong></span> <span class='ocrx_word' id='word_1_509' title='bbox 2222 3605 2322 3661; x_wconf 87' lang='lat' dir='ltr'><strong>Hic</strong></span> <span class='ocrx_word' id='word_1_510' title='bbox 2336 3605 2586 3662; x_wconf 92' lang='lat' dir='ltr'><strong>moritur</strong></span> <span class='ocrx_word' id='word_1_511' title='bbox 2601 3606 2762 3678; x_wconf 88' lang='lat' dir='ltr'><strong>Joas,</strong></span> <span class='ocrx_word' id='word_1_512' title='bbox 2777 3609 3111 3666; x_wconf 87' lang='lat' dir='ltr'><strong>etAmasias</strong></span> <span class='ocrx_word' id='word_1_513' title='bbox 3126 3617 3334 3683; x_wconf 89' lang='lat' dir='ltr'><strong>regnat</strong></span> <span class='ocrx_word' id='word_1_514' title='bbox 3346 3613 3406 3669; x_wconf 89' lang='lat' dir='ltr'><strong>in</strong></span> <span class='ocrx_word' id='word_1_515' title='bbox 3426 3613 3652 3686; x_wconf 71' lang='lat' dir='ltr'><strong>Judes,</strong></span> 
     </span>
    </p>
   </div>
   <div class='ocr_carea' id='block_1_91' title="bbox 2083 3693 2645 3765">
    <p class='ocr_par' dir='ltr' id='par_1_91' title="bbox 2083 3693 2645 3765">
     <span class='ocr_line' id='line_1_93' title="bbox 2083 3693 2645 3765; baseline 0.005 -17"><span class='ocrx_word' id='word_1_516' title='bbox 2083 3695 2140 3748; x_wconf 92' lang='lat' dir='ltr'><strong>id</strong></span> <span class='ocrx_word' id='word_1_517' title='bbox 2171 3699 2276 3762; x_wconf 92' lang='lat' dir='ltr'><strong>est,</strong></span> <span class='ocrx_word' id='word_1_518' title='bbox 2309 3693 2467 3750; x_wconf 87' lang='lat' dir='ltr'><strong>ﬁlius</strong></span> <span class='ocrx_word' id='word_1_519' title='bbox 2495 3695 2645 3765; x_wconf 88' lang='lat' dir='ltr'><strong>ejus.</strong></span> 
     </span>
    </p>
   </div>
   <div class='ocr_carea' id='block_1_92' title="bbox 2011 3784 3469 3858">
    <p class='ocr_par' dir='ltr' id='par_1_92' title="bbox 2011 3784 3469 3858">
     <span class='ocr_line' id='line_1_94' title="bbox 2011 3784 3469 3858; baseline 0.006 -18"><span class='ocrx_word' id='word_1_520' title='bbox 2011 3784 2222 3840; x_wconf 89' lang='lat' dir='ltr'><strong>CLXII.</strong></span> <span class='ocrx_word' id='word_1_521' title='bbox 2256 3784 2560 3856; x_wconf 88' lang='lat' dir='ltr'><strong>Scriptura</strong></span> <span class='ocrx_word' id='word_1_522' title='bbox 2591 3785 2663 3840; x_wconf 89' lang='lat' dir='ltr'><strong>ad</strong></span> <span class='ocrx_word' id='word_1_523' title='bbox 2697 3801 2892 3858; x_wconf 88' lang='lat' dir='ltr'><strong>regem</strong></span> <span class='ocrx_word' id='word_1_524' title='bbox 2929 3788 3107 3844; x_wconf 90' lang='lat' dir='ltr'><strong>Israel</strong></span> <span class='ocrx_word' id='word_1_525' title='bbox 3138 3791 3469 3849; x_wconf 88' lang='lat' dir='ltr'><strong>revertitur.</strong></span> 
     </span>
    </p>
   </div>
   <div class='ocr_carea' id='block_1_93' title="bbox 2011 3891 3658 3966">
    <p class='ocr_par' dir='ltr' id='par_1_93' title="bbox 2011 3891 3658 3966">
     <span class='ocr_line' id='line_1_95' title="bbox 2011 3891 3658 3966; baseline 0.007 -20"><span class='ocrx_word' id='word_1_526' title='bbox 2011 3891 2247 3946; x_wconf 87' lang='lat' dir='ltr'><strong>CLXIII.</strong></span> <span class='ocrx_word' id='word_1_527' title='bbox 2269 3891 2500 3946; x_wconf 89' lang='lat' dir='ltr'><strong>Mortuo</strong></span> <span class='ocrx_word' id='word_1_528' title='bbox 2520 3891 2791 3958; x_wconf 87' lang='lat' dir='ltr'><strong>Joachas,</strong></span> <span class='ocrx_word' id='word_1_529' title='bbox 2814 3893 3024 3966; x_wconf 88' lang='lat' dir='ltr'><strong>accipit</strong></span> <span class='ocrx_word' id='word_1_530' title='bbox 3047 3911 3292 3966; x_wconf 89' lang='lat' dir='ltr'><strong>regnum</strong></span> <span class='ocrx_word' id='word_1_531' title='bbox 3313 3898 3488 3956; x_wconf 88' lang='lat' dir='ltr'><strong>Israel</strong></span> <span class='ocrx_word' id='word_1_532' title='bbox 3518 3899 3658 3959; x_wconf 82' lang='lat' dir='ltr'><strong>Joas</strong></span> 
     </span>
    </p>
   </div>
   <div class='ocr_carea' id='block_1_94' title="bbox 2083 3980 3658 4061">
    <p class='ocr_par' dir='ltr' id='par_1_94' title="bbox 2083 3980 3658 4061">
     <span class='ocr_line' id='line_1_96' title="bbox 2083 3980 3658 4061; baseline 0.008 -27"><span class='ocrx_word' id='word_1_533' title='bbox 2083 3980 2241 4036; x_wconf 87' lang='lat' dir='ltr'><strong>ﬁlius</strong></span> <span class='ocrx_word' id='word_1_534' title='bbox 2271 3981 2420 4051; x_wconf 87' lang='lat' dir='ltr'><strong>ejus,</strong></span> <span class='ocrx_word' id='word_1_535' title='bbox 2452 3984 2511 4036; x_wconf 92' lang='lat' dir='ltr'><strong>et</strong></span> <span class='ocrx_word' id='word_1_536' title='bbox 2550 3985 2638 4036; x_wconf 88' lang='lat' dir='ltr'><strong>est</strong></span> <span class='ocrx_word' id='word_1_537' title='bbox 2666 3981 3048 4038; x_wconf 90' lang='lat' dir='ltr'><strong>duodecimus</strong></span> <span class='ocrx_word' id='word_1_538' title='bbox 3100 4000 3218 4055; x_wconf 85' lang='lat' dir='ltr'><strong>rex,</strong></span> <span class='ocrx_word' id='word_1_539' title='bbox 3251 3986 3354 4057; x_wconf 89' lang='lat' dir='ltr'><strong>qui</strong></span> <span class='ocrx_word' id='word_1_540' title='bbox 3393 3989 3658 4061; x_wconf 81' lang='lat' dir='ltr'><strong>regnavit</strong></span> 
     </span>
    </p>
   </div>
   <div class='ocr_carea' id='block_1_95' title="bbox 2085 4086 2403 4126">
    <p class='ocr_par' dir='ltr' id='par_1_95' title="bbox 2085 4086 2403 4126">
     <span class='ocr_line' id='line_1_97' title="bbox 2085 4086 2403 4126; baseline -0.009 0"><span class='ocrx_word' id='word_1_541' title='bbox 2085 4086 2256 4126; x_wconf 82' lang='lat' dir='ltr'><strong>annis</strong></span> <span class='ocrx_word' id='word_1_542' title='bbox 2285 4086 2403 4124; x_wconf 82' lang='lat' dir='ltr'><strong>XVI.</strong></span> 
     </span>
    </p>
   </div>
   <div class='ocr_carea' id='block_1_96' title="bbox 2013 4158 3658 4238">
    <p class='ocr_par' dir='ltr' id='par_1_96' title="bbox 2013 4158 3658 4238">
     <span class='ocr_line' id='line_1_98' title="bbox 2013 4158 3658 4238; baseline 0.005 -23"><span class='ocrx_word' id='word_1_543' title='bbox 2013 4159 2252 4215; x_wconf 89' lang='lat' dir='ltr'><strong>CLXIV.</strong></span> <span class='ocrx_word' id='word_1_544' title='bbox 2279 4158 2380 4213; x_wconf 90' lang='lat' dir='ltr'><strong>Hic</strong></span> <span class='ocrx_word' id='word_1_545' title='bbox 2413 4158 2822 4232; x_wconf 81' lang='lat' dir='ltr'><strong>moriturJoas</strong></span> <span class='ocrx_word' id='word_1_546' title='bbox 2855 4177 2954 4216; x_wconf 87' lang='lat' dir='ltr'><strong>rex</strong></span> <span class='ocrx_word' id='word_1_547' title='bbox 2983 4160 3183 4232; x_wconf 86' lang='lat' dir='ltr'><strong>Israel,</strong></span> <span class='ocrx_word' id='word_1_548' title='bbox 3207 4168 3264 4219; x_wconf 90' lang='lat' dir='ltr'><strong>et</strong></span> <span class='ocrx_word' id='word_1_549' title='bbox 3288 4171 3494 4238; x_wconf 87' lang='lat' dir='ltr'><strong>regnat</strong></span> <span class='ocrx_word' id='word_1_550' title='bbox 3521 4170 3658 4238; x_wconf 84' lang='lat' dir='ltr'><strong>post</strong></span> 
     </span>
    </p>
   </div>
   <div class='ocr_carea' id='block_1_97' title="bbox 2084 4248 3249 4308">
    <p class='ocr_par' dir='ltr' id='par_1_97' title="bbox 2084 4248 3249 4308">
     <span class='ocr_line' id='line_1_99' title="bbox 2084 4248 3249 4308; baseline 0.003 -4"><span class='ocrx_word' id='word_1_551' title='bbox 2084 4265 2217 4304; x_wconf 90' lang='lat' dir='ltr'><strong>eum</strong></span> <span class='ocrx_word' id='word_1_552' title='bbox 2249 4248 2559 4303; x_wconf 87' lang='lat' dir='ltr'><strong>Jeroboam</strong></span> <span class='ocrx_word' id='word_1_553' title='bbox 2595 4264 2694 4302; x_wconf 85' lang='lat' dir='ltr'><strong>rex</strong></span> <span class='ocrx_word' id='word_1_554' title='bbox 2723 4248 2990 4305; x_wconf 90' lang='lat' dir='ltr'><strong>decimus</strong></span> <span class='ocrx_word' id='word_1_555' title='bbox 3020 4251 3249 4308; x_wconf 90' lang='lat' dir='ltr'><strong>tertius.</strong></span> 
     </span>
    </p>
   </div>
   <div class='ocr_carea' id='block_1_98' title="bbox 2012 4352 3663 4430">
    <p class='ocr_par' dir='ltr' id='par_1_98' title="bbox 2012 4352 3663 4430">
     <span class='ocr_line' id='line_1_100' title="bbox 2012 4352 3663 4430; baseline 0.005 -20"><span class='ocrx_word' id='word_1_556' title='bbox 2012 4354 2216 4410; x_wconf 88' lang='lat' dir='ltr'><strong>CLXV.</strong></span> <span class='ocrx_word' id='word_1_557' title='bbox 2237 4353 2482 4408; x_wconf 84' lang='lat' dir='ltr'><strong>Moritur</strong></span> <span class='ocrx_word' id='word_1_558' title='bbox 2500 4352 2762 4423; x_wconf 71' lang='lat' dir='ltr'><strong>Elisaeus,</strong></span> <span class='ocrx_word' id='word_1_559' title='bbox 2779 4359 2836 4409; x_wconf 90' lang='lat' dir='ltr'><strong>et</strong></span> <span class='ocrx_word' id='word_1_560' title='bbox 2853 4359 3162 4428; x_wconf 85' lang='lat' dir='ltr'><strong>prophetat</strong></span> <span class='ocrx_word' id='word_1_561' title='bbox 3180 4359 3459 4430; x_wconf 88' lang='lat' dir='ltr'><strong>populum</strong></span> <span class='ocrx_word' id='word_1_562' title='bbox 3480 4361 3663 4420; x_wconf 85' lang='lat' dir='ltr'><strong>Israel</strong></span> 
     </span>
    </p>
   </div>
   <div class='ocr_carea' id='block_1_99' title="bbox 1931 4435 3047 4516">
    <p class='ocr_par' dir='ltr' id='par_1_99' title="bbox 1931 4435 3047 4516">
     <span class='ocr_line' id='line_1_101' title="bbox 1931 4435 3047 4516; baseline -0.001 -15"><span class='ocrx_word' id='word_1_563' title='bbox 1931 4435 1977 4501; x_wconf 80' lang='grc' dir='ltr'><strong>Ι)</strong></span> <span class='ocrx_word' id='word_1_564' title='bbox 2083 4447 2498 4514; x_wconf 87' lang='lat' dir='ltr'><strong>superaturum</strong></span> <span class='ocrx_word' id='word_1_565' title='bbox 2536 4443 2816 4514; x_wconf 91' lang='lat' dir='ltr'><strong>populum</strong></span> <span class='ocrx_word' id='word_1_566' title='bbox 2848 4443 3047 4516; x_wconf 65' lang='lat' dir='ltr'><strong>Syriae.</strong></span> 
     </span>
    </p>
   </div>
   <div class='ocr_carea' id='block_1_100' title="bbox 2015 4531 3441 4592">
    <p class='ocr_par' dir='ltr' id='par_1_100' title="bbox 2015 4531 3441 4592">
     <span class='ocr_line' id='line_1_102' title="bbox 2015 4531 3441 4592; baseline 0.001 -1"><span class='ocrx_word' id='word_1_567' title='bbox 2015 4533 2251 4591; x_wconf 89' lang='lat' dir='ltr'><strong>CLXVI.</strong></span> <span class='ocrx_word' id='word_1_568' title='bbox 2283 4535 2544 4587; x_wconf 89' lang='lat' dir='ltr'><strong>Mortuus</strong></span> <span class='ocrx_word' id='word_1_569' title='bbox 2575 4531 2813 4588; x_wconf 74' lang='lat' dir='ltr'><strong>Elisaaus</strong></span> <span class='ocrx_word' id='word_1_570' title='bbox 2845 4538 3140 4588; x_wconf 88' lang='lat' dir='ltr'><strong>mortuum</strong></span> <span class='ocrx_word' id='word_1_571' title='bbox 3175 4536 3441 4592; x_wconf 86' lang='lat' dir='ltr'><strong>suscitat.</strong></span> 
     </span>
    </p>
   </div>
   <div class='ocr_carea' id='block_1_101' title="bbox 2017 4621 3664 4722">
    <p class='ocr_par' dir='ltr' id='par_1_101' title="bbox 2017 4621 3664 4722">
     <span class='ocr_line' id='line_1_103' title="bbox 2017 4621 3664 4722; baseline 0.004 -43"><span class='ocrx_word' id='word_1_572' title='bbox 2017 4623 2275 4722; x_wconf 69' lang='lat' dir='ltr'><strong>CLXVII.</strong></span> <span class='ocrx_word' id='word_1_573' title='bbox 2292 4622 2430 4677; x_wconf 89' lang='lat' dir='ltr'><strong>Joas</strong></span> <span class='ocrx_word' id='word_1_574' title='bbox 2445 4621 2670 4693; x_wconf 84' lang='lat' dir='ltr'><strong>Syriam</strong></span> <span class='ocrx_word' id='word_1_575' title='bbox 2685 4627 2926 4694; x_wconf 88' lang='lat' dir='ltr'><strong>superat</strong></span> <span class='ocrx_word' id='word_1_576' title='bbox 2942 4625 3532 4685; x_wconf 88' lang='lat' dir='ltr'><strong>secundumverhum</strong></span> <span class='ocrx_word' id='word_1_577' title='bbox 3548 4628 3664 4686; x_wconf 82' lang='lat' dir='ltr'><strong>Eli-</strong></span> 
     </span>
    </p>
   </div>
   <div class='ocr_carea' id='block_1_102' title="bbox 2017 4726 2310 4766">
    <p class='ocr_par' dir='ltr' id='par_1_102' title="bbox 2017 4726 2310 4766">
     <span class='ocr_line' id='line_1_104' title="bbox 2017 4726 2310 4766; baseline -0.01 0"><span class='ocrx_word' id='word_1_578' title='bbox 2017 4729 2134 4766; x_wconf 65' lang='grc' dir='ltr'><strong>εδει.</strong></span> <span class='ocrx_word' id='word_1_579' title='bbox 2306 4726 2310 4732; x_wconf 81' lang='grc'><em>’</em></span> 
     </span>
    </p>
   </div>
   <div class='ocr_carea' id='block_1_103' title="bbox 2015 4799 3659 4872">
    <p class='ocr_par' dir='ltr' id='par_1_103' title="bbox 2015 4799 3659 4872">
     <span class='ocr_line' id='line_1_105' title="bbox 2015 4799 3659 4872; baseline 0.004 -16"><span class='ocrx_word' id='word_1_580' title='bbox 2015 4799 2291 4856; x_wconf 89' lang='lat' dir='ltr'><strong>CLXVIII.</strong></span> <span class='ocrx_word' id='word_1_581' title='bbox 2311 4799 2617 4872; x_wconf 89' lang='lat' dir='ltr'><strong>Scriptura</strong></span> <span class='ocrx_word' id='word_1_582' title='bbox 2640 4800 2712 4856; x_wconf 87' lang='lat' dir='ltr'><strong>aci</strong></span> <span class='ocrx_word' id='word_1_583' title='bbox 2741 4815 2934 4872; x_wconf 87' lang='lat' dir='ltr'><strong>regem</strong></span> <span class='ocrx_word' id='word_1_584' title='bbox 2955 4801 2988 4857; x_wconf 89' lang='lat' dir='ltr'><strong>J</strong></span> <span class='ocrx_word' id='word_1_585' title='bbox 2995 4802 3110 4858; x_wconf 90' lang='lat' dir='ltr'><strong>uda</strong></span> <span class='ocrx_word' id='word_1_586' title='bbox 3140 4805 3471 4870; x_wconf 85' lang='lat' dir='ltr'><strong>revertitur.</strong></span> <span class='ocrx_word' id='word_1_587' title='bbox 3492 4811 3547 4863; x_wconf 88' lang='lat' dir='ltr'><strong>et</strong></span> <span class='ocrx_word' id='word_1_588' title='bbox 3571 4807 3659 4863; x_wconf 88' lang='lat' dir='ltr'><strong>di-</strong></span> 
     </span>
    </p>
   </div>
   <div class='ocr_carea' id='block_1_104' title="bbox 2087 4889 3248 4960">
    <p class='ocr_par' dir='ltr' id='par_1_104' title="bbox 2087 4889 3248 4960">
     <span class='ocr_line' id='line_1_106' title="bbox 2087 4889 3248 4960; baseline 0.004 -16"><span class='ocrx_word' id='word_1_589' title='bbox 2087 4890 2165 4944; x_wconf 91' lang='lat' dir='ltr'><strong>cit</strong></span> <span class='ocrx_word' id='word_1_590' title='bbox 2198 4889 2496 4944; x_wconf 83' lang='lat' dir='ltr'><strong>Amasiam</strong></span> <span class='ocrx_word' id='word_1_591' title='bbox 2531 4905 2810 4960; x_wconf 81' lang='lat' dir='ltr'><strong>regnasse</strong></span> <span class='ocrx_word' id='word_1_592' title='bbox 2839 4907 3026 4946; x_wconf 88' lang='lat' dir='ltr'><strong>annos</strong></span> <span class='ocrx_word' id='word_1_593' title='bbox 3054 4909 3248 4949; x_wconf 84' lang='lat' dir='ltr'><strong>xxvm.</strong></span> 
     </span>
    </p>
   </div>
   <div class='ocr_carea' id='block_1_105' title="bbox 2015 4995 3657 5072">
    <p class='ocr_par' dir='ltr' id='par_1_105' title="bbox 2015 4995 3657 5072">
     <span class='ocr_line' id='line_1_107' title="bbox 2015 4995 3657 5072; baseline 0.003 -20"><span class='ocrx_word' id='word_1_594' title='bbox 2015 4995 2246 5052; x_wconf 89' lang='lat' dir='ltr'><strong>CLXIX.</strong></span> <span class='ocrx_word' id='word_1_595' title='bbox 2268 4995 2373 5052; x_wconf 92' lang='lat' dir='ltr'><strong>Ubi</strong></span> <span class='ocrx_word' id='word_1_596' title='bbox 2411 4996 2670 5051; x_wconf 81' lang='lat' dir='ltr'><strong>Amasias</strong></span> <span class='ocrx_word' id='word_1_597' title='bbox 2695 5013 2789 5052; x_wconf 85' lang='lat' dir='ltr'><strong>rex</strong></span> <span class='ocrx_word' id='word_1_598' title='bbox 2822 5014 3019 5054; x_wconf 86' lang='lat' dir='ltr'><strong>servos</strong></span> <span class='ocrx_word' id='word_1_599' title='bbox 3039 4998 3271 5068; x_wconf 91' lang='lat' dir='ltr'><strong>occidit,</strong></span> <span class='ocrx_word' id='word_1_600' title='bbox 3297 5000 3397 5072; x_wconf 87' lang='lat' dir='ltr'><strong>qui</strong></span> <span class='ocrx_word' id='word_1_601' title='bbox 3428 5003 3657 5072; x_wconf 85' lang='lat' dir='ltr'><strong>patrem</strong></span> 
     </span>
    </p>
   </div>
   <div class='ocr_carea' id='block_1_106' title="bbox 2088 5084 3656 5158">
    <p class='ocr_par' dir='ltr' id='par_1_106' title="bbox 2088 5084 3656 5158">
     <span class='ocr_line' id='line_1_108' title="bbox 2088 5084 3656 5158; baseline 0.001 -18"><span class='ocrx_word' id='word_1_602' title='bbox 2088 5086 2215 5155; x_wconf 88' lang='lat' dir='ltr'><strong>ejus</strong></span> <span class='ocrx_word' id='word_1_603' title='bbox 2261 5084 2618 5155; x_wconf 87' lang='lat' dir='ltr'><strong>occiderunt,</strong></span> <span class='ocrx_word' id='word_1_604' title='bbox 2639 5089 2695 5140; x_wconf 93' lang='lat' dir='ltr'><strong>et</strong></span> <span class='ocrx_word' id='word_1_605' title='bbox 2732 5084 2870 5141; x_wconf 88' lang='lat' dir='ltr'><strong>ﬁliis</strong></span> <span class='ocrx_word' id='word_1_606' title='bbox 2891 5086 3078 5157; x_wconf 89' lang='lat' dir='ltr'><strong>parcit</strong></span> <span class='ocrx_word' id='word_1_607' title='bbox 3107 5088 3435 5143; x_wconf 86' lang='lat' dir='ltr'><strong>secundum</strong></span> <span class='ocrx_word' id='word_1_608' title='bbox 3466 5086 3656 5158; x_wconf 90' lang='lat' dir='ltr'><strong>legem</strong></span> 
     </span>
    </p>
   </div>
   <div class='ocr_carea' id='block_1_107' title="bbox 2088 5174 2485 5230">
    <p class='ocr_par' dir='ltr' id='par_1_107' title="bbox 2088 5174 2485 5230">
     <span class='ocr_line' id='line_1_109' title="bbox 2088 5174 2485 5230; baseline -0.003 0"><span class='ocrx_word' id='word_1_609' title='bbox 2088 5174 2233 5230; x_wconf 93' lang='lat' dir='ltr'><strong>Mosi</strong></span> <span class='ocrx_word' id='word_1_610' title='bbox 2267 5174 2485 5229; x_wconf 89' lang='lat' dir='ltr'><strong>datam.</strong></span> 
     </span>
    </p>
   </div>
   <div class='ocr_carea' id='block_1_108' title="bbox 2017 5262 3664 5336">
    <p class='ocr_par' dir='ltr' id='par_1_108' title="bbox 2017 5262 3664 5336">
     <span class='ocr_line' id='line_1_110' title="bbox 2017 5262 3664 5336; baseline 0.002 -18"><span class='ocrx_word' id='word_1_611' title='bbox 2017 5262 2225 5319; x_wconf 85' lang='lat' dir='ltr'><strong>CLXX.</strong></span> <span class='ocrx_word' id='word_1_612' title='bbox 2250 5263 2353 5320; x_wconf 92' lang='lat' dir='ltr'><strong>Ubi</strong></span> <span class='ocrx_word' id='word_1_613' title='bbox 2388 5267 2614 5336; x_wconf 88' lang='lat' dir='ltr'><strong>pugnat</strong></span> <span class='ocrx_word' id='word_1_614' title='bbox 2643 5263 2782 5320; x_wconf 88' lang='lat' dir='ltr'><strong>Joas</strong></span> <span class='ocrx_word' id='word_1_615' title='bbox 2805 5279 2905 5319; x_wconf 86' lang='lat' dir='ltr'><strong>rex</strong></span> <span class='ocrx_word' id='word_1_616' title='bbox 2935 5263 3113 5319; x_wconf 91' lang='lat' dir='ltr'><strong>Israel</strong></span> <span class='ocrx_word' id='word_1_617' title='bbox 3147 5266 3347 5320; x_wconf 88' lang='lat' dir='ltr'><strong>contra</strong></span> <span class='ocrx_word' id='word_1_618' title='bbox 3372 5262 3664 5321; x_wconf 81' lang='lat' dir='ltr'><strong>Amasiam</strong></span> 
     </span>
    </p>
   </div>
   <div class='ocr_carea' id='block_1_109' title="bbox 2091 5350 2605 5422">
    <p class='ocr_par' dir='ltr' id='par_1_109' title="bbox 2091 5350 2605 5422">
     <span class='ocr_line' id='line_1_111' title="bbox 2091 5350 2605 5422; baseline -0.002 -16"><span class='ocrx_word' id='word_1_619' title='bbox 2091 5367 2278 5422; x_wconf 86' lang='lat' dir='ltr'><strong>regem</strong></span> <span class='ocrx_word' id='word_1_620' title='bbox 2309 5351 2484 5406; x_wconf 86' lang='lat' dir='ltr'><strong>Juda.</strong></span> <span class='ocrx_word' id='word_1_621' title='bbox 2602 5350 2605 5354; x_wconf 83' lang='grc'><strong>’</strong></span> 
     </span>
    </p>
   </div>
   <div class='ocr_carea' id='block_1_110' title="bbox 2015 5439 3667 5500">
    <p class='ocr_par' dir='ltr' id='par_1_110' title="bbox 2015 5439 3667 5500">
     <span class='ocr_line' id='line_1_112' title="bbox 2015 5439 3667 5500; baseline 0.002 -5"><span class='ocrx_word' id='word_1_622' title='bbox 2015 5440 2250 5497; x_wconf 82' lang='lat' dir='ltr'><strong>CLXXI.</strong></span> <span class='ocrx_word' id='word_1_623' title='bbox 2273 5445 2412 5496; x_wconf 91' lang='lat' dir='ltr'><strong>Post</strong></span> <span class='ocrx_word' id='word_1_624' title='bbox 2436 5441 2652 5497; x_wconf 89' lang='lat' dir='ltr'><strong>bellum</strong></span> <span class='ocrx_word' id='word_1_625' title='bbox 2668 5439 3390 5497; x_wconf 88' lang='lat' dir='ltr'><strong>cumAmasiaconfectum</strong></span> <span class='ocrx_word' id='word_1_626' title='bbox 3415 5440 3667 5500; x_wconf 86' lang='lat' dir='ltr'><strong>moritur</strong></span> 
     </span>
    </p>
   </div>
   <div class='ocr_carea' id='block_1_111' title="bbox 2087 5526 3375 5599">
    <p class='ocr_par' dir='ltr' id='par_1_111' title="bbox 2087 5526 3375 5599">
     <span class='ocr_line' id='line_1_113' title="bbox 2087 5526 3375 5599; baseline 0.001 -13"><span class='ocrx_word' id='word_1_627' title='bbox 2087 5529 2246 5595; x_wconf 84' lang='lat' dir='ltr'><strong>Joas,</strong></span> <span class='ocrx_word' id='word_1_628' title='bbox 2281 5530 2370 5584; x_wconf 92' lang='lat' dir='ltr'><strong>cui</strong></span> <span class='ocrx_word' id='word_1_629' title='bbox 2403 5530 2666 5587; x_wconf 86' lang='lat' dir='ltr'><strong>succedit</strong></span> <span class='ocrx_word' id='word_1_630' title='bbox 2693 5529 3003 5586; x_wconf 86' lang='lat' dir='ltr'><strong>Jeroboam</strong></span> <span class='ocrx_word' id='word_1_631' title='bbox 3032 5526 3193 5585; x_wconf 86' lang='lat' dir='ltr'><strong>ﬁlius</strong></span> <span class='ocrx_word' id='word_1_632' title='bbox 3221 5528 3375 5599; x_wconf 89' lang='lat' dir='ltr'><strong>ejus.</strong></span> 
     </span>
    </p>
   </div>
  </div>
