3982 6178
281 323 391 378 719

1323 315 1382 369 S.
1423 308 1829 366 HIERONYMI
1873 302 2122 390 DIVINA
2163 303 2662 360 BIBLIOTHECA.

3572 295 3671 351 720

292 447 552 507 CLXXII.
577 446 802 501 Mortuo
833 440 1088 508 Amasia,
1111 440 1178 495 ﬁt
1208 455 1240 494 a
1289 435 1503 510 populo
1535 450 1635 490 rex
1667 429 1926 498 Azarias,
1959 466 1970 495 λ

2097 444 2284 501 XCVI.
2310 447 2416 502 Ubi
2439 446 2816 503 Salmanasar
2832 459 2930 500 rex
2952 440 3130 514 Syriis
3152 438 3472 496 Samariam
3495 439 3677 497 debel-

371 541 429 593 et
452 541 541 593 est
571 533 918 591 undecimus
947 530 1006 585 in
1037 529 1212 585 Juda.

304 626 587 683 CLXXIII.
609 623 716 679 Ubi
745 621 1046 692 Scriptura
1097 617 1248 673 redit
1271 617 1343 672 ad
1374 629 1570 687 regem
1601 610 1942 678 Jeroboam,

380 731 553 788 quem
584 713 725 768 dicit
754 725 1032 781 regnasse
1061 708 1120 762 in
1155 705 1329 762 Israel
1361 703 1531 760 annis
1566 719 1654 757 xL.

309 804 594 864 CLXXIV.
615 801 723 857 Ubi
739 800 920 856 Jonas
947 797 1230 870 propheta
1251 794 1583 852 ostenditur
1598 791 1782 847 fuisse
1803 792 1949 844 tem-

383 893 625 967 poribus
657 889 796 946 illis.

313 983 580 1041 CLXXV.
608 981 709 1036 llic
732 978 984 1035 moritur
998 976 1329 1046 Jeroboam,
1348 977 1404 1030 et
1426 974 1631 1045 regnat
1647 967 1953 1026 Zacharias

380 1073 542 1128 Illius
567 1071 696 1140 ejus
727 1068 900 1124 annis
929 1083 1041 1122 xw.

312 1161 594 1217 CLXXVI.
630 1157 739 1213 Ubi
764 1156 1065 1227 Scriptura
1097 1151 1408 1209 revertitur
1439 1149 1511 1205 ad
1563 1145 1830 1204 Azariam
1863 1159 1954 1200 re-

383 1266 516 1323 gem
533 1249 563 1304 J
575 1248 708 1318 uda,
728 1247 828 1318 qui
846 1244 1107 1316 regnavit
1124 1241 1296 1300 annis
1317 1257 1411 1309 LII;
1432 1244 1488 1296 et
1505 1238 1600 1294 hic
1621 1240 1744 1293 erat
1762 1234 1954 1306 lepro-

316 1357 615 1484 CSXJXVII.
645 1425 754 1480 Ubi
782 1423 1016 1480 Azarias
1069 1439 1169 1477 rex
1213 1421 1367 1477 Juda
1411 1417 1681 1487 moritur,
1715 1418 1770 1470 et
1808 1411 1956 1468 Scri-

391 1527 564 1590 plura
597 1517 666 1572 ad
696 1514 1033 1570 Zachariam
1063 1528 1258 1585 regem
1293 1507 1470 1566 Israel
1502 1506 1671 1563 redit.

319 1607 650 1665 CLXXVIII.
689 1606 797 1661 Ubi
827 1602 1126 1659 Zacharias
1157 1601 1464 1666 occiditur,
1498 1601 1556 1653 et
1587 1594 1810 1651 Sellum
1855 1610 1959 1666 pro

393 1715 458 1753 eo
482 1699 541 1752 in
565 1695 742 1752 Israel
768 1709 1013 1767 regnum
1031 1690 1376 1762 suscipit,et
1391 1693 1480 1744 est
1501 1686 1766 1742 decimus
1789 1684 1962 1756 quin-

2125 533 2208 590 lat
2243 535 2605 608 temporibus
2636 533 2892 590 Ezechiae
2921 533 3073 605 regis
3100 531 3130 587 J
3140 531 3276 587 uda.

2056 623 2314 680 CXCVII.
2345 624 2452 680 Ubi
2505 623 2776 681 Ezechias
2827 639 2928 678 rex
2982 621 3138 678 Juda
3188 619 3400 677 Isaiam
3447 617 3682 675 consulit

2133 714 2413 771 obsessus
2445 732 2474 770 a
2506 731 2640 788 rege
2670 712 3073 786 Assyriorum.

2059 801 2346 860 CXCVIII.
2377 803 2484 859 Ubi
2531 804 2711 860 Isaias
2761 800 3048 875 propheta
3093 798 3346 856 Ezechiae
3398 797 3681 854 victoriam

2132 892 2457 963 pollicetur.

2061 980 2290 1038 CXCIX.
2320 982 2429 1039 Ubi
2459 982 2748 1039 Rabsaces
2770 981 2829 1038 in
2854 981 3150 1054 regionem
3173 995 3344 1038 suam
3371 976 3684 1034 revertitur.

2061 1071 2164 1128 CC.
2199 1071 2309 1127 Ubi
2340 1073 2520 1128 Isaias
2571 1072 2883 1144 prophetat
2911 1071 2983 1127 de
3030 1085 3163 1142 rege
3208 1068 3576 1141 Assyriorum
3622 1067 3687 1123 ad

2135 1160 2462 1216 Ezechiam.

2064 1251 2192 1305 CCI.
2227 1248 2334 1304 Ubi
2366 1248 2618 1305 Ezechiae
2653 1265 2812 1304 mors
2841 1248 2914 1303 ab
2945 1247 3102 1304 Isaia
3131 1247 3560 1320 pronuntiatur-

2065 1335 2220 1392 CCII.
2255 1337 2363 1393 Ubi
2394 1337 2696 1394 adduntur
2724 1336 2976 1392 Ezechiae
3008 1336 3080 1392 ad
3113 1335 3290 1392 vitam
3321 1353 3394 1392 xv
3425 1335 3582 1392 anni.

2063 1425 2248 1482 CCIII.
2275 1426 2514 1482 Munera
2546 1426 2725 1482 missa
2749 1425 3004 1482 Ezechiae
3037 1443 3070 1481 a
3099 1441 3234 1498 rege
3264 1423 3594 1498 Babylonis.

2067 1515 2247 1571 CCIV.
2265 1515 2637 1588 Prophetatio
2662 1516 2820 1571 Isaia
2843 1519 3154 1572 venturum
3177 1514 3463 1587 populum
3483 1513 3512 1570 J
3523 1514 3629 1570 uda
3644 1512 3696 1568 in

2141 1604 2490 1676 captivatem
2524 1603 2875 1677 Babylonia.

2071 1691 2226 1747 CCV.
2260 1691 2364 1746 Hic
2415 1693 2664 1750 moritur
2702 1693 2998 1764 Ezechias,
3030 1696 3087 1748 et
3133 1696 3338 1764 regnat
3385 1691 3538 1748 ﬁlius
3582 1692 3698 1763 ojus

392 1794 490 1844 tus
510 1803 608 1842 rex
627 1785 928 1856 ﬁnitajam
948 1781 1337 1854 promissione
1362 1776 1592 1834 Domini
1611 1777 1667 1830 in
1687 1773 1962 1847 progenie
1992 1804 2041 1869 B
2140 1787 2411 1839 Manasse
2441 1799 2508 1838 ιν
2537 1783 2729 1852 annis,
2764 1788 2821 1839 et
2850 1787 2940 1840 est
2969 1799 3067 1838 rex
3096 1782 3154 1838 in
3187 1783 3344 1838 Juda
3377 1799 3489 1838 χιν,

277 1899 283 1902 η
391 1877 563 1932 Jebu.

321 1967 602 2022 CLXXIX.
622 1966 697 2021 De
714 1962 903 2021 occiso
920 1960 1162 2031 Sellum,
1186 1958 1286 2030 qui
1310 1956 1574 2030 regnavit
1596 1970 1796 2010 mense
1819 1968 1964 2008 uno:

393 2073 497 2128 pro
531 2072 644 2127 quo
669 2051 982 2109 Manahem
1006 2049 1265 2121 suscepit
1286 2062 1530 2119 regnum
1553 2045 1612 2099 in
1646 2041 1846 2111 Israel,
1866 2039 1968 2112 qui

393 2151 484 2201 est
508 2145 773 2199 decimus
804 2145 1025 2198 sextus.

323 2233 578 2290 CLXXX.
614 2229 858 2287 lndictio
890 2228 1115 2301 argenti
1142 2225 1422 2282 divitibus
1453 2222 1781 2291 Manahem,
1815 2219 1970 2292 quod

396 2324 569 2378 detur
597 2319 715 2390 regi
744 2318 941 2390 Syriae.

327 2411 608 2468 CLXXXI.
634 2408 743 2464 Ubi
767 2406 1074 2464 Manahem
1098 2404 1368 2474 moritur,
1393 2406 1448 2458 et
1469 2404 1669 2472 regnat
1689 2403 1970 2472 posteum

399 2499 648 2555 Phaceia
677 2497 834 2552 filius
863 2497 1009 2566 ejus,
1032 2499 1089 2550 et
1119 2498 1208 2549 est
1240 2491 1505 2548 decimus
1539 2489 1828 2562 septimus
1849 2505 1970 2544 rex.

329 2589 636 2648 CLXXXII.
671 2587 777 2642 Ubi
809 2585 1095 2642 occiditur
1125 2582 1374 2638 Phaceia
1402 2599 1435 2637 a
1465 2580 1704 2648 Phacee,
1733 2579 1833 2652 qui
1867 2578 1976 2634 fuit

405 2696 503 2735 rex
533 2677 798 2733 decimus
829 2680 1067 2731 octavus
1098 2674 1157 2728 in
1191 2671 1388 2728 Israel.

331 2769 672 2826 CLXXXIII.
709 2766 817 2822 Ubi
847 2765 989 2820 Osse
1017 2762 1172 2818 ﬁlius
1206 2761 1448 2816 Phaceia
1480 2759 1692 2816 occidit
1729 2759 1974 2830 Pbacee,

400 2865 457 2915 et
488 2860 694 2930 regnat
725 2855 986 2912 decimus
1018 2869 1209 2909 nonus
1239 2852 1298 2905 in
1330 2849 1528 2906 Israel.

327 2947 664 3006 CLXXXIV.
698 2945 807 3001 Ubi
836 2945 1134 3015 Scriptura
1166 2940 1316 2997 redit
1345 2941 1416 2996 ad
1457 2937 1728 2995 Joatbam
1779 2953 1973 3010 regem

401 3038 570 3108 Juda,
607 3051 776 3107 quem
809 3033 952 3090 dicit
982 3047 1252 3102 regnasse
1282 3046 1469 3085 annos
1506 3045 1620 3084 xvr.

334 3126 659 3183 CLXXXV.
693 3124 800 3179 Ubi
831 3122 1106 3178 Joatham
1138 3120 1410 3182 moritur,
1442 3127 1497 3175 et
1534 3120 1740 3190 regnat
1785 3115 1974 3172 Achaz

406 3214 793 3270 duodecimus
824 3212 882 3266 in
913 3212 1068 3267 Juda
1097 3226 1284 3265 annos
1312 3226 1423 3264 xvn.

2075 1871 2253 1927 CCVI.
2275 1871 2382 1927 Ubi
2401 1880 2532 1943 post
2548 1873 2882 1928 immundae
2901 1872 3233 1929 sanctiones
3253 1873 3524 1929 Manasse
3541 1871 3700 1943 regis,

2147 1961 2500 2032 pr0phetant
2530 1960 2700 2016 multi
2731 1962 3122 2033 captivitatem
3151 1961 3347 2018 Judae.

2076 2049 2288 2105 CCVII.
2313 2049 2420 2104 Ubi
2452 2050 2697 2106 moritur
2728 2051 3049 2120 Manasses,
3073 2054 3131 2108 et
3153 2053 3359 2123 regnat
3389 2051 3630 2106 Ammon
3652 2048 3705 2103 ﬁ-

2147 2137 2264 2194 lius
2295 2139 2422 2210 ejus
2454 2139 2624 2194 annis
2656 2139 2907 2196 duobus.

2078 2227 2310 2283 CCVIII.
2337 2227 2446 2282 Ubi
2467 2233 2716 2284 Ammon
2737 2245 2768 2285 a
2800 2228 2981 2285 servis
3005 2228 3310 2299 occiditur,
3330 2232 3387 2285 et
3412 2229 3477 2284 ﬁt
3504 2244 3597 2284 rex
3618 2230 3704 2282 Jo-

2151 2317 2268 2373 sias
2293 2315 2449 2373 filius
2481 2318 2628 2389 ejus,
2651 2318 2749 2389 qui
2771 2318 2884 2374 fuit
2907 2317 3171 2375 decimus
3198 2323 3424 2388 sextus,
3448 2322 3504 2374 et
3522 2332 3712 2389 regna-

2150 2405 2232 2462 vit
2261 2407 2432 2463 annis
2461 2425 2575 2462 xxi.
2783 2455 2785 2458 .

2081 2495 2258 2552 CCIX.
2270 2495 2374 2551 Ubi
2383 2497 2407 2567 j
2419 2497 2628 2553 ubetur
2642 2513 2735 2553 rex
2752 2497 2945 2554 Josias
2958 2496 3270 2570 pecuniam
3292 2495 3494 2570 templi
3513 2493 3710 2566 colligi,

2152 2589 2208 2640 et
2239 2589 2415 2641 sartis
2441 2586 2609 2642 tectis
2640 2586 2906 2658 expendi.

2081 2673 2243 2730 CCX.
2263 2674 2371 2730 Ubi
2388 2676 2781 2731 ostenduntur
2796 2677 3052 2732 rationes
3070 2692 3184 2732 non
3204 2675 3448 2732 reddita:
3465 2691 3498 2731 a
3519 2687 3712 2746 prepo-

2154 2763 2282 2820 sitis
2314 2765 2534 2836 templi.

2083 2852 2270 2908 CCXI.
2296 2853 2399 2908 Hic
2430 2853 2683 2909 traditur
2705 2853 2855 2910 liber
2879 2854 3024 2927 legis
3047 2853 3168 2927 regi
3190 2853 3390 2925 Josiaa,
3413 2870 3524 2926 quo
3551 2852 3706 2920 lecto,

2155 2941 2355 2997 omnia
2389 2941 2707 2999 simulacra
2739 2948 2794 2998 et
2824 2942 2989 2998 lucos
3019 2941 3305 3000 incendit.

2085 3031 2290 3087 CCXII.
2315 3029 2423 3086 Ubi
2446 3048 2559 3086 non
2593 3034 2918 3103 tanguntur
2940 3049 3074 3088 ossa
3095 3030 3257 3088 illius
3291 3031 3597 3105 prophetis,
3622 3025 3714 3100 qui

2157 3121 2283 3178 sine
2300 3121 2537 3177 nomine
2555 3123 2625 3177 ad
2641 3122 2953 3178 Jeroboam
2971 3127 3229 3192 venerat,
3247 3123 3423 3194 cujus
3441 3124 3646 3178 mentio
3662 3118 3720 3173 ﬁt

2162 3211 2223 3266 in
2252 3210 2539 3284 superiori
2572 3211 2829 3283 capitulo
2858 3229 3054 3268 xcvm.

337 3303 676 3360 CLXXXVI.
717 3300 821 3356 Ubi
853 3299 1045 3355 Achaz
1079 3316 1175 3354 rex
1204 3298 1359 3353 Juda
1388 3296 1576 3352 ﬁlium
1609 3311 1784 3352 suum
1818 3293 1989 3350 idolis
2092 3300 2330 3356 CCXIII.
2355 3299 2461 3356 Ubi
2486 3301 2818 3356 ostenditur
2839 3301 3012 3357 etiam
3033 3305 3189 3358 recto
3208 3302 3384 3357 corde
3399 3295 3720 3370 Josiaeregis

413 3394 737 3447 consecrat.

2163 3390 2322 3444 Iudae
2354 3393 2410 3444 et
2439 3389 2764 3446 Jerusalem
2798 3390 3194 3462 captivitatem
3226 3407 3344 3446 non
3377 3395 3650 3446 amotam.

346 3479 704 3537 CLXXXVII.
740 3477 848 3533 Ubi
881 3477 1071 3533 Achaz
1101 3477 1283 3533 altare
1315 3491 1529 3531 novum
1563 3472 1686 3529 ﬁeri
1717 3465 1888 3543 jubet
1917 3471 1990 3528 ab
2093 3479 2322 3534 CCXIV.
2370 3479 2474 3533 Hic
2528 3479 2814 3536 occiditur
2864 3479 3078 3547 Josias,
3129 3485 3188 3536 et
3235 3484 3446 3553 regnat
3491 3477 3722 3536 Joachaz

418 3570 553 3627 Uria
581 3569 901 3625 sacerdote.

347 3658 730 3718 CLXXXVIII.
758 3657 862 3712 Ubi
893 3656 1124 3712 ordinat
1144 3671 1242 3710 rex
1261 3655 1455 3710 Achaz
1477 3670 1606 3710 cum
1640 3653 1769 3710 Uria
1799 3668 1990 3708 sacer-

417 3752 574 3815 dote,
598 3765 726 3820 quaa
756 3747 1042 3803 sacrificia
1075 3763 1219 3802 novo
1253 3745 1419 3801 altari
1451 3744 1846 3815 imponantur.

344 3837 684 3896 CLXXXIX.
708 3838 815 3892 Hic
837 3835 1085 3894 moritur
1112 3835 1322 3901 thaz,
1343 3840 1400 3890 et
1424 3839 1628 3906 regnat
1648 3850 1752 3906 pro
1774 3851 1839 3892 eo
1865 3831 1992 3888 Eze-

415 3929 577 3984 chias
607 3926 869 3983 decimus
899 3924 1126 3980 tertius.

336 4021 485 4076 CXC.
512 4018 621 4075 Ubi
641 4018 790 4074 redit
807 4015 1111 4086 Scriptura
1126 4014 1198 4070 ad
1217 4029 1412 4086 regem
1435 4011 1636 4082 Israel,
1660 4017 1716 4068 et
1732 4012 1991 4069 ostendit

407 4109 552 4164 Osee
582 4121 856 4178 regnasse
888 4122 946 4159 1x
975 4103 1168 4160 annis.

333 4198 514 4254 CXCI.
538 4198 640 4251 Hic
671 4194 962 4266 explicitis
987 4193 1223 4265 regibus
1248 4190 1448 4259 Israel,
1470 4192 1569 4262 qui
1593 4195 1731 4246 sunt
1760 4208 1794 4246 a
1821 4191 1989 4247 Jero-

411 4289 581 4342 boam
616 4301 804 4355 usque
828 4283 888 4338 in
919 4283 1065 4338 Osee
1088 4281 1510 4347 novemdecim,
1530 4280 1859 4351 captivatus
1885 4297 1986 4352 po-

407 4376 582 4446 pulus
615 4373 791 4430 Israel
823 4390 856 4428 a
885 4371 1257 4426 Salmanasar
1287 4386 1422 4441 rege
1448 4369 1843 4438 Assyriorum.

335 4465 539 4520 CXCII.
567 4465 647 4520 Dc
667 4461 941 4533 gentibus
971 4477 1005 4515 a
1027 4476 1160 4531 rege
1179 4458 1555 4528 Assyriorum
1581 4458 1638 4514 in
1661 4458 1984 4514 Samariam

408 4552 797 4621 transductis,
832 4556 888 4606 et
919 4548 1188 4604 leonibus
1218 4547 1537 4604 devoratis.

337 4643 576 4699 CXCIII.
602 4638 1096 4696 Commemoratio
1117 4638 1530 4693 mandatorum
1552 4635 1696 4708 legis
1715 4653 1814 4706 per
1835 4637 1987 4710 Moy-

410 4749 512 4788 sen
546 4730 758 4804 populo
789 4731 956 4784 datas.

339 4823 578 4878 CXCIV.
601 4819 711 4876 Ubi
742 4819 814 4874 ad
846 4833 1038 4889 regem
1069 4821 1100 4872 J
1109 4817 1223 4872 uda
1253 4816 1554 4888 Scriptura
1583 4815 1912 4888 revertitur,
1932 4819 1989 4872 et

410 4912 575 4980 dicit,
607 4908 914 4964 Ezechiam
946 4922 1226 4978 regnasse
1259 4923 1446 4962 annos
1476 4923 1593 4962 xix.

345 5000 659 5059 CXCV.Hic
673 4997 1002 5055 ostenditur
1014 4995 1313 5052 Ezechiam
1330 4999 1386 5051 et
1402 4994 1566 5051 lucos
1583 4999 1639 5049 et
1655 5000 1986 5068 serpentem

413 5107 660 5159 aeneum,
693 5104 867 5160 quem
896 5091 1119 5160 Moyses
1149 5089 1428 5154 erexerat,
1461 5085 1905 5143 comminuisse.

2166 3568 2325 3624 ﬁlius
2355 3569 2484 3640 ejus
2515 3569 2818 3626 mensibus
2845 3585 2948 3624 In:
2984 3571 3086 3641 qui
3124 3576 3214 3626 est
3259 3571 3527 3626 decimus
3554 3565 3721 3639 septi-

2163 3674 2320 3714 mus.

2094 3748 2299 3804 CCXV.
2326 3747 2565 3804 Remoto
2593 3747 2843 3804 Joacbaz
2866 3763 3021 3820 rege,
3044 3758 3249 3819 regnat
3269 3746 3538 3804 Joachim
3563 3745 3724 3800 frater

2165 3838 2291 3907 ejus
2321 3836 2586 3892 decimus
2612 3840 2854 3892 octavus
2888 3835 3061 3892 annis
3090 3853 3168 3892 χι.

2093 3926 2322 3982 CCXVI.
2346 3925 2452 3981 Hic
2473 3925 2803 3981 ostenditur
2825 3923 3082 3980 noluisse
3102 3924 3289 3981 Deum
3316 3922 3613 3998 propitiari
3633 3935 3722 3993 po-

2166 4015 2303 4088 pqu
2332 4015 2362 4071 J
2372 4015 2488 4070 uda
2517 4018 2754 4086 propter
2783 4014 3117 4071 Manassen.

2094 4103 2356 4160 CCXVII.
2392 4104 2495 4160 Hic
2527 4103 2778 4160 moritur
2804 4103 3094 4174 Joachim,
3120 4107 3178 4159 et
3209 4103 3426 4176 accipit
3473 4114 3719 4174 regnum,

2155 4194 2278 4264 jam
2312 4193 2540 4265 captivo
2571 4197 2786 4265 popqu
2807 4192 3030 4249 Joacim
3054 4191 3208 4249 ﬁlius
3238 4193 3392 4265 ejus,
3416 4191 3515 4265 qui
3539 4194 3723 4264 postea

2163 4283 2434 4338 Sedecias
2465 4283 2659 4338 dictus
2690 4286 2800 4350 est,
2834 4287 2892 4338 et
2921 4282 3184 4355 regnavit
3215 4282 3392 4338 annis
3421 4299 3498 4337 xi.

2091 4371 2383 4429 CCXVIII.
2407 4371 2514 4427 Ubi
2543 4371 3082 4427 Nabuchodonosor
3111 4369 3231 4441 regi
3267 4368 3593 4443 Babyloniis
3622 4369 3726 4422 tra-

2168 4462 2327 4517 ditur
2347 4459 2597 4533 p0pulus
2615 4461 2644 4515 J
2657 4461 2770 4516 uda
2787 4476 2922 4516 cum
2945 4475 3078 4533 rege
3100 4459 3364 4530 Sedecia,
3386 4464 3441 4516 et
3457 4455 3724 4529 templum

2017 4541 2064 4606 D
2167 4549 2493 4606 Jerusalem
2525 4549 2882 4605 incenditur.

2095 4638 2658 4710 CCXIX.Postquam
2682 4637 2974 4708 Sedecias,
2990 4636 3092 4709 qui
3109 4637 3400 4694 etJoacim
3424 4636 3611 4692 dictus
3626 4633 3725 4697 est,

2167 4727 2432 4800 captivus
2456 4743 2760 4798 caecusque
2779 4725 2840 4782 in
2865 4725 3242 4798 Babyloniam
3262 4727 3478 4784 ductus
3492 4727 3578 4782 est
3596 4735 3725 4794 prs-

2166 4819 2404 4892 ponitur
2432 4817 2492 4871 in
2521 4815 2844 4872 Jerusalem
2881 4815 3175 4872 Godolias.

2095 4908 2310 4968 CCXX.
2344 4905 2452 4961 Ubi
2483 4907 2555 4962 de
2585 4920 2814 4961 carcere
2837 4903 3126 4975 Joachim,
3159 4904 3260 4976 qui
3306 4910 3362 4960 et
3407 4899 3725 4963 Jechonias,

2165 4997 2467 5063 liberatur,
2484 4998 2542 5050 et
2570 4993 2864 5050 alimoniis
2886 4993 3124 5049 statutis
3150 4993 3431 5066 pascitur.
3457 4988 3728 5062 Populus-

2171 5103 2284 5161 que
2315 5084 2508 5142 omnis
2540 5084 2599 5140 in
2630 5082 2968 5156 captivitate
2998 5083 3301 5141 remansit.
