3982 6178
332 319 431 375 721
1709 323 1922 379 LIBER
1959 321 2365 377 MALACHIM.
3624 323 3735 378 722

2339 483 2770 495 ..——_.-_.___—._.
2796 485 2832 491 ρ.

1369 607 1898 671 CAPITULATIO
1941 608 2155 670 LIBRI
2200 609 2648 670 MALACHIM.

321 907 362 960 Ι.
397 903 475 959 De
505 907 804 962 senectute
824 903 1025 975 David,
1052 908 1108 960 et
1129 905 1200 961 de
1221 904 1437 978 Abisag
1457 905 1773 970 Sonamite,
1807 907 1864 960 et
1893 903 1962 960 de
1991 905 2048 973 Α
2146 905 2231 977 pti
2263 907 2362 977 qui
2395 906 2607 963 excidit
2635 907 2985 978 Jerusalem,
3009 910 3064 962 et
3094 909 3164 963 de
3196 912 3384 964 morte
3438 908 3719 963 Roboam.

388 992 615 1050 Odonia
644 993 764 1051 ﬁlio
787 994 986 1060 David,
1020 994 1119 1066 qui
1146 995 1438 1051 atfectavit
1460 995 1770 1050 succedere
1793 993 1851 1049 in
1884 1009 1966 1048 re-
2075 995 2226 1049 XIV.
2265 997 2340 1050 De
2370 996 2518 1052 Ahia
2549 996 2668 1051 ﬁlio
2701 996 2958 1067 Roboan,
2990 997 3142 1051 etde
3167 1001 3351 1052 morta
3383 998 3530 1068 ejus,
3559 1001 3615 1052 et
3653 999 3723 1052 de

386 1098 598 1155 gnum,
637 1088 698 1139 et
725 1083 796 1138 de
827 1083 1140 1139 Salomone
1172 1089 1350 1139 uncto
1381 1084 1438 1139 in
1469 1100 1686 1156 regem.
2145 1085 2260 1138 Asa
2289 1083 2404 1140 ﬁlio
2435 1086 2569 1156 ejua
2600 1085 2699 1155 qui
2732 1103 2834 1157 pro
2867 1101 2932 1140 eo
2984 1086 3265 1157 regnavit,
3301 1086 3393 1140 cui
3439 1087 3723 1157 Josaphat

321 1171 386 1224 Il.
421 1171 502 1226 De
523 1172 832 1243 praeceptis
866 1172 1045 1228 David
1078 1171 1137 1228 in
1168 1172 1382 1244 quibus
1415 1173 1672 1228 instituit
1702 1171 1963 1228 Salomo-
2145 1173 2302 1229 ﬁlius
2334 1175 2638 1244 successit,
2673 1179 2730 1230 et
2761 1175 2831 1230 de
2864 1179 3049 1231 morte
3079 1175 3300 1238 Nadab.
3335 1179 3391 1231 et
3422 1177 3492 1232 de
3533 1180 3717 1232 Baasa

315 1276 468 1328 nem,
501 1265 561 1316 et
587 1261 658 1317 de
689 1265 872 1317 morte
902 1261 1103 1332 David,
1127 1266 1184 1317 et
1199 1261 1961 1332 deinterfectioneAdoniaa,
2143 1261 2262 1318 ﬁlio
2294 1264 2422 1334 ejus
2455 1280 2587 1336 rege
2619 1264 2818 1319 Israel.

378 1349 644 1420 Abiatar,
677 1349 844 1417 Joab,
880 1354 937 1406 et
966 1349 1179 1406 Semei.
2069 1350 2184 1405 XV.
2218 1351 2298 1407 De
2325 1352 2435 1407 Jeu
2467 1352 2751 1424 propheta
2781 1353 2964 1408 misso
3017 1354 3086 1408 ad
3122 1358 3326 1423 Baasa,
3352 1356 3408 1408 et
3437 1355 3507 1409 de
3531 1359 3715 1411 morte

306 1437 404 1494 III.
437 1437 518 1493 De
537 1437 661 1493 ﬁlia
681 1438 1190 1496 Pharaonisuxore
1210 1439 1622 1509 Salomonis,et
1643 1441 1714 1496 de
1735 1439 1962 1495 visione
2140 1439 2326 1496 Baasa
2358 1459 2372 1496 :
2406 1445 2462 1495 et
2501 1442 2572 1496 de
2621 1440 2766 1497 Hela
2800 1441 2922 1497 ﬁlio
2954 1442 3105 1513 ejus,
3165 1446 3220 1498 et
3245 1443 3316 1497 de
3364 1443 3616 1511 Zambri,
3657 1448 3713 1498 et

375 1528 503 1598 ejus
533 1526 599 1582 in
631 1528 868 1584 Gabaon
892 1528 992 1584 ubi
1014 1529 1309 1584 aDomino
1332 1530 1680 1601 sapientiam
1705 1529 1829 1600 (Ed.
1864 1545 1959 1601 ap-
2139 1530 2322 1585 chui
2356 1531 2479 1603 (Ed.
2514 1531 2750 1603 supplet
2781 1535 2838 1586 et
2869 1531 3075 1603 Amri).

372 1615 667 1708 ρετξξίφηβ
696 1617 951 1708 Domini,
980 1618 1080 1673 ubi
1110 1619 1482 1691 sapientiam.
1517 1617 1957 1708 etc-lpostulat,
2067 1637 2219 1693 XVI.
2253 1637 2334 1693 De
2364 1638 2556 1693 Achab
2581 1637 2699 1693 ﬁlio
2739 1638 2960 1704 Ambri,
2996 1642 3052 1694 et
3098 1638 3350 1708 Jezabel,
3384 1640 3538 1694 etde
3597 1640 3708 1696 He-

370 1707 439 1800 (ξε
469 1705 602 1800 (Εάο
626 1707 869 1800 ludia?
905 1708 998 1800 fle)
1057 1709 1287 1800 {illam}
1310 1708 1696 1800 muneribus:
1730 1707 1956 1800 Probi?“
2137 1726 2227 1781 liae
2260 1727 2512 1798 actibus,
2545 1732 2601 1782 et
2630 1728 2699 1782 de
2731 1726 2977 1783 muliere
3029 1705 3413 1798 Seraphtena,
3445 1729 3613 1800 cujus
3643 1728 3708 1783 ﬁ-

371 1793 529 1849 fante
564 1799 802 1852 mortuo
832 1795 1350 1869 litigantibus(Ed.
1383 1801 1557 1864 tacet,
1583 1802 1812 1853 mortuo
1834 1797 1957 1852 liti-

367 1883 683 1955 gantibus)
707 1887 765 1939 et
795 1885 863 1940 de
895 1885 1150 1942 ducibus
1182 1902 1248 1942 ac
1280 1886 1664 1960 principibus.

301 1970 386 2030 IV.
408 1977 488 2028 De
510 1988 773 2046 expensa
803 1973 1132 2032 Salomonis
1149 1975 1373 2046 diurna,
1397 1981 1453 2032 et
1474 1977 1543 2031 de
1555 1977 1722 2049 equis
1743 1979 1800 2031 et
1820 1991 1953 2031 cur-

364 2062 552 2128 ribus,
593 2067 649 2118 et
680 2063 751 2119 de
806 2065 1116 2137 sapientia,
1149 2073 1208 2121 et
1272 2065 1569 2138 parabolis
1594 2067 1744 2137 ejus,
1775 2069 1832 2121 et
1879 2066 1950 2120 de
2126 2084 2246 2139 reb,

361 2148 535 2206 Chira
577 2167 711 2224 rege
732 2156 788 2207 el:
816 2152 995 2225 lignis
1026 2154 1280 2211 cedrinis
1301 2159 1358 2210 et
1386 2154 1945 2226 expensaoperario-

2115 2173 2220 2229 VII.
2257 2177 2333 2228 De
2362 2173 2518 2228 Helia
2541 2174 2639 2229 ubi
2656 2173 2901 2244 jubetur
2919 2190 3136 2246 ungere
3152 2175 3363 2230 Azahel
3384 2192 3576 2248 regem
3600 2195 3698 2232 su-

361 2238 716 2343 I'Pm‘ligna
745 2242 1094 2298 caedentium
1154 2244 1281 2314 [Εά·
1341 2247 1494 2299 me“
1522 2243 1682 2316 “Sua
1729 2244 1943 2299 eadem
1977 2276 2020 2343 Β
2127 2279 2229 2334 per
2258 2263 2506 2334 Syriam,
2539 2267 2595 2318 et
2638 2238 2745 2318 .Ieu
2805 2280 2982 2335 super
3002 2238 3234 2332 “Israel,
3291 2269 3348 2319 et
3387 2238 3698 2321 Helisaeum

359 2327 558 2425 tium).
622 2422 631 2425 _
757 2418 790 2425 Α-
929 2423 933 2425 Δ
1079 2419 1116 2425 __
1729 2421 1741 2425 _
1925 2423 1938 2425 _
1978 2327 2020 2343 ν
2126 2327 2472 2424 prophetam
2495 2327 2511 2406 7:
2537 2356 2593 2406 et
2622 2353 2694 2408 de
2723 2327 2994 2408 Benadad
3019 2327 3698 2425 regeSj'riae,eLbelloiu

294 2416 914 2516 V.’l‘)e‘constructione_
918 2419 1214 2516 templi,_et
1229 2421 1427 2516 divina
1439 2421 1858 2516 contestatione
1873 2423 1944 2476 ad
2124 2416 2255 2512 ἐνθ’
2271 2441 2342 2496 de
2372 2441 2556 2512 Syriis
2573 2446 2806 2497 centum
2831 2441 3017 2498 mima
3037 2416 3374 2499 οξοίάέιιυηὶ
3393 2448 3450 2499 et
3472 2445 3543 2500 de
3565 2461 3697 2516 pro-

361 2505 768 2605 Salomonem,
801 2513 858 2565 et
883 2509 952 2564 de
983 2509 1244 2605 altariuet
1287 2510 1552 2605 reliquis.
1756 2599 1788 2605 η
1818 2599 1830 2605 ⁸
1931 2603 1937 2605 _
2123 2505 2300 2602 pheta
2327 2505 2435 2601 qui
2451 2529 2696 2585 alterum
2732 2532 2850 2600 (Ed.
2874 2533 2944 2587 ad
2966 2532 3239 2605 alterum)
3268 2533 3431 2589 dixit:
3457 2505 3698 2592 Percute

293 2593 380 2650 Ἦ·
414 2595 807 2697 [ξε-ξοωίξυε
838 2615 986 2697 qui“
1033 2599 1338 2697 fdlﬁcuit
1393 2599 1691 2697 sa_1°m_°n_
1721 2599 1856 2665 είδίο
1890 2603 1946 2655 et
2124 2593 2255 2688 Ine;
2283 2593 2432 2676 etde
2450 2619 2677 2675 Naboth
2700 2593 2755 2676 et
2779 2621 2943 2677 vinea
2963 2622 3112 2692 ejus,
3136 2625 3192 2677 et
3214 2593 3284 2677 de
3303 2623 3698 2697 increpatione

295 2684 450 2739 uxori
480 2687 793 2758 Egyptia,
827 2691 883 2743 et
913 2689 983 2744 de
1029 2687 1264 2744 Chiram
1315 2689 1518 2745 arario
1545 2694 1602 2744 et
1661 2689 1731 2745 de
1784 2705 1945 2744 mare

2130 2684 2300 2763 Helias
2332 2709 2459 2780 (Ed.
2492 2708 2689 2764 Achab
2739 2684 3014 2780 tantum),
3047 2684 3110 2766 et
3132 2711 3348 2768 Acham
3411 2684 3697 2785 pmniten—

353 2776 410 2829 et
437 2774 644 2832 bubus
672 2779 730 2833 et
756 2776 1026 2834 leonibus
1056 2778 1254 2848 aeneis,
1279 2783 1336 2834 et
1365 2777 1607 2850 reliquis
1640 2779 1947 2835 utensibus
2123 2797 2226 2852 tia,

360 2867 593 2938 templi.

294 2955 407 3011 VII.
442 2959 520 3010 De
563 2972 698 3011 arca
726 2955 786 3011 in
817 2956 1105 3029 templum
1166 2957 1378 3024 locata,
1411 2962 1468 3013 et
1497 2959 1568 3014 de
1605 2957 1789 3030 gloria
1818 2974 1947 3028 quae

363 3045 648 3117 apparuit
672 3045 731 3100 in
765 3046 1002 3117 nebula,
1033 3051 1092 3102 et
1133 3047 1464 3118 deprecatio
1495 3047 1826 3104 Salomonis
1876 3048 1947 3103 ad

363 3133 688 3190 Dominum
721 3139 780 3190 et
827 3135 898 3190 ad
930 3135 1212 3206 populum
1277 3135 1626 3192 benedictio.

298 3219 435 3276 VIll.
450 3226 538 3277 De
560 3220 926 3277 solemnitate
939 3221 1229 3278 celebrata
1246 3223 1384 3280 etde
1398 3225 1687 3295 pecudum
1705 3240 1948 3280 numero

363 3310 421 3365 in
455 3309 774 3366 sacriﬁciis
801 3310 1155 3382 oblatarum,
1179 3316 1236 3368 et
1261 3315 1551 3384 quomodo
1583 3314 1631 3370 ei
1665 3314 1948 3370 Dominus

362 3401 628 3457 secundo
648 3416 938 3472 apparens
967 3401 1052 3456 sic
1073 3401 1322 3470 locutus;
1345 3406 1404 3458 et
1431 3403 1502 3458 de
1524 3403 1948 3476 (Ed.appar1ﬁt,

364 3493 421 3544 et
452 3490 554 3558 de,
585 3488 723 3559 etc.)
756 3489 1053 3546 Pharaone
1107 3491 1208 3546 ubi
1247 3491 1427 3546 Gazer
1456 3492 1661 3548 urbem
1717 3496 1948 3565 captam

369 3577 502 3635 ﬁliae
543 3595 661 3634 sua:
692 3578 750 3634 in
783 3580 977 3634 dotem
1010 3581 1207 3635 dedit:
1240 3584 1297 3636 et
1325 3581 1394 3635 de
1427 3581 1671 3653 reliquis
1703 3582 1949 3637 urbibus

366 3668 490 3737 (Ed.
531 3672 689 3724 tacet
719 3668 1010 3739 urbibus),
1039 3685 1187 3740 quas
1231 3669 1504 3725 Solomon
1537 3670 1862 3738 aediﬁcavit,
1897 3675 1953 3727 et

369 3759 436 3813 de
469 3757 850 3830 principibus
882 3759 1012 3828 ejus
1043 3776 1134 3829 DL,
1171 3763 1228 3814 et
1259 3759 1329 3815 de
1368 3759 1554 3815 classe
1584 3776 1763 3832 quam
1796 3761 1950 3817 fecit.

306 3848 398 3903 IX.
433 3852 510 3903 De
541 3847 930 3920 reginaSaba,
965 3852 1023 3903 et
1061 3848 1400 3905 muneribus
1420 3850 1549 3921 ejus
1571 3867 1584 3905 :
1609 3854 1665 3904 et
1686 3851 1757 3906 de
1777 3849 1954 3922 lignis

370 3935 628 4009 thyanis,
662 3939 718 3993 et
740 3953 881 3992 auro
913 3954 947 3993 a
966 3936 1142 3993 Chira
1162 3953 1293 4008 rege
1315 3937 1595 4006 delitis,et
1618 3939 1688 3994 de
1710 3938 1952 4012 reliquis

2133 1815 2282 1871 lium
2314 1815 2641 1884 suscitavit,
2665 1821 2722 1872 et
2739 1817 2809 1871 de
2833 1817 3450 1888 Abdiaquiabscondit
3472 1822 3706 1874 centum

2132 1905 2472 1977 prophetas,
2505 1911 2561 1961 et
2585 1907 2656 1961 de
2687 1905 2947 1977 prohetis
2996 1905 3281 1961 idolorum
3311 1922 3445 1962 CCCL
3505 1907 3702 1974 ocisis,

2133 1997 2189 2051 et
2219 1995 2290 2050 de
2316 1994 2454 2067 fuga
2483 1994 2681 2063 Helice,
2714 1999 2773 2050 et
2801 1995 2871 2050 de
2912 1994 3135 2051 visione
3182 1995 3240 2051 in
3301 2001 3498 2052 monte
3556 1997 3703 2053 Cho-

2055 2885 2261 2943 XVIII.
2287 2887 2367 2942 De
2392 2892 2677 2943 conventu
2695 2888 2998 2961 Josaphat,
3022 2893 3078 2944 et
3095 2889 3287 2944 Achab
3310 2906 3537 2962 regum,
3561 2895 3700 2950 etde

2127 2993 2261 3032 cccc
2276 2977 2884 3049 pseudoprophetis,et
2899 2979 2968 3032 de
2983 2978 3222 3034 Michzra
3236 2980 3538 3052 propheta,
3563 2984 3698 3038 etde

2129 3065 2278 3122 bello
2297 3066 2480 3136 inquo
2505 3065 2694 3122 Achab
2717 3067 2909 3138 periit,
2936 3072 2992 3122 et
3018 3068 3088 3122 de
3137 3067 3384 3124 Ochozia
3406 3068 3524 3125 ﬁlio
3547 3073 3698 3142 ejus,

2129 3159 2184 3210 et
2214 3155 2285 3210 de
2314 3155 2510 3211 Joram
2543 3153 2665 3211 ﬁlio
2694 3155 2978 3227 Josaphat
3023 3157 3123 3228 (Ed
3159 3157 3564 3228 explicuerunt
3595 3161 3697 3216 Ca-

2130 3244 2332 3316 pitula.
2351 3244 2647 3315 Incipiunt
2670 3244 2938 3317 Capitula
2968 3246 3039 3301 de
3059 3245 3207 3302 libro
3232 3247 3451 3319 Regum
3467 3254 3697 3321 quarto.

2131 3335 2206 3389 De
2237 3334 2585 3390 allocutione
2617 3334 2808 3406 angeli
2840 3336 2910 3390 ad
2947 3334 3167 3391 Heliam
3200 3353 3380 3409 super
3430 3339 3701 3411 Ochozia,

2129 3425 2262 3495 etc],
2297 3428 2354 3479 et
2381 3423 2686 3496 prophetia
2742 3423 2918 3480 Helias
2951 3442 3128 3496 super
3185 3425 3455 3497 Ochosia,
3518 3434 3574 3483 et
3630 3430 3700 3485 de

2128 3513 2561 3586 quinquagenis
2582 3513 2717 3586 igne
2748 3515 2818 3569 ad
2846 3515 3088 3571 verbum
3111 3515 3284 3571 Heliae
3315 3520 3702 3592 consumptis.

1983 3643 2026 3710 α
2064 3620 2202 3676 ΧΙΧ.
2234 3621 2309 3676 De
2335 3621 2535 3676 Joram
2570 3621 2747 3676 fratre
2768 3621 3050 3688 Ochosias,
3084 3627 3140 3678 et
3168 3625 3238 3679 de
3272 3624 3435 3679 Helia
3462 3627 3560 3681 ubi
3601 3631 3720 3683 Jor'

2139 3711 2348 3765 danem
2383 3709 2590 3766 dividit
2619 3715 2677 3766 et
2704 3711 2761 3765 in
2791 3711 2998 3766 cmlum
3026 3711 3272 3783 rapitur,
3303 3718 3356 3768 et
3389 3714 3458 3769 de
3488 3716 3720 3774 Helisaai

2138 3799 2326 3854 reditu
2360 3803 2416 3854 et
2442 3799 2727 3854 divisione
2757 3801 3019 3866 Jordani,
3051 3806 3110 3855 et
3139 3802 3209 3855 de
3228 3801 3426 3856 Joram
3461 3809 3516 3858 et
3545 3804 3712 3861 Josa-

2139 3887 2278 3957 phat
2293 3891 2349 3941 et
2382 3903 2514 3958 rege
2531 3888 2732 3958 Edom,
2760 3887 3511 3946 ubidimicavcruntcontra
3525 3893 3712 3961 Moab,

2137 3975 2238 4030 ubi
2259 3992 2428 4048 aqua;
2455 3977 2580 4046 (Ed.
2606 3975 2846 4047 aquam)
2877 3980 3090 4032 terram
3110 3976 3234 4032 sine
3254 3977 3450 4049 pluvia
3473 3980 3718 4050 repleve-

371 4025 637 4093 tributis,
672 4031 725 4082 et
755 4027 828 4083 de
849 4027 1121 4082 ducentis
1143 4028 1327 4083 scutis
1350 4027 1566 4098 aureis,
1589 4030 1646 4083 et
1675 4029 1744 4084 de
1765 4030 1951 4085 curri-

367 4115 477 4173 bus
489 4121 550 4173 et
571 4116 738 4188 equis
755 4116 884 4189 (Ed.
899 4116 1308 4189 equitibus),et
1328 4119 1398 4173 de
1417 4116 1665 4173 thorono
1687 4117 1951 4175 Salomo-

367 4221 478 4262 ωε.

304 4295 371 4348 Χ.
386 4293 464 4350 De
485 4293 772 4350 uxoribus
785 4298 841 4351 et
854 4293 1198 4350 concubinis
1227 4293 1554 4352 Salomonis
1573 4313 1674 4368 per
1691 4313 1838 4368 quas
1855 4298 1950 4354 de-

368 4388 648 4455 pravatus
671 4384 798 4455 (Ed.
833 4383 1270 4456 praevaricatus)
1299 4388 1408 4450 est,
1441 4402 1475 4440 a
1504 4384 1699 4440 divina
1758 4386 1947 4443 incre-

368 4474 607 4545 patione
629 4476 1181 4543 correptus,Satanaa
1204 4473 1457 4530 traditus
1487 4477 1592 4530 est:
1619 4479 1674 4531 et
1694 4475 1764 4531 de
1784 4477 1948 4532 Adad

369 4567 425 4618 et
449 4550 766 4619 Jeroboam
805 4561 956 4618 odiis
1003 4566 1204 4618 contra
1233 4579 1389 4632 eum,
1419 4567 1475 4618 et
1508 4565 1579 4619 de
1612 4564 1788 4621 Achia
1817 4582 1946 4638 pro-

370 4652 542 4722 pheta
568 4652 640 4708 ad
653 4652 965 4708 Jeroboam
981 4652 1187 4722 misso,
1210 4656 1267 4708 et
1287 4653 1358 4708 de
1380 4651 1712 4710 Salomonis
1736 4659 1941 4712 morte.

306 4739 394 4797 X1.
425 4745 506 4797 De
535 4757 712 4813 regno
746 4741 983 4798 Rohoan
1015 4741 1074 4795 in
1119 4741 1266 4796 duas
1297 4741 1506 4809 tribus,
1542 4746 1597 4797 et
1618 4743 1687 4796 de
1718 4743 1946 4800 Semeia

369 4830 645 4902 propheta
673 4831 745 4886 ad
777 4847 911 4886 eum
949 4829 1131 4887 misso
1152 4834 1208 4886 et
1236 4831 1307 4887 de
1334 4830 1644 4886 Jeroboam
1678 4846 1856 4904 regno
1887 4838 1943 4889 et

365 4917 537 4976 idolis
567 4936 694 4991 quae
729 4919 883 4975 fecit.

2136 4069 2295 4120 runt.

2060 4156 2277 4210 XX.De
2301 4153 2542 4211 muliere
2565 4155 2734 4226 cujus
2763 4171 2902 4210 vasa
2925 4153 3050 4211 oleo
3073 4155 3312 4227 impleta
3334 4165 3470 4213 sunt
3502 4158 3573 4212 ad
3606 4159 3716 4214 He-

2131 4243 2276 4300 lisaai
2307 4244 2546 4300 verbum
2577 4264 2590 4312 ;
2619 4248 2677 4300 et
2699 4245 2767 4300 de
2791 4244 3110 4311 Sonamite,
3130 4245 3300 4317 cujus
3325 4245 3508 4302 ﬁlium
3531 4249 3714 4304 susci-

2131 4333 2292 4389 tavit.

2059 4337 2296 4477 xiiii):
2325 4421 2599 4476 Neemam
2625 4425 2765 4492 Syro
2791 4421 3016 4491 lcproso
3030 4437 3131 4492 per
3147 4421 3459 4480 Helisaium
3483 4430 3706 4495 curato,

2129 4515 2187 4566 et
2206 4511 2276 4566 de
2302 4509 2458 4566 Giesi
2491 4527 2671 4582 puero
2709 4510 2953 4566 Helisaei.

2060 4617 2230 4673 XXII.
2265 4619 2341 4672 De
2373 4633 2506 4690 rege
2535 4618 2712 4690 Syriae
2745 4617 2846 4689 qui
2868 4618 3024 4674 venit
3054 4618 3323 4675 obsidere
3353 4621 3702 4691 Samariam,

2130 4707 2229 4762 ubi
2260 4706 2541 4762 Helisaeus
2569 4722 2760 4776 orans,
2786 4707 2980 4762 hostes
3003 4706 3257 4763 cmcitate
3307 4709 3617 4779 percussit,
3650 4717 3706 4766 et

2128 4798 2198 4851 de
2229 4795 2534 4850 obsidione
2565 4800 2621 4850 et
2642 4796 2813 4863 fame,
2839 4795 2938 4849 ubi
2971 4796 3098 4850 dua:
3132 4795 3408 4852 mulieres
3439 4800 3702 4854 comede-

2126 4889 2267 4939 runt
2301 4884 2587 4939 infantem
2626 4900 2638 4938 :
2667 4889 2723 4939 et
2753 4885 2824 4939 dc
2850 4885 2986 4957 fuga
3014 4887 3314 4956 Syrorum.

302 5007 420 5062 XII.
438 5008 518 5064 De
535 5008 818 5081 propheta
831 5006 1014 5064 misso
1030 5007 1101 5063 ad
1120 5007 1431 5064 Jeroboam
1447 5007 1545 5079 qui
1569 5009 1938 5081 prophetavit

2115 4991 2258 5047 XIII.
2286 4992 2360 5046 De
2375 4991 2526 5046 fame
2541 5008 2826 5047 annorum
2843 4995 3087 5062 septem,
3103 4996 3158 5047 et
3176 4993 3246 5048 de
3259 4992 3553 5048 Sonamite
3575 5010 3700 5064 quae

363 5096 433 5151 de
459 5097 620 5154 Josia
640 5098 970 5167 nascituro;
1004 5097 1101 5153 ubi
1125 5098 1427 5153 Jeroboam
1451 5113 1659 5153 manus
1678 5098 1853 5165 aruit,
1877 5103 1934 5155 et

370 5187 649 5258 propheta
676 5187 750 5243 ab
781 5187 959 5244 altero
993 5187 1428 5243 circumventus
1456 5186 1685 5243 occisus
1711 5206 1744 5244 a
1773 5188 1939 5245 leone

369 5278 478 5330 est.

303 5360 443 5418 XIII.
471 5365 549 5421 De
579 5366 884 5439 prophetia
904 5366 1100 5422 Habiaa
1118 5366 1187 5422 ad
1215 5382 1451 5422 uxorem
1471 5366 1776 5423 Jeroboam
1811 5368 1935 5439 (Ed.

370 5454 498 5509 add.
533 5461 588 5511 et
619 5457 688 5512 de
713 5462 897 5513 morte
919 5454 1022 5510 ﬁlii
1049 5457 1198 5527 ejus,
1223 5460 1281 5510 et
1311 5456 1382 5510 de
1407 5460 1589 5510 morte
1604 5456 1936 5526 Jeroboam,

377 5545 585 5615 etc.),el
619 5547 688 5601 de
720 5546 920 5602 Nadab
964 5545 1081 5600 ﬁlio
1114 5546 1242 5616 ejus
1275 5545 1620 5600 succedente
1650 5545 1708 5600 in
1732 5562 1934 5617 regno,

375 5632 431 5684 et
459 5630 526 5688 de
554 5632 969 5706 iniquitatibus
1028 5633 1252 5706 populi,
1275 5637 1332 5690 et
1386 5636 1557 5689 Besae
1587 5648 1721 5706 rege
1769 5634 1938 5708 Egy-

2116 5081 2486 5153 peregrinata
2517 5085 2626 5149 est,
2661 5084 2716 5134 et
2746 5081 2814 5135 dc
2867 5079 3140 5135 Benadad
3173 5080 3296 5150 (Ed.
3357 5081 3605 5151 Nadab.)
3645 5086 3702 5136 et

2120 5168 2366 5226 Azachel
2401 5170 2641 5241 regibus
2685 5170 2883 5242 Syria},
2943 5174 2999 5224 et
3028 5171 3098 5224 de
3127 5173 3277 5224 Gaza
3331 5169 3454 5239 (Ed.
3515 5169 3699 5224 Acha-

2117 5261 2246 5332 zia).

2047 5350 2244 5407 XXIV.
2286 5351 2365 5406 De
2386 5351 2490 5406 Jeu
2528 5353 2702 5406 uncto
2736 5351 2793 5405 in
2829 5365 3047 5421 regem,
3081 5347 3179 5419 qui
3214 5346 3423 5402 occidit
3451 5348 3605 5414 lora,
3642 5352 3699 5404 et

2121 5437 2374 5505 Jezabel,
2407 5443 2464 5492 et
2490 5456 2595 5493 Lxx
2622 5437 2775 5493 ﬁlios
2818 5437 3035 5502 Achab,
3086 5440 3142 5490 et
3172 5436 3502 5491 sacerdotes
3533 5435 3693 5492 Baal.

2047 5546 2214 5601 XXV.
2267 5547 2346 5601 De
2374 5545 2620 5601 Azachel
2655 5545 2944 5616 quomodo
2965 5545 3171 5599 evertit
3198 5541 3436 5611 Galaad,
3469 5548 3525 5598 et
3553 5544 3694 5600 Joa-

2122 5635 2263 5693 chaz
2294 5634 2414 5691 ﬁlio
2443 5636 2570 5704 Jeu,
2605 5640 2662 5691 et
2691 5635 2761 5690 de
2780 5632 3010 5690 Athalia
3049 5631 3270 5704 regina,
3298 5631 3369 5688 de
3422 5632 3562 5691 Joas
3593 5651 3687 5691 oc-
