3982 6178
361 361 478 423 ’123

1393 355 1451 409 8.
1493 352 1905 407 HIERONYMI
1941 353 2198 408 DIVINA
2233 355 2733 415 BIBLIOTHECA.

3641 361 3733 418 724

440 490 681 557 cultato,
704 492 760 544 et
781 487 851 543 de
871 483 1056 542 Joada
1076 480 1399 552 sacerdote,
1422 481 1478 534 et
1499 478 1570 534 de
1593 475 2019 534 restauratione
2047 482 2102 548 Α
2131 479 2410 536 XXXI.De
2441 481 2686 538 Ezechia
2713 485 3006 556 quomodo
3019 484 3492 543 abstulitaeneum
3522 503 3734 556 serpen-

433 584 663 643 templi.

365 601 913 734 XglriﬁieAzachel
932 681 1062 738 rege
1074 637 1276 736 Syriae:
1293 663 1585 735 quomodo
1606 655 1921 731 asportavit
1944 656 2014 712 de

435 763 614 821 Israel
638 760 971 826 thesauros,
1001 760 1057 810 et
1086 755 1156 809 de
1207 754 1446 809 Amasia
1485 753 1605 810 ﬁlio
1636 756 1774 812 Joas
1841 762 1899 813 et
1943 758 2014 813 de

435 851 688 910 Joachaz
709 848 829 904 ﬁlio
857 846 1053 914 Jeu,et
1073 845 1145 900 de
1173 844 1312 900 Joas
1344 843 1461 898 ﬁlio
1493 845 1706 916 ejus,et
1737 848 1804 902 de
1827 853 2013 903 morte

437 940 670 998 Helisaei
716 943 774 994 et
830 937 901 992 de
957 950 1024 990 eo
1063 934 1164 1005 qui
1211 934 1629 990 rescuscitatus
1705 940 1796 991 est
1838 953 2016 1008 super

436 1032 566 1102 ejus
595 1027 900 1100 sepulcum
934 1024 1059 1094 [Ed.
1091 1027 1243 1078 tacet
1290 1039 1468 1094 super
1497 1023 1625 1093 ejus
1674 1024 2013 1096 seplcrum).

367 1119 594 1177 XXVII.
614 1119 696 1175 De
715 1114 954 1172 Amasia
971 1128 1104 1184 rege
1125 1112 1299 1179 Juda,
1327 1119 1384 1166 et
1403 1112 1472 1166 de
1497 1111 1648 1168 bello
1671 1114 1825 1184 quod
1848 1115 1900 1170 ei
1922 1115 2017 1170 in-

441 1209 580 1265 tulit
608 1209 830 1273 Joas,et
856 1204 926 1259 de
951 1201 1259 1258 Jeroboam
1289 1199 1406 1255 ﬁlio
1435 1200 1593 1269 Joas,
1627 1205 1684 1256 et
1712 1203 1782 1258 de
1810 1202 2017 1259 Azaria

437 1297 557 1352 ﬁlio
595 1294 867 1358 Amaziae,
898 1298 956 1348 et
995 1293 1066 1346 de
1096 1289 1374 1345 Zacharia
1406 1289 1524 1346 ﬁlio
1573 1290 1907 1348 Jeroboam.

367 1384 614 1441 XXVIII.
634 1385 714 1440 De
731 1381 942 1437 Joatha
965 1380 1083 1434 ﬁlio
1104 1379 1340 1448 Azariae,
1366 1383 1422 1434 et
1442 1379 1513 1434 de
1551 1379 1700 1435 Jona
1736 1382 2020 1453 propheta

444 1479 502 1530 et
532 1475 602 1529 de
633 1471 854 1528 Sellum
886 1470 1013 1539 (Ed.
1053 1467 1265 1523 Azariae
1294 1467 1574 1538 propheta
1600 1474 1654 1524 et
1676 1471 1745 1524 de
1773 1469 2014 1539 Sellum,

442 1563 598 1634 etc.),
632 1561 731 1633 qui
757 1559 1018 1630 regnavit
1034 1564 1166 1630 post
1187 1557 1547 1626 Zachariam,
1572 1563 1630 1612 et
1653 1564 1784 1630 pest
1798 1560 2016 1616 Sellum

442 1651 735 1716 Anahem,
769 1655 826 1705 et
854 1650 924 1704 de
955 1647 1060 1702 Ful
1085 1663 1218 1718 rege
1241 1647 1637 1718 Assyriorum,
1670 1654 1728 1702 et
1758 1649 1828 1704 de
1867 1649 2015 1705 Pha-

442 1741 567 1797 ceia
595 1741 698 1795 Ed.
726 1739 899 1805 Phac,
934 1742 991 1792 et
1022 1737 1092 1791 de
1125 1735 1392 1805 Phaceia)
1423 1741 1557 1808 post
1580 1753 1756 1809 quem
1797 1738 2020 1795 Phacee

446 1829 607 1886 ﬁlius
637 1826 933 1884 Romolia.

377 1918 714 1975 XXXIX.De
725 1914 964 1988 Theglal
979 1929 1108 1986 rege
1120 1914 1623 1984 Assur,quomodo
1643 1913 2028 1986 Galileam,et

459 2007 677 2064 Galaad
700 2005 1017 2062 demolitus
1030 2007 1138 2068 est,
1153 2006 1209 2058 et
1226 2004 1295 2057 de
1311 2001 1452 2058 Osee
1470 2002 1570 2074 qui
1602 2005 1864 2075 regnavit
1902 2012 2031 2077 post

453 2096 695 2164 Phacee,
727 2100 785 2151 et
813 2095 884 2150 de
904 2093 1094 2149 Achaz
1111 2093 1228 2147 ﬁlio
1250 2091 1492 2160 Joathae,
1515 2097 1571 2146 et
1600 2109 1728 2163 qua:
1749 2095 1820 2149 de
1854 2094 2028 2150 Rasin

452 2189 510 2240 et
537 2185 758 2240 Phacee
790 2183 1140 2238 referuntur.

379 2272 550 2329 XXX.
580 2273 709 2345 [Ed.
769 2275 957 2327 totum
990 2270 1167 2325 hocce
1198 2267 1523 2340 capitulum
1574 2270 2024 2346 praetermittit.]

450 2361 532 2417 De
563 2361 809 2417 Ezechia
840 2359 961 2415 ﬁlio
994 2360 1205 2428 Achaz,
1239 2368 1294 2415 et
1315 2360 1385 2414 de
1416 2358 1560 2415 Osee
1578 2376 1707 2429 rege
1740 2362 1939 2430 Israel,
1972 2367 2028 2419 et

450 2451 523 2505 de
580 2450 974 2517 Salmanasar,
1028 2457 1082 2504 et
1139 2449 1208 2503 de
1239 2449 1502 2504 Samaria
1548 2454 1719 2520 capta
1749 2452 1903 2520 quod
1953 2454 2025 2508 ob

448 2538 818 2610 iniquitatem
834 2537 1121 2593 interierit
1138 2536 1402 2604 Israel,et
1419 2538 1488 2591 de
1501 2536 2027 2611 alienigenis,quos

451 2628 512 2685 in
544 2628 830 2692 Samaria,
859 2627 1057 2683 leones
1086 2627 1476 2682 comederent.

2194 573 2335 640 tem,
2368 575 2424 626 et
2453 572 2524 627 de
2543 573 2935 630 Senacheribo
2967 578 3023 630 et
3051 577 3333 648 Rapsace,
3363 580 3419 632 et
3446 576 3586 632 Isaia
3611 593 3734 649 pro-

2195 659 2374 731 pheta
2406 665 2462 716 et
2490 663 2785 732 quomodo
2817 662 3065 734 angelus
3109 669 3414 722 centum...
3445 682 3517 720 xx
3574 665 3739 722 millia

2194 748 2562 815 [Ed.centum
2596 752 2893 824 octoginta
2923 751 3185 825 quinque
3206 753 3411 826 millia]
3431 755 3499 809 de
3517 753 3739 827 Assyriis

2195 838 2505 894 interfecit.

2124 926 2354 984 XXXII.
2392 933 2467 984 De
2498 928 2839 1001 aegritudine
2868 931 3145 1002 Ezechiae,
3179 934 3236 988 et
3263 932 3332 988 de
3353 931 3516 1004 signo
3538 932 3593 987 in
3621 933 3740 989 sole,

2198 1022 2254 1072 et
2283 1018 2352 1072 de
2381 1017 2580 1089 pueris
2603 1023 2658 1074 et
2684 1018 2897 1075 litteris
2923 1021 3219 1076 Berodach
3262 1021 3414 1093 regis
3445 1020 3740 1093 Babylonis,

2197 1107 2269 1162 de
2295 1107 2568 1162 Manasse
2594 1112 2651 1164 et
2683 1108 3100 1180 iniquitatibus
3133 1111 3286 1181 ejus,
3346 1114 3399 1166 et
3429 1111 3497 1166 de
3523 1111 3742 1166 Ammon

2196 1195 2314 1252 ﬁlio
2347 1196 2473 1253 Man
2483 1214 2634 1253 asse.
3407 1191 3418 1199 ’

2125 1284 2373 1341 XXXIII.
2402 1291 2483 1342 De
2504 1286 2662 1342 Josia
2683 1287 2804 1344 ﬁlio
2827 1291 3105 1358 Ammon,
3133 1292 3190 1344 et
3214 1289 3284 1344 de
3310 1287 3457 1344 libro
3477 1287 3534 1342 in
3555 1287 3743 1359 templo

2200 1378 2447 1445 reperto,
2481 1378 2535 1430 et
2569 1375 2640 1430 de
2669 1374 2849 1432 Oldad
2884 1377 3190 1449 prepheta,
3219 1382 3276 1434 et
3307 1377 3478 1434 idolis
3507 1377 3590 1446 _de
3615 1377 3746 1432 Jude

2199 1468 2255 1520 et
2287 1465 2357 1520 de
2387 1465 2654 1521 Samaria
2685 1467 3043 1540 expurgatis,
3069 1471 3125 1522 et
3155 1468 3225 1524 de
3256 1467 3476 1524 Pascha
3499 1467 3639 1539 quod
3666 1483 3743 1522 ce-

2197 1553 2440 1610 lebravit
2470 1555 2594 1626 (Ed.
2629 1573 2761 1628 sup.
2793 1556 3029 1627 Josias).

2127 1641 2376 1698 XXXIV.
2415 1648 2489 1699 De
2517 1643 2767 1700 Joachaz
2798 1644 2918 1701 ﬁlio
2945 1645 3143 1714 Josiae,
3172 1648 3231 1701 et
3285 1646 3360 1703 de
3388 1645 3608 1702 Nechao
3637 1659 3748 1717 rege

2199 1732 2426 1804 [Egypti
2456 1752 2470 1801 ;
2505 1735 2802 1805 quomodo
2858 1735 3084 1791 Joacim
3117 1751 3310 1808 regem
3359 1735 3482 1792 loco
3531 1735 3751 1792 Joachaz

2202 1820 2314 1890 [AL
2347 1822 2506 1894 Joaz]
2558 1823 2780 1893 fecerit,
2812 1827 2871 1879 et
2901 1824 2986 1894 .de
3032 1823 3588 1894 Nabuchodonosor,
3617 1828 3667 1880 et
3691 1824 3751 1879 de

2211 1911 2524 1983 [Jojachim
2558 1911 2667 1985 [AL
2693 1917 2748 1968 et
2781 1914 2852 1969 de
2880 1913 3147 1970 Joachim
3177 1913 3292 1986 [AL
3326 1919 3388 1971 et
3416 1915 3486 1971 de
3513 1913 3751 1970 Joachim

2210 2001 2747 2075 duntaxat,absque
2769 2002 2889 2059 ﬁlio
2919 2002 3330 2075 Jojachim),fet
3358 2004 3428 2060 de
3449 2003 3752 2076 captivitate

2210 2092 2469 2148 secundo
2491 2092 2549 2146 in
2572 2090 2925 2165 Babylonem
2943 2094 3196 2150 abducta
3216 2110 3354 2150 cum
3380 2109 3510 2167 rege
3531 2093 3750 2165 Jojacin,

2207 2185 2264 2236 et
2292 2183 2362 2237 de
2393 2180 2650 2238 Sedecia.

2135 2271 2354 2328 XXXV.
2387 2277 2462 2327 De
2494 2272 2666 2328 tertia
2696 2270 3034 2344 captivitate
3060 2270 3118 2327 in
3145 2271 3498 2344 Chaldmam,
3529 2287 3653 2327 cum
3681 2275 3762 2325 Se-

2208 2360 2556 2433 deciazrege,
2591 2364 2643 2416 et
2677 2360 2967 2416 universis
3019 2360 3224 2433 templi
3258 2360 3420 2418 vasis
3471 2359 3761 2426 translatis,

2207 2453 2263 2505 et
2281 2450 2352 2505 de
2373 2447 2636 2517 Godolia,
2651 2449 2946 2520 quomodo
2961 2447 3044 2506 vel
3065 2450 3440 2522 praepositus,
3461 2450 3547 2507 vel
3563 2449 3763 2506 occisus

2207 2542 2316 2608 est,
2349 2538 2500 2594 etde
2556 2536 2757 2594 Joacin
2809 2538 2870 2594 in
2918 2537 3212 2611 Babylone
3269 2541 3484 2597 educto
3531 2540 3598 2596 de
3649 2554 3757 2594 car-

2207 2642 2356 2683 cere.

1889 2922 2043 2982 lNCI
2055 2922 2285 2984 PIUNT

921 3109 1470 3272 LIBRI
1581 3107 1995 3272 Ι)Ηο
2033 3106 3232 3428 “MALACHIM.

1473 3509 1927 3606 LIBER
2059 3509 2695 3606 PBIMUS‘.

451 3855 616 3926 (Cap.
679 3853 746 3925 1.]
802 3853 872 3909 Et
924 3868 1025 3908 rex
1085 3853 1264 3910 David
1317 3859 1608 3921 senuerat,
1655 3854 2023 3927 habebatque
2055 3856 2097 3924 C
2137 3855 2235 3927 qui
2254 3854 2822 3928 adjuvabantpartes
2846 3853 3105 3910 Adonias.
3130 3855 3472 3913 Sadoevero
3493 3853 3764 3916 sacerdos,

381 3944 568 4000 atatis
600 3941 882 4013 plurimos
905 3942 1030 3998 dies
1061 3959 1079 3996 :
1113 3959 1366 4014 cumque
1395 3943 1720 4016 operiretur
1738 3944 2022 4013 vestibus,

380 4050 496 4088 non
528 4032 846 4090 caleﬁebat.
884 4032 1160 4086 Dixerunt
1210 4048 1346 4103 ergo
1390 4033 1538 4088 servi
1598 4034 1728 4089 sui:
1792 4036 2023 4099 Quera-

379 4139 513 4178 mus
538 4122 776 4177 domino
806 4127 1003 4176 nostro
1037 4121 1156 4192 regi
1184 4121 1681 4178 adolescentulam
1712 4122 2020 4195 virginem,

379 4215 436 4266 et
466 4215 579 4266 stet
609 4225 799 4265 coram
833 4225 987 4281 rege,
1019 4213 1076 4264 et
1106 4209 1388 4281 foveat(h.
1424 4211 1666 4283 operiat)
1687 4227 1843 4277 eum,
1888 4212 2023 4266 dor-

379 4298 709 4370 miatquein
726 4298 861 4354 sinu
876 4315 1003 4366 suo,
1025 4301 1081 4354 et
1100 4297 1398 4354 calefaciat
1419 4299 1720 4356 dominum
1753 4304 2021 4356 nostrum

377 4403 598 4459 regem.
646 4387 1009 4453 Quaasierunt
1039 4386 1222 4460 igitur
1251 4388 1748 4445 adolescentulam
1795 4390 2021 4461 specio-

377 4493 505 4532 sam
530 4477 588 4531 in
611 4477 886 4532 omnibus
912 4475 1128 4531 ﬁnibus
1144 4477 1339 4544 Israel,
1362 4482 1420 4533 et
1437 4477 1784 4533 invenerunt
1806 4478 2026 4551 Abisag

376 4565 735 4634 Sanamiten,
768 4569 824 4620 et
877 4566 1249 4620 adduxerunt
1317 4582 1446 4621 eam
1487 4567 1558 4622 ad
1618 4582 1831 4640 regem.
1885 4562 2026 4622 Erat

379 4651 575 4710 autem
592 4652 1044 4726 puellapulchra
1057 4654 1254 4723 nimis,
1283 4655 1726 4728 dormiebatque
1739 4672 1869 4712 cum
1892 4673 2024 4730 rege

377 4744 460 4816 (h.
494 4743 719 4816 fuitque
762 4743 1190 4815 operimentum
1225 4745 1390 4817 regi),
1434 4750 1492 4800 et
1540 4745 1911 4802 ministrabat
1971 4747 2021 4802 ei

377 4850 476 4890 rex
502 4849 636 4890 vero
669 4849 784 4889 non
816 4833 1086 4906 cognovit
1115 4849 1264 4889 eam.
1323 4834 1582 4890 Adonias
1637 4839 1832 4891 autem
1865 4835 2022 4892 ﬁlius

382 4922 637 4996 Haggith
670 4921 1254 4980 elevabaturdicens:
1288 4928 1402 4996 Ego
1446 4925 1722 4997 regnabo.
1750 4926 2021 4998 Fecitque

376 5013 488 5070 sibi
522 5027 757 5068 currum
789 5016 846 5068 et
874 5012 1101 5085 equites
1124 5017 1180 5067 et
1229 5014 1662 5086 quinquaginta
1691 5015 1868 5080 viros,
1920 5017 2020 5086 qui

373 5108 508 5162 ante
537 5118 670 5158 eum
706 5106 1026 5158 currerent.
1060 5101 1174 5157 Nec
1205 5102 1487 5174 corripuit
1516 5120 1648 5158 eum
1682 5109 1846 5176 pater
1877 5121 2021 5160 suus

2135 3948 2195 4000 et
2222 3943 2467 4025 B_anaias
2498 3946 2624 4014 (ms.
2690 3943 2946 4013 Banias),
2979 3941 3136 3999 ﬁlius
3180 3943 3426 4013 Joiade,
3461 3948 3517 4001 et
3538 3943 3762 4000 Natham

2135 4034 2416 4106 propheta
2448 4037 2504 4088 et
2531 4033 2741 4098 Semei,
2775 4036 2832 4087 et
2882 4032 3005 4099 Rei,
3055 4037 3110 4089 et
3160 4034 3343 4090 robur
3371 4034 3454 4107 (h.
3510 4037 3565 4090 et
3611 4031 3766 4089 robu-

2134 4123 2292 4179 stissi
2305 4124 2380 4177 mi
2396 4121 2922 4192 David)excercitus
2937 4121 3114 4177 David
3132 4139 3245 4178 non
3261 4129 3531 4179 eratcum
3543 4121 3765 4179 Adonia.

2135 4211 2458 4268 Immolatis
2489 4227 2626 4284 ergo
2657 4210 2914 4266 Adonias
2973 4211 3256 4268 arietibus
3295 4211 3383 4284 (h.
3445 4211 3669 4279 ovibus)
3717 4212 3767 4265 et

2132 4300 2356 4363 vitulis,
2381 4305 2436 4355 et
2459 4300 2746 4355 universis
2769 4299 3106 4372 pinguibus,
3134 4301 3302 4371 juxta
3325 4299 3578 4373 lapidem
3599 4299 3764 4356 Zohe-

2135 4390 2272 4454 lelh,
2303 4391 2402 4462 qui
2434 4395 2558 4446 erat
2587 4389 2813 4444 vicinus
2846 4388 2990 4444 fonti
3043 4389 3240 4462 Rogel,
3285 4390 3512 4446 vocavit
3559 4389 3768 4445 univer-

2135 4496 2232 4534 sos
2264 4477 2468 4534 fratres
2523 4495 2658 4534 suos
2691 4477 2841 4532 ﬁlios
2873 4477 3046 4551 regis,
3077 4483 3133 4533 et
3163 4493 3371 4553 omnes
3427 4479 3582 4535 viros
3625 4476 3764 4534 Juda

2134 4585 2331 4624 servos
2364 4568 2536 4640 regis.
2561 4567 2788 4623 Nathan
2810 4571 3003 4622 autem
3032 4566 3400 4638 prophetam,
3423 4571 3481 4623 et
3501 4565 3763 4634 Banaian,

2133 4661 2190 4713 et
2219 4658 2490 4713 robustos
2523 4673 2810 4729 quosque,
2843 4661 2900 4711 et
2929 4656 3300 4712 Salomonem
3339 4657 3578 4712 fratrem
3611 4669 3763 4711 suum

2134 4763 2247 4802 non
2303 4747 2542 4802 vocavit.
2589 4745 2742 4802 Dixit
2789 4746 2988 4817 itaque
3045 4745 3273 4800 Nathan
3331 4747 3404 4801 ad
3448 4743 3763 4806 Bethsabet,

2134 4841 2380 4892 matrem
2411 4835 2738 4891 Salomonis
2773 4833 2959 4889 :Num
2997 4833 3235 4901 audisti,
3269 4835 3424 4906 quod
3456 4830 3764 4905 regnaverit

2135 4925 2391 4980 Adonias
2425 4923 2580 4981 ﬁlius
2609 4923 2882 4996 Haggith,
2915 4929 2973 4979 et
3011 4923 3290 4980 dominus
3351 4927 3552 4980 noster
3597 4917 3759 4977 David

2134 5017 2230 5072 hoc
2254 5017 2330 5084 (h.
2369 5031 2483 5070 non
2516 5014 2717 5084 habet)
2748 5013 3026 5086 ignorat?
3046 5012 3212 5068 Nunc
3234 5028 3370 5085 ergo
3396 5012 3550 5075 veni,
3582 5009 3762 5081 accipe

2133 5123 2165 5161 a
2199 5121 2289 5160 me
2321 5103 2657 5171 consilium,
2691 5111 2744 5158 et
2776 5102 3211 5158 salvaanimam
3236 5107 3419 5171 tuam,
3444 5100 3660 5172 ﬁliique
3688 5095 3763 5152 tui

372 5192 710 5265 aliquando,
745 5191 944 5247 dicens
962 5205 989 5294 ἐ
1023 5189 1210 5254 Quare
1241 5190 1349 5246 hoc
1379 5191 1612 5247 fecisti?
1643 5193 1777 5247 Erat
1824 5197 2018 5249 autem
2056 5231 2099 5294 Β
2132 5195 2438 5250 Solomonis
2465 5193 2547 5265 (h.
2582 5211 2694 5250 non
2756 5192 2978 5264 habet.)
3027 5191 3185 5248 Vade
3241 5196 3298 5246 et
3353 5190 3650 5294 ingredere
3700 5185 3764 5242 ad

375 5286 432 5340 et
460 5283 585 5354 ipse
616 5279 861 5352 pulcher
889 5277 1076 5342 valde,
1109 5281 1407 5335 secundus
1439 5286 1578 5336 natu
1613 5286 1744 5351 post
1775 5282 2022 5339 Absalon
2056 5277 2097 5294 ”
2140 5300 2333 5354 regem
2367 5283 2569 5350 David,
2600 5287 2658 5338 et
2689 5283 2781 5337 die
2811 5283 2860 5337 ei
2887 5299 2900 5336 :
2925 5282 3128 5338 Nonne
3160 5287 3243 5346 tu,
3286 5280 3522 5336 domine
3551 5278 3628 5334 mi
3659 5291 3764 5340 rex,

380 5372 464 5444 [h.
496 5376 552 5426 et
581 5370 778 5442 ipsum
812 5367 1034 5440 peperit
1111 5374 1244 5440 post
1271 5369 1572 5441 Absalon].
1604 5371 1671 5424 Et
1728 5386 1919 5427 sermo
1976 5372 2027 5428 ei

387 5477 519 5516 cum
550 5459 696 5515 Joab
722 5455 1092 5528 ﬁlioSarviae,
1140 5461 1197 5514 et
1225 5474 1360 5513 eum
1391 5457 1674 5514 Abiathar
1703 5460 2026 5532 sacerdote,

460 5605 477 5638 ¹
509 5609 573 5660 In
603 5601 921 5674 Veronensi
953 5601 1155 5674 ms.,in
1177 5619 1292 5674 quo
1323 5602 1391 5674 ad
1426 5602 1642 5659 Hebraei
1666 5607 1859 5659 textus
1890 5622 2022 5660 nor-

2129 5372 2517 5444 jurastimihi
2567 5373 2648 5440 (h.
2701 5389 2817 5428 non
2875 5372 3052 5428 habet
3099 5369 3325 5427 ancillis
3378 5374 3516 5434 tuae,
3575 5369 3761 5424 dicens

2138 5462 2291 5534 quod
2319 5463 2500 5535 (Vulg.
2553 5465 2703 5517 tacet
2725 5461 2900 5533 quod)
2960 5459 3234 5516 Salomon
3291 5458 3432 5514 ﬁliis
3489 5462 3626 5514 tuus
3677 5469 3760 5510 re-

2171 5605 2604 5680 rimus._Becoile
2635 5621 2761 5680 quae
2793 5605 3064 5680 superius
3094 5605 3204 5662 hac
3234 5605 3305 5662 de
3330 5619 3390 5660 re
3421 5603 3760 5658 adnotamus

391 5690 546 5730 mam
577 5673 894 5746 singularis
925 5678 1013 5732 est
1069 5673 1216 5732 liber
1247 5673 1578 5748 Malachim,
1613 5693 1728 5734 non
1788 5677 2027 5736 additur
2130 5673 2191 5737 in
2222 5679 2336 5740 ﬁne
2365 5677 2499 5735 libri
2529 5673 2786 5735 Samuel.
